  <div class='ocr_page' id='page_1' title='image "/cluster/home/n/w/nwhite01/storage/ocr_20150623/17/hvd.32044051719607/136.png"; bbox 0 0 3958 6536; ppageno 0'>
   <div class='ocr_carea' id='block_1_1' title="bbox 172 447 265 502">
    <p class='ocr_par' dir='ltr' id='par_1_1' title="bbox 172 447 265 502">
     <span class='ocr_line' id='line_1_1' title="bbox 172 447 265 502; baseline 0.022 -2"><span class='ocrx_word' id='word_1_1' title='bbox 172 447 265 502; x_wconf 65' lang='grc'><strong>249</strong></span> 
     </span>
    </p>
   </div>
   <div class='ocr_carea' id='block_1_2' title="bbox 1333 443 2251 502">
    <p class='ocr_par' dir='ltr' id='par_1_2' title="bbox 1333 443 2251 502">
     <span class='ocr_line' id='line_1_2' title="bbox 1333 443 2251 502; baseline 0.002 -2"><span class='ocrx_word' id='word_1_2' title='bbox 1333 443 1702 502; x_wconf 75' lang='lat' dir='ltr'><strong>EXPOSITIO</strong></span> <span class='ocrx_word' id='word_1_3' title='bbox 1731 444 1797 500; x_wconf 77' lang='lat' dir='ltr'><strong>IN</strong></span> <span class='ocrx_word' id='word_1_4' title='bbox 1833 443 2251 502; x_wconf 75' lang='lat' dir='ltr'><strong>PROVERBIA.</strong></span> 
     </span>
    </p>
   </div>
   <div class='ocr_carea' id='block_1_3' title="bbox 3317 443 3425 504">
    <p class='ocr_par' dir='ltr' id='par_1_3' title="bbox 3317 443 3425 504">
     <span class='ocr_line' id='line_1_3' title="bbox 3317 443 3425 504; baseline 0.019 -2"><span class='ocrx_word' id='word_1_5' title='bbox 3317 443 3425 504; x_wconf 63' lang='lat'><strong>250</strong></span> 
     </span>
    </p>
   </div>
   <div class='ocr_carea' id='block_1_4' title="bbox 171 555 1735 638">
    <p class='ocr_par' dir='ltr' id='par_1_4' title="bbox 171 563 1735 638">
     <span class='ocr_line' id='line_1_4' title="bbox 171 563 1735 638; baseline 0.001 -20"><span class='ocrx_word' id='word_1_6' title='bbox 171 564 522 635; x_wconf 76' lang='grc' dir='ltr'>πεινόφρονας</span> <span class='ocrx_word' id='word_1_7' title='bbox 550 566 583 636; x_wconf 84' lang='grc' dir='ltr'><strong>ἡ</strong></span> <span class='ocrx_word' id='word_1_8' title='bbox 621 563 776 630; x_wconf 78' lang='grc' dir='ltr'>δόξα,</span> <span class='ocrx_word' id='word_1_9' title='bbox 807 564 874 635; x_wconf 76' lang='grc' dir='ltr'><strong>ἢν</strong></span> <span class='ocrx_word' id='word_1_10' title='bbox 908 563 1156 632; x_wconf 78' lang='grc' dir='ltr'>ἐδόξαζον</span> <span class='ocrx_word' id='word_1_11' title='bbox 1189 566 1279 620; x_wconf 85' lang='grc' dir='ltr'><strong>τὸν</strong></span> <span class='ocrx_word' id='word_1_12' title='bbox 1307 567 1440 621; x_wconf 83' lang='grc' dir='ltr'>Θεὸν</span> <span class='ocrx_word' id='word_1_13' title='bbox 1469 567 1528 620; x_wconf 86' lang='grc' dir='ltr'><strong>ἐν</strong></span> <span class='ocrx_word' id='word_1_14' title='bbox 1559 565 1735 638; x_wconf 73' lang='grc' dir='ltr'>ὓμνοις</span> 
     </span>
    </p>
   </div>
   <div class='ocr_carea' id='block_1_5' title="bbox 1851 555 3426 638">
    <p class='ocr_par' dir='ltr' id='par_1_5' title="bbox 1852 555 3426 638">
     <span class='ocr_line' id='line_1_5' title="bbox 1852 555 3426 638; baseline -0.001 -16"><span class='ocrx_word' id='word_1_15' title='bbox 1852 567 1940 622; x_wconf 90' lang='lat' dir='ltr'><strong>die</strong></span> <span class='ocrx_word' id='word_1_16' title='bbox 1968 555 2177 638; x_wconf 80' lang='lat' dir='ltr'><strong>judicii.</strong></span> <span class='ocrx_word' id='word_1_17' title='bbox 2216 566 2287 620; x_wconf 86' lang='lat' dir='ltr'><strong>At</strong></span> <span class='ocrx_word' id='word_1_18' title='bbox 2312 563 2551 620; x_wconf 84' lang='lat' dir='ltr'><strong>humiles</strong></span> <span class='ocrx_word' id='word_1_19' title='bbox 2579 564 2696 636; x_wconf 85' lang='lat' dir='ltr'><strong>ipsa</strong></span> <span class='ocrx_word' id='word_1_20' title='bbox 2731 563 2928 638; x_wconf 78' lang='lat' dir='ltr'><strong>gloria,</strong></span> <span class='ocrx_word' id='word_1_21' title='bbox 2957 579 3061 636; x_wconf 90' lang='lat' dir='ltr'><strong>qua</strong></span> <span class='ocrx_word' id='word_1_22' title='bbox 3109 564 3278 622; x_wconf 88' lang='lat' dir='ltr'><strong>Deum</strong></span> <span class='ocrx_word' id='word_1_23' title='bbox 3306 567 3426 637; x_wconf 85' lang='lat' dir='ltr'><strong>glo-</strong></span> 
     </span>
    </p>
   </div>
   <div class='ocr_carea' id='block_1_6' title="bbox 170 655 1749 728">
    <p class='ocr_par' dir='ltr' id='par_1_6' title="bbox 170 655 1749 728">
     <span class='ocr_line' id='line_1_6' title="bbox 170 655 1749 728; baseline 0.003 -18"><span class='ocrx_word' id='word_1_24' title='bbox 170 658 254 711; x_wconf 70' lang='lat' dir='ltr'><strong>xrt‘t</strong></span> <span class='ocrx_word' id='word_1_25' title='bbox 277 657 510 728; x_wconf 78' lang='grc' dir='ltr'><strong>τηρήσει</strong></span> <span class='ocrx_word' id='word_1_26' title='bbox 527 655 638 710; x_wconf 83' lang='grc' dir='ltr'>τῶν</span> <span class='ocrx_word' id='word_1_27' title='bbox 658 656 891 710; x_wconf 75' lang='grc' dir='ltr'><strong>ἐντολῶν</strong></span> <span class='ocrx_word' id='word_1_28' title='bbox 913 657 1099 722; x_wconf 80' lang='grc' dir='ltr'>αὑτοῦ,</span> <span class='ocrx_word' id='word_1_29' title='bbox 1123 658 1330 723; x_wconf 78' lang='grc' dir='ltr'>δοξάσει</span> <span class='ocrx_word' id='word_1_30' title='bbox 1363 659 1558 724; x_wconf 75' lang='grc' dir='ltr'>αὐτούς</span> <span class='ocrx_word' id='word_1_31' title='bbox 1580 677 1595 690; x_wconf 76' lang='grc' dir='ltr'><strong>ο</strong></span> <span class='ocrx_word' id='word_1_32' title='bbox 1621 659 1749 725; x_wconf 78' lang='grc' dir='ltr'>δόξα</span> 
     </span>
    </p>
   </div>
   <div class='ocr_carea' id='block_1_7' title="bbox 171 749 1748 822">
    <p class='ocr_par' dir='ltr' id='par_1_7' title="bbox 171 749 1748 822">
     <span class='ocr_line' id='line_1_7' title="bbox 171 749 1748 822; baseline 0.001 -18"><span class='ocrx_word' id='word_1_33' title='bbox 171 752 269 822; x_wconf 73' lang='grc' dir='ltr'><strong>γάρ</strong></span> <span class='ocrx_word' id='word_1_34' title='bbox 302 749 439 802; x_wconf 82' lang='grc' dir='ltr'>Θεοῦ</span> <span class='ocrx_word' id='word_1_35' title='bbox 471 751 533 802; x_wconf 90' lang='grc' dir='ltr'><strong>τὸ</strong></span> <span class='ocrx_word' id='word_1_36' title='bbox 559 752 731 802; x_wconf 82' lang='grc' dir='ltr'>ποιεῖν</span> <span class='ocrx_word' id='word_1_37' title='bbox 763 749 863 814; x_wconf 78' lang='grc' dir='ltr'>τὰς</span> <span class='ocrx_word' id='word_1_38' title='bbox 891 750 1112 814; x_wconf 80' lang='grc' dir='ltr'>ἐντολὰς</span> <span class='ocrx_word' id='word_1_39' title='bbox 1139 752 1331 805; x_wconf 77' lang='grc' dir='ltr'>αὐτοῦ·</span> <span class='ocrx_word' id='word_1_40' title='bbox 1379 750 1560 815; x_wconf 84' lang='grc' dir='ltr'>καθὼς</span> <span class='ocrx_word' id='word_1_41' title='bbox 1586 753 1748 816; x_wconf 81' lang='grc' dir='ltr'>αὐτός</span> 
     </span>
    </p>
   </div>
   <div class='ocr_carea' id='block_1_8' title="bbox 170 841 1742 917">
    <p class='ocr_par' dir='ltr' id='par_1_8' title="bbox 170 841 1742 917">
     <span class='ocr_line' id='line_1_8' title="bbox 170 841 1742 917; baseline 0.001 -22"><span class='ocrx_word' id='word_1_42' title='bbox 170 844 367 914; x_wconf 69' lang='grc' dir='ltr'>φησινό</span> <span class='ocrx_word' id='word_1_43' title='bbox 386 842 591 913; x_wconf 84' lang='grc' dir='ltr'>Κύριος</span> <span class='ocrx_word' id='word_1_44' title='bbox 615 842 731 895; x_wconf 82' lang='grc' dir='ltr'>ἀλλ’</span> <span class='ocrx_word' id='word_1_45' title='bbox 754 842 812 913; x_wconf 78' lang='grc' dir='ltr'>ἢ,</span> <span class='ocrx_word' id='word_1_46' title='bbox 841 842 987 909; x_wconf 77' lang='grc' dir='ltr'>Τοὺς</span> <span class='ocrx_word' id='word_1_47' title='bbox 1010 841 1366 909; x_wconf 75' lang='grc' dir='ltr'>δοξάζοντάς</span> <span class='ocrx_word' id='word_1_48' title='bbox 1376 861 1453 913; x_wconf 88' lang='grc' dir='ltr'><strong>με</strong></span> <span class='ocrx_word' id='word_1_49' title='bbox 1475 842 1714 917; x_wconf 79' lang='grc' dir='ltr'><strong>δοξάσω</strong></span> <span class='ocrx_word' id='word_1_50' title='bbox 1729 860 1742 875; x_wconf 72' lang='grc' dir='ltr'><strong>ο</strong></span> 
     </span>
    </p>
   </div>
   <div class='ocr_carea' id='block_1_9' title="bbox 168 934 1431 1010">
    <p class='ocr_par' dir='ltr' id='par_1_9' title="bbox 168 934 1431 1010">
     <span class='ocr_line' id='line_1_9' title="bbox 168 934 1431 1010; baseline -0.002 -19"><span class='ocrx_word' id='word_1_51' title='bbox 168 939 280 1010; x_wconf 79' lang='grc' dir='ltr'>ἠδὲ</span> <span class='ocrx_word' id='word_1_52' title='bbox 305 937 475 992; x_wconf 87' lang='grc' dir='ltr'>κακία</span> <span class='ocrx_word' id='word_1_53' title='bbox 509 935 667 1006; x_wconf 75' lang='grc' dir='ltr'>ὓϐριν</span> <span class='ocrx_word' id='word_1_54' title='bbox 700 934 926 1006; x_wconf 82' lang='grc' dir='ltr'><strong>λογικῆς</strong></span> <span class='ocrx_word' id='word_1_55' title='bbox 959 935 1134 1006; x_wconf 76' lang='grc' dir='ltr'>ψυχῆς</span> <span class='ocrx_word' id='word_1_56' title='bbox 1163 934 1431 1007; x_wconf 82' lang='grc' dir='ltr'>προξενεῖ.</span> 
     </span>
    </p>
   </div>
   <div class='ocr_carea' id='block_1_10' title="bbox 224 1112 1738 1188">
    <p class='ocr_par' dir='ltr' id='par_1_10' title="bbox 224 1112 1738 1188">
     <span class='ocr_line' id='line_1_10' title="bbox 224 1112 1738 1188; baseline -0.003 -17"><span class='ocrx_word' id='word_1_57' title='bbox 224 1117 487 1188; x_wconf 79' lang='grc' dir='ltr'>Κλέπτην</span> <span class='ocrx_word' id='word_1_58' title='bbox 509 1116 612 1169; x_wconf 79' lang='grc' dir='ltr'>οὐκ</span> <span class='ocrx_word' id='word_1_59' title='bbox 632 1113 788 1170; x_wconf 75' lang='grc' dir='ltr'>ἄλλον</span> <span class='ocrx_word' id='word_1_60' title='bbox 819 1113 962 1180; x_wconf 84' lang='grc' dir='ltr'>τινὰ,</span> <span class='ocrx_word' id='word_1_61' title='bbox 996 1115 1043 1166; x_wconf 80' lang='grc' dir='ltr'><strong>εί</strong></span> <span class='ocrx_word' id='word_1_62' title='bbox 1075 1114 1148 1185; x_wconf 84' lang='grc' dir='ltr'><strong>μὴ</strong></span> <span class='ocrx_word' id='word_1_63' title='bbox 1177 1114 1267 1167; x_wconf 89' lang='grc' dir='ltr'><strong>τὸν</strong></span> <span class='ocrx_word' id='word_1_64' title='bbox 1292 1112 1537 1167; x_wconf 78' lang='grc' dir='ltr'>διάϐολον</span> <span class='ocrx_word' id='word_1_65' title='bbox 1562 1112 1710 1182; x_wconf 80' lang='grc' dir='ltr'><strong>λέγει</strong></span> <span class='ocrx_word' id='word_1_66' title='bbox 1726 1130 1738 1147; x_wconf 76' lang='grc' dir='ltr'><strong><em>ο</em></strong></span> 
     </span>
    </p>
   </div>
   <div class='ocr_carea' id='block_1_11' title="bbox 162 1203 1742 1279">
    <p class='ocr_par' dir='ltr' id='par_1_11' title="bbox 162 1203 1742 1279">
     <span class='ocr_line' id='line_1_11' title="bbox 162 1203 1742 1279; baseline -0.003 -15"><span class='ocrx_word' id='word_1_67' title='bbox 162 1214 186 1264; x_wconf 82' lang='grc'>6</span> <span class='ocrx_word' id='word_1_68' title='bbox 223 1210 283 1263; x_wconf 85' lang='grc' dir='ltr'><strong>δέ</strong></span> <span class='ocrx_word' id='word_1_69' title='bbox 334 1208 690 1279; x_wconf 72' lang='grc' dir='ltr'><strong>μεριζόμενος</strong></span> <span class='ocrx_word' id='word_1_70' title='bbox 714 1245 728 1272; x_wconf 94' lang='grc'><strong>,</strong></span> <span class='ocrx_word' id='word_1_71' title='bbox 761 1207 932 1278; x_wconf 78' lang='grc' dir='ltr'>ἥγουν</span> <span class='ocrx_word' id='word_1_72' title='bbox 976 1205 1142 1277; x_wconf 82' lang='grc' dir='ltr'>μέρος</span> <span class='ocrx_word' id='word_1_73' title='bbox 1190 1205 1288 1276; x_wconf 86' lang='grc' dir='ltr'>μὲν</span> <span class='ocrx_word' id='word_1_74' title='bbox 1332 1203 1444 1260; x_wconf 80' lang='grc' dir='ltr'>τῶν</span> <span class='ocrx_word' id='word_1_75' title='bbox 1477 1205 1572 1259; x_wconf 72' lang='grc' dir='ltr'>τοῦ</span> <span class='ocrx_word' id='word_1_76' title='bbox 1606 1205 1742 1260; x_wconf 84' lang='grc' dir='ltr'>Θεοῦ</span> 
     </span>
    </p>
   </div>
   <div class='ocr_carea' id='block_1_12' title="bbox 162 1299 1739 1374">
    <p class='ocr_par' dir='ltr' id='par_1_12' title="bbox 162 1299 1739 1374">
     <span class='ocr_line' id='line_1_12' title="bbox 162 1299 1739 1374; baseline 0 -20"><span class='ocrx_word' id='word_1_77' title='bbox 162 1302 598 1374; x_wconf 77' lang='grc' dir='ltr'>προσταγμάτων</span> <span class='ocrx_word' id='word_1_78' title='bbox 630 1299 836 1372; x_wconf 79' lang='grc' dir='ltr'>τηρῶν,</span> <span class='ocrx_word' id='word_1_79' title='bbox 872 1299 1036 1371; x_wconf 83' lang='grc' dir='ltr'>μέρος</span> <span class='ocrx_word' id='word_1_80' title='bbox 1065 1299 1122 1352; x_wconf 81' lang='grc' dir='ltr'>δὲ</span> <span class='ocrx_word' id='word_1_81' title='bbox 1147 1299 1242 1354; x_wconf 83' lang='grc' dir='ltr'>τοῦ</span> <span class='ocrx_word' id='word_1_82' title='bbox 1279 1299 1517 1371; x_wconf 82' lang='grc' dir='ltr'>πονηροῦ</span> <span class='ocrx_word' id='word_1_83' title='bbox 1551 1300 1739 1366; x_wconf 81' lang='grc' dir='ltr'>ποιῶν,</span> 
     </span>
    </p>
   </div>
   <div class='ocr_carea' id='block_1_13' title="bbox 159 1390 1743 1465">
    <p class='ocr_par' dir='ltr' id='par_1_13' title="bbox 159 1390 1743 1465">
     <span class='ocr_line' id='line_1_13' title="bbox 159 1390 1743 1465; baseline -0.001 -18"><span class='ocrx_word' id='word_1_84' title='bbox 159 1390 306 1457; x_wconf 71' lang='grc' dir='ltr'>οὗτος</span> <span class='ocrx_word' id='word_1_85' title='bbox 345 1395 496 1465; x_wconf 86' lang='grc' dir='ltr'>μισεῖ</span> <span class='ocrx_word' id='word_1_86' title='bbox 525 1392 624 1464; x_wconf 77' lang='grc' dir='ltr'><strong>τὴν</strong></span> <span class='ocrx_word' id='word_1_87' title='bbox 651 1391 845 1446; x_wconf 80' lang='grc' dir='ltr'>ἑαυτοῦ</span> <span class='ocrx_word' id='word_1_88' title='bbox 874 1392 1053 1463; x_wconf 79' lang='grc' dir='ltr'>ψυχήν</span> <span class='ocrx_word' id='word_1_89' title='bbox 1075 1408 1088 1421; x_wconf 87' lang='grc'><strong>·</strong></span> <span class='ocrx_word' id='word_1_90' title='bbox 1131 1391 1328 1462; x_wconf 88' lang='grc' dir='ltr'>μικρὸν</span> <span class='ocrx_word' id='word_1_91' title='bbox 1355 1390 1464 1464; x_wconf 83' lang='grc' dir='ltr'>γὰρ</span> <span class='ocrx_word' id='word_1_92' title='bbox 1496 1392 1621 1445; x_wconf 82' lang='grc' dir='ltr'>ὅσον</span> <span class='ocrx_word' id='word_1_93' title='bbox 1650 1392 1743 1445; x_wconf 74' lang='grc' dir='ltr'><strong>καὶ</strong></span> 
     </span>
    </p>
   </div>
   <div class='ocr_carea' id='block_1_14' title="bbox 157 1481 1742 1554">
    <p class='ocr_par' dir='ltr' id='par_1_14' title="bbox 157 1481 1742 1554">
     <span class='ocr_line' id='line_1_14' title="bbox 157 1481 1742 1554; baseline -0.002 -15"><span class='ocrx_word' id='word_1_94' title='bbox 157 1485 356 1539; x_wconf 77' lang='grc' dir='ltr'>τέλειον</span> <span class='ocrx_word' id='word_1_95' title='bbox 394 1485 556 1538; x_wconf 77' lang='grc' dir='ltr'>αὐτὸν</span> <span class='ocrx_word' id='word_1_96' title='bbox 601 1484 806 1554; x_wconf 74' lang='grc' dir='ltr'>κλέψας</span> <span class='ocrx_word' id='word_1_97' title='bbox 849 1486 878 1537; x_wconf 89' lang='lat'><strong>6</strong></span> <span class='ocrx_word' id='word_1_98' title='bbox 919 1482 1163 1545; x_wconf 76' lang='grc' dir='ltr'>διάϐολος</span> <span class='ocrx_word' id='word_1_99' title='bbox 1187 1523 1202 1547; x_wconf 94' lang='grc'><strong>,</strong></span> <span class='ocrx_word' id='word_1_100' title='bbox 1234 1481 1386 1536; x_wconf 87' lang='grc' dir='ltr'>θύσει</span> <span class='ocrx_word' id='word_1_101' title='bbox 1415 1482 1611 1554; x_wconf 82' lang='grc' dir='ltr'>ἐαυτῷ.</span> <span class='ocrx_word' id='word_1_102' title='bbox 1679 1483 1742 1536; x_wconf 87' lang='lat'><strong>&#39;0</strong></span> 
     </span>
    </p>
   </div>
   <div class='ocr_carea' id='block_1_15' title="bbox 156 1574 1740 1646">
    <p class='ocr_par' dir='ltr' id='par_1_15' title="bbox 156 1574 1740 1646">
     <span class='ocr_line' id='line_1_15' title="bbox 156 1574 1740 1646; baseline -0.001 -16"><span class='ocrx_word' id='word_1_103' title='bbox 156 1576 420 1644; x_wconf 65' lang='grc' dir='ltr'>κλέπτης</span> <span class='ocrx_word' id='word_1_104' title='bbox 446 1575 580 1646; x_wconf 73' lang='grc' dir='ltr'>γὰρ,</span> <span class='ocrx_word' id='word_1_105' title='bbox 612 1577 798 1642; x_wconf 75' lang='grc' dir='ltr'>φησὶν,</span> <span class='ocrx_word' id='word_1_106' title='bbox 828 1577 939 1629; x_wconf 78' lang='grc' dir='ltr'>οὐκ</span> <span class='ocrx_word' id='word_1_107' title='bbox 959 1575 1213 1644; x_wconf 77' lang='grc' dir='ltr'>ἔρχεται,</span> <span class='ocrx_word' id='word_1_108' title='bbox 1239 1578 1287 1628; x_wconf 81' lang='grc' dir='ltr'>εὶ</span> <span class='ocrx_word' id='word_1_109' title='bbox 1311 1574 1398 1644; x_wconf 82' lang='grc' dir='ltr'>μὴ</span> <span class='ocrx_word' id='word_1_110' title='bbox 1419 1576 1518 1630; x_wconf 76' lang='grc' dir='ltr'><strong>ἵνα</strong></span> <span class='ocrx_word' id='word_1_111' title='bbox 1543 1574 1740 1644; x_wconf 71' lang='grc' dir='ltr'>κλέψῃ</span> 
     </span>
    </p>
   </div>
   <div class='ocr_carea' id='block_1_16' title="bbox 155 1663 1736 1738">
    <p class='ocr_par' dir='ltr' id='par_1_16' title="bbox 155 1663 1736 1738">
     <span class='ocr_line' id='line_1_16' title="bbox 155 1663 1736 1738; baseline -0.003 -16"><span class='ocrx_word' id='word_1_112' title='bbox 155 1669 239 1722; x_wconf 77' lang='grc' dir='ltr'>καὶ</span> <span class='ocrx_word' id='word_1_113' title='bbox 264 1669 457 1737; x_wconf 83' lang='grc' dir='ltr'>θύσῃ,</span> <span class='ocrx_word' id='word_1_114' title='bbox 489 1667 586 1722; x_wconf 78' lang='grc' dir='ltr'><strong>καί</strong></span> <span class='ocrx_word' id='word_1_115' title='bbox 617 1663 919 1735; x_wconf 77' lang='grc' dir='ltr'><strong>ἀπολέσῃ.</strong></span> <span class='ocrx_word' id='word_1_116' title='bbox 944 1699 1012 1708; x_wconf 87' lang='lat'><strong>——</strong></span> <span class='ocrx_word' id='word_1_117' title='bbox 1034 1667 1235 1738; x_wconf 87' lang='grc' dir='ltr'>Ὅρκον</span> <span class='ocrx_word' id='word_1_118' title='bbox 1269 1664 1388 1720; x_wconf 78' lang='grc' dir='ltr'>εἶπε</span> <span class='ocrx_word' id='word_1_119' title='bbox 1416 1667 1506 1720; x_wconf 90' lang='grc' dir='ltr'><strong>τὸν</strong></span> <span class='ocrx_word' id='word_1_120' title='bbox 1535 1665 1699 1738; x_wconf 90' lang='grc' dir='ltr'>νόμον</span> <span class='ocrx_word' id='word_1_121' title='bbox 1723 1683 1736 1696; x_wconf 87' lang='grc'><strong>·</strong></span> 
     </span>
    </p>
   </div>
   <div class='ocr_carea' id='block_1_17' title="bbox 153 1741 1739 1830">
    <p class='ocr_par' dir='ltr' id='par_1_17' title="bbox 153 1741 1739 1830">
     <span class='ocr_line' id='line_1_17' title="bbox 153 1741 1739 1830; baseline -0.001 -18"><span class='ocrx_word' id='word_1_122' title='bbox 153 1759 340 1830; x_wconf 81' lang='grc' dir='ltr'>ὥσπερ</span> <span class='ocrx_word' id='word_1_123' title='bbox 385 1758 495 1829; x_wconf 83' lang='grc' dir='ltr'>γὰρ</span> <span class='ocrx_word' id='word_1_124' title='bbox 536 1760 565 1812; x_wconf 97' lang='lat'><strong>6</strong></span> <span class='ocrx_word' id='word_1_125' title='bbox 602 1758 763 1830; x_wconf 81' lang='grc' dir='ltr'>ὅρκος</span> <span class='ocrx_word' id='word_1_126' title='bbox 785 1758 988 1830; x_wconf 86' lang='grc' dir='ltr'>,τίθησι</span> <span class='ocrx_word' id='word_1_127' title='bbox 1014 1758 1106 1812; x_wconf 89' lang='grc' dir='ltr'><strong>τὸν</strong></span> <span class='ocrx_word' id='word_1_128' title='bbox 1135 1758 1268 1812; x_wconf 86' lang='grc' dir='ltr'>Θεὸν</span> <span class='ocrx_word' id='word_1_129' title='bbox 1301 1759 1359 1811; x_wconf 85' lang='grc' dir='ltr'><strong>ἐν</strong></span> <span class='ocrx_word' id='word_1_130' title='bbox 1385 1757 1528 1828; x_wconf 74' lang='grc' dir='ltr'>ψυχῇ</span> <span class='ocrx_word' id='word_1_131' title='bbox 1549 1796 1564 1820; x_wconf 97' lang='grc'><strong>,</strong></span> <span class='ocrx_word' id='word_1_132' title='bbox 1598 1741 1739 1810; x_wconf 78' lang='grc' dir='ltr'>οὓτω</span> 
     </span>
    </p>
   </div>
   <div class='ocr_carea' id='block_1_18' title="bbox 152 1849 1736 1922">
    <p class='ocr_par' dir='ltr' id='par_1_18' title="bbox 152 1849 1736 1922">
     <span class='ocr_line' id='line_1_18' title="bbox 152 1849 1736 1922; baseline -0.001 -18"><span class='ocrx_word' id='word_1_133' title='bbox 152 1853 234 1905; x_wconf 76' lang='grc' dir='ltr'>καὶ</span> <span class='ocrx_word' id='word_1_134' title='bbox 275 1853 307 1904; x_wconf 82' lang='lat'><strong>6</strong></span> <span class='ocrx_word' id='word_1_135' title='bbox 348 1851 514 1922; x_wconf 88' lang='grc' dir='ltr'>νόμος</span> <span class='ocrx_word' id='word_1_136' title='bbox 539 1851 749 1920; x_wconf 81' lang='grc' dir='ltr'><strong>εἰσάγει</strong></span> <span class='ocrx_word' id='word_1_137' title='bbox 773 1850 906 1904; x_wconf 83' lang='grc' dir='ltr'>Θεὸν</span> <span class='ocrx_word' id='word_1_138' title='bbox 944 1851 1024 1915; x_wconf 84' lang='grc' dir='ltr'>εὶς</span> <span class='ocrx_word' id='word_1_139' title='bbox 1050 1849 1263 1922; x_wconf 70' lang='grc' dir='ltr'><strong>ψυχήν⁹</strong></span> <span class='ocrx_word' id='word_1_140' title='bbox 1308 1850 1402 1904; x_wconf 75' lang='grc' dir='ltr'><strong>καὶ</strong></span> <span class='ocrx_word' id='word_1_141' title='bbox 1445 1850 1506 1903; x_wconf 82' lang='grc' dir='ltr'><strong>ὃν</strong></span> <span class='ocrx_word' id='word_1_142' title='bbox 1536 1849 1736 1921; x_wconf 84' lang='grc' dir='ltr'>τρόπον</span> 
     </span>
    </p>
   </div>
   <div class='ocr_carea' id='block_1_19' title="bbox 151 1923 1811 2020">
    <p class='ocr_par' dir='ltr' id='par_1_19' title="bbox 151 1923 1811 2020">
     <span class='ocr_line' id='line_1_19' title="bbox 151 1923 1811 2020; baseline -0.001 -25"><span class='ocrx_word' id='word_1_143' title='bbox 151 1943 307 1998; x_wconf 85' lang='grc' dir='ltr'>πάλιν</span> <span class='ocrx_word' id='word_1_144' title='bbox 345 1944 563 2014; x_wconf 87' lang='grc' dir='ltr'>ἀναιρεῖ</span> <span class='ocrx_word' id='word_1_145' title='bbox 590 1943 623 2013; x_wconf 79' lang='grc' dir='ltr'>ἡ</span> <span class='ocrx_word' id='word_1_146' title='bbox 656 1941 912 2013; x_wconf 87' lang='grc' dir='ltr'>ἐπιορκία</span> <span class='ocrx_word' id='word_1_147' title='bbox 937 1941 1071 1995; x_wconf 83' lang='grc' dir='ltr'>Θεὸν</span> <span class='ocrx_word' id='word_1_148' title='bbox 1093 1943 1159 1995; x_wconf 82' lang='grc' dir='ltr'><strong>ἐκ</strong></span> <span class='ocrx_word' id='word_1_149' title='bbox 1185 1940 1381 2020; x_wconf 79' lang='grc' dir='ltr'>ψυχῆς,</span> <span class='ocrx_word' id='word_1_150' title='bbox 1409 1940 1551 1994; x_wconf 76' lang='grc' dir='ltr'>οὕτω</span> <span class='ocrx_word' id='word_1_151' title='bbox 1577 1941 1669 1994; x_wconf 71' lang='grc' dir='ltr'><strong>καὶ</strong></span> <span class='ocrx_word' id='word_1_152' title='bbox 1699 1941 1731 2013; x_wconf 85' lang='grc' dir='ltr'>ἡ</span> <span class='ocrx_word' id='word_1_153' title='bbox 1769 1923 1811 1978; x_wconf 73' lang='grc' dir='ltr'><strong>Β</strong></span> 
     </span>
    </p>
   </div>
   <div class='ocr_carea' id='block_1_20' title="bbox 150 2027 1733 2108">
    <p class='ocr_par' dir='ltr' id='par_1_20' title="bbox 150 2027 1733 2108">
     <span class='ocr_line' id='line_1_20' title="bbox 150 2027 1733 2108; baseline -0.004 -19"><span class='ocrx_word' id='word_1_154' title='bbox 150 2033 464 2108; x_wconf 74' lang='grc' dir='ltr'>παρανομία</span> <span class='ocrx_word' id='word_1_155' title='bbox 486 2033 736 2087; x_wconf 79' lang='grc' dir='ltr'>ἐκϐάλλει</span> <span class='ocrx_word' id='word_1_156' title='bbox 761 2033 896 2086; x_wconf 88' lang='grc' dir='ltr'>Θεὸν</span> <span class='ocrx_word' id='word_1_157' title='bbox 919 2033 1014 2086; x_wconf 87' lang='grc' dir='ltr'>ἀπ’</span> <span class='ocrx_word' id='word_1_158' title='bbox 1039 2032 1234 2103; x_wconf 80' lang='grc' dir='ltr'>αὐτῆς.</span> <span class='ocrx_word' id='word_1_159' title='bbox 1286 2031 1409 2086; x_wconf 81' lang='grc' dir='ltr'><strong>Ἐὰν</strong></span> <span class='ocrx_word' id='word_1_160' title='bbox 1431 2027 1544 2096; x_wconf 81' lang='grc' dir='ltr'>οὖν,</span> <span class='ocrx_word' id='word_1_161' title='bbox 1580 2031 1733 2102; x_wconf 68' lang='grc' dir='ltr'>φησι,</span> 
     </span>
    </p>
   </div>
   <div class='ocr_carea' id='block_1_21' title="bbox 151 2124 1737 2198">
    <p class='ocr_par' dir='ltr' id='par_1_21' title="bbox 151 2124 1737 2198">
     <span class='ocr_line' id='line_1_21' title="bbox 151 2124 1737 2198; baseline -0.004 -16"><span class='ocrx_word' id='word_1_162' title='bbox 151 2129 304 2198; x_wconf 80' lang='grc' dir='ltr'>νόμου</span> <span class='ocrx_word' id='word_1_163' title='bbox 334 2127 586 2190; x_wconf 81' lang='grc' dir='ltr'>τεθέντος</span> <span class='ocrx_word' id='word_1_164' title='bbox 613 2126 947 2190; x_wconf 83' lang='grc' dir='ltr'>ἀκούσαντες</span> <span class='ocrx_word' id='word_1_165' title='bbox 971 2126 1046 2198; x_wconf 81' lang='grc' dir='ltr'>μὴ</span> <span class='ocrx_word' id='word_1_166' title='bbox 1071 2125 1502 2198; x_wconf 85' lang='grc' dir='ltr'>ὲξαγορεύσωσιν</span> <span class='ocrx_word' id='word_1_167' title='bbox 1529 2124 1737 2177; x_wconf 82' lang='grc' dir='ltr'>ἑαυτῶν</span> 
     </span>
    </p>
   </div>
   <div class='ocr_carea' id='block_1_22' title="bbox 150 2215 1739 2292">
    <p class='ocr_par' dir='ltr' id='par_1_22' title="bbox 150 2215 1739 2292">
     <span class='ocr_line' id='line_1_22' title="bbox 150 2215 1739 2292; baseline -0.004 -17"><span class='ocrx_word' id='word_1_168' title='bbox 150 2221 236 2284; x_wconf 76' lang='grc' dir='ltr'>τὰς</span> <span class='ocrx_word' id='word_1_169' title='bbox 261 2219 546 2292; x_wconf 78' lang='grc' dir='ltr'>ἁμαρτίας</span> <span class='ocrx_word' id='word_1_170' title='bbox 569 2257 586 2284; x_wconf 91' lang='grc'><strong>,</strong></span> <span class='ocrx_word' id='word_1_171' title='bbox 635 2217 965 2291; x_wconf 77' lang='grc' dir='ltr'>φοϐηθέντες</span> <span class='ocrx_word' id='word_1_172' title='bbox 995 2219 1090 2271; x_wconf 75' lang='grc' dir='ltr'>καὶ</span> <span class='ocrx_word' id='word_1_173' title='bbox 1128 2217 1504 2288; x_wconf 79' lang='grc' dir='ltr'>αἰσχυνθέντες</span> <span class='ocrx_word' id='word_1_174' title='bbox 1530 2215 1739 2287; x_wconf 82' lang='grc' dir='ltr'>ἀνθρὼ-</span> 
     </span>
    </p>
   </div>
   <div class='ocr_carea' id='block_1_23' title="bbox 151 2308 1739 2384">
    <p class='ocr_par' dir='ltr' id='par_1_23' title="bbox 151 2308 1739 2384">
     <span class='ocr_line' id='line_1_23' title="bbox 151 2308 1739 2384; baseline -0.003 -18"><span class='ocrx_word' id='word_1_175' title='bbox 151 2330 296 2379; x_wconf 87' lang='grc' dir='ltr'>πους,</span> <span class='ocrx_word' id='word_1_176' title='bbox 326 2311 886 2383; x_wconf 76' lang='grc' dir='ltr'>ὑποσκελισθήσονται</span> <span class='ocrx_word' id='word_1_177' title='bbox 921 2310 1058 2384; x_wconf 90' lang='grc' dir='ltr'>πρὸς</span> <span class='ocrx_word' id='word_1_178' title='bbox 1091 2309 1366 2365; x_wconf 80' lang='grc' dir='ltr'>ἀπώλειαν</span> <span class='ocrx_word' id='word_1_179' title='bbox 1390 2328 1403 2341; x_wconf 81' lang='lat'><strong><em>°</em></strong></span> <span class='ocrx_word' id='word_1_180' title='bbox 1433 2309 1575 2364; x_wconf 78' lang='grc' dir='ltr'>οὕτω</span> <span class='ocrx_word' id='word_1_181' title='bbox 1605 2308 1739 2380; x_wconf 74' lang='grc' dir='ltr'>φησὶ</span> 
     </span>
    </p>
   </div>
   <div class='ocr_carea' id='block_1_24' title="bbox 149 2401 1740 2474">
    <p class='ocr_par' dir='ltr' id='par_1_24' title="bbox 149 2401 1740 2474">
     <span class='ocr_line' id='line_1_24' title="bbox 149 2401 1740 2474; baseline -0.003 -13"><span class='ocrx_word' id='word_1_182' title='bbox 149 2408 233 2461; x_wconf 73' lang='grc' dir='ltr'>καὶ</span> <span class='ocrx_word' id='word_1_183' title='bbox 255 2410 287 2460; x_wconf 93' lang='lat'><strong>6</strong></span> <span class='ocrx_word' id='word_1_184' title='bbox 310 2406 480 2460; x_wconf 78' lang='grc' dir='ltr'><strong>Δαυῖδ</strong></span> <span class='ocrx_word' id='word_1_185' title='bbox 498 2422 512 2434; x_wconf 88' lang='grc'><strong>·</strong></span> <span class='ocrx_word' id='word_1_186' title='bbox 532 2401 724 2460; x_wconf 74' lang='grc' dir='ltr'>Ἐἶπασ</span> <span class='ocrx_word' id='word_1_187' title='bbox 743 2404 1144 2474; x_wconf 77' lang='grc' dir='ltr'>Ἐξαγορεύσω</span> <span class='ocrx_word' id='word_1_188' title='bbox 1161 2404 1286 2458; x_wconf 77' lang='grc' dir='ltr'>κατ’</span> <span class='ocrx_word' id='word_1_189' title='bbox 1303 2404 1450 2474; x_wconf 80' lang='grc' dir='ltr'>ἐμοῦ</span> <span class='ocrx_word' id='word_1_190' title='bbox 1469 2402 1584 2472; x_wconf 79' lang='grc' dir='ltr'><strong>τὴν</strong></span> <span class='ocrx_word' id='word_1_191' title='bbox 1601 2403 1740 2456; x_wconf 77' lang='grc' dir='ltr'><strong>ἀνθ-ρ</strong></span> 
     </span>
    </p>
   </div>
   <div class='ocr_carea' id='block_1_25' title="bbox 147 2495 1739 2569">
    <p class='ocr_par' dir='ltr' id='par_1_25' title="bbox 147 2495 1739 2569">
     <span class='ocr_line' id='line_1_25' title="bbox 147 2495 1739 2569; baseline -0.003 -16"><span class='ocrx_word' id='word_1_192' title='bbox 147 2499 281 2569; x_wconf 75' lang='grc' dir='ltr'>μίαν</span> <span class='ocrx_word' id='word_1_193' title='bbox 295 2517 423 2569; x_wconf 82' lang='grc' dir='ltr'><strong>μου</strong></span> <span class='ocrx_word' id='word_1_194' title='bbox 442 2496 524 2563; x_wconf 82' lang='grc' dir='ltr'>τῷ</span> <span class='ocrx_word' id='word_1_195' title='bbox 538 2498 752 2566; x_wconf 77' lang='grc' dir='ltr'>Κυρίῳ,</span> <span class='ocrx_word' id='word_1_196' title='bbox 776 2497 873 2550; x_wconf 81' lang='grc' dir='ltr'>καὶ</span> <span class='ocrx_word' id='word_1_197' title='bbox 906 2496 988 2550; x_wconf 88' lang='grc' dir='ltr'>σὺ</span> <span class='ocrx_word' id='word_1_198' title='bbox 1016 2495 1259 2566; x_wconf 66' lang='grc' dir='ltr'>ἀφῆκας</span> <span class='ocrx_word' id='word_1_199' title='bbox 1299 2496 1416 2564; x_wconf 80' lang='grc' dir='ltr'><strong>τὴν</strong></span> <span class='ocrx_word' id='word_1_200' title='bbox 1453 2495 1739 2550; x_wconf 78' lang='grc' dir='ltr'>ἀσέϐειαν</span> 
     </span>
    </p>
   </div>
   <div class='ocr_carea' id='block_1_26' title="bbox 148 2589 1738 2661">
    <p class='ocr_par' dir='ltr' id='par_1_26' title="bbox 148 2589 1738 2661">
     <span class='ocr_line' id='line_1_26' title="bbox 148 2589 1738 2661; baseline -0.001 -19"><span class='ocrx_word' id='word_1_201' title='bbox 148 2590 248 2658; x_wconf 78' lang='grc' dir='ltr'>τῆς</span> <span class='ocrx_word' id='word_1_202' title='bbox 261 2591 520 2659; x_wconf 78' lang='grc' dir='ltr'>καρδίας</span> <span class='ocrx_word' id='word_1_203' title='bbox 539 2609 656 2658; x_wconf 86' lang='grc' dir='ltr'><strong>μου</strong></span> <span class='ocrx_word' id='word_1_204' title='bbox 679 2608 692 2621; x_wconf 87' lang='grc'><strong>·</strong></span> <span class='ocrx_word' id='word_1_205' title='bbox 725 2591 818 2646; x_wconf 83' lang='grc' dir='ltr'><strong>καί</strong></span> <span class='ocrx_word' id='word_1_206' title='bbox 845 2608 858 2621; x_wconf 88' lang='grc'><strong>·</strong></span> <span class='ocrx_word' id='word_1_207' title='bbox 886 2591 1036 2661; x_wconf 75' lang='grc' dir='ltr'>Λέγε</span> <span class='ocrx_word' id='word_1_208' title='bbox 1062 2590 1143 2645; x_wconf 87' lang='grc' dir='ltr'>σὺ</span> <span class='ocrx_word' id='word_1_209' title='bbox 1172 2589 1403 2659; x_wconf 79' lang='grc' dir='ltr'>πρῶτος</span> <span class='ocrx_word' id='word_1_210' title='bbox 1425 2589 1533 2655; x_wconf 82' lang='grc' dir='ltr'>τὰς</span> <span class='ocrx_word' id='word_1_211' title='bbox 1552 2589 1738 2658; x_wconf 79' lang='grc' dir='ltr'>ἀμαρ-</span> 
     </span>
    </p>
   </div>
   <div class='ocr_carea' id='block_1_27' title="bbox 147 2681 1737 2754">
    <p class='ocr_par' dir='ltr' id='par_1_27' title="bbox 147 2681 1737 2754">
     <span class='ocr_line' id='line_1_27' title="bbox 147 2681 1737 2754; baseline -0.002 -17"><span class='ocrx_word' id='word_1_212' title='bbox 147 2685 268 2752; x_wconf 85' lang='grc' dir='ltr'>τίας</span> <span class='ocrx_word' id='word_1_213' title='bbox 316 2701 470 2750; x_wconf 87' lang='grc' dir='ltr'>σου,</span> <span class='ocrx_word' id='word_1_214' title='bbox 518 2687 618 2739; x_wconf 71' lang='lat' dir='ltr'><strong>tm</strong></span> <span class='ocrx_word' id='word_1_215' title='bbox 667 2683 985 2754; x_wconf 79' lang='grc' dir='ltr'>δικαιωθῇς</span> <span class='ocrx_word' id='word_1_216' title='bbox 1005 2701 1018 2716; x_wconf 90' lang='grc'><strong>·</strong></span> <span class='ocrx_word' id='word_1_217' title='bbox 1059 2685 1152 2737; x_wconf 75' lang='grc' dir='ltr'><strong>καὶ</strong></span> <span class='ocrx_word' id='word_1_218' title='bbox 1202 2683 1363 2738; x_wconf 82' lang='grc' dir='ltr'>πάλιν</span> <span class='ocrx_word' id='word_1_219' title='bbox 1411 2683 1440 2735; x_wconf 91' lang='lat'><strong>6</strong></span> <span class='ocrx_word' id='word_1_220' title='bbox 1485 2681 1737 2753; x_wconf 79' lang='grc' dir='ltr'>Σολομῶν</span> 
     </span>
    </p>
   </div>
   <div class='ocr_carea' id='block_1_28' title="bbox 148 2797 337 2853">
    <p class='ocr_par' dir='ltr' id='par_1_28' title="bbox 148 2797 337 2853">
     <span class='ocr_line' id='line_1_28' title="bbox 148 2797 337 2853; baseline 0.005 -19"><span class='ocrx_word' id='word_1_221' title='bbox 148 2799 304 2853; x_wconf 80' lang='grc' dir='ltr'>φησιν</span> <span class='ocrx_word' id='word_1_222' title='bbox 321 2797 337 2812; x_wconf 83' lang='grc'><strong>’</strong></span> 
     </span>
    </p>
   </div>
   <div class='ocr_carea' id='block_1_29' title="bbox 147 2871 618 2943">
    <p class='ocr_par' dir='ltr' id='par_1_29' title="bbox 147 2871 618 2943">
     <span class='ocr_line' id='line_1_29' title="bbox 147 2871 618 2943; baseline 0 -17"><span class='ocrx_word' id='word_1_223' title='bbox 147 2871 618 2943; x_wconf 78' lang='grc' dir='ltr'><strong>ἀγαπηθήσεται.</strong></span> 
     </span>
    </p>
   </div>
   <div class='ocr_carea' id='block_1_30' title="bbox 1852 658 3425 730">
    <p class='ocr_par' dir='ltr' id='par_1_30' title="bbox 1852 658 3425 730">
     <span class='ocr_line' id='line_1_30' title="bbox 1852 658 3425 730; baseline -0.002 -14"><span class='ocrx_word' id='word_1_224' title='bbox 1852 659 2139 716; x_wconf 86' lang='lat' dir='ltr'><strong>riiicarnnt</strong></span> <span class='ocrx_word' id='word_1_225' title='bbox 2193 658 2446 730; x_wconf 83' lang='lat' dir='ltr'><strong>hymnis,</strong></span> <span class='ocrx_word' id='word_1_226' title='bbox 2501 667 2556 714; x_wconf 90' lang='lat' dir='ltr'><strong>et</strong></span> <span class='ocrx_word' id='word_1_227' title='bbox 2616 660 2998 714; x_wconf 74' lang='lat' dir='ltr'><strong>mandatorum</strong></span> <span class='ocrx_word' id='word_1_228' title='bbox 3051 661 3425 725; x_wconf 71' lang='lat' dir='ltr'><strong>observantia,</strong></span> 
     </span>
    </p>
   </div>
   <div class='ocr_carea' id='block_1_31' title="bbox 1848 749 3427 820">
    <p class='ocr_par' dir='ltr' id='par_1_31' title="bbox 1848 749 3427 820">
     <span class='ocr_line' id='line_1_31' title="bbox 1848 749 3427 820; baseline 0 -14"><span class='ocrx_word' id='word_1_229' title='bbox 1848 751 2096 807; x_wconf 80' lang='lat' dir='ltr'><strong>extollet.</strong></span> <span class='ocrx_word' id='word_1_230' title='bbox 2132 749 2316 806; x_wconf 85' lang='lat' dir='ltr'><strong>Gloria</strong></span> <span class='ocrx_word' id='word_1_231' title='bbox 2355 750 2500 804; x_wconf 90' lang='lat' dir='ltr'><strong>enim</strong></span> <span class='ocrx_word' id='word_1_232' title='bbox 2541 749 2634 805; x_wconf 86' lang='lat' dir='ltr'><strong>Dei</strong></span> <span class='ocrx_word' id='word_1_233' title='bbox 2687 759 2771 805; x_wconf 90' lang='lat' dir='ltr'><strong>est</strong></span> <span class='ocrx_word' id='word_1_234' title='bbox 2808 751 3094 820; x_wconf 70' lang='lat' dir='ltr'><strong>prmceplis</strong></span> <span class='ocrx_word' id='word_1_235' title='bbox 3127 750 3245 819; x_wconf 86' lang='lat' dir='ltr'><strong>ejus</strong></span> <span class='ocrx_word' id='word_1_236' title='bbox 3299 751 3427 806; x_wconf 64' lang='lat' dir='ltr'><strong>obec</strong></span> 
     </span>
    </p>
   </div>
   <div class='ocr_carea' id='block_1_32' title="bbox 1847 841 3428 911">
    <p class='ocr_par' dir='ltr' id='par_1_32' title="bbox 1847 841 3428 911">
     <span class='ocr_line' id='line_1_32' title="bbox 1847 841 3428 911; baseline 0 -13"><span class='ocrx_word' id='word_1_237' title='bbox 1847 844 1981 899; x_wconf 89' lang='lat' dir='ltr'><strong>dire.</strong></span> <span class='ocrx_word' id='word_1_238' title='bbox 2016 841 2484 911; x_wconf 82' lang='lat' dir='ltr'><strong>Quemadmodum</strong></span> <span class='ocrx_word' id='word_1_239' title='bbox 2542 841 2658 911; x_wconf 83' lang='lat' dir='ltr'><strong>ipse</strong></span> <span class='ocrx_word' id='word_1_240' title='bbox 2709 842 2841 896; x_wconf 84' lang='lat' dir='ltr'><strong>dicit</strong></span> <span class='ocrx_word' id='word_1_241' title='bbox 2897 841 3208 897; x_wconf 84' lang='lat' dir='ltr'><strong>Dominus:</strong></span> <span class='ocrx_word' id='word_1_242' title='bbox 3243 841 3428 898; x_wconf 81' lang='lat' dir='ltr'><strong>Hono-</strong></span> 
     </span>
    </p>
   </div>
   <div class='ocr_carea' id='block_1_33' title="bbox 1847 932 3426 1004">
    <p class='ocr_par' dir='ltr' id='par_1_33' title="bbox 1847 932 3426 1004">
     <span class='ocr_line' id='line_1_33' title="bbox 1847 932 3426 1004; baseline -0.001 -15"><span class='ocrx_word' id='word_1_243' title='bbox 1847 945 2024 990; x_wconf 78' lang='lat' dir='ltr'><strong>rantea</strong></span> <span class='ocrx_word' id='word_1_244' title='bbox 2050 951 2131 989; x_wconf 85' lang='lat' dir='ltr'><strong>me</strong></span> <span class='ocrx_word' id='word_1_245' title='bbox 2157 935 2429 989; x_wconf 80' lang='lat' dir='ltr'><strong>honorabo</strong></span> <span class='ocrx_word' id='word_1_246' title='bbox 2453 934 2523 988; x_wconf 81' lang='lat'><strong>&quot;.</strong></span> <span class='ocrx_word' id='word_1_247' title='bbox 2567 932 2820 1004; x_wconf 77' lang='lat' dir='ltr'><strong>Nequitia</strong></span> <span class='ocrx_word' id='word_1_248' title='bbox 2859 947 2990 990; x_wconf 87' lang='lat' dir='ltr'><strong>vero</strong></span> <span class='ocrx_word' id='word_1_249' title='bbox 3035 935 3426 990; x_wconf 84' lang='lat' dir='ltr'><strong>contumeliam</strong></span> 
     </span>
    </p>
   </div>
   <div class='ocr_carea' id='block_1_34' title="bbox 1846 1027 2556 1085">
    <p class='ocr_par' dir='ltr' id='par_1_34' title="bbox 1846 1027 2556 1085">
     <span class='ocr_line' id='line_1_34' title="bbox 1846 1027 2556 1085; baseline -0.003 0"><span class='ocrx_word' id='word_1_250' title='bbox 1846 1029 2103 1085; x_wconf 83' lang='lat' dir='ltr'><strong>rationali</strong></span> <span class='ocrx_word' id='word_1_251' title='bbox 2141 1029 2338 1085; x_wconf 71' lang='lat' dir='ltr'><strong>animae</strong></span> <span class='ocrx_word' id='word_1_252' title='bbox 2371 1027 2556 1084; x_wconf 80' lang='lat' dir='ltr'><strong>infert.</strong></span> 
     </span>
    </p>
   </div>
   <div class='ocr_carea' id='block_1_35' title="bbox 1913 1119 3427 1192">
    <p class='ocr_par' dir='ltr' id='par_1_35' title="bbox 1913 1119 3427 1192">
     <span class='ocr_line' id='line_1_35' title="bbox 1913 1119 3427 1192; baseline 0 -15"><span class='ocrx_word' id='word_1_253' title='bbox 1913 1121 2112 1178; x_wconf 86' lang='lat' dir='ltr'><strong>Furem</strong></span> <span class='ocrx_word' id='word_1_254' title='bbox 2145 1119 2291 1176; x_wconf 88' lang='lat' dir='ltr'><strong>haud</strong></span> <span class='ocrx_word' id='word_1_255' title='bbox 2344 1121 2513 1177; x_wconf 88' lang='lat' dir='ltr'><strong>aiium</strong></span> <span class='ocrx_word' id='word_1_256' title='bbox 2575 1121 2709 1177; x_wconf 88' lang='lat' dir='ltr'><strong>dicit</strong></span> <span class='ocrx_word' id='word_1_257' title='bbox 2755 1135 2920 1192; x_wconf 87' lang='lat' dir='ltr'><strong>quam</strong></span> <span class='ocrx_word' id='word_1_258' title='bbox 2967 1122 3264 1178; x_wconf 83' lang='lat' dir='ltr'><strong>diabolum.</strong></span> <span class='ocrx_word' id='word_1_259' title='bbox 3323 1121 3427 1189; x_wconf 87' lang='lat' dir='ltr'><strong>Qui</strong></span> 
     </span>
    </p>
   </div>
   <div class='ocr_carea' id='block_1_36' title="bbox 1843 1212 3424 1284">
    <p class='ocr_par' dir='ltr' id='par_1_36' title="bbox 1843 1212 3424 1284">
     <span class='ocr_line' id='line_1_36' title="bbox 1843 1212 3424 1284; baseline -0.001 -16"><span class='ocrx_word' id='word_1_260' title='bbox 1843 1225 1978 1270; x_wconf 73' lang='lat' dir='ltr'><strong>vero</strong></span> <span class='ocrx_word' id='word_1_261' title='bbox 2026 1215 2077 1268; x_wconf 93' lang='lat' dir='ltr'><strong>iu</strong></span> <span class='ocrx_word' id='word_1_262' title='bbox 2123 1221 2306 1284; x_wconf 83' lang='lat' dir='ltr'><strong>partes</strong></span> <span class='ocrx_word' id='word_1_263' title='bbox 2359 1213 2654 1281; x_wconf 81' lang='lat' dir='ltr'><strong>scinditur,</strong></span> <span class='ocrx_word' id='word_1_264' title='bbox 2712 1212 2766 1267; x_wconf 90' lang='lat' dir='ltr'><strong>id</strong></span> <span class='ocrx_word' id='word_1_265' title='bbox 2823 1222 2908 1269; x_wconf 88' lang='lat' dir='ltr'><strong>cst</strong></span> <span class='ocrx_word' id='word_1_266' title='bbox 2961 1213 3158 1284; x_wconf 85' lang='lat' dir='ltr'><strong>partim</strong></span> <span class='ocrx_word' id='word_1_267' title='bbox 3209 1214 3424 1284; x_wconf 84' lang='lat' dir='ltr'><strong>quidem</strong></span> 
     </span>
    </p>
   </div>
   <div class='ocr_carea' id='block_1_37' title="bbox 1845 1304 3429 1376">
    <p class='ocr_par' dir='ltr' id='par_1_37' title="bbox 1845 1304 3429 1376">
     <span class='ocr_line' id='line_1_37' title="bbox 1845 1304 3429 1376; baseline -0.001 -16"><span class='ocrx_word' id='word_1_268' title='bbox 1845 1305 2103 1360; x_wconf 80' lang='lat' dir='ltr'><strong>mandata</strong></span> <span class='ocrx_word' id='word_1_269' title='bbox 2157 1304 2251 1361; x_wconf 88' lang='lat' dir='ltr'><strong>Dei</strong></span> <span class='ocrx_word' id='word_1_270' title='bbox 2301 1305 2642 1375; x_wconf 77' lang='lat' dir='ltr'><strong>exsequitur,</strong></span> <span class='ocrx_word' id='word_1_271' title='bbox 2667 1306 2869 1374; x_wconf 85' lang='lat' dir='ltr'><strong>partim</strong></span> <span class='ocrx_word' id='word_1_272' title='bbox 2902 1319 3035 1360; x_wconf 88' lang='lat' dir='ltr'><strong>vero</strong></span> <span class='ocrx_word' id='word_1_273' title='bbox 3067 1305 3311 1376; x_wconf 88' lang='lat' dir='ltr'><strong>maligni,</strong></span> <span class='ocrx_word' id='word_1_274' title='bbox 3339 1306 3429 1360; x_wconf 85' lang='lat' dir='ltr'><strong>hic</strong></span> 
     </span>
    </p>
   </div>
   <div class='ocr_carea' id='block_1_38' title="bbox 1842 1397 3426 1468">
    <p class='ocr_par' dir='ltr' id='par_1_38' title="bbox 1842 1397 3426 1468">
     <span class='ocr_line' id='line_1_38' title="bbox 1842 1397 3426 1468; baseline -0.001 -16"><span class='ocrx_word' id='word_1_275' title='bbox 1842 1397 2080 1452; x_wconf 88' lang='lat' dir='ltr'><strong>animam</strong></span> <span class='ocrx_word' id='word_1_276' title='bbox 2139 1398 2418 1468; x_wconf 86' lang='lat' dir='ltr'><strong>propriam</strong></span> <span class='ocrx_word' id='word_1_277' title='bbox 2471 1397 2610 1453; x_wconf 89' lang='lat' dir='ltr'><strong>odit.</strong></span> <span class='ocrx_word' id='word_1_278' title='bbox 2659 1398 2706 1429; x_wconf 87' lang='lat'><strong>&quot;</strong></span> <span class='ocrx_word' id='word_1_279' title='bbox 2738 1397 2844 1452; x_wconf 90' lang='lat' dir='ltr'><strong>Sed</strong></span> <span class='ocrx_word' id='word_1_280' title='bbox 2903 1397 3052 1452; x_wconf 89' lang='lat' dir='ltr'><strong>hunc</strong></span> <span class='ocrx_word' id='word_1_281' title='bbox 3110 1397 3426 1467; x_wconf 79' lang='lat' dir='ltr'><strong>propediem</strong></span> 
     </span>
    </p>
   </div>
   <div class='ocr_carea' id='block_1_39' title="bbox 1843 1481 3424 1549">
    <p class='ocr_par' dir='ltr' id='par_1_39' title="bbox 1843 1481 3424 1549">
     <span class='ocr_line' id='line_1_39' title="bbox 1843 1481 3424 1549; baseline 0.001 -13"><span class='ocrx_word' id='word_1_282' title='bbox 1843 1491 2014 1538; x_wconf 91' lang='lat' dir='ltr'><strong>totum</strong></span> <span class='ocrx_word' id='word_1_283' title='bbox 2041 1481 2315 1539; x_wconf 78' lang='lat' dir='ltr'><strong>suﬂ&#39;urans</strong></span> <span class='ocrx_word' id='word_1_284' title='bbox 2346 1485 2618 1549; x_wconf 83' lang='lat' dir='ltr'><strong>diabolus,</strong></span> <span class='ocrx_word' id='word_1_285' title='bbox 2642 1484 2745 1539; x_wconf 90' lang='lat' dir='ltr'><strong>sibi</strong></span> <span class='ocrx_word' id='word_1_286' title='bbox 2778 1485 3104 1543; x_wconf 87' lang='lat' dir='ltr'><strong>immolabit.</strong></span> <span class='ocrx_word' id='word_1_287' title='bbox 3133 1484 3424 1549; x_wconf 77' lang='lat' dir='ltr'><strong>Fureuim,</strong></span> 
     </span>
    </p>
   </div>
   <div class='ocr_carea' id='block_1_40' title="bbox 1841 1575 3425 1646">
    <p class='ocr_par' dir='ltr' id='par_1_40' title="bbox 1841 1575 3425 1646">
     <span class='ocr_line' id='line_1_40' title="bbox 1841 1575 3425 1646; baseline 0.001 -17"><span class='ocrx_word' id='word_1_288' title='bbox 1841 1575 2019 1645; x_wconf 90' lang='lat' dir='ltr'><strong>inquit</strong></span> <span class='ocrx_word' id='word_1_289' title='bbox 2047 1575 2300 1632; x_wconf 88' lang='lat' dir='ltr'><strong>Christus</strong></span> <span class='ocrx_word' id='word_1_290' title='bbox 2321 1575 2391 1639; x_wconf 82' lang='lat'><strong>&quot;,</strong></span> <span class='ocrx_word' id='word_1_291' title='bbox 2421 1591 2526 1630; x_wconf 83' lang='lat' dir='ltr'><strong>non</strong></span> <span class='ocrx_word' id='word_1_292' title='bbox 2549 1576 2680 1630; x_wconf 73' lang='lat' dir='ltr'><strong>venit</strong></span> <span class='ocrx_word' id='word_1_293' title='bbox 2715 1577 2822 1631; x_wconf 72' lang='grc' dir='ltr'><strong>σιίεὶ</strong></span> <span class='ocrx_word' id='word_1_294' title='bbox 2848 1588 2902 1631; x_wconf 80' lang='grc' dir='ltr'><strong>ιιι</strong></span> <span class='ocrx_word' id='word_1_295' title='bbox 2922 1577 3128 1646; x_wconf 78' lang='lat' dir='ltr'><strong>{aretur</strong></span> <span class='ocrx_word' id='word_1_296' title='bbox 3143 1589 3189 1632; x_wconf 84' lang='lat' dir='ltr'><strong>et</strong></span> <span class='ocrx_word' id='word_1_297' title='bbox 3212 1586 3425 1641; x_wconf 78' lang='lat' dir='ltr'><strong>mactet,</strong></span> 
     </span>
    </p>
   </div>
   <div class='ocr_carea' id='block_1_41' title="bbox 1839 1667 3425 1740">
    <p class='ocr_par' dir='ltr' id='par_1_41' title="bbox 1839 1667 3425 1740">
     <span class='ocr_line' id='line_1_41' title="bbox 1839 1667 3425 1740; baseline -0.001 -17"><span class='ocrx_word' id='word_1_298' title='bbox 1839 1678 1887 1723; x_wconf 81' lang='lat' dir='ltr'><strong>et</strong></span> <span class='ocrx_word' id='word_1_299' title='bbox 1922 1667 2627 1737; x_wconf 79' lang='lat' dir='ltr'><strong>perdat.-——-Jusjurandum</strong></span> <span class='ocrx_word' id='word_1_300' title='bbox 2678 1669 2814 1724; x_wconf 71' lang='lat' dir='ltr'><strong>dixit</strong></span> <span class='ocrx_word' id='word_1_301' title='bbox 2862 1670 3058 1740; x_wconf 72' lang='lat' dir='ltr'><strong>legem.</strong></span> <span class='ocrx_word' id='word_1_302' title='bbox 3099 1670 3253 1725; x_wconf 87' lang='lat' dir='ltr'><strong>Sicut</strong></span> <span class='ocrx_word' id='word_1_303' title='bbox 3279 1670 3425 1724; x_wconf 81' lang='lat' dir='ltr'><strong>enim</strong></span> 
     </span>
    </p>
   </div>
   <div class='ocr_carea' id='block_1_42' title="bbox 1834 1759 3426 1831">
    <p class='ocr_par' dir='ltr' id='par_1_42' title="bbox 1834 1759 3426 1831">
     <span class='ocr_line' id='line_1_42' title="bbox 1834 1759 3426 1831; baseline 0.001 -18"><span class='ocrx_word' id='word_1_304' title='bbox 1834 1759 2214 1830; x_wconf 82' lang='lat' dir='ltr'><strong>jusjurandum</strong></span> <span class='ocrx_word' id='word_1_305' title='bbox 2254 1761 2418 1815; x_wconf 89' lang='lat' dir='ltr'><strong>Deum</strong></span> <span class='ocrx_word' id='word_1_306' title='bbox 2459 1761 2514 1815; x_wconf 88' lang='lat' dir='ltr'><strong>in</strong></span> <span class='ocrx_word' id='word_1_307' title='bbox 2563 1761 2743 1816; x_wconf 86' lang='lat' dir='ltr'><strong>anima</strong></span> <span class='ocrx_word' id='word_1_308' title='bbox 2787 1762 2959 1831; x_wconf 88' lang='lat' dir='ltr'><strong>ponit,</strong></span> <span class='ocrx_word' id='word_1_309' title='bbox 3011 1762 3090 1816; x_wconf 87' lang='lat' dir='ltr'><strong>sic</strong></span> <span class='ocrx_word' id='word_1_310' title='bbox 3135 1761 3301 1816; x_wconf 91' lang='lat' dir='ltr'><strong>etiam</strong></span> <span class='ocrx_word' id='word_1_311' title='bbox 3340 1760 3426 1815; x_wconf 79' lang='lat' dir='ltr'><strong>lex</strong></span> 
     </span>
    </p>
   </div>
   <div class='ocr_carea' id='block_1_43' title="bbox 1841 1853 3428 1925">
    <p class='ocr_par' dir='ltr' id='par_1_43' title="bbox 1841 1853 3428 1925">
     <span class='ocr_line' id='line_1_43' title="bbox 1841 1853 3428 1925; baseline 0.001 -18"><span class='ocrx_word' id='word_1_312' title='bbox 1841 1853 2009 1908; x_wconf 89' lang='lat' dir='ltr'><strong>Deum</strong></span> <span class='ocrx_word' id='word_1_313' title='bbox 2063 1854 2116 1908; x_wconf 91' lang='lat' dir='ltr'><strong>in</strong></span> <span class='ocrx_word' id='word_1_314' title='bbox 2167 1853 2408 1908; x_wconf 88' lang='lat' dir='ltr'><strong>animam</strong></span> <span class='ocrx_word' id='word_1_315' title='bbox 2442 1853 2670 1909; x_wconf 89' lang='lat' dir='ltr'><strong>inducit.</strong></span> <span class='ocrx_word' id='word_1_316' title='bbox 2697 1853 2764 1908; x_wconf 84' lang='lat' dir='ltr'><strong>Et</strong></span> <span class='ocrx_word' id='word_1_317' title='bbox 2799 1855 3272 1925; x_wconf 81' lang='lat' dir='ltr'><strong>quemadmodum</strong></span> <span class='ocrx_word' id='word_1_318' title='bbox 3303 1870 3428 1924; x_wconf 87' lang='lat' dir='ltr'><strong>per-</strong></span> 
     </span>
    </p>
   </div>
   <div class='ocr_carea' id='block_1_44' title="bbox 1836 1944 3427 2016">
    <p class='ocr_par' dir='ltr' id='par_1_44' title="bbox 1836 1944 3427 2016">
     <span class='ocr_line' id='line_1_44' title="bbox 1836 1944 3427 2016; baseline 0.002 -18"><span class='ocrx_word' id='word_1_319' title='bbox 1836 1944 2043 2016; x_wconf 87' lang='lat' dir='ltr'><strong>jurium</strong></span> <span class='ocrx_word' id='word_1_320' title='bbox 2094 1944 2265 2000; x_wconf 88' lang='lat' dir='ltr'><strong>Deum</strong></span> <span class='ocrx_word' id='word_1_321' title='bbox 2309 1960 2377 2000; x_wconf 80' lang='lat' dir='ltr'><strong>ex</strong></span> <span class='ocrx_word' id='word_1_322' title='bbox 2423 1946 2604 2000; x_wconf 86' lang='lat' dir='ltr'><strong>anima</strong></span> <span class='ocrx_word' id='word_1_323' title='bbox 2653 1946 2820 2011; x_wconf 84' lang='lat' dir='ltr'><strong>delet,</strong></span> <span class='ocrx_word' id='word_1_324' title='bbox 2877 1947 2951 2001; x_wconf 87' lang='lat' dir='ltr'><strong>ita</strong></span> <span class='ocrx_word' id='word_1_325' title='bbox 3007 1947 3144 2016; x_wconf 85' lang='lat' dir='ltr'><strong>legis</strong></span> <span class='ocrx_word' id='word_1_326' title='bbox 3203 1946 3427 2002; x_wconf 90' lang='lat' dir='ltr'><strong>violatio</strong></span> 
     </span>
    </p>
   </div>
   <div class='ocr_carea' id='block_1_45' title="bbox 1844 2036 3424 2108">
    <p class='ocr_par' dir='ltr' id='par_1_45' title="bbox 1844 2036 3424 2108">
     <span class='ocr_line' id='line_1_45' title="bbox 1844 2036 3424 2108; baseline -0.002 -16"><span class='ocrx_word' id='word_1_327' title='bbox 1844 2037 2016 2092; x_wconf 85' lang='lat' dir='ltr'><strong>Deum</strong></span> <span class='ocrx_word' id='word_1_328' title='bbox 2047 2051 2117 2092; x_wconf 83' lang='lat' dir='ltr'><strong>ex</strong></span> <span class='ocrx_word' id='word_1_329' title='bbox 2152 2037 2243 2092; x_wconf 86' lang='lat' dir='ltr'><strong>illa</strong></span> <span class='ocrx_word' id='word_1_330' title='bbox 2292 2037 2484 2107; x_wconf 82' lang='lat' dir='ltr'><strong>abigit.</strong></span> <span class='ocrx_word' id='word_1_331' title='bbox 2539 2036 2596 2092; x_wconf 88' lang='lat' dir='ltr'><strong>Si</strong></span> <span class='ocrx_word' id='word_1_332' title='bbox 2648 2052 2780 2108; x_wconf 88' lang='lat' dir='ltr'><strong>ergo</strong></span> <span class='ocrx_word' id='word_1_333' title='bbox 2811 2045 2992 2092; x_wconf 84' lang='lat' dir='ltr'><strong>stante</strong></span> <span class='ocrx_word' id='word_1_334' title='bbox 3025 2037 3163 2104; x_wconf 79' lang='lat' dir='ltr'><strong>iege,</strong></span> <span class='ocrx_word' id='word_1_335' title='bbox 3199 2045 3424 2106; x_wconf 82' lang='lat' dir='ltr'><strong>peccata</strong></span> 
     </span>
    </p>
   </div>
   <div class='ocr_carea' id='block_1_46' title="bbox 1843 2125 3426 2198">
    <p class='ocr_par' dir='ltr' id='par_1_46' title="bbox 1843 2125 3426 2198">
     <span class='ocr_line' id='line_1_46' title="bbox 1843 2125 3426 2198; baseline -0.003 -14"><span class='ocrx_word' id='word_1_336' title='bbox 1843 2143 1940 2184; x_wconf 83' lang='lat' dir='ltr'><strong>sua</strong></span> <span class='ocrx_word' id='word_1_337' title='bbox 1964 2129 2215 2184; x_wconf 74' lang='lat' dir='ltr'><strong>conﬁteri</strong></span> <span class='ocrx_word' id='word_1_338' title='bbox 2247 2128 2542 2197; x_wconf 87' lang='lat' dir='ltr'><strong>noluerint,</strong></span> <span class='ocrx_word' id='word_1_339' title='bbox 2577 2137 2725 2183; x_wconf 89' lang='lat' dir='ltr'><strong>metu</strong></span> <span class='ocrx_word' id='word_1_340' title='bbox 2766 2145 2831 2185; x_wconf 86' lang='lat' dir='ltr'><strong>ac</strong></span> <span class='ocrx_word' id='word_1_341' title='bbox 2876 2130 3084 2198; x_wconf 86' lang='lat' dir='ltr'><strong>pudore</strong></span> <span class='ocrx_word' id='word_1_342' title='bbox 3115 2125 3426 2191; x_wconf 78' lang='lat' dir='ltr'><strong>hominum,</strong></span> 
     </span>
    </p>
   </div>
   <div class='ocr_carea' id='block_1_47' title="bbox 1843 2220 3424 2278">
    <p class='ocr_par' dir='ltr' id='par_1_47' title="bbox 1843 2220 3424 2278">
     <span class='ocr_line' id='line_1_47' title="bbox 1843 2220 3424 2278; baseline 0 -2"><span class='ocrx_word' id='word_1_343' title='bbox 1843 2220 2144 2276; x_wconf 82' lang='lat' dir='ltr'><strong>exitialiter</strong></span> <span class='ocrx_word' id='word_1_344' title='bbox 2194 2222 2601 2278; x_wconf 89' lang='lat' dir='ltr'><strong>subvertentur.</strong></span> <span class='ocrx_word' id='word_1_345' title='bbox 2637 2223 2728 2276; x_wconf 80' lang='lat' dir='ltr'><strong>Sic</strong></span> <span class='ocrx_word' id='word_1_346' title='bbox 2792 2222 2870 2276; x_wconf 88' lang='lat' dir='ltr'><strong>ait</strong></span> <span class='ocrx_word' id='word_1_347' title='bbox 2921 2231 2977 2276; x_wconf 89' lang='lat' dir='ltr'><strong>et</strong></span> <span class='ocrx_word' id='word_1_348' title='bbox 3013 2221 3217 2276; x_wconf 84' lang='lat' dir='ltr'><strong>David:</strong></span> <span class='ocrx_word' id='word_1_349' title='bbox 3244 2220 3370 2274; x_wconf 76' lang='lat' dir='ltr'><strong>Dixi</strong></span> <span class='ocrx_word' id='word_1_350' title='bbox 3402 2237 3424 2276; x_wconf 90' lang='lat'><strong><em>:</em></strong></span> 
     </span>
    </p>
   </div>
   <div class='ocr_carea' id='block_1_48' title="bbox 1845 2312 3424 2384">
    <p class='ocr_par' dir='ltr' id='par_1_48' title="bbox 1845 2312 3424 2384">
     <span class='ocr_line' id='line_1_48' title="bbox 1845 2312 3424 2384; baseline -0.001 -16"><span class='ocrx_word' id='word_1_351' title='bbox 1845 2313 2148 2383; x_wconf 76' lang='lat' dir='ltr'><strong>Couﬁtebor</strong></span> <span class='ocrx_word' id='word_1_352' title='bbox 2175 2315 2428 2368; x_wconf 80' lang='lat' dir='ltr'><strong>adversus</strong></span> <span class='ocrx_word' id='word_1_353' title='bbox 2456 2331 2538 2369; x_wconf 82' lang='lat' dir='ltr'><strong>me</strong></span> <span class='ocrx_word' id='word_1_354' title='bbox 2560 2314 2882 2384; x_wconf 79' lang='lat' dir='ltr'><strong>injustitiam</strong></span> <span class='ocrx_word' id='word_1_355' title='bbox 2909 2330 3079 2367; x_wconf 79' lang='lat' dir='ltr'><strong>meum</strong></span> <span class='ocrx_word' id='word_1_356' title='bbox 3103 2312 3347 2380; x_wconf 79' lang='lat' dir='ltr'><strong>Domino,</strong></span> <span class='ocrx_word' id='word_1_357' title='bbox 3375 2321 3424 2366; x_wconf 85' lang='lat' dir='ltr'><strong>et</strong></span> 
     </span>
    </p>
   </div>
   <div class='ocr_carea' id='block_1_49' title="bbox 1844 2403 3424 2476">
    <p class='ocr_par' dir='ltr' id='par_1_49' title="bbox 1844 2403 3424 2476">
     <span class='ocr_line' id='line_1_49' title="bbox 1844 2403 3424 2476; baseline -0.003 -16"><span class='ocrx_word' id='word_1_358' title='bbox 1844 2417 1903 2461; x_wconf 89' lang='lat' dir='ltr'><strong>tu</strong></span> <span class='ocrx_word' id='word_1_359' title='bbox 1941 2408 2190 2462; x_wconf 70' lang='lat' dir='ltr'><strong>remisisti</strong></span> <span class='ocrx_word' id='word_1_360' title='bbox 2239 2408 2563 2476; x_wconf 78' lang='lat' dir='ltr'><strong>impietatem</strong></span> <span class='ocrx_word' id='word_1_361' title='bbox 2619 2407 2797 2462; x_wconf 80' lang='lat' dir='ltr'><strong>cordia</strong></span> <span class='ocrx_word' id='word_1_362' title='bbox 2861 2406 3054 2460; x_wconf 76' lang='lat' dir='ltr'><strong>mei&quot;.</strong></span> <span class='ocrx_word' id='word_1_363' title='bbox 3095 2404 3198 2459; x_wconf 83' lang='lat' dir='ltr'><strong>Et:</strong></span> <span class='ocrx_word' id='word_1_364' title='bbox 3231 2403 3326 2458; x_wconf 86' lang='lat' dir='ltr'><strong>Dic</strong></span> <span class='ocrx_word' id='word_1_365' title='bbox 3365 2415 3424 2456; x_wconf 83' lang='grc' dir='ltr'><strong>ιιι</strong></span> 
     </span>
    </p>
   </div>
   <div class='ocr_carea' id='block_1_50' title="bbox 1844 2497 3422 2571">
    <p class='ocr_par' dir='ltr' id='par_1_50' title="bbox 1844 2497 3422 2571">
     <span class='ocr_line' id='line_1_50' title="bbox 1844 2497 3422 2571; baseline 0 -20"><span class='ocrx_word' id='word_1_366' title='bbox 1844 2501 1990 2569; x_wconf 85' lang='lat' dir='ltr'><strong>prior</strong></span> <span class='ocrx_word' id='word_1_367' title='bbox 2022 2509 2237 2570; x_wconf 86' lang='lat' dir='ltr'><strong>peccata</strong></span> <span class='ocrx_word' id='word_1_368' title='bbox 2280 2507 2395 2564; x_wconf 87' lang='lat' dir='ltr'><strong>tua,</strong></span> <span class='ocrx_word' id='word_1_369' title='bbox 2438 2510 2496 2554; x_wconf 88' lang='lat' dir='ltr'><strong>ut</strong></span> <span class='ocrx_word' id='word_1_370' title='bbox 2535 2499 2934 2571; x_wconf 74' lang='lat' dir='ltr'><strong>justiﬁeeris”.</strong></span> <span class='ocrx_word' id='word_1_371' title='bbox 2986 2497 3120 2554; x_wconf 90' lang='lat' dir='ltr'><strong>Item</strong></span> <span class='ocrx_word' id='word_1_372' title='bbox 3163 2497 3422 2552; x_wconf 84' lang='lat' dir='ltr'><strong>Salomon</strong></span> 
     </span>
    </p>
   </div>
   <div class='ocr_carea' id='block_1_51' title="bbox 1845 2589 3421 2662">
    <p class='ocr_par' dir='ltr' id='par_1_51' title="bbox 1845 2589 3421 2662">
     <span class='ocr_line' id='line_1_51' title="bbox 1845 2589 3421 2662; baseline -0.002 -18"><span class='ocrx_word' id='word_1_373' title='bbox 1845 2589 1958 2644; x_wconf 88' lang='lat' dir='ltr'><strong>ait:</strong></span> <span class='ocrx_word' id='word_1_374' title='bbox 1982 2589 2087 2655; x_wconf 86' lang='lat' dir='ltr'><strong>Qui</strong></span> <span class='ocrx_word' id='word_1_375' title='bbox 2115 2593 2281 2656; x_wconf 84' lang='lat' dir='ltr'><strong>operit</strong></span> <span class='ocrx_word' id='word_1_376' title='bbox 2303 2592 2634 2662; x_wconf 75' lang='lat' dir='ltr'><strong>iniquitatem</strong></span> <span class='ocrx_word' id='word_1_377' title='bbox 2659 2606 2832 2658; x_wconf 84' lang='lat' dir='ltr'><strong>suam,</strong></span> <span class='ocrx_word' id='word_1_378' title='bbox 2859 2606 2964 2644; x_wconf 82' lang='lat' dir='ltr'><strong>non</strong></span> <span class='ocrx_word' id='word_1_379' title='bbox 2986 2589 3421 2659; x_wconf 79' lang='lat' dir='ltr'><strong>proaperabitur;</strong></span> 
     </span>
    </p>
   </div>
   <div class='ocr_carea' id='block_1_52' title="bbox 1843 2681 3256 2752">
    <p class='ocr_par' dir='ltr' id='par_1_52' title="bbox 1843 2681 3256 2752">
     <span class='ocr_line' id='line_1_52' title="bbox 1843 2681 3256 2752; baseline -0.001 -16"><span class='ocrx_word' id='word_1_380' title='bbox 1843 2682 1934 2752; x_wconf 82' lang='lat' dir='ltr'><strong>qui</strong></span> <span class='ocrx_word' id='word_1_381' title='bbox 1963 2692 2139 2736; x_wconf 80' lang='lat' dir='ltr'><strong>autem</strong></span> <span class='ocrx_word' id='word_1_382' title='bbox 2164 2691 2382 2738; x_wconf 81' lang='lat' dir='ltr'><strong>enarrat</strong></span> <span class='ocrx_word' id='word_1_383' title='bbox 2408 2691 2458 2738; x_wconf 80' lang='lat' dir='ltr'><strong>et</strong></span> <span class='ocrx_word' id='word_1_384' title='bbox 2491 2683 2781 2751; x_wconf 72' lang='lat' dir='ltr'><strong>vituperat,</strong></span> <span class='ocrx_word' id='word_1_385' title='bbox 2810 2682 2898 2736; x_wconf 76' lang='lat' dir='ltr'><strong>hic</strong></span> <span class='ocrx_word' id='word_1_386' title='bbox 2925 2681 3256 2750; x_wconf 77' lang='lat' dir='ltr'><strong>diligetur&quot;.</strong></span> 
     </span>
    </p>
   </div>
   <div class='ocr_carea' id='block_1_53' title="bbox 410 2777 3425 2849">
    <p class='ocr_par' dir='ltr' id='par_1_53' title="bbox 410 2777 3425 2849">
     <span class='ocr_line' id='line_1_53' title="bbox 410 2777 3425 2849; baseline -0.001 -15"><span class='ocrx_word' id='word_1_387' title='bbox 410 2781 476 2834; x_wconf 90' lang='lat'><strong>&#39;0</strong></span> <span class='ocrx_word' id='word_1_388' title='bbox 538 2780 961 2836; x_wconf 69' lang='grc' dir='ltr'><strong>ἐπικαλύπτων</strong></span> <span class='ocrx_word' id='word_1_389' title='bbox 1011 2780 1294 2835; x_wconf 78' lang='grc' dir='ltr'>ἀσέϐειαν</span> <span class='ocrx_word' id='word_1_390' title='bbox 1358 2778 1545 2833; x_wconf 84' lang='grc' dir='ltr'>αὑτοῦ</span> <span class='ocrx_word' id='word_1_391' title='bbox 1568 2821 1584 2847; x_wconf 93' lang='grc'><strong>,</strong></span> <span class='ocrx_word' id='word_1_392' title='bbox 1653 2779 1765 2833; x_wconf 84' lang='grc' dir='ltr'>οὐκ</span> <span class='ocrx_word' id='word_1_393' title='bbox 1815 2777 2256 2847; x_wconf 81' lang='grc' dir='ltr'>εὐοδωθήσεται</span> <span class='ocrx_word' id='word_1_394' title='bbox 2280 2796 2295 2812; x_wconf 89' lang='grc'><strong>·</strong></span> <span class='ocrx_word' id='word_1_395' title='bbox 2353 2782 2387 2834; x_wconf 82' lang='grc' dir='ltr'><strong><em>ὁ</em></strong></span> <span class='ocrx_word' id='word_1_396' title='bbox 2445 2778 2515 2833; x_wconf 81' lang='grc' dir='ltr'>δὲ</span> <span class='ocrx_word' id='word_1_397' title='bbox 2566 2778 2968 2849; x_wconf 72' lang='grc' dir='ltr'><strong>ἐξηγούμενος</strong></span> <span class='ocrx_word' id='word_1_398' title='bbox 3016 2777 3114 2832; x_wconf 75' lang='grc' dir='ltr'>καὶ</span> <span class='ocrx_word' id='word_1_399' title='bbox 3157 2777 3425 2846; x_wconf 69' lang='grc' dir='ltr'>ἐλέγχων</span> 
     </span>
    </p>
   </div>
   <div class='ocr_carea' id='block_1_54' title="bbox 211 2957 1735 3036">
    <p class='ocr_par' dir='ltr' id='par_1_54' title="bbox 211 2961 1734 3036">
     <span class='ocr_line' id='line_1_54' title="bbox 211 2961 1734 3036; baseline 0 -20"><span class='ocrx_word' id='word_1_400' title='bbox 211 2965 372 3016; x_wconf 86' lang='grc' dir='ltr'>Ὅσοι</span> <span class='ocrx_word' id='word_1_401' title='bbox 397 2961 772 3034; x_wconf 78' lang='grc' dir='ltr'>κατορθοῦμεν</span> <span class='ocrx_word' id='word_1_402' title='bbox 798 2961 898 3026; x_wconf 83' lang='grc' dir='ltr'>τὰς</span> <span class='ocrx_word' id='word_1_403' title='bbox 929 2961 1170 3027; x_wconf 77' lang='grc' dir='ltr'>ἐντολὰς,</span> <span class='ocrx_word' id='word_1_404' title='bbox 1204 2961 1582 3036; x_wconf 83' lang='grc' dir='ltr'>θεραπεύομεν</span> <span class='ocrx_word' id='word_1_405' title='bbox 1607 2963 1734 3026; x_wconf 80' lang='grc' dir='ltr'>τοὺς</span> 
     </span>
    </p>
   </div>
   <div class='ocr_carea' id='block_1_55' title="bbox 1851 2957 3422 3036">
    <p class='ocr_par' dir='ltr' id='par_1_55' title="bbox 1908 2957 3422 3031">
     <span class='ocr_line' id='line_1_55' title="bbox 1908 2957 3422 3031; baseline 0.003 -19"><span class='ocrx_word' id='word_1_406' title='bbox 1908 2959 1954 2992; x_wconf 76' lang='grc' dir='ltr'>θ’</span> <span class='ocrx_word' id='word_1_407' title='bbox 1981 2957 2302 3028; x_wconf 81' lang='lat' dir='ltr'><strong>Quicunque</strong></span> <span class='ocrx_word' id='word_1_408' title='bbox 2339 2957 2595 3013; x_wconf 83' lang='lat' dir='ltr'><strong>mandata</strong></span> <span class='ocrx_word' id='word_1_409' title='bbox 2633 2957 2730 3014; x_wconf 85' lang='lat' dir='ltr'><strong>Dei</strong></span> <span class='ocrx_word' id='word_1_410' title='bbox 2777 2959 3154 3024; x_wconf 80' lang='lat' dir='ltr'><strong>observamus,</strong></span> <span class='ocrx_word' id='word_1_411' title='bbox 3199 2959 3422 3031; x_wconf 79' lang='lat' dir='ltr'><strong>angelos</strong></span> 
     </span>
    </p>
   </div>
   <div class='ocr_carea' id='block_1_56' title="bbox 148 3054 1737 3130">
    <p class='ocr_par' dir='ltr' id='par_1_56' title="bbox 148 3054 1737 3130">
     <span class='ocr_line' id='line_1_56' title="bbox 148 3054 1737 3130; baseline 0.002 -22"><span class='ocrx_word' id='word_1_412' title='bbox 148 3055 441 3125; x_wconf 77' lang='grc' dir='ltr'>ἀγγέλους·</span> <span class='ocrx_word' id='word_1_413' title='bbox 486 3055 642 3108; x_wconf 73' lang='grc' dir='ltr'>αὐτοὶ</span> <span class='ocrx_word' id='word_1_414' title='bbox 667 3054 777 3125; x_wconf 91' lang='grc' dir='ltr'><strong>γάρ</strong></span> <span class='ocrx_word' id='word_1_415' title='bbox 821 3055 961 3109; x_wconf 84' lang='grc' dir='ltr'>εἰσιν</span> <span class='ocrx_word' id='word_1_416' title='bbox 997 3056 1048 3108; x_wconf 77' lang='grc' dir='ltr'><strong>οἱ</strong></span> <span class='ocrx_word' id='word_1_417' title='bbox 1091 3055 1382 3127; x_wconf 82' lang='grc' dir='ltr'>ἡγούμενοι</span> <span class='ocrx_word' id='word_1_418' title='bbox 1411 3056 1572 3130; x_wconf 83' lang='grc' dir='ltr'>ἡμῶν</span> <span class='ocrx_word' id='word_1_419' title='bbox 1603 3055 1737 3127; x_wconf 65' lang='grc' dir='ltr'>(ἓὸ),</span> 
     </span>
    </p>
   </div>
   <div class='ocr_carea' id='block_1_57' title="bbox 1837 3048 3422 3122">
    <p class='ocr_par' dir='ltr' id='par_1_57' title="bbox 1837 3048 3422 3122">
     <span class='ocr_line' id='line_1_57' title="bbox 1837 3048 3422 3122; baseline 0 -15"><span class='ocrx_word' id='word_1_420' title='bbox 1837 3051 2206 3107; x_wconf 88' lang='lat' dir='ltr'><strong>demeremur.</strong></span> <span class='ocrx_word' id='word_1_421' title='bbox 2255 3048 2363 3120; x_wconf 91' lang='lat' dir='ltr'><strong>Ipsi</strong></span> <span class='ocrx_word' id='word_1_422' title='bbox 2411 3049 2576 3104; x_wconf 88' lang='lat' dir='ltr'><strong>duces</strong></span> <span class='ocrx_word' id='word_1_423' title='bbox 2621 3051 2797 3106; x_wconf 83' lang='lat' dir='ltr'><strong>nostri</strong></span> <span class='ocrx_word' id='word_1_424' title='bbox 2861 3060 3011 3118; x_wconf 87' lang='lat' dir='ltr'><strong>sunt,</strong></span> <span class='ocrx_word' id='word_1_425' title='bbox 3067 3061 3318 3122; x_wconf 87' lang='lat' dir='ltr'><strong>suscepta</strong></span> <span class='ocrx_word' id='word_1_426' title='bbox 3353 3053 3422 3108; x_wconf 87' lang='lat' dir='ltr'><strong>ab</strong></span> 
     </span>
    </p>
   </div>
   <div class='ocr_carea' id='block_1_58' title="bbox 146 3141 1735 3218">
    <p class='ocr_par' dir='ltr' id='par_1_58' title="bbox 146 3144 1735 3218">
     <span class='ocr_line' id='line_1_58' title="bbox 146 3144 1735 3218; baseline 0.001 -21"><span class='ocrx_word' id='word_1_427' title='bbox 146 3146 234 3198; x_wconf 82' lang='grc' dir='ltr'>ἀπ’</span> <span class='ocrx_word' id='word_1_428' title='bbox 256 3145 443 3218; x_wconf 77' lang='grc' dir='ltr'>ἀρχῆς</span> <span class='ocrx_word' id='word_1_429' title='bbox 474 3144 702 3200; x_wconf 74' lang='grc' dir='ltr'>λαϐόντε</span> <span class='ocrx_word' id='word_1_430' title='bbox 720 3161 748 3208; x_wconf 88' lang='grc' dir='ltr'><strong>ς</strong></span> <span class='ocrx_word' id='word_1_431' title='bbox 774 3146 940 3216; x_wconf 77' lang='grc' dir='ltr'>ἡμᾶς,</span> <span class='ocrx_word' id='word_1_432' title='bbox 973 3146 1062 3200; x_wconf 81' lang='grc' dir='ltr'><strong>ὅτε</strong></span> <span class='ocrx_word' id='word_1_433' title='bbox 1094 3146 1400 3218; x_wconf 79' lang='grc' dir='ltr'>διεμέριζεν</span> <span class='ocrx_word' id='word_1_434' title='bbox 1423 3149 1451 3200; x_wconf 91' lang='lat'><strong>6</strong></span> <span class='ocrx_word' id='word_1_435' title='bbox 1479 3145 1735 3215; x_wconf 73' lang='grc' dir='ltr'>’Υψιστος</span> 
     </span>
    </p>
   </div>
   <div class='ocr_carea' id='block_1_59' title="bbox 1851 3141 3422 3218">
    <p class='ocr_par' dir='ltr' id='par_1_59' title="bbox 1851 3141 3422 3214">
     <span class='ocr_line' id='line_1_59' title="bbox 1851 3141 3422 3214; baseline 0.002 -18"><span class='ocrx_word' id='word_1_436' title='bbox 1851 3142 1990 3198; x_wconf 78' lang='lat' dir='ltr'><strong>initio</strong></span> <span class='ocrx_word' id='word_1_437' title='bbox 2021 3141 2184 3197; x_wconf 87' lang='lat' dir='ltr'><strong>tutela</strong></span> <span class='ocrx_word' id='word_1_438' title='bbox 2221 3151 2430 3207; x_wconf 88' lang='lat' dir='ltr'><strong>nostra,</strong></span> <span class='ocrx_word' id='word_1_439' title='bbox 2469 3156 2594 3198; x_wconf 91' lang='lat' dir='ltr'><strong>cum</strong></span> <span class='ocrx_word' id='word_1_440' title='bbox 2629 3142 2910 3198; x_wconf 83' lang='lat' dir='ltr'><strong>dividebat</strong></span> <span class='ocrx_word' id='word_1_441' title='bbox 2943 3143 3261 3200; x_wconf 83' lang='lat' dir='ltr'><strong>Altissimus</strong></span> <span class='ocrx_word' id='word_1_442' title='bbox 3292 3159 3422 3214; x_wconf 87' lang='lat' dir='ltr'><strong>gen-</strong></span> 
     </span>
    </p>
   </div>
   <div class='ocr_carea' id='block_1_60' title="bbox 147 3232 1735 3310">
    <p class='ocr_par' dir='ltr' id='par_1_60' title="bbox 147 3237 1735 3310">
     <span class='ocr_line' id='line_1_60' title="bbox 147 3237 1735 3310; baseline 0.003 -22"><span class='ocrx_word' id='word_1_443' title='bbox 147 3238 262 3310; x_wconf 59' lang='grc' dir='ltr'>ἐθκνη</span> <span class='ocrx_word' id='word_1_444' title='bbox 287 3279 305 3303; x_wconf 93' lang='grc'><strong>,</strong></span> <span class='ocrx_word' id='word_1_445' title='bbox 341 3239 438 3292; x_wconf 77' lang='grc' dir='ltr'><strong>καὶ</strong></span> <span class='ocrx_word' id='word_1_446' title='bbox 468 3237 843 3308; x_wconf 79' lang='grc' dir='ltr'>ἐστησενὸρια</span> <span class='ocrx_word' id='word_1_447' title='bbox 870 3237 1038 3292; x_wconf 83' lang='grc' dir='ltr'>ἐθνῶν</span> <span class='ocrx_word' id='word_1_448' title='bbox 1063 3240 1206 3292; x_wconf 75' lang='grc' dir='ltr'>κατὰ</span> <span class='ocrx_word' id='word_1_449' title='bbox 1227 3238 1460 3310; x_wconf 85' lang='grc' dir='ltr'>ἀριθμὸν</span> <span class='ocrx_word' id='word_1_450' title='bbox 1487 3237 1735 3306; x_wconf 87' lang='grc' dir='ltr'>ἀγγέλων</span> 
     </span>
    </p>
   </div>
   <div class='ocr_carea' id='block_1_61' title="bbox 1851 3232 3421 3310">
    <p class='ocr_par' dir='ltr' id='par_1_61' title="bbox 1851 3232 3421 3304">
     <span class='ocr_line' id='line_1_61' title="bbox 1851 3232 3421 3304; baseline 0.001 -15"><span class='ocrx_word' id='word_1_451' title='bbox 1851 3249 1940 3299; x_wconf 85' lang='lat' dir='ltr'><strong>.es,</strong></span> <span class='ocrx_word' id='word_1_452' title='bbox 1971 3233 2348 3302; x_wconf 89' lang='lat' dir='ltr'><strong>statuebatque</strong></span> <span class='ocrx_word' id='word_1_453' title='bbox 2377 3233 2517 3288; x_wconf 78' lang='lat' dir='ltr'><strong>flues</strong></span> <span class='ocrx_word' id='word_1_454' title='bbox 2545 3232 2868 3304; x_wconf 86' lang='lat' dir='ltr'><strong>populorum</strong></span> <span class='ocrx_word' id='word_1_455' title='bbox 2899 3235 3199 3290; x_wconf 85' lang='lat' dir='ltr'><strong>secundum</strong></span> <span class='ocrx_word' id='word_1_456' title='bbox 3228 3249 3421 3290; x_wconf 88' lang='lat' dir='ltr'><strong>nume-</strong></span> 
     </span>
    </p>
   </div>
   <div class='ocr_carea' id='block_1_62' title="bbox 147 3322 1735 3402">
    <p class='ocr_par' dir='ltr' id='par_1_62' title="bbox 147 3328 1735 3402">
     <span class='ocr_line' id='line_1_62' title="bbox 147 3328 1735 3402; baseline -0.001 -20"><span class='ocrx_word' id='word_1_457' title='bbox 147 3330 302 3384; x_wconf 67' lang='grc' dir='ltr'>αὑτοῦ</span> <span class='ocrx_word' id='word_1_458' title='bbox 324 3347 343 3363; x_wconf 79' lang='grc'><em>’</em></span> <span class='ocrx_word' id='word_1_459' title='bbox 381 3331 442 3387; x_wconf 81' lang='grc' dir='ltr'>ἐν</span> <span class='ocrx_word' id='word_1_460' title='bbox 485 3330 543 3384; x_wconf 87' lang='grc' dir='ltr'><strong>δέ</strong></span> <span class='ocrx_word' id='word_1_461' title='bbox 582 3329 661 3401; x_wconf 83' lang='grc' dir='ltr'>τῷ</span> <span class='ocrx_word' id='word_1_462' title='bbox 702 3329 1026 3402; x_wconf 81' lang='grc' dir='ltr'>θεραπεύειν</span> <span class='ocrx_word' id='word_1_463' title='bbox 1059 3331 1205 3402; x_wconf 78' lang='grc' dir='ltr'>ἡμᾶς</span> <span class='ocrx_word' id='word_1_464' title='bbox 1243 3331 1370 3393; x_wconf 83' lang='grc' dir='ltr'>τοὺς</span> <span class='ocrx_word' id='word_1_465' title='bbox 1401 3328 1735 3400; x_wconf 82' lang='grc' dir='ltr'>ἡγουμένους</span> 
     </span>
    </p>
   </div>
   <div class='ocr_carea' id='block_1_63' title="bbox 1851 3322 3420 3402">
    <p class='ocr_par' dir='ltr' id='par_1_63' title="bbox 1851 3322 3420 3395">
     <span class='ocr_line' id='line_1_63' title="bbox 1851 3322 3420 3395; baseline 0.003 -17"><span class='ocrx_word' id='word_1_466' title='bbox 1851 3340 1955 3379; x_wconf 82' lang='lat' dir='ltr'><strong>mm</strong></span> <span class='ocrx_word' id='word_1_467' title='bbox 1988 3324 2301 3395; x_wconf 77' lang='lat' dir='ltr'><strong>angelorum</strong></span> <span class='ocrx_word' id='word_1_468' title='bbox 2353 3322 2470 3380; x_wconf 88' lang='lat' dir='ltr'><strong>Dei.</strong></span> <span class='ocrx_word' id='word_1_469' title='bbox 2507 3324 2621 3395; x_wconf 84' lang='lat' dir='ltr'><strong>Age</strong></span> <span class='ocrx_word' id='word_1_470' title='bbox 2677 3339 2810 3380; x_wconf 87' lang='lat' dir='ltr'><strong>vero</strong></span> <span class='ocrx_word' id='word_1_471' title='bbox 2861 3326 3200 3382; x_wconf 86' lang='lat' dir='ltr'><strong>demerendo</strong></span> <span class='ocrx_word' id='word_1_472' title='bbox 3254 3327 3420 3383; x_wconf 86' lang='lat' dir='ltr'><strong>duces</strong></span> 
     </span>
    </p>
   </div>
   <div class='ocr_carea' id='block_1_64' title="bbox 147 3415 1735 3491">
    <p class='ocr_par' dir='ltr' id='par_1_64' title="bbox 147 3417 1735 3491">
     <span class='ocr_line' id='line_1_64' title="bbox 147 3417 1735 3491; baseline -0.001 -18"><span class='ocrx_word' id='word_1_473' title='bbox 147 3417 294 3489; x_wconf 72' lang='grc' dir='ltr'>ἡμῶν</span> <span class='ocrx_word' id='word_1_474' title='bbox 347 3419 645 3488; x_wconf 79' lang='grc' dir='ltr'>ἀγγέλους,</span> <span class='ocrx_word' id='word_1_475' title='bbox 676 3421 734 3472; x_wconf 90' lang='grc' dir='ltr'><strong>ὲν</strong></span> <span class='ocrx_word' id='word_1_476' title='bbox 761 3419 842 3489; x_wconf 84' lang='grc' dir='ltr'>τῷ</span> <span class='ocrx_word' id='word_1_477' title='bbox 875 3419 1141 3491; x_wconf 84' lang='grc' dir='ltr'>θελήματι</span> <span class='ocrx_word' id='word_1_478' title='bbox 1171 3419 1265 3472; x_wconf 79' lang='grc' dir='ltr'>τοῦ</span> <span class='ocrx_word' id='word_1_479' title='bbox 1303 3419 1511 3490; x_wconf 84' lang='grc' dir='ltr'>Κυρίου</span> <span class='ocrx_word' id='word_1_480' title='bbox 1531 3457 1546 3484; x_wconf 92' lang='grc'><strong>,</strong></span> <span class='ocrx_word' id='word_1_481' title='bbox 1581 3420 1640 3472; x_wconf 91' lang='grc' dir='ltr'><strong>ἐν</strong></span> <span class='ocrx_word' id='word_1_482' title='bbox 1665 3422 1735 3490; x_wconf 78' lang='grc' dir='ltr'>τῇ</span> 
     </span>
    </p>
   </div>
   <div class='ocr_carea' id='block_1_65' title="bbox 1851 3415 3417 3491">
    <p class='ocr_par' dir='ltr' id='par_1_65' title="bbox 1851 3415 3417 3489">
     <span class='ocr_line' id='line_1_65' title="bbox 1851 3415 3417 3489; baseline 0.001 -19"><span class='ocrx_word' id='word_1_483' title='bbox 1851 3423 2052 3471; x_wconf 77' lang='lat' dir='ltr'><strong>tostros</strong></span> <span class='ocrx_word' id='word_1_484' title='bbox 2081 3415 2328 3486; x_wconf 86' lang='lat' dir='ltr'><strong>angelos,</strong></span> <span class='ocrx_word' id='word_1_485' title='bbox 2356 3416 2684 3485; x_wconf 89' lang='lat' dir='ltr'><strong>Dominique</strong></span> <span class='ocrx_word' id='word_1_486' title='bbox 2727 3416 3008 3473; x_wconf 79' lang='lat' dir='ltr'><strong>voluntate</strong></span> <span class='ocrx_word' id='word_1_487' title='bbox 3053 3418 3417 3489; x_wconf 88' lang='lat' dir='ltr'><strong>adimplenda,</strong></span> 
     </span>
    </p>
   </div>
   <div class='ocr_carea' id='block_1_66' title="bbox 146 3505 1735 3584">
    <p class='ocr_par' dir='ltr' id='par_1_66' title="bbox 146 3509 1735 3584">
     <span class='ocr_line' id='line_1_66' title="bbox 146 3509 1735 3584; baseline 0.001 -20"><span class='ocrx_word' id='word_1_488' title='bbox 146 3511 318 3580; x_wconf 77' lang='grc' dir='ltr'>κρίσει</span> <span class='ocrx_word' id='word_1_489' title='bbox 363 3510 575 3565; x_wconf 81' lang='grc' dir='ltr'>δίκαιον</span> <span class='ocrx_word' id='word_1_490' title='bbox 629 3509 860 3582; x_wconf 77' lang='grc' dir='ltr'>ὑπάρξει</span> <span class='ocrx_word' id='word_1_491' title='bbox 905 3513 1040 3582; x_wconf 78' lang='grc' dir='ltr'>ἡμῖν</span> <span class='ocrx_word' id='word_1_492' title='bbox 1092 3511 1244 3583; x_wconf 82' lang='grc' dir='ltr'>παρὰ</span> <span class='ocrx_word' id='word_1_493' title='bbox 1295 3511 1390 3565; x_wconf 81' lang='grc' dir='ltr'>τοῦ</span> <span class='ocrx_word' id='word_1_494' title='bbox 1425 3511 1634 3584; x_wconf 83' lang='grc' dir='ltr'>Κυρίου</span> <span class='ocrx_word' id='word_1_495' title='bbox 1679 3512 1735 3565; x_wconf 83' lang='grc' dir='ltr'>ἐν</span> 
     </span>
    </p>
   </div>
   <div class='ocr_carea' id='block_1_67' title="bbox 1851 3505 3418 3584">
    <p class='ocr_par' dir='ltr' id='par_1_67' title="bbox 1857 3507 3418 3582">
     <span class='ocr_line' id='line_1_67' title="bbox 1857 3507 3418 3582; baseline 0.003 -21"><span class='ocrx_word' id='word_1_496' title='bbox 1857 3517 2036 3563; x_wconf 88' lang='lat' dir='ltr'><strong>ustum</strong></span> <span class='ocrx_word' id='word_1_497' title='bbox 2052 3524 2082 3562; x_wconf 88' lang='lat' dir='ltr'><strong>a</strong></span> <span class='ocrx_word' id='word_1_498' title='bbox 2106 3507 2338 3563; x_wconf 90' lang='lat' dir='ltr'><strong>Domino</strong></span> <span class='ocrx_word' id='word_1_499' title='bbox 2351 3508 2632 3579; x_wconf 66' lang='lat' dir='ltr'><strong>praemium</strong></span> <span class='ocrx_word' id='word_1_500' title='bbox 2647 3509 2734 3564; x_wconf 86' lang='lat' dir='ltr'><strong>illa</strong></span> <span class='ocrx_word' id='word_1_501' title='bbox 2752 3510 2842 3566; x_wconf 89' lang='lat' dir='ltr'><strong>die</strong></span> <span class='ocrx_word' id='word_1_502' title='bbox 2859 3525 3280 3582; x_wconf 84' lang='lat' dir='ltr'><strong>consequemur,</strong></span> <span class='ocrx_word' id='word_1_503' title='bbox 3311 3527 3418 3582; x_wconf 85' lang='lat' dir='ltr'><strong>qua</strong></span> 
     </span>
    </p>
   </div>
   <div class='ocr_carea' id='block_1_68' title="bbox 145 3600 1735 3682">
    <p class='ocr_par' dir='ltr' id='par_1_68' title="bbox 145 3601 1735 3682">
     <span class='ocr_line' id='line_1_68' title="bbox 145 3601 1735 3682; baseline 0.001 -27"><span class='ocrx_word' id='word_1_504' title='bbox 145 3603 326 3676; x_wconf 80' lang='grc' dir='ltr'>ἐκείνῃ</span> <span class='ocrx_word' id='word_1_505' title='bbox 361 3604 437 3682; x_wconf 67' lang='grc' dir='ltr'>,τῇ</span> <span class='ocrx_word' id='word_1_506' title='bbox 472 3601 691 3674; x_wconf 72' lang='grc' dir='ltr'>ἡμέρᾳ,</span> <span class='ocrx_word' id='word_1_507' title='bbox 722 3604 813 3656; x_wconf 67' lang='grc' dir='ltr'>ἅτε</span> <span class='ocrx_word' id='word_1_508' title='bbox 848 3605 1026 3675; x_wconf 85' lang='grc' dir='ltr'>κρινεῖ</span> <span class='ocrx_word' id='word_1_509' title='bbox 1054 3603 1156 3674; x_wconf 75' lang='grc' dir='ltr'>τὴν</span> <span class='ocrx_word' id='word_1_510' title='bbox 1196 3604 1522 3675; x_wconf 79' lang='grc' dir='ltr'>οἰκουμένην</span> <span class='ocrx_word' id='word_1_511' title='bbox 1563 3605 1624 3656; x_wconf 85' lang='grc' dir='ltr'><strong>ἐν</strong></span> <span class='ocrx_word' id='word_1_512' title='bbox 1660 3603 1735 3657; x_wconf 85' lang='grc' dir='ltr'>δι-</span> 
     </span>
    </p>
   </div>
   <div class='ocr_carea' id='block_1_69' title="bbox 1851 3600 3420 3682">
    <p class='ocr_par' dir='ltr' id='par_1_69' title="bbox 1851 3600 3420 3676">
     <span class='ocr_line' id='line_1_69' title="bbox 1851 3600 3420 3676; baseline 0.003 -21"><span class='ocrx_word' id='word_1_513' title='bbox 1851 3601 2096 3656; x_wconf 83' lang='lat' dir='ltr'><strong>mundum</strong></span> <span class='ocrx_word' id='word_1_514' title='bbox 2173 3600 2438 3670; x_wconf 77' lang='lat' dir='ltr'><strong>iudicabit</strong></span> <span class='ocrx_word' id='word_1_515' title='bbox 2503 3618 2624 3658; x_wconf 87' lang='lat' dir='ltr'><strong>cum</strong></span> <span class='ocrx_word' id='word_1_516' title='bbox 2675 3603 2934 3672; x_wconf 75' lang='lat' dir='ltr'><strong>iustitia:</strong></span> <span class='ocrx_word' id='word_1_517' title='bbox 2977 3605 3420 3676; x_wconf 83' lang='lat' dir='ltr'><strong>quandoquidem</strong></span> 
     </span>
    </p>
   </div>
   <div class='ocr_carea' id='block_1_70' title="bbox 145 3693 1740 3767">
    <p class='ocr_par' dir='ltr' id='par_1_70' title="bbox 145 3693 1740 3767">
     <span class='ocr_line' id='line_1_70' title="bbox 145 3693 1740 3767; baseline 0.002 -20"><span class='ocrx_word' id='word_1_518' title='bbox 145 3711 407 3767; x_wconf 68' lang='grc' dir='ltr'>διαιοσυνῃ</span> <span class='ocrx_word' id='word_1_519' title='bbox 482 3693 538 3746; x_wconf 70' lang='lat' dir='ltr'><strong>ei</strong></span> <span class='ocrx_word' id='word_1_520' title='bbox 577 3711 643 3762; x_wconf 89' lang='grc' dir='ltr'><strong>γε</strong></span> <span class='ocrx_word' id='word_1_521' title='bbox 675 3697 852 3748; x_wconf 82' lang='grc' dir='ltr'>πᾶσαν</span> <span class='ocrx_word' id='word_1_522' title='bbox 887 3694 985 3766; x_wconf 78' lang='grc' dir='ltr'><strong>τὴν</strong></span> <span class='ocrx_word' id='word_1_523' title='bbox 1018 3693 1200 3764; x_wconf 79' lang='grc' dir='ltr'>κρίσιν</span> <span class='ocrx_word' id='word_1_524' title='bbox 1243 3695 1272 3747; x_wconf 94' lang='lat'><strong>6</strong></span> <span class='ocrx_word' id='word_1_525' title='bbox 1313 3694 1506 3766; x_wconf 80' lang='grc' dir='ltr'>Πατὴρ</span> <span class='ocrx_word' id='word_1_526' title='bbox 1537 3693 1740 3754; x_wconf 86' lang='grc' dir='ltr'>δέδωκε</span> 
     </span>
    </p>
   </div>
   <div class='ocr_carea' id='block_1_71' title="bbox 145 3783 386 3856">
    <p class='ocr_par' dir='ltr' id='par_1_71' title="bbox 145 3783 386 3856">
     <span class='ocr_line' id='line_1_71' title="bbox 145 3783 386 3856; baseline 0.012 -18"><span class='ocrx_word' id='word_1_527' title='bbox 145 3783 214 3854; x_wconf 80' lang='grc' dir='ltr'>τῷ</span> <span class='ocrx_word' id='word_1_528' title='bbox 244 3785 386 3856; x_wconf 61' lang='lat' dir='ltr'><strong>rio.</strong></span> 
     </span>
    </p>
   </div>
   <div class='ocr_carea' id='block_1_72' title="bbox 1835 3689 2921 3762">
    <p class='ocr_par' dir='ltr' id='par_1_72' title="bbox 1835 3689 2921 3762">
     <span class='ocr_line' id='line_1_72' title="bbox 1835 3689 2921 3762; baseline -0.002 -11"><span class='ocrx_word' id='word_1_529' title='bbox 1835 3706 1998 3754; x_wconf 89' lang='lat' dir='ltr'><strong>omne</strong></span> <span class='ocrx_word' id='word_1_530' title='bbox 2021 3690 2290 3762; x_wconf 83' lang='lat' dir='ltr'><strong>judicium</strong></span> <span class='ocrx_word' id='word_1_531' title='bbox 2313 3689 2474 3748; x_wconf 87' lang='lat' dir='ltr'><strong>Pater</strong></span> <span class='ocrx_word' id='word_1_532' title='bbox 2501 3692 2644 3749; x_wconf 87' lang='lat' dir='ltr'><strong>Filio</strong></span> <span class='ocrx_word' id='word_1_533' title='bbox 2675 3693 2921 3750; x_wconf 84' lang='lat' dir='ltr'><strong>tradidit.</strong></span> 
     </span>
    </p>
   </div>
   <div class='ocr_carea' id='block_1_73' title="bbox 1589 3873 1979 3933">
    <p class='ocr_par' dir='ltr' id='par_1_73' title="bbox 1589 3873 1979 3933">
     <span class='ocr_line' id='line_1_73' title="bbox 1589 3873 1979 3933; baseline -0.015 0"><span class='ocrx_word' id='word_1_534' title='bbox 1589 3875 1745 3933; x_wconf 83' lang='lat' dir='ltr'><strong>CAP.</strong></span> <span class='ocrx_word' id='word_1_535' title='bbox 1783 3873 1979 3932; x_wconf 80' lang='lat' dir='ltr'><strong>XXXI.</strong></span> 
     </span>
    </p>
   </div>
   <div class='ocr_carea' id='block_1_74' title="bbox 219 3967 1732 4044">
    <p class='ocr_par' dir='ltr' id='par_1_74' title="bbox 219 3967 1732 4044">
     <span class='ocr_line' id='line_1_74' title="bbox 219 3967 1732 4044; baseline -0.001 -21"><span class='ocrx_word' id='word_1_536' title='bbox 219 3969 472 4042; x_wconf 79' lang='grc' dir='ltr'>Ἀνδρεία</span> <span class='ocrx_word' id='word_1_537' title='bbox 517 3969 666 4023; x_wconf 76' lang='grc' dir='ltr'>ἐστὶν</span> <span class='ocrx_word' id='word_1_538' title='bbox 704 3969 817 4037; x_wconf 72' lang='grc' dir='ltr'>ἕξις</span> <span class='ocrx_word' id='word_1_539' title='bbox 848 3970 1044 4044; x_wconf 79' lang='grc' dir='ltr'>ἀρίστη</span> <span class='ocrx_word' id='word_1_540' title='bbox 1075 3970 1302 4041; x_wconf 80' lang='grc' dir='ltr'>λογικῆς</span> <span class='ocrx_word' id='word_1_541' title='bbox 1343 3968 1554 4041; x_wconf 77' lang='grc' dir='ltr'>ψυχῆς,</span> <span class='ocrx_word' id='word_1_542' title='bbox 1607 3967 1732 4023; x_wconf 86' lang='grc' dir='ltr'>καθ’</span> 
     </span>
    </p>
   </div>
   <div class='ocr_carea' id='block_1_75' title="bbox 144 4061 1566 4136">
    <p class='ocr_par' dir='ltr' id='par_1_75' title="bbox 144 4061 1566 4136">
     <span class='ocr_line' id='line_1_75' title="bbox 144 4061 1566 4136; baseline -0.002 -19"><span class='ocrx_word' id='word_1_543' title='bbox 144 4062 205 4134; x_wconf 68' lang='grc' dir='ltr'><strong>ἦν</strong></span> <span class='ocrx_word' id='word_1_544' title='bbox 229 4063 340 4117; x_wconf 81' lang='grc' dir='ltr'><strong>τῶν</strong></span> <span class='ocrx_word' id='word_1_545' title='bbox 369 4063 768 4134; x_wconf 79' lang='grc' dir='ltr'>ἀντικειμένων</span> <span class='ocrx_word' id='word_1_546' title='bbox 795 4063 932 4134; x_wconf 73' lang='grc' dir='ltr'>αὕτη</span> <span class='ocrx_word' id='word_1_547' title='bbox 961 4063 1303 4136; x_wconf 78' lang='grc' dir='ltr'>κεκράτηκεν</span> <span class='ocrx_word' id='word_1_548' title='bbox 1335 4061 1566 4134; x_wconf 83' lang='grc' dir='ltr'>ἐχθρῶν.</span> 
     </span>
    </p>
   </div>
   <div class='ocr_carea' id='block_1_76' title="bbox 204 4152 1732 4228">
    <p class='ocr_par' dir='ltr' id='par_1_76' title="bbox 204 4152 1732 4228">
     <span class='ocr_line' id='line_1_76' title="bbox 204 4152 1732 4228; baseline -0.001 -20"><span class='ocrx_word' id='word_1_549' title='bbox 204 4157 554 4228; x_wconf 81' lang='grc' dir='ltr'>Νικήσαντες</span> <span class='ocrx_word' id='word_1_550' title='bbox 579 4156 678 4226; x_wconf 81' lang='grc' dir='ltr'>τὴν</span> <span class='ocrx_word' id='word_1_551' title='bbox 703 4156 1089 4226; x_wconf 83' lang='grc' dir='ltr'>’ἀντικειμένην</span> <span class='ocrx_word' id='word_1_552' title='bbox 1117 4154 1368 4226; x_wconf 84' lang='grc' dir='ltr'>δύναμιν,</span> <span class='ocrx_word' id='word_1_553' title='bbox 1400 4152 1732 4224; x_wconf 85' lang='grc' dir='ltr'>σκυλεύομεν</span> 
     </span>
    </p>
   </div>
   <div class='ocr_carea' id='block_1_77' title="bbox 143 4243 1733 4320">
    <p class='ocr_par' dir='ltr' id='par_1_77' title="bbox 143 4243 1733 4320">
     <span class='ocr_line' id='line_1_77' title="bbox 143 4243 1733 4320; baseline -0.003 -20"><span class='ocrx_word' id='word_1_554' title='bbox 143 4247 328 4319; x_wconf 69' lang='grc' dir='ltr'>αὐτὴν,</span> <span class='ocrx_word' id='word_1_555' title='bbox 369 4248 498 4311; x_wconf 73' lang='grc' dir='ltr'>τοὺς</span> <span class='ocrx_word' id='word_1_556' title='bbox 531 4247 662 4320; x_wconf 77' lang='grc' dir='ltr'>περὶ</span> <span class='ocrx_word' id='word_1_557' title='bbox 693 4248 866 4318; x_wconf 80' lang='grc' dir='ltr'>αὐτῆς</span> <span class='ocrx_word' id='word_1_558' title='bbox 894 4248 1090 4316; x_wconf 83' lang='grc' dir='ltr'>λόγους</span> <span class='ocrx_word' id='word_1_559' title='bbox 1118 4247 1480 4319; x_wconf 83' lang='grc' dir='ltr'>μανθάνοντες</span> <span class='ocrx_word' id='word_1_560' title='bbox 1503 4262 1517 4276; x_wconf 83' lang='grc'>·</span> <span class='ocrx_word' id='word_1_561' title='bbox 1551 4245 1638 4297; x_wconf 78' lang='grc' dir='ltr'><strong>ἵνα</strong></span> <span class='ocrx_word' id='word_1_562' title='bbox 1663 4243 1733 4297; x_wconf 81' lang='grc' dir='ltr'>τὰ</span> 
     </span>
    </p>
   </div>
   <div class='ocr_carea' id='block_1_78' title="bbox 141 4322 1734 4410">
    <p class='ocr_par' dir='ltr' id='par_1_78' title="bbox 141 4322 1734 4410">
     <span class='ocr_line' id='line_1_78' title="bbox 141 4322 1734 4410; baseline 0 -20"><span class='ocrx_word' id='word_1_563' title='bbox 141 4341 260 4391; x_wconf 79' lang='grc' dir='ltr'>κατ’</span> <span class='ocrx_word' id='word_1_564' title='bbox 289 4339 468 4394; x_wconf 68' lang='grc' dir='ltr'>αὐτὴν</span> <span class='ocrx_word' id='word_1_565' title='bbox 497 4339 677 4410; x_wconf 82' lang='grc' dir='ltr'>φαῦλα</span> <span class='ocrx_word' id='word_1_566' title='bbox 704 4339 839 4410; x_wconf 84' lang='grc' dir='ltr'>δῆλα</span> <span class='ocrx_word' id='word_1_567' title='bbox 862 4322 1186 4410; x_wconf 78' lang='grc' dir='ltr'>ποιήσαντες</span> <span class='ocrx_word' id='word_1_568' title='bbox 1207 4379 1222 4404; x_wconf 93' lang='grc'><strong>,</strong></span> <span class='ocrx_word' id='word_1_569' title='bbox 1255 4338 1606 4406; x_wconf 84' lang='grc' dir='ltr'>ἀπαγίδευτοι</span> <span class='ocrx_word' id='word_1_570' title='bbox 1635 4337 1734 4410; x_wconf 82' lang='grc' dir='ltr'>μέ-</span> 
     </span>
    </p>
   </div>
   <div class='ocr_carea' id='block_1_79' title="bbox 146 4429 1734 4504">
    <p class='ocr_par' dir='ltr' id='par_1_79' title="bbox 146 4429 1734 4504">
     <span class='ocr_line' id='line_1_79' title="bbox 146 4429 1734 4504; baseline -0.001 -21"><span class='ocrx_word' id='word_1_571' title='bbox 146 4448 296 4495; x_wconf 85' lang='grc' dir='ltr'>νωσι,</span> <span class='ocrx_word' id='word_1_572' title='bbox 332 4437 409 4504; x_wconf 78' lang='grc' dir='ltr'>μή</span> <span class='ocrx_word' id='word_1_573' title='bbox 437 4435 597 4504; x_wconf 87' lang='grc' dir='ltr'>μόνον</span> <span class='ocrx_word' id='word_1_574' title='bbox 621 4434 670 4485; x_wconf 85' lang='lat' dir='ltr'><strong>oi</strong></span> <span class='ocrx_word' id='word_1_575' title='bbox 694 4431 1073 4503; x_wconf 82' lang='grc' dir='ltr'>ἀπλούστεροι,</span> <span class='ocrx_word' id='word_1_576' title='bbox 1105 4429 1239 4484; x_wconf 85' lang='grc' dir='ltr'><strong>ἀλλά</strong></span> <span class='ocrx_word' id='word_1_577' title='bbox 1264 4429 1355 4483; x_wconf 77' lang='grc' dir='ltr'><strong>καὶ</strong></span> <span class='ocrx_word' id='word_1_578' title='bbox 1379 4431 1428 4482; x_wconf 78' lang='grc' dir='ltr'>οἱ</span> <span class='ocrx_word' id='word_1_579' title='bbox 1457 4429 1734 4499; x_wconf 81' lang='grc' dir='ltr'>συλλαγω-</span> 
     </span>
    </p>
   </div>
   <div class='ocr_carea' id='block_1_80' title="bbox 142 4521 1345 4596">
    <p class='ocr_par' dir='ltr' id='par_1_80' title="bbox 142 4521 1345 4596">
     <span class='ocr_line' id='line_1_80' title="bbox 142 4521 1345 4596; baseline -0.002 -20"><span class='ocrx_word' id='word_1_580' title='bbox 142 4524 404 4594; x_wconf 76' lang='grc' dir='ltr'>γηθέντες</span> <span class='ocrx_word' id='word_1_581' title='bbox 439 4523 634 4596; x_wconf 72' lang='grc' dir='ltr'>ῥᾳδίως</span> <span class='ocrx_word' id='word_1_582' title='bbox 669 4523 1009 4592; x_wconf 80' lang='grc' dir='ltr'>ἐκφεύγωσιν</span> <span class='ocrx_word' id='word_1_583' title='bbox 1035 4523 1132 4575; x_wconf 80' lang='grc' dir='ltr'>ἀπ’</span> <span class='ocrx_word' id='word_1_584' title='bbox 1154 4521 1345 4592; x_wconf 81' lang='grc' dir='ltr'>αὐτῆς.</span> 
     </span>
    </p>
   </div>
   <div class='ocr_carea' id='block_1_81' title="bbox 206 4611 1736 4686">
    <p class='ocr_par' dir='ltr' id='par_1_81' title="bbox 206 4611 1736 4686">
     <span class='ocr_line' id='line_1_81' title="bbox 206 4611 1736 4686; baseline 0 -19"><span class='ocrx_word' id='word_1_585' title='bbox 206 4613 503 4686; x_wconf 69' lang='grc' dir='ltr'>Μηρύεται</span> <span class='ocrx_word' id='word_1_586' title='bbox 527 4614 589 4667; x_wconf 85' lang='grc' dir='ltr'><strong>τὸ</strong></span> <span class='ocrx_word' id='word_1_587' title='bbox 612 4613 758 4686; x_wconf 80' lang='grc' dir='ltr'>ἔριον</span> <span class='ocrx_word' id='word_1_588' title='bbox 778 4615 878 4667; x_wconf 74' lang='grc' dir='ltr'><strong>καὶ</strong></span> <span class='ocrx_word' id='word_1_589' title='bbox 897 4611 1040 4667; x_wconf 90' lang='grc' dir='ltr'>λίνον</span> <span class='ocrx_word' id='word_1_590' title='bbox 1066 4612 1232 4684; x_wconf 77' lang='grc' dir='ltr'>ψυχὴ,</span> <span class='ocrx_word' id='word_1_591' title='bbox 1259 4614 1386 4677; x_wconf 83' lang='grc' dir='ltr'>τοὺς</span> <span class='ocrx_word' id='word_1_592' title='bbox 1407 4612 1535 4682; x_wconf 78' lang='grc' dir='ltr'>περὶ</span> <span class='ocrx_word' id='word_1_593' title='bbox 1560 4613 1736 4685; x_wconf 70' lang='grc' dir='ltr'>ἐμψύ-</span> 
     </span>
    </p>
   </div>
   <div class='ocr_carea' id='block_1_82' title="bbox 144 4701 1736 4775">
    <p class='ocr_par' dir='ltr' id='par_1_82' title="bbox 144 4701 1736 4775">
     <span class='ocr_line' id='line_1_82' title="bbox 144 4701 1736 4775; baseline -0.001 -19"><span class='ocrx_word' id='word_1_594' title='bbox 144 4722 249 4772; x_wconf 80' lang='grc' dir='ltr'><strong>χων</strong></span> <span class='ocrx_word' id='word_1_595' title='bbox 296 4705 399 4757; x_wconf 79' lang='grc' dir='ltr'>καὶ</span> <span class='ocrx_word' id='word_1_596' title='bbox 447 4702 674 4773; x_wconf 70' lang='grc' dir='ltr'>ἀψύχων</span> <span class='ocrx_word' id='word_1_597' title='bbox 717 4701 908 4770; x_wconf 88' lang='grc' dir='ltr'>λόγους</span> <span class='ocrx_word' id='word_1_598' title='bbox 945 4701 1296 4772; x_wconf 79' lang='grc' dir='ltr'>γυμνάζουσα</span> <span class='ocrx_word' id='word_1_599' title='bbox 1318 4717 1330 4730; x_wconf 86' lang='grc'><strong>·</strong></span> <span class='ocrx_word' id='word_1_600' title='bbox 1381 4701 1414 4773; x_wconf 79' lang='grc' dir='ltr'>ἢ</span> <span class='ocrx_word' id='word_1_601' title='bbox 1447 4701 1574 4764; x_wconf 77' lang='grc' dir='ltr'>τοὺς</span> <span class='ocrx_word' id='word_1_602' title='bbox 1607 4703 1736 4775; x_wconf 74' lang='grc' dir='ltr'>περὶ</span> 
     </span>
    </p>
   </div>
   <div class='ocr_carea' id='block_1_83' title="bbox 147 4794 1731 4868">
    <p class='ocr_par' dir='ltr' id='par_1_83' title="bbox 147 4794 1731 4868">
     <span class='ocr_line' id='line_1_83' title="bbox 147 4794 1731 4868; baseline 0 -20"><span class='ocrx_word' id='word_1_603' title='bbox 147 4796 459 4868; x_wconf 79' lang='grc' dir='ltr'>πρακτικῆς</span> <span class='ocrx_word' id='word_1_604' title='bbox 507 4797 600 4850; x_wconf 76' lang='grc' dir='ltr'><strong>καὶ</strong></span> <span class='ocrx_word' id='word_1_605' title='bbox 643 4796 878 4866; x_wconf 77' lang='grc' dir='ltr'>φυσικῆς</span> <span class='ocrx_word' id='word_1_606' title='bbox 921 4794 1252 4862; x_wconf 77' lang='grc' dir='ltr'>ἐξετάζουσα</span> <span class='ocrx_word' id='word_1_607' title='bbox 1299 4795 1530 4863; x_wconf 77' lang='grc' dir='ltr'>λόγουςο</span> <span class='ocrx_word' id='word_1_608' title='bbox 1570 4794 1731 4866; x_wconf 74' lang='grc' dir='ltr'>ἥτην</span> 
     </span>
    </p>
   </div>
   <div class='ocr_carea' id='block_1_84' title="bbox 143 4887 1732 4961">
    <p class='ocr_par' dir='ltr' id='par_1_84' title="bbox 143 4887 1732 4961">
     <span class='ocr_line' id='line_1_84' title="bbox 143 4887 1732 4961; baseline -0.001 -20"><span class='ocrx_word' id='word_1_609' title='bbox 143 4892 269 4961; x_wconf 79' lang='grc' dir='ltr'>περὶ</span> <span class='ocrx_word' id='word_1_610' title='bbox 289 4889 566 4959; x_wconf 81' lang='grc' dir='ltr'>σωμάτων</span> <span class='ocrx_word' id='word_1_611' title='bbox 587 4889 681 4945; x_wconf 78' lang='grc' dir='ltr'><strong>καὶ</strong></span> <span class='ocrx_word' id='word_1_612' title='bbox 700 4888 1008 4959; x_wconf 86' lang='grc' dir='ltr'>ἀσωμάτων</span> <span class='ocrx_word' id='word_1_613' title='bbox 1031 4887 1262 4958; x_wconf 86' lang='grc' dir='ltr'>θεωρίαν</span> <span class='ocrx_word' id='word_1_614' title='bbox 1277 4887 1363 4942; x_wconf 75' lang='grc' dir='ltr'>διὰ</span> <span class='ocrx_word' id='word_1_615' title='bbox 1385 4888 1481 4958; x_wconf 79' lang='grc' dir='ltr'>τῆς</span> <span class='ocrx_word' id='word_1_616' title='bbox 1501 4904 1732 4960; x_wconf 87' lang='grc' dir='ltr'>πρακτι-</span> 
     </span>
    </p>
   </div>
   <div class='ocr_carea' id='block_1_85' title="bbox 146 4977 1121 5052">
    <p class='ocr_par' dir='ltr' id='par_1_85' title="bbox 146 4977 1121 5052">
     <span class='ocr_line' id='line_1_85' title="bbox 146 4977 1121 5052; baseline -0.002 -20"><span class='ocrx_word' id='word_1_617' title='bbox 146 4979 247 5048; x_wconf 77' lang='grc' dir='ltr'>κῆς</span> <span class='ocrx_word' id='word_1_618' title='bbox 273 4980 512 5032; x_wconf 72' lang='grc' dir='ltr'>ἕλκουσα</span> <span class='ocrx_word' id='word_1_619' title='bbox 548 4979 684 5052; x_wconf 86' lang='grc' dir='ltr'>πρὸς</span> <span class='ocrx_word' id='word_1_620' title='bbox 714 4978 883 5050; x_wconf 81' lang='grc' dir='ltr'>αὐτὴν</span> <span class='ocrx_word' id='word_1_621' title='bbox 909 4977 1096 5044; x_wconf 74' lang='grc' dir='ltr'>ἕξεως.</span> <span class='ocrx_word' id='word_1_622' title='bbox 1119 5048 1121 5050; x_wconf 17' lang='grc' dir='ltr'><strong>η</strong></span> 
     </span>
    </p>
   </div>
   <div class='ocr_carea' id='block_1_86' title="bbox 207 5067 1732 5148">
    <p class='ocr_par' dir='ltr' id='par_1_86' title="bbox 207 5067 1732 5148">
     <span class='ocr_line' id='line_1_86' title="bbox 207 5067 1732 5148; baseline 0.003 -25"><span class='ocrx_word' id='word_1_623' title='bbox 207 5071 280 5123; x_wconf 80' lang='grc' dir='ltr'><strong><em>Ἥ</em></strong></span> <span class='ocrx_word' id='word_1_624' title='bbox 317 5071 418 5124; x_wconf 80' lang='grc' dir='ltr'><strong>καὶ</strong></span> <span class='ocrx_word' id='word_1_625' title='bbox 450 5071 549 5142; x_wconf 77' lang='grc' dir='ltr'>τὴν</span> <span class='ocrx_word' id='word_1_626' title='bbox 590 5071 656 5123; x_wconf 79' lang='grc' dir='ltr'><strong>ἐκ</strong></span> <span class='ocrx_word' id='word_1_627' title='bbox 686 5069 881 5133; x_wconf 85' lang='grc' dir='ltr'>νυκτὸς</span> <span class='ocrx_word' id='word_1_628' title='bbox 910 5067 1278 5140; x_wconf 84' lang='grc' dir='ltr'>ἀνισταμένην</span> <span class='ocrx_word' id='word_1_629' title='bbox 1299 5069 1497 5148; x_wconf 76' lang='grc' dir='ltr'>ψυχὴν,</span> <span class='ocrx_word' id='word_1_630' title='bbox 1527 5085 1732 5140; x_wconf 83' lang='grc' dir='ltr'>γρηγο-</span> 
     </span>
    </p>
   </div>
   <div class='ocr_carea' id='block_1_87' title="bbox 148 5158 1732 5234">
    <p class='ocr_par' dir='ltr' id='par_1_87' title="bbox 148 5158 1732 5234">
     <span class='ocr_line' id='line_1_87' title="bbox 148 5158 1732 5234; baseline -0.002 -20"><span class='ocrx_word' id='word_1_631' title='bbox 148 5161 349 5230; x_wconf 76' lang='grc' dir='ltr'>ροῦσαν</span> <span class='ocrx_word' id='word_1_632' title='bbox 395 5164 642 5234; x_wconf 81' lang='grc' dir='ltr'>εὑρίσκει</span> <span class='ocrx_word' id='word_1_633' title='bbox 692 5163 722 5215; x_wconf 89' lang='grc' dir='ltr'><strong>ὁ</strong></span> <span class='ocrx_word' id='word_1_634' title='bbox 770 5161 868 5232; x_wconf 79' lang='grc' dir='ltr'>τῆς</span> <span class='ocrx_word' id='word_1_635' title='bbox 912 5158 1257 5231; x_wconf 81' lang='grc' dir='ltr'>δικαιοσύνης</span> <span class='ocrx_word' id='word_1_636' title='bbox 1291 5159 1440 5230; x_wconf 72' lang='grc' dir='ltr'>ἣλιος</span> <span class='ocrx_word' id='word_1_637' title='bbox 1473 5159 1732 5229; x_wconf 79' lang='grc' dir='ltr'>νυμφίος·</span> 
     </span>
    </p>
   </div>
   <div class='ocr_carea' id='block_1_88' title="bbox 143 5235 1736 5324">
    <p class='ocr_par' dir='ltr' id='par_1_88' title="bbox 143 5235 1736 5324">
     <span class='ocr_line' id='line_1_88' title="bbox 143 5235 1736 5324; baseline -0.001 -20"><span class='ocrx_word' id='word_1_638' title='bbox 143 5253 366 5317; x_wconf 77' lang='grc' dir='ltr'>πάντως</span> <span class='ocrx_word' id='word_1_639' title='bbox 397 5254 454 5306; x_wconf 82' lang='grc' dir='ltr'>δὲ</span> <span class='ocrx_word' id='word_1_640' title='bbox 496 5254 592 5307; x_wconf 76' lang='grc' dir='ltr'><strong>καὶ</strong></span> <span class='ocrx_word' id='word_1_641' title='bbox 635 5251 1082 5324; x_wconf 87' lang='grc' dir='ltr'>προσευχομένην</span> <span class='ocrx_word' id='word_1_642' title='bbox 1108 5251 1203 5304; x_wconf 78' lang='grc' dir='ltr'>τοῦ</span> <span class='ocrx_word' id='word_1_643' title='bbox 1245 5251 1319 5321; x_wconf 84' lang='grc' dir='ltr'>μὴ</span> <span class='ocrx_word' id='word_1_644' title='bbox 1361 5252 1622 5321; x_wconf 77' lang='grc' dir='ltr'>ἐμπεσεῖν</span> <span class='ocrx_word' id='word_1_645' title='bbox 1656 5235 1736 5314; x_wconf 72' lang='grc' dir='ltr'>εἰς</span> 
     </span>
    </p>
   </div>
   <div class='ocr_carea' id='block_1_89' title="bbox 145 5342 1734 5417">
    <p class='ocr_par' dir='ltr' id='par_1_89' title="bbox 145 5342 1734 5417">
     <span class='ocr_line' id='line_1_89' title="bbox 145 5342 1734 5417; baseline 0.001 -22"><span class='ocrx_word' id='word_1_646' title='bbox 145 5345 474 5417; x_wconf 78' lang='grc' dir='ltr'>πειρασμὸν,</span> <span class='ocrx_word' id='word_1_647' title='bbox 490 5345 752 5414; x_wconf 78' lang='grc' dir='ltr'>λέγουσαν</span> <span class='ocrx_word' id='word_1_648' title='bbox 775 5345 857 5409; x_wconf 81' lang='grc' dir='ltr'><strong>τὸ,</strong></span> <span class='ocrx_word' id='word_1_649' title='bbox 887 5342 1240 5415; x_wconf 81' lang='grc' dir='ltr'>Ἡγρύπνησα</span> <span class='ocrx_word' id='word_1_650' title='bbox 1256 5343 1350 5397; x_wconf 78' lang='grc' dir='ltr'><strong>καὶ</strong></span> <span class='ocrx_word' id='word_1_651' title='bbox 1369 5343 1634 5415; x_wconf 82' lang='grc' dir='ltr'>ἐγενόμην</span> <span class='ocrx_word' id='word_1_652' title='bbox 1659 5344 1734 5408; x_wconf 80' lang='grc' dir='ltr'>ὡς</span> 
     </span>
    </p>
   </div>
   <div class='ocr_carea' id='block_1_90' title="bbox 145 5433 1732 5507">
    <p class='ocr_par' dir='ltr' id='par_1_90' title="bbox 145 5433 1732 5507">
     <span class='ocr_line' id='line_1_90' title="bbox 145 5433 1732 5507; baseline 0 -19"><span class='ocrx_word' id='word_1_653' title='bbox 145 5435 428 5507; x_wconf 74' lang='grc' dir='ltr'>στρουθίον</span> <span class='ocrx_word' id='word_1_654' title='bbox 458 5437 689 5506; x_wconf 78' lang='grc' dir='ltr'>μονάζον</span> <span class='ocrx_word' id='word_1_655' title='bbox 718 5437 812 5489; x_wconf 72' lang='grc' dir='ltr'><strong>ἐπὶ</strong></span> <span class='ocrx_word' id='word_1_656' title='bbox 851 5433 1097 5506; x_wconf 83' lang='grc' dir='ltr'>δώματος</span> <span class='ocrx_word' id='word_1_657' title='bbox 1120 5450 1133 5461; x_wconf 90' lang='grc'><strong>·</strong></span> <span class='ocrx_word' id='word_1_658' title='bbox 1168 5433 1364 5505; x_wconf 80' lang='grc' dir='ltr'>βρῶμα</span> <span class='ocrx_word' id='word_1_659' title='bbox 1389 5435 1446 5488; x_wconf 83' lang='grc' dir='ltr'><strong>δέ</strong></span> <span class='ocrx_word' id='word_1_660' title='bbox 1479 5437 1596 5488; x_wconf 86' lang='grc' dir='ltr'>ἐστι</span> <span class='ocrx_word' id='word_1_661' title='bbox 1627 5435 1732 5505; x_wconf 77' lang='grc' dir='ltr'><strong>ψυ-</strong></span> 
     </span>
    </p>
   </div>
   <div class='ocr_carea' id='block_1_91' title="bbox 142 5527 1731 5602">
    <p class='ocr_par' dir='ltr' id='par_1_91' title="bbox 142 5527 1731 5602">
     <span class='ocr_line' id='line_1_91' title="bbox 142 5527 1731 5602; baseline -0.021 -9"><span class='ocrx_word' id='word_1_662' title='bbox 142 5529 264 5596; x_wconf 76' lang='grc' dir='ltr'><strong>χῆς,</strong></span> <span class='ocrx_word' id='word_1_663' title='bbox 290 5529 329 5599; x_wconf 79' lang='grc' dir='ltr'>ἡ</span> <span class='ocrx_word' id='word_1_664' title='bbox 359 5528 556 5600; x_wconf 83' lang='grc' dir='ltr'>μελέτη</span> <span class='ocrx_word' id='word_1_665' title='bbox 582 5529 691 5582; x_wconf 81' lang='grc' dir='ltr'>τῶν</span> <span class='ocrx_word' id='word_1_666' title='bbox 717 5528 877 5582; x_wconf 87' lang='grc' dir='ltr'>θείων</span> <span class='ocrx_word' id='word_1_667' title='bbox 901 5528 1076 5596; x_wconf 90' lang='grc' dir='ltr'>λόγων</span> <span class='ocrx_word' id='word_1_668' title='bbox 1099 5543 1112 5557; x_wconf 89' lang='grc'><strong>·</strong></span> <span class='ocrx_word' id='word_1_669' title='bbox 1145 5527 1282 5601; x_wconf 66' lang='grc' dir='ltr'>ἔργα</span> <span class='ocrx_word' id='word_1_670' title='bbox 1305 5527 1362 5588; x_wconf 73' lang='grc' dir='ltr'>δὲ</span> <span class='ocrx_word' id='word_1_671' title='bbox 1379 5568 1395 5596; x_wconf 70' lang='grc'><strong><em>,</em></strong></span> <span class='ocrx_word' id='word_1_672' title='bbox 1419 5530 1474 5586; x_wconf 78' lang='grc' dir='ltr'><strong>αξ</strong></span> <span class='ocrx_word' id='word_1_673' title='bbox 1502 5529 1692 5602; x_wconf 62' lang='grc' dir='ltr'>ἀρεταί</span> <span class='ocrx_word' id='word_1_674' title='bbox 1715 5544 1731 5560; x_wconf 92' lang='grc'><strong>.</strong></span> 
     </span>
    </p>
   </div>
   <div class='ocr_carea' id='block_1_92' title="bbox 209 5692 692 5762">
    <p class='ocr_par' dir='ltr' id='par_1_92' title="bbox 209 5692 692 5762">
     <span class='ocr_line' id='line_1_92' title="bbox 209 5692 692 5762; baseline 0.006 -17"><span class='ocrx_word' id='word_1_675' title='bbox 209 5693 306 5746; x_wconf 73' lang='grc'><strong>⁷⁸1</strong></span> <span class='ocrx_word' id='word_1_676' title='bbox 339 5693 465 5762; x_wconf 79' lang='lat' dir='ltr'><strong>Reg.</strong></span> <span class='ocrx_word' id='word_1_677' title='bbox 500 5711 560 5757; x_wconf 83' lang='lat' dir='ltr'><strong>tt,</strong></span> <span class='ocrx_word' id='word_1_678' title='bbox 599 5692 692 5748; x_wconf 73' lang='grc' dir='ltr'>ὅθ.</span> 
     </span>
    </p>
   </div>
   <div class='ocr_carea' id='block_1_93' title="bbox 145 5763 1692 5822">
    <p class='ocr_par' dir='ltr' id='par_1_93' title="bbox 145 5763 1692 5822">
     <span class='ocr_line' id='line_1_93' title="bbox 145 5763 1692 5822; baseline -0.001 -6"><span class='ocrx_word' id='word_1_679' title='bbox 145 5763 186 5792; x_wconf 76' lang='grc'><strong>⁸³</strong></span> <span class='ocrx_word' id='word_1_680' title='bbox 213 5779 269 5816; x_wconf 75' lang='lat' dir='ltr'><strong>v.</strong></span> <span class='ocrx_word' id='word_1_681' title='bbox 302 5764 396 5816; x_wconf 61' lang='grc' dir='ltr'><strong>ἐϋ.</strong></span> <span class='ocrx_word' id='word_1_682' title='bbox 471 5766 519 5796; x_wconf 84' lang='grc'><strong>⁸³</strong></span> <span class='ocrx_word' id='word_1_683' title='bbox 552 5780 601 5818; x_wconf 85' lang='grc' dir='ltr'><strong>ν.</strong></span> <span class='ocrx_word' id='word_1_684' title='bbox 634 5766 716 5820; x_wconf 80' lang='grc'><strong>10.</strong></span> <span class='ocrx_word' id='word_1_685' title='bbox 798 5763 843 5795; x_wconf 66' lang='grc'><strong>⁸⁵</strong></span> <span class='ocrx_word' id='word_1_686' title='bbox 878 5779 930 5818; x_wconf 84' lang='lat' dir='ltr'><strong>v.</strong></span> <span class='ocrx_word' id='word_1_687' title='bbox 963 5765 1050 5818; x_wconf 79' lang='grc'><strong>11.</strong></span> <span class='ocrx_word' id='word_1_688' title='bbox 1128 5767 1174 5800; x_wconf 78' lang='grc'><strong>⁸⁸</strong></span> <span class='ocrx_word' id='word_1_689' title='bbox 1203 5767 1368 5822; x_wconf 80' lang='grc' dir='ltr'>ν.15.</span> <span class='ocrx_word' id='word_1_690' title='bbox 1449 5763 1494 5795; x_wconf 73' lang='grc'>⁸⁸</span> <span class='ocrx_word' id='word_1_691' title='bbox 1517 5779 1568 5816; x_wconf 79' lang='lat' dir='ltr'><strong>v.</strong></span> <span class='ocrx_word' id='word_1_692' title='bbox 1607 5763 1692 5816; x_wconf 77' lang='grc'><strong>15.</strong></span> 
     </span>
    </p>
   </div>
   <div class='ocr_carea' id='block_1_94' title="bbox 789 5688 2188 5816">
    <p class='ocr_par' dir='ltr' id='par_1_94' title="bbox 789 5688 2188 5816">
     <span class='ocr_line' id='line_1_94' title="bbox 789 5688 2188 5757; baseline -0.002 -12"><span class='ocrx_word' id='word_1_693' title='bbox 789 5693 834 5725; x_wconf 82' lang='grc'><strong>⁷⁷</strong></span> <span class='ocrx_word' id='word_1_694' title='bbox 866 5707 918 5749; x_wconf 85' lang='lat' dir='ltr'><strong>v.</strong></span> <span class='ocrx_word' id='word_1_695' title='bbox 948 5694 1040 5748; x_wconf 70' lang='lat'><strong>24.</strong></span> <span class='ocrx_word' id='word_1_696' title='bbox 1135 5697 1181 5730; x_wconf 79' lang='grc'><strong>⁷⁸</strong></span> <span class='ocrx_word' id='word_1_697' title='bbox 1253 5695 1412 5752; x_wconf 82' lang='lat' dir='ltr'><strong>Joan.</strong></span> <span class='ocrx_word' id='word_1_698' title='bbox 1445 5709 1500 5757; x_wconf 66' lang='grc' dir='ltr'><strong>κ,</strong></span> <span class='ocrx_word' id='word_1_699' title='bbox 1527 5692 1615 5746; x_wconf 79' lang='grc'>10.</span> <span class='ocrx_word' id='word_1_700' title='bbox 1693 5694 1736 5725; x_wconf 73' lang='grc' dir='ltr'><strong>⁷ο</strong></span> <span class='ocrx_word' id='word_1_701' title='bbox 1763 5689 1907 5746; x_wconf 66' lang='grc' dir='ltr'>ΡςεΙ.</span> <span class='ocrx_word' id='word_1_702' title='bbox 1949 5703 2104 5754; x_wconf 73' lang='lat' dir='ltr'><strong>xxxn,</strong></span> <span class='ocrx_word' id='word_1_703' title='bbox 2135 5688 2188 5742; x_wconf 83' lang='lat'><strong>5.</strong></span> 
     </span>
     <span class='ocr_line' id='line_1_95' title="bbox 798 5758 2178 5816; baseline -0.002 0"><span class='ocrx_word' id='word_1_704' title='bbox 798 5763 843 5795; x_wconf 65' lang='grc'><strong>⁸⁵</strong></span> <span class='ocrx_word' id='word_1_705' title='bbox 878 5779 930 5816; x_wconf 92' lang='lat' dir='ltr'><strong>v.</strong></span> <span class='ocrx_word' id='word_1_706' title='bbox 963 5765 1050 5816; x_wconf 83' lang='grc'><strong>11.</strong></span> <span class='ocrx_word' id='word_1_707' title='bbox 1128 5767 1174 5800; x_wconf 76' lang='grc'><strong>⁸⁸</strong></span> <span class='ocrx_word' id='word_1_708' title='bbox 1203 5767 1368 5816; x_wconf 67' lang='lat' dir='ltr'><strong>v.15.</strong></span> <span class='ocrx_word' id='word_1_709' title='bbox 1449 5763 1494 5795; x_wconf 74' lang='grc'>⁸⁸</span> <span class='ocrx_word' id='word_1_710' title='bbox 1517 5779 1568 5816; x_wconf 89' lang='lat' dir='ltr'><strong>v.</strong></span> <span class='ocrx_word' id='word_1_711' title='bbox 1607 5763 1692 5816; x_wconf 79' lang='lat' dir='ltr'><strong>i5.</strong></span> <span class='ocrx_word' id='word_1_712' title='bbox 1765 5763 1808 5795; x_wconf 82' lang='grc'><strong>⁶¹</strong></span> <span class='ocrx_word' id='word_1_713' title='bbox 1844 5758 1983 5816; x_wconf 84' lang='lat' dir='ltr'><strong>Psal.</strong></span> <span class='ocrx_word' id='word_1_714' title='bbox 2018 5776 2092 5816; x_wconf 82' lang='lat' dir='ltr'><strong>Cl.</strong></span> <span class='ocrx_word' id='word_1_715' title='bbox 2125 5761 2178 5815; x_wconf 87' lang='lat'><strong>8.</strong></span> 
     </span>
    </p>
   </div>
   <div class='ocr_carea' id='block_1_95' title="bbox 1885 5778 2178 5826">
    <p class='ocr_par' dir='ltr' id='par_1_95' title="bbox 1885 5778 2178 5826">
     <span class='ocr_line' id='line_1_96' title="bbox 1885 5778 2178 5826; baseline -0.01 -10"><span class='ocrx_word' id='word_1_716' title='bbox 1885 5778 1983 5816; x_wconf 81' lang='lat' dir='ltr'><strong>sat.</strong></span> <span class='ocrx_word' id='word_1_717' title='bbox 2018 5778 2092 5826; x_wconf 87' lang='lat' dir='ltr'><strong>Cl,</strong></span> <span class='ocrx_word' id='word_1_718' title='bbox 2125 5778 2178 5815; x_wconf 76' lang='grc' dir='ltr'>δ.</span> 
     </span>
    </p>
   </div>
   <div class='ocr_carea' id='block_1_96' title="bbox 1907 3967 3416 4039">
    <p class='ocr_par' dir='ltr' id='par_1_96' title="bbox 1907 3967 3416 4039">
     <span class='ocr_line' id='line_1_97' title="bbox 1907 3967 3416 4039; baseline 0.002 -18"><span class='ocrx_word' id='word_1_719' title='bbox 1907 3968 1956 4000; x_wconf 84' lang='grc'><strong>⁸³</strong></span> <span class='ocrx_word' id='word_1_720' title='bbox 1977 3967 2264 4024; x_wconf 83' lang='lat' dir='ltr'><strong>Fortitudo</strong></span> <span class='ocrx_word' id='word_1_721' title='bbox 2290 3977 2372 4024; x_wconf 87' lang='lat' dir='ltr'><strong>cst</strong></span> <span class='ocrx_word' id='word_1_722' title='bbox 2410 3967 2612 4038; x_wconf 84' lang='lat' dir='ltr'><strong>optima</strong></span> <span class='ocrx_word' id='word_1_723' title='bbox 2650 3968 2889 4039; x_wconf 83' lang='lat' dir='ltr'><strong>qualitas</strong></span> <span class='ocrx_word' id='word_1_724' title='bbox 2940 3969 3139 4024; x_wconf 64' lang='lat' dir='ltr'><strong>animae</strong></span> <span class='ocrx_word' id='word_1_725' title='bbox 3181 3969 3416 4024; x_wconf 78' lang='lat' dir='ltr'><strong>rationa—</strong></span> 
     </span>
    </p>
   </div>
   <div class='ocr_carea' id='block_1_97' title="bbox 1839 4059 3344 4132">
    <p class='ocr_par' dir='ltr' id='par_1_97' title="bbox 1839 4059 3344 4132">
     <span class='ocr_line' id='line_1_98' title="bbox 1839 4059 3344 4132; baseline 0.002 -18"><span class='ocrx_word' id='word_1_726' title='bbox 1839 4059 1924 4126; x_wconf 88' lang='lat' dir='ltr'><strong>iis,</strong></span> <span class='ocrx_word' id='word_1_727' title='bbox 1959 4075 2062 4130; x_wconf 86' lang='lat' dir='ltr'><strong>qua</strong></span> <span class='ocrx_word' id='word_1_728' title='bbox 2090 4061 2442 4116; x_wconf 83' lang='lat' dir='ltr'><strong>adversantes</strong></span> <span class='ocrx_word' id='word_1_729' title='bbox 2471 4061 2574 4115; x_wconf 88' lang='lat' dir='ltr'><strong>sibi</strong></span> <span class='ocrx_word' id='word_1_730' title='bbox 2605 4061 2855 4117; x_wconf 88' lang='lat' dir='ltr'><strong>inimicos</strong></span> <span class='ocrx_word' id='word_1_731' title='bbox 2885 4061 3065 4116; x_wconf 90' lang='lat' dir='ltr'><strong>anima</strong></span> <span class='ocrx_word' id='word_1_732' title='bbox 3104 4071 3344 4132; x_wconf 89' lang='lat' dir='ltr'><strong>superat.</strong></span> 
     </span>
    </p>
   </div>
   <div class='ocr_carea' id='block_1_98' title="bbox 1908 4152 3420 4224">
    <p class='ocr_par' dir='ltr' id='par_1_98' title="bbox 1908 4152 3420 4224">
     <span class='ocr_line' id='line_1_99' title="bbox 1908 4152 3420 4224; baseline 0.001 -15"><span class='ocrx_word' id='word_1_733' title='bbox 1908 4153 2246 4224; x_wconf 71' lang='lat' dir='ltr'><strong>“Superata</strong></span> <span class='ocrx_word' id='word_1_734' title='bbox 2293 4152 2610 4207; x_wconf 80' lang='lat' dir='ltr'><strong>adversaria</strong></span> <span class='ocrx_word' id='word_1_735' title='bbox 2649 4154 2913 4224; x_wconf 84' lang='lat' dir='ltr'><strong>potentia,</strong></span> <span class='ocrx_word' id='word_1_736' title='bbox 2959 4156 3248 4210; x_wconf 82' lang='lat' dir='ltr'><strong>manubias</strong></span> <span class='ocrx_word' id='word_1_737' title='bbox 3292 4155 3420 4211; x_wconf 88' lang='lat' dir='ltr'><strong>inde</strong></span> 
     </span>
    </p>
   </div>
   <div class='ocr_carea' id='block_1_99' title="bbox 1840 4242 3420 4316">
    <p class='ocr_par' dir='ltr' id='par_1_99' title="bbox 1840 4242 3420 4316">
     <span class='ocr_line' id='line_1_100' title="bbox 1840 4242 3420 4316; baseline 0.002 -16"><span class='ocrx_word' id='word_1_738' title='bbox 1840 4244 2103 4314; x_wconf 89' lang='lat' dir='ltr'><strong>capimus,</strong></span> <span class='ocrx_word' id='word_1_739' title='bbox 2131 4243 2495 4298; x_wconf 88' lang='lat' dir='ltr'><strong>litteraturam</strong></span> <span class='ocrx_word' id='word_1_740' title='bbox 2535 4242 2654 4311; x_wconf 73' lang='lat' dir='ltr'><strong>eius</strong></span> <span class='ocrx_word' id='word_1_741' title='bbox 2691 4245 2955 4301; x_wconf 86' lang='lat' dir='ltr'><strong>discendo</strong></span> <span class='ocrx_word' id='word_1_742' title='bbox 2985 4264 2999 4301; x_wconf 91' lang='lat'><strong>:</strong></span> <span class='ocrx_word' id='word_1_743' title='bbox 3034 4255 3093 4300; x_wconf 92' lang='lat' dir='ltr'><strong>ut</strong></span> <span class='ocrx_word' id='word_1_744' title='bbox 3125 4247 3258 4302; x_wconf 89' lang='lat' dir='ltr'><strong>vitia</strong></span> <span class='ocrx_word' id='word_1_745' title='bbox 3301 4246 3420 4316; x_wconf 79' lang='lat' dir='ltr'><strong>ejus</strong></span> 
     </span>
    </p>
   </div>
   <div class='ocr_carea' id='block_1_100' title="bbox 1840 4335 3421 4408">
    <p class='ocr_par' dir='ltr' id='par_1_100' title="bbox 1840 4335 3421 4408">
     <span class='ocr_line' id='line_1_101' title="bbox 1840 4335 3421 4408; baseline 0.001 -18"><span class='ocrx_word' id='word_1_746' title='bbox 1840 4337 2020 4408; x_wconf 88' lang='lat' dir='ltr'><strong>palam</strong></span> <span class='ocrx_word' id='word_1_747' title='bbox 2059 4335 2347 4402; x_wconf 79' lang='lat' dir='ltr'><strong>iacientes,</strong></span> <span class='ocrx_word' id='word_1_748' title='bbox 2386 4352 2492 4391; x_wconf 91' lang='lat' dir='ltr'><strong>non</strong></span> <span class='ocrx_word' id='word_1_749' title='bbox 2533 4338 2695 4392; x_wconf 85' lang='lat' dir='ltr'><strong>modo</strong></span> <span class='ocrx_word' id='word_1_750' title='bbox 2718 4348 2949 4394; x_wconf 89' lang='lat' dir='ltr'><strong>caveant</strong></span> <span class='ocrx_word' id='word_1_751' title='bbox 2978 4354 3006 4392; x_wconf 91' lang='lat' dir='ltr'><strong>a</strong></span> <span class='ocrx_word' id='word_1_752' title='bbox 3044 4337 3256 4408; x_wconf 89' lang='lat' dir='ltr'><strong>laqueis</strong></span> <span class='ocrx_word' id='word_1_753' title='bbox 3286 4341 3421 4393; x_wconf 84' lang='lat' dir='ltr'><strong>sim-</strong></span> 
     </span>
    </p>
   </div>
   <div class='ocr_carea' id='block_1_101' title="bbox 1839 4425 3420 4502">
    <p class='ocr_par' dir='ltr' id='par_1_101' title="bbox 1839 4425 3420 4502">
     <span class='ocr_line' id='line_1_102' title="bbox 1839 4425 3420 4502; baseline 0.003 -19"><span class='ocrx_word' id='word_1_754' title='bbox 1839 4429 2120 4500; x_wconf 86' lang='lat' dir='ltr'><strong>pliciores,</strong></span> <span class='ocrx_word' id='word_1_755' title='bbox 2152 4425 2439 4485; x_wconf 85' lang='lat' dir='ltr'><strong>sed&#39;etiam</strong></span> <span class='ocrx_word' id='word_1_756' title='bbox 2466 4440 2732 4502; x_wconf 87' lang='lat' dir='ltr'><strong>quotquot</strong></span> <span class='ocrx_word' id='word_1_757' title='bbox 2769 4429 2966 4486; x_wconf 88' lang='lat' dir='ltr'><strong>irretiti</strong></span> <span class='ocrx_word' id='word_1_758' title='bbox 2998 4429 3222 4485; x_wconf 77' lang='lat' dir='ltr'><strong>fuerant</strong></span> <span class='ocrx_word' id='word_1_759' title='bbox 3257 4431 3420 4487; x_wconf 88' lang='lat' dir='ltr'><strong>tacile</strong></span> 
     </span>
    </p>
   </div>
   <div class='ocr_carea' id='block_1_102' title="bbox 1837 4518 2096 4588">
    <p class='ocr_par' dir='ltr' id='par_1_102' title="bbox 1837 4518 2096 4588">
     <span class='ocr_line' id='line_1_103' title="bbox 1837 4518 2096 4588; baseline 0 -13"><span class='ocrx_word' id='word_1_760' title='bbox 1837 4518 2096 4588; x_wconf 68' lang='lat' dir='ltr'><strong>effugiant</strong></span> 
     </span>
    </p>
   </div>
   <div class='ocr_carea' id='block_1_103' title="bbox 1907 4613 3416 4685">
    <p class='ocr_par' dir='ltr' id='par_1_103' title="bbox 1907 4613 3416 4685">
     <span class='ocr_line' id='line_1_104' title="bbox 1907 4613 3416 4685; baseline 0.002 -18"><span class='ocrx_word' id='word_1_761' title='bbox 1907 4615 1953 4646; x_wconf 81' lang='grc'><strong>⁸⁸</strong></span> <span class='ocrx_word' id='word_1_762' title='bbox 1975 4613 2178 4668; x_wconf 88' lang='lat' dir='ltr'><strong>Lanam</strong></span> <span class='ocrx_word' id='word_1_763' title='bbox 2217 4613 2502 4685; x_wconf 90' lang='lat' dir='ltr'><strong>iinumque</strong></span> <span class='ocrx_word' id='word_1_764' title='bbox 2541 4623 2634 4669; x_wconf 90' lang='lat' dir='ltr'><strong>net</strong></span> <span class='ocrx_word' id='word_1_765' title='bbox 2659 4615 2864 4682; x_wconf 90' lang='lat' dir='ltr'><strong>anima,</strong></span> <span class='ocrx_word' id='word_1_766' title='bbox 2892 4631 3016 4670; x_wconf 91' lang='lat' dir='ltr'><strong>cum</strong></span> <span class='ocrx_word' id='word_1_767' title='bbox 3051 4617 3416 4670; x_wconf 85' lang='lat' dir='ltr'><strong>animatarum</strong></span> 
     </span>
    </p>
   </div>
   <div class='ocr_carea' id='block_1_104' title="bbox 1836 4705 3416 4766">
    <p class='ocr_par' dir='ltr' id='par_1_104' title="bbox 1836 4705 3416 4766">
     <span class='ocr_line' id='line_1_105' title="bbox 1836 4705 3416 4766; baseline 0.001 -7"><span class='ocrx_word' id='word_1_768' title='bbox 1836 4713 1894 4760; x_wconf 91' lang='lat' dir='ltr'><strong>et</strong></span> <span class='ocrx_word' id='word_1_769' title='bbox 1938 4705 2366 4760; x_wconf 88' lang='lat' dir='ltr'><strong>inanimatarum</strong></span> <span class='ocrx_word' id='word_1_770' title='bbox 2419 4707 2697 4762; x_wconf 88' lang='lat' dir='ltr'><strong>doctrinas</strong></span> <span class='ocrx_word' id='word_1_771' title='bbox 2758 4707 3086 4766; x_wconf 86' lang='lat' dir='ltr'><strong>meditatur:</strong></span> <span class='ocrx_word' id='word_1_772' title='bbox 3158 4707 3246 4763; x_wconf 88' lang='lat' dir='ltr'><strong>vel</strong></span> <span class='ocrx_word' id='word_1_773' title='bbox 3294 4723 3416 4762; x_wconf 90' lang='lat' dir='ltr'><strong>cum</strong></span> 
     </span>
    </p>
   </div>
   <div class='ocr_carea' id='block_1_105' title="bbox 1839 4797 3410 4869">
    <p class='ocr_par' dir='ltr' id='par_1_105' title="bbox 1839 4797 3410 4869">
     <span class='ocr_line' id='line_1_106' title="bbox 1839 4797 3410 4869; baseline 0.003 -20"><span class='ocrx_word' id='word_1_774' title='bbox 1839 4797 2097 4868; x_wconf 79' lang='lat' dir='ltr'><strong>practica:</strong></span> <span class='ocrx_word' id='word_1_775' title='bbox 2133 4807 2187 4852; x_wconf 90' lang='lat' dir='ltr'><strong>et</strong></span> <span class='ocrx_word' id='word_1_776' title='bbox 2224 4798 2462 4869; x_wconf 67' lang='lat' dir='ltr'><strong>physica:</strong></span> <span class='ocrx_word' id='word_1_777' title='bbox 2493 4807 2773 4853; x_wconf 90' lang='lat' dir='ltr'><strong>scrutatur</strong></span> <span class='ocrx_word' id='word_1_778' title='bbox 2816 4801 3102 4854; x_wconf 84' lang='lat' dir='ltr'><strong>methodos</strong></span> <span class='ocrx_word' id='word_1_779' title='bbox 3132 4817 3146 4854; x_wconf 89' lang='lat'><strong>:</strong></span> <span class='ocrx_word' id='word_1_780' title='bbox 3171 4799 3257 4854; x_wconf 90' lang='lat' dir='ltr'><strong>vei</strong></span> <span class='ocrx_word' id='word_1_781' title='bbox 3287 4815 3410 4854; x_wconf 90' lang='lat' dir='ltr'><strong>cum</strong></span> 
     </span>
    </p>
   </div>
   <div class='ocr_carea' id='block_1_106' title="bbox 1842 4888 3409 4958">
    <p class='ocr_par' dir='ltr' id='par_1_106' title="bbox 1842 4888 3409 4958">
     <span class='ocr_line' id='line_1_107' title="bbox 1842 4888 3409 4958; baseline 0.001 -17"><span class='ocrx_word' id='word_1_782' title='bbox 1842 4888 2285 4958; x_wconf 80' lang='lat' dir='ltr'><strong>incorporearum</strong></span> <span class='ocrx_word' id='word_1_783' title='bbox 2316 4889 2586 4944; x_wconf 86' lang='lat' dir='ltr'><strong>theoriam</strong></span> <span class='ocrx_word' id='word_1_784' title='bbox 2615 4889 2860 4958; x_wconf 87' lang='lat' dir='ltr'><strong>practica</strong></span> <span class='ocrx_word' id='word_1_785' title='bbox 2896 4891 2962 4943; x_wconf 89' lang='lat' dir='ltr'><strong>ad</strong></span> <span class='ocrx_word' id='word_1_786' title='bbox 2996 4906 3056 4945; x_wconf 88' lang='lat' dir='ltr'><strong>se</strong></span> <span class='ocrx_word' id='word_1_787' title='bbox 3085 4891 3252 4944; x_wconf 87' lang='lat' dir='ltr'><strong>trahit</strong></span> <span class='ocrx_word' id='word_1_788' title='bbox 3280 4906 3409 4944; x_wconf 58' lang='lat' dir='ltr'><strong>conv</strong></span> 
     </span>
    </p>
   </div>
   <div class='ocr_carea' id='block_1_107' title="bbox 1841 4980 2151 5036">
    <p class='ocr_par' dir='ltr' id='par_1_107' title="bbox 1841 4980 2151 5036">
     <span class='ocr_line' id='line_1_108' title="bbox 1841 4980 2151 5036; baseline 0 0"><span class='ocrx_word' id='word_1_789' title='bbox 1841 4980 2151 5036; x_wconf 89' lang='lat' dir='ltr'><strong>suetudine.</strong></span> 
     </span>
    </p>
   </div>
   <div class='ocr_carea' id='block_1_108' title="bbox 1914 5071 3417 5146">
    <p class='ocr_par' dir='ltr' id='par_1_108' title="bbox 1914 5071 3417 5146">
     <span class='ocr_line' id='line_1_109' title="bbox 1914 5071 3417 5146; baseline 0.001 -20"><span class='ocrx_word' id='word_1_790' title='bbox 1914 5071 1964 5104; x_wconf 81' lang='grc'><strong>⁸⁸</strong></span> <span class='ocrx_word' id='word_1_791' title='bbox 1991 5072 2162 5128; x_wconf 75' lang='lat' dir='ltr'><strong>Noctu</strong></span> <span class='ocrx_word' id='word_1_792' title='bbox 2202 5082 2586 5144; x_wconf 78' lang='lat' dir='ltr'><strong>exsurgentem</strong></span> <span class='ocrx_word' id='word_1_793' title='bbox 2641 5075 2902 5144; x_wconf 89' lang='lat' dir='ltr'><strong>animam,</strong></span> <span class='ocrx_word' id='word_1_794' title='bbox 2936 5075 3156 5146; x_wconf 80' lang='lat' dir='ltr'><strong>vigilem</strong></span> <span class='ocrx_word' id='word_1_795' title='bbox 3212 5075 3417 5130; x_wconf 84' lang='lat' dir='ltr'><strong>invenit</strong></span> 
     </span>
    </p>
   </div>
   <div class='ocr_carea' id='block_1_109' title="bbox 1843 5161 3416 5232">
    <p class='ocr_par' dir='ltr' id='par_1_109' title="bbox 1843 5161 3416 5232">
     <span class='ocr_line' id='line_1_110' title="bbox 1843 5161 3416 5232; baseline -0.001 -14"><span class='ocrx_word' id='word_1_796' title='bbox 1843 5176 2075 5232; x_wconf 91' lang='lat' dir='ltr'><strong>sponsus</strong></span> <span class='ocrx_word' id='word_1_797' title='bbox 2099 5161 2327 5229; x_wconf 85' lang='lat' dir='ltr'><strong>justitiae</strong></span> <span class='ocrx_word' id='word_1_798' title='bbox 2367 5164 2473 5229; x_wconf 76' lang='lat' dir='ltr'><strong>soi,</strong></span> <span class='ocrx_word' id='word_1_799' title='bbox 2507 5180 2606 5220; x_wconf 91' lang='lat' dir='ltr'><strong>nec</strong></span> <span class='ocrx_word' id='word_1_800' title='bbox 2636 5179 2744 5219; x_wconf 87' lang='lat' dir='ltr'><strong>non</strong></span> <span class='ocrx_word' id='word_1_801' title='bbox 2774 5166 2936 5220; x_wconf 79' lang='lat' dir='ltr'><strong>enixe</strong></span> <span class='ocrx_word' id='word_1_802' title='bbox 2976 5175 3224 5221; x_wconf 86' lang='lat' dir='ltr'><strong>orantem</strong></span> <span class='ocrx_word' id='word_1_803' title='bbox 3268 5174 3325 5219; x_wconf 92' lang='lat' dir='ltr'><strong>ut</strong></span> <span class='ocrx_word' id='word_1_804' title='bbox 3349 5181 3416 5220; x_wconf 78' lang='lat' dir='ltr'><strong>ne</strong></span> 
     </span>
    </p>
   </div>
   <div class='ocr_carea' id='block_1_110' title="bbox 1839 5255 3416 5328">
    <p class='ocr_par' dir='ltr' id='par_1_110' title="bbox 1839 5255 3416 5328">
     <span class='ocr_line' id='line_1_111' title="bbox 1839 5255 3416 5328; baseline 0.002 -19"><span class='ocrx_word' id='word_1_805' title='bbox 1839 5255 1892 5309; x_wconf 85' lang='lat' dir='ltr'><strong>in</strong></span> <span class='ocrx_word' id='word_1_806' title='bbox 1946 5256 2296 5310; x_wconf 85' lang='lat' dir='ltr'><strong>tentalionem</strong></span> <span class='ocrx_word' id='word_1_807' title='bbox 2339 5257 2586 5322; x_wconf 86' lang='lat' dir='ltr'><strong>incidat,</strong></span> <span class='ocrx_word' id='word_1_808' title='bbox 2631 5257 3013 5327; x_wconf 87' lang='lat' dir='ltr'><strong>dicentemque</strong></span> <span class='ocrx_word' id='word_1_809' title='bbox 3048 5276 3062 5313; x_wconf 91' lang='lat'><strong>:</strong></span> <span class='ocrx_word' id='word_1_810' title='bbox 3092 5256 3318 5328; x_wconf 76' lang='lat' dir='ltr'><strong>Vigiiavi</strong></span> <span class='ocrx_word' id='word_1_811' title='bbox 3358 5267 3416 5312; x_wconf 86' lang='lat' dir='ltr'><strong>et</strong></span> 
     </span>
    </p>
   </div>
   <div class='ocr_carea' id='block_1_111' title="bbox 1839 5345 3415 5418">
    <p class='ocr_par' dir='ltr' id='par_1_111' title="bbox 1839 5345 3415 5418">
     <span class='ocr_line' id='line_1_112' title="bbox 1839 5345 3415 5418; baseline 0.001 -18"><span class='ocrx_word' id='word_1_812' title='bbox 1839 5345 1984 5401; x_wconf 79' lang='lat' dir='ltr'><strong>facta</strong></span> <span class='ocrx_word' id='word_1_813' title='bbox 2031 5361 2152 5401; x_wconf 86' lang='lat' dir='ltr'><strong>sum</strong></span> <span class='ocrx_word' id='word_1_814' title='bbox 2201 5346 2352 5401; x_wconf 81' lang='lat' dir='ltr'><strong>velut</strong></span> <span class='ocrx_word' id='word_1_815' title='bbox 2383 5363 2572 5418; x_wconf 83' lang='lat' dir='ltr'><strong>passer</strong></span> <span class='ocrx_word' id='word_1_816' title='bbox 2600 5348 2957 5404; x_wconf 77' lang='lat' dir='ltr'><strong>solitarius&quot;.</strong></span> <span class='ocrx_word' id='word_1_817' title='bbox 2998 5347 3094 5402; x_wconf 83' lang='lat' dir='ltr'><strong>Est</strong></span> <span class='ocrx_word' id='word_1_818' title='bbox 3123 5357 3301 5407; x_wconf 87' lang='lat' dir='ltr'><strong>autem</strong></span> <span class='ocrx_word' id='word_1_819' title='bbox 3331 5349 3415 5404; x_wconf 74' lang='lat' dir='ltr'><strong>ci-</strong></span> 
     </span>
    </p>
   </div>
   <div class='ocr_carea' id='block_1_112' title="bbox 1840 5437 3491 5510">
    <p class='ocr_par' dir='ltr' id='par_1_112' title="bbox 1840 5437 3491 5510">
     <span class='ocr_line' id='line_1_113' title="bbox 1840 5437 3491 5510; baseline 0.002 -18"><span class='ocrx_word' id='word_1_820' title='bbox 1840 5438 1941 5493; x_wconf 88' lang='lat' dir='ltr'><strong>bus</strong></span> <span class='ocrx_word' id='word_1_821' title='bbox 1974 5439 2189 5505; x_wconf 70' lang='lat' dir='ltr'><strong>animaa,</strong></span> <span class='ocrx_word' id='word_1_822' title='bbox 2225 5440 2504 5494; x_wconf 89' lang='lat' dir='ltr'><strong>meditatio</strong></span> <span class='ocrx_word' id='word_1_823' title='bbox 2534 5440 2840 5495; x_wconf 88' lang='lat' dir='ltr'><strong>divinorum</strong></span> <span class='ocrx_word' id='word_1_824' title='bbox 2871 5439 3210 5509; x_wconf 87' lang='lat' dir='ltr'><strong>eloquiorum</strong></span> <span class='ocrx_word' id='word_1_825' title='bbox 3239 5457 3254 5496; x_wconf 85' lang='lat'><strong>:</strong></span> <span class='ocrx_word' id='word_1_826' title='bbox 3285 5455 3415 5510; x_wconf 75' lang='lat' dir='ltr'><strong>ope-</strong></span> <span class='ocrx_word' id='word_1_827' title='bbox 3473 5437 3491 5448; x_wconf 86' lang='grc'><strong>’</strong></span> 
     </span>
    </p>
   </div>
   <div class='ocr_carea' id='block_1_113' title="bbox 1841 5529 3414 5602">
    <p class='ocr_par' dir='ltr' id='par_1_113' title="bbox 1841 5529 3414 5602">
     <span class='ocr_line' id='line_1_114' title="bbox 1841 5529 3414 5602; baseline 0.002 -20"><span class='ocrx_word' id='word_1_828' title='bbox 1841 5543 1923 5595; x_wconf 88' lang='lat' dir='ltr'><strong>ra,</strong></span> <span class='ocrx_word' id='word_1_829' title='bbox 1957 5537 2084 5583; x_wconf 90' lang='lat' dir='ltr'><strong>sunt</strong></span> <span class='ocrx_word' id='word_1_830' title='bbox 2117 5531 2386 5597; x_wconf 88' lang='lat' dir='ltr'><strong>virtutes;</strong></span> <span class='ocrx_word' id='word_1_831' title='bbox 2412 5529 2646 5595; x_wconf 62' lang='lat' dir='ltr'><strong>ancillis.</strong></span> <span class='ocrx_word' id='word_1_832' title='bbox 2676 5544 2894 5590; x_wconf 82' lang='lat' dir='ltr'><strong>sensus.</strong></span> <span class='ocrx_word' id='word_1_833' title='bbox 2953 5529 3081 5589; x_wconf 77' lang='lat' dir='ltr'><strong>Haec</strong></span> <span class='ocrx_word' id='word_1_834' title='bbox 3124 5545 3252 5602; x_wconf 77' lang='lat' dir='ltr'><strong>ergo</strong></span> <span class='ocrx_word' id='word_1_835' title='bbox 3282 5547 3414 5586; x_wconf 73' lang='lat' dir='ltr'><strong>coti-</strong></span> 
     </span>
    </p>
   </div>
   <div class='ocr_carea' id='block_1_114' title="bbox 2290 5686 3414 5758">
    <p class='ocr_par' dir='ltr' id='par_1_114' title="bbox 2290 5686 3414 5758">
     <span class='ocr_line' id='line_1_115' title="bbox 2290 5686 3414 5758; baseline 0.003 -15"><span class='ocrx_word' id='word_1_836' title='bbox 2290 5689 2335 5722; x_wconf 80' lang='grc'><strong>³⁰</strong></span> <span class='ocrx_word' id='word_1_837' title='bbox 2357 5686 2459 5744; x_wconf 84' lang='lat' dir='ltr'><strong>Isa.</strong></span> <span class='ocrx_word' id='word_1_838' title='bbox 2483 5703 2636 5758; x_wconf 77' lang='lat' dir='ltr'><strong>mn,</strong></span> <span class='ocrx_word' id='word_1_839' title='bbox 2662 5689 2754 5745; x_wconf 70' lang='lat'><strong>26.</strong></span> <span class='ocrx_word' id='word_1_840' title='bbox 2828 5689 2872 5721; x_wconf 81' lang='grc'><strong>³⁵</strong></span> <span class='ocrx_word' id='word_1_841' title='bbox 2908 5688 3069 5746; x_wconf 83' lang='lat' dir='ltr'><strong>Prov.</strong></span> <span class='ocrx_word' id='word_1_842' title='bbox 3103 5704 3296 5757; x_wconf 81' lang='lat' dir='ltr'><strong>xxvm,</strong></span> <span class='ocrx_word' id='word_1_843' title='bbox 3328 5690 3414 5746; x_wconf 70' lang='lat'><strong>1&#39;5.</strong></span> 
     </span>
    </p>
   </div>
   <div class='ocr_carea' id='block_1_115' title="bbox 215 5906 2298 5979">
    <p class='ocr_par' dir='ltr' id='par_1_115' title="bbox 215 5906 2298 5979">
     <span class='ocr_line' id='line_1_116' title="bbox 215 5906 2298 5979; baseline 0 -18"><span class='ocrx_word' id='word_1_844' title='bbox 215 5907 340 5976; x_wconf 70' lang='lat'><strong>(’28)</strong></span> <span class='ocrx_word' id='word_1_845' title='bbox 373 5906 610 5965; x_wconf 76' lang='lat' dir='ltr'><strong>Observa</strong></span> <span class='ocrx_word' id='word_1_846' title='bbox 641 5908 890 5979; x_wconf 86' lang='lat' dir='ltr'><strong>Origcnis</strong></span> <span class='ocrx_word' id='word_1_847' title='bbox 926 5910 1295 5968; x_wconf 88' lang='lat' dir='ltr'><strong>testimonium</strong></span> <span class='ocrx_word' id='word_1_848' title='bbox 1326 5913 1390 5967; x_wconf 89' lang='lat' dir='ltr'><strong>de</strong></span> <span class='ocrx_word' id='word_1_849' title='bbox 1424 5910 1742 5967; x_wconf 87' lang='lat' dir='ltr'><strong>custodibus</strong></span> <span class='ocrx_word' id='word_1_850' title='bbox 1768 5909 2042 5965; x_wconf 82' lang='lat' dir='ltr'><strong>hominum</strong></span> <span class='ocrx_word' id='word_1_851' title='bbox 2075 5907 2298 5978; x_wconf 84' lang='lat' dir='ltr'><strong>angelis.</strong></span> 
     </span>
    </p>
   </div>
  </div>
