3958 6522
513 385 617 472 αέι

1408 406 1976 466 SUPPLEMENTUM
2014 406 2105 462 AD
2140 405 2465 465 ORIGENIS
2500 405 2914 464 EXEGETICA.

3679 409 3781 464 2.32

516 532 622 588 fert
670 529 950 587 domicilio
999 543 1099 587 suo
1128 530 1400 600 corporali
1429 528 1804 587 :cstimabilior
1842 527 2098 599 pretiosis

2220 524 2583 596 lspartawiSe;
2619 524 2713 588 δὲ,
2761 524 2817 577 ai
2862 522 3143 595 αἰσθήσεις
3167 541 3181 556 θ
3229 525 3379 579 ταῦτ’
3410 520 3501 580 οὗν
3556 526 3781 598 παρέχει

515 624 788 695 lapidibus
824 624 1031 679 anima.

584 806 631 839 ⁸⁸
657 805 912 861 Animam
952 805 1055 861 viri
1114 804 1255 876 frugi
1312 804 1446 861 dicit
1509 804 1833 871 Ecclesiam,
1889 804 2097 876 lignum

513 898 757 952 scientia:
780 906 834 953 et
853 896 1064 968 lignum
1092 898 1219 953 vitae
1237 897 1564 964 habentem;
1591 898 1835 955 scientiae
1859 907 1917 953 ut
1942 898 2098 967 legis,

512 989 639 1044 vita:
674 997 733 1045 ut
764 990 935 1047 verbi.
979 989 1101 1061 Ipsa
1123 991 1268 1046 enim
1296 999 1381 1046 est
1416 990 1659 1047 Ecclesia
1692 1006 1812 1062 qua:
1836 992 1905 1047 de
1932 990 2101 1047 latere

511 1081 717 1137 Christi
760 1083 1055 1151 processit,
1094 1082 1322 1154 ejusque
1351 1097 1552 1151 sponsa
1597 1083 1821 1138 inventa
1863 1093 1974 1145 est.
2004 1097 2102 1152 pn-

511 1174 634 1230 dica
666 1182 723 1231 et
754 1174 911 1232 fortis
961 1175 1183 1242 mulier,
1211 1176 1373 1232 ﬁdem
1414 1176 1544 1231 huic
1594 1190 1841 1242 servans,
1870 1190 2103 1246 eumque

510 1285 769 1341 sponsum
789 1271 855 1328 de
886 1270 1042 1327 caelis
1069 1271 1264 1327 iterum
1292 1278 1645 1341 exspectans.

584 1457 631 1489 "’
663 1456 861 1523 Fusus,
894 1467 978 1512 est
1017 1469 1157 1527 pura
1195 1469 1375 1521 mens,
1402 1454 1660 1511 virtutem
1693 1454 1883 1510 virtuti
1914 1470 2100 1526 agglu-

511 1560 748 1615 meraus,
773 1550 1037 1620 etdogma
1060 1548 1295 1617 dogmati
1320 1561 1335 1600 :
1363 1546 1447 1600 vel
1464 1560 1644 1601 sermo
1672 1555 1896 1600 externe
1926 1544 2105 1615 prola-

430 1681 437 1693 .
513 1649 622 1707 tns,
660 1641 752 1710 qui
787 1656 854 1696 ex
880 1648 1060 1696 mente
1088 1638 1307 1693 deducit
1336 1636 1640 1708 spiritalem
1673 1638 1959 1693 theoriam.

458 1741 468 1760 θ
582 1731 630 1762 ’⁸
658 1730 810 1789 Mens
845 1747 951 1786 non
982 1729 1249 1799 proﬁciet,
1289 1742 1467 1799 neque
1517 1728 1786 1783 theoriam
1846 1728 2102 1800 incorpo-

512 1837 735 1878 reorum
790 1832 1151 1892 assequctur,
1199 1822 1301 1877 nisi
1338 1821 1599 1877 interiora
1629 1836 1723 1875 sua
1760 1832 1910 1877 recte
1947 1839 2104 1877 com-

510 1918 781 1985 posuerit.
863 1915 1000 1971 Nam
1061 1915 1262 1986 proprii
1318 1924 1496 1969 status
1548 1913 1909 1983 perturbatio,
1964 1914 2102 1969 solet

511 2016 750 2065 mentem
807 2021 877 2064 eo
927 2022 1214 2072 revocare,
1243 2008 1393 2062 unde
1433 2006 1779 2062 discesserat.
1812 2005 1921 2061 Sed
1955 2017 2103 2061 tran-

516 2099 848 2169 quillitatem
909 2099 1272 2171 cupiditatum
1331 2099 1552 2168 adepta,
1615 2098 1990 2153 demorabitur
2048 2100 2100 2153 in

510 2191 1024 2263 contemplatione,
1072 2199 1130 2247 et
1182 2191 1607 2247 domesticarum
1671 2207 1853 2245 rerum
1916 2206 2101 2245 curam

510 2292 741 2353 seponet
772 2303 785 2337 :
812 2291 938 2338 sunt
965 2283 1113 2338 enim
1146 2296 1341 2338 omnes
1371 2283 1551 2339 vestiti
1597 2282 1899 2338 failiiillarcs
1934 2283 2053 2352 eius
2085 2301 2100 2339 :

506 2374 681 2438 furor,
715 2373 938 2430 lenitate
967 2383 1023 2429 et
1058 2373 1411 2442 humilitate;
1440 2374 1738 2445 cupiditas,
1795 2384 2102 2446 temperan-

515 2466 589 2520 tia
622 2473 789 2535 atque
819 2466 1181 2522 continentia.

579 2556 625 2589 “
658 2554 877 2612 Otiosas
908 2572 1084 2624 escas,
1115 2567 1170 2613 et
1202 2572 1324 2628 qua:
1368 2558 1555 2630 pigros
1596 2558 1663 2613 ad
1710 2573 1936 2629 regnum
1970 2576 2082 2617 con-

514 2650 854 2719 sequendum
924 2650 1158 2705 reddunt
1241 2650 1488 2707 homines
1570 2651 1934 2723 simpliciores
2009 2662 2104 2709 aut

506 2742 837 2811 ineptiores.
873 2741 1053 2800 ﬁdelis
1085 2758 1150 2798 ac
1176 2742 1436 2813 religiosa
1464 2742 1649 2799 anima
1682 2760 1791 2801 non
1822 2744 2100 2813 comedit;

506 2846 562 2892 et
600 2852 668 2891 ne
701 2844 883 2908 gustat
919 2837 1167 2903 quidem.
1214 2836 1261 2891 si
1312 2834 1456 2891 forte
1505 2834 1722 2891 illorum
1757 2837 2026 2908 cupiditas
2052 2838 2102 2893 ei

519 2928 756 2984 accidat.
790 2928 963 2984 Porro
986 2927 1306 2998 iniquitates
1336 2926 1472 2984 dicit
1504 2942 1662 2985 escas
1693 2928 1924 2985 otiosas.

584 3022 631 3054 "
664 3021 911 3077 Fallaces
936 3022 1131 3092 gratia;
1157 3028 1283 3077 sunt
1303 3029 1358 3075 et
1384 3034 1522 3075 vana
1552 3020 1921 3092 pulchritudo.
1956 3023 2103 3078 Stul-

510 3112 722 3167 tissima
770 3125 1001 3181 quaeque
1054 3112 1236 3165 anima
1270 3124 1376 3164 non
1412 3110 1572 3165 modo
1596 3111 1805 3177 cogitat
1831 3120 1888 3168 et
1912 3112 2103 3184 imagi-

2198 618 2232 691 ἠ
2277 614 2583 689 τιμιωτέρα
2628 617 2794 672 λίθων
2837 616 3140 671 πολυτελῶν
3180 617 3326 691 ψυχὴ
3364 619 3441 691 τῷ
3486 622 3783 693 σωματικῷ

2199 708 2371 778 αὐτῆς
2402 709 2559 779 οῐκῳ.

2278 799 2391 871 Τὴν
2424 798 2521 852 τοῦ
2554 798 2845 853 σπουδαίου
2882 800 3059 873 ψυχήν
3089 817 3253 872 φησιν
3288 801 3516 872 ἔχουσαν
3561 803 3786 874 Ἐκκληο

2203 891 2321 945 σίαν
2364 891 2519 957 ξύλον
2551 892 2809 961 γνώσεως
2852 894 2949 949 καὶ
2995 893 3151 961 ξύλον
3186 895 3359 965 ζωῆς·
3400 896 3657 964 γνώσεως
3689 898 3784 968 μὲν

2199 984 2277 1046 ὡς
2320 986 2486 1057 νόμου
2508 1025 2522 1049 ,
2554 983 2700 1055 ζωῆς
2737 984 2793 1038 δὲ
2822 986 2898 1048 ὼς
2929 984 3120 1054 λόγου·
3159 986 3297 1059 αῦτη
3333 988 3437 1058 γάρ
3474 989 3621 1041 ἐστιν
3655 991 3690 1060 ἡ
3722 988 3784 1041 ἐκ

2202 1078 2443 1151 πλευρᾶς
2489 1078 2728 1151 Χριστοῦ
2782 1077 3155 1150 προελθοῦσα,
3209 1079 3302 1133 καὶ
3352 1079 3537 1153 νύμφη
3592 1081 3780 1136 τούτου

2201 1171 2511 1249 εὑρεθεῖσα,
2540 1173 2574 1242 ἡ
2602 1169 2839 1243 σώφρων.
2859 1170 2952 1224 καὶ
2976 1170 3196 1243 ἀνδρεία
3228 1171 3387 1244 γυνὴ,
3416 1176 3449 1245 ἡ
3479 1173 3577 1245 τὴν
3600 1175 3782 1232 πίστιν

2201 1261 2393 1317 τούτου
2432 1262 2721 1334 τηρήσασα
2743 1300 2759 1325 ,
2793 1263 2887 1316 καὶ
2923 1260 3113 1315 τοῦτον
3146 1264 3385 1335 νυμφίον.
3413 1267 3508 1320 ἀπ’
3540 1268 3785 1340 οὐρανῶν

2203 1354 2366 1410 πάλιν
2395 1353 2771 1426 προσδοκῶσα.

2273 1448 2579 1521 ΙἈτρακτός
2619 1449 2734 1501 ἐστι
2776 1447 2899 1512 νοῦς
2930 1447 3191 1521 καθαρὸς,
3225 1448 3554 1520 συμπλέκων
3585 1452 3787 1524 ἀρετὴν

2204 1536 2291 1589 ἐπ’
2312 1535 2515 1607 ἀρετῇ,
2549 1536 2644 1588 καὶ
2672 1535 2901 1607 δόγματι
2929 1535 3104 1607 δόγμα
3124 1553 3137 1566 ο
3183 1536 3216 1607 ἢ
3246 1537 3403 1605 λόγος
3432 1543 3787 1612 προφορικὺς,

2205 1628 2377 1683 ἕλκων
2410 1628 2519 1682 ἀπὸ
2540 1627 2634 1680 τοῦ
2665 1628 2760 1681 νοῦ
2794 1628 3166 1700 πνευματικὴν
3196 1628 3452 1701 θεωρίαν.

2277 1721 2391 1775 Οὐκ
2437 1720 2505 1774 ἂν
2549 1719 2799 1791 προέλθοι
2838 1720 2996 1786 νοῦς,
3048 1721 3171 1775 οὐδὲ
3221 1702 3279 1775 ἐν
3325 1722 3531 1795 θεωρίᾳ.
3583 1723 3793 1791 γένοιτο

2208 1811 2318 1864 τῶν
2346 1811 2653 1883 ἀσωμάτων
2675 1851 2690 1875 ,
2728 1811 2807 1887 μὴ
2834 1812 2903 1865 τὰ
2937 1811 3083 1866 ἔνδον
3119 1813 3552 1885 διορθωσάμενος
3573 1831 3585 1843 ·
3620 1816 3656 1885 ἡ
3689 1816 3793 1887 γὰρ

2204 1906 2419 1977 ταραχὴ
2462 1905 2570 1961 τῶν
2610 1905 2827 1959 οἰκείων
2864 1905 3213 1977 ἐπιστρέφειν
3257 1907 3417 1961 αὐτὸν
3464 1906 3622 1959 εἴωθε
3658 1908 3793 1978 πρὸς

2204 1996 2273 2050 τὰ
2316 1998 2409 2065 ἀφ’
2457 1989 2532 2050 ὧν
2580 1995 2899 2068 ἐξελήλυθεν
2926 2013 2940 2027 ·
2990 1997 3258 2054 ἀπάθειαν
3322 1998 3379 2051 δὲ
3427 2000 3793 2071 κτησάμενος,

2204 2087 2441 2159 χρονίσει
2468 2105 2528 2143 τε
2563 2090 2621 2141 ἐν
2650 2090 2716 2159 τῇ
2754 2086 2992 2159 θεωρίᾳ,
3038 2088 3132 2141 καὶ
3177 2088 3239 2141 ού
3274 2088 3549 2160 φροντίσει
3582 2092 3690 2142 τῶν
3740 2093 3794 2144 ἐν

2203 2182 2338 2252 οἴκῳ
2362 2197 2377 2211 '
2420 2180 2723 2234 ὲθδέδυνται
2760 2181 2869 2253 γὰρ
2899 2180 3097 2244 πάντες
3140 2181 3189 2233 οἱ
3223 2182 3353 2253 παρ’
3381 2181 3553 2251 αὐτῆς
3577 2199 3591 2212 ·
3630 2185 3660 2236 ὁ
3697 2184 3796 2253 μὲν

2205 2273 2375 2344 θυμὸς
2399 2314 2414 2336 ,
2438 2274 2721 2346 πραότητα
2750 2274 2843 2327 καὶ
2873 2273 3376 2346 ταπεινοφροσύνην
3399 2291 3415 2305 ο
3452 2276 3485 2346 ἡ
3514 2275 3570 2332 δὲ
3603 2275 3794 2329 ἐπιθυ-

2208 2365 2325 2437 μία,
2364 2366 2721 2438 σωφροσύνην
2751 2366 2846 2419 καὶ
2876 2364 3221 2436 ἐγκράτειαν.

2272 2556 2403 2611 Σῖτα
2434 2553 2678 2626 όκνηρὰ,
2730 2553 2798 2607 τὰ
2842 2554 3226 2609 ὀκνοποιοῦντα
3273 2557 3458 2626 τυχεῖν
3502 2557 3605 2628 τῆς
3641 2556 3795 2626 βασι-

2203 2649 2355 2713 λείας
2383 2648 2513 2712 τοῦς
2533 2648 2938 2720 ἁπλουστέρους
2963 2651 3060 2704 καὶ
3083 2650 3499 2721 ἀφελεστέρους,
3530 2652 3562 2721 ἡ
3592 2652 3799 2721 εὐγνώ-

2207 2758 2324 2811 μων
2357 2739 2451 2793 καὶ
2484 2738 2738 2811 θεοφιλὴς
2777 2740 2925 2813 ψυχὴ
2956 2741 3057 2794 οῦκ
3094 2740 3303 2805 ἐσθίει,
3350 2741 3473 2795 οὔτε
3524 2742 3633 2814 μὴν
3674 2745 3798 2797 τού-

2202 2849 2310 2886 των
2336 2832 2593 2902 γεύεται,
2626 2833 2674 2885 εί
2712 2832 2850 2903 τάχα
2881 2831 3031 2903 τύχοι
3065 2833 3243 2887 αὐτῶν
3275 2834 3648 2907 ἐπιθυμῆσαι·
3700 2839 3799 2901 τὰς

2205 2922 2402 2986 κακίας
2434 2922 2544 2994 γάρ
2578 2940 2712 2994 φησι
2746 2926 2867 2976 σῖτα
2901 2922 3127 2995 ὀκνηρά.

2267 3016 2498 3080 Ψευδεῖς
2527 3017 2831 3088 άρέσκειαι,
2865 3015 2959 3074 καὶ
2979 3017 3223 3088 ’μάταιον
3268 3018 3481 3084 κάλλος.
3528 3020 3591 3073 ’11
3622 3022 3797 3091 ἀφρο-

2204 3109 2435 3181 νεστάτη
2481 3110 2627 3182 ψυχὴ
2671 3111 2731 3163 ού
2782 3111 2941 3182 μόνον
2986 3113 3157 3167 ἐννοεί
3207 3115 3302 3167 καὶ
3353 3112 3686 3183 φαντάζεται
3740 3115 3801 3167 τὸ

509 3213 696 3269 natur,
728 3203 872 3274 quod
900 3203 1006 3260 sibi
1036 3212 1123 3259 est
1148 3202 1382 3266 libitum,
1416 3200 1511 3255 sed
1533 3200 1701 3256 etiam
1726 3202 1781 3257 in
1808 3218 1947 3273 opus
1969 3219 2104 3259 con-

2220 3202 2345 3272 ιῦτῇ
2397 3201 2659 3271 ἀρεστὸν,
2698 3199 2834 3254 ἀλλὰ
2883 3202 2979 3255 καὶ
3028 3200 3176 3274 ἔργῳ
3226 3204 3467 3274 ἐγχειρεῖ
3506 3202 3799 3276 πληρῶσαι

508 3295 655 3351 ferre
688 3294 1010 3366 aggreditur
1054 3294 1381 3350 meditatum
1412 3306 1593 3348 suum.
1623 3292 1779 3361 Quod
1808 3294 1853 3349 si
1882 3294 2096 3349 initium

2220 3295 2304 3367 τὴν
2346 3295 2609 3369 θεωρίαν·
2654 3294 2779 3349 εἰδὲ
2826 3296 2970 3370 ἁρχὴ
3016 3298 3208 3367 σοφίας
3242 3298 3405 3367 φόϐος
3439 3300 3648 3371 Κυρίου
3676 3342 3691 3365 ,
3721 3301 3801 3354 δι-

508 3386 795 3458 sapientiae
840 3394 926 3441 est
972 3386 1138 3440 timor
1168 3384 1411 3447 Domini,
1442 3384 1640 3439 merito
1666 3386 1847 3440 anima
1879 3387 2100 3456 sapien-

511 3481 642 3534 tiam
688 3478 904 3547 adcpta,
956 3478 1209 3533 timorem
1256 3478 1473 3533 Domini
1517 3477 1889 3543 commendat,
1920 3479 2103 3547 quiet

514 3571 639 3627 talis
669 3568 917 3626 scientiae
948 3567 1274 3624 conciliator
1306 3567 1429 3622 fuit.

2207 3386 2377 3450 καίως
2415 3389 2452 3457 ἡ
2498 3385 2741 3455 τυχοῦσα
2783 3387 2974 3455 σοφίας
3006 3387 3155 3457 ψυχὴ
3195 3389 3336 3441 αἰνεῖ
3374 3388 3465 3440 τὸν
3503 3388 3670 3457 φόϐον
3701 3390 3799 3443 τοῦ

2210 3479 2439 3550 Κυρίου,
2472 3479 2529 3543 ὃς
2561 3480 2784 3549 γέγονεν
2814 3480 2953 3551 αὐτῇ
2976 3480 3077 3551 τῆς
3099 3479 3353 3551 τοιαύτης
3380 3478 3635 3550 γνώσεως
3665 3482 3800 3553 πρό-

2212 3570 2382 3636 ξενος.

1790 3722 2346 3781 ADDlTAMENTUM
2375 3725 2509 3798 (29).

590 3838 713 3881 "-"
735 3837 946 3893 Norunt
985 3836 1154 3903 enim,
1213 3851 1336 3893 eum
1360 3837 1695 3908 agendarum
1720 3853 1900 3894 rerum
1923 3840 2103 3895 scien-

515 3930 648 3985 tiam
714 3931 1016 4002 possidere,
1061 3940 1119 3987 et
1168 3929 1223 3984 in
1271 3929 1497 4000 propria
1566 3939 1839 4001 potestate
1897 3931 2103 3986 habere

511 4022 762 4078 alumnos
796 4036 949 4077 suos.
997 4022 1167 4077 Aiunt
1200 4022 1426 4091 itaQue,
1474 4029 1745 4092 tanquam
1795 4037 1863 4077 eo
1916 4033 2101 4091 capto,

514 4115 663 4169 hisce
685 4114 1051 4169 dominamur.
1086 4114 1305 4185 Alioqui
1348 4128 1480 4168 vero
1518 4114 1795 4184 possessio
1821 4113 1953 4183 justi
1998 4116 2098 4170 viri

512 4214 601 4260 est
628 4205 920 4275 sapientia,
955 4204 1269 4275 prudentia,
1301 4203 1665 4273 intelligentia
1707 4216 1871 4275 atque
1901 4206 2100 4261 virtus.

515 4293 800 4368 Occupant
833 4304 1017 4352 autem
1063 4293 1335 4365 ejusmodi
1390 4294 1787 4364 possessionem
1839 4296 2095 4365 improbi,

2279 3841 2456 3893 Ἴσασι
2483 3838 2592 3912 γὰρ
2632 3842 2715 3893 ὅτι
2742 3842 2841 3914 τὴν
2870 3842 2966 3914 μὲν
2996 3843 3125 3914 περὶ
3148 3842 3217 3897 τά
3242 3844 3492 3915 πρακτέα
3530 3844 3803 3917 κέκτηται

2208 3931 2431 4001 γνῶσιν,
2474 3932 2675 4003 ἀρετῆς
2722 3933 2819 4003 μὲν
2865 3933 3096 4005 αἵρεσιν,
3130 3934 3309 4007 φυγὴν
3350 3934 3407 3989 δὲ
3440 3936 3660 4000 κακίας,
3703 3938 3801 3991 καὶ

2209 4026 2293 4078 ὅτι
2320 4025 2511 4095 κτῆσιν
2536 4024 2649 4096 ἔχει
2674 4026 2799 4089 τοὺς
2830 4025 3247 4097 διδασκομένους
3277 4026 3369 4080 ὑπ’
3396 4028 3559 4081 αὑτοῦ
3583 4045 3596 4058 °
3634 4029 3800 4098 φασὶν

2210 4111 2303 4170 οῦν
2327 4115 2401 4180 ὼς
2421 4116 2583 4170 αὑτὸν
2605 4115 2835 4180 ἑλόντες,
2864 4116 2958 4169 καὶ
2980 4116 3191 4182 τούτοις
3216 4118 3547 4190 χειρούμεθα
3570 4135 3583 4149 ·
3620 4119 3799 4184 ἄλλως

2208 4208 2268 4263 δὲ
2308 4208 2504 4278 κτῆσις
2534 4207 2629 4261 τοῦ
2660 4207 2871 4261 δικαίου
2897 4247 2912 4272 ,
2946 4209 3107 4278 σοφία
3132 4210 3228 4264 καὶ
3254 4210 3544 4282 φρόνησις,
3580 4210 3799 4276 σύνεσὲς

2202 4318 2262 4354 τε
2292 4302 2386 4355 καὶ
2417 4301 2584 4373 ἀρετή
2604 4317 2618 4331 ο
2666 4301 3173 4373 καταλαμϐάνονται
3216 4303 3272 4356 δὲ
3312 4302 3408 4374 τὴν
3441 4304 3633 4373 κτῆσιν
3667 4303 3799 4356 ταύ-

518 4389 567 4444 si
597 4390 816 4458 quando
861 4386 1015 4455 justo
1049 4388 1282 4442 suadent
1322 4395 1384 4441 ut
1432 4386 1637 4457 aliquid
1662 4400 1694 4440 ι
1726 4388 1838 4443 Deo
1868 4388 2095 4443 vetitqu

2220 4409 2303 4463 την
2335 4392 2386 4445 οἱ
2416 4391 2655 4458 ἀσεϐεῖς,
2689 4392 2964 4457 πείθοντες
2996 4392 3086 4447 τὸν
3113 4394 3320 4447 δίκαιον
3351 4393 3572 4464 ποιῆσαί
3601 4411 3654 4446 τι
3686 4393 3797 4445 τῶν

516 4489 838 4550 perpetret:
875 4493 1071 4549 nempe
1122 4489 1182 4534 ut
1231 4494 1386 4534 mens
1436 4488 1663 4549 peccato
1727 4489 2027 4547 excaecata,
2069 4494 2100 4533 a

2220 4460 2672 4549 ἐπηγορευμένων
2701 4477 2852 4551 Θεῷ·
2886 4480 2972 4532 ἵνα
3006 4481 3307 4550 τυφλωθεὶς
3342 4460 3579 4552 ἀπὸγτῆς
3608 4483 3795 4553 ἁμαρ-

515 4579 707 4627 sancta
739 4570 1052 4638 huiusmodi
1083 4574 1434 4641 possessione
1463 4572 1707 4629 excidat.

424 4732 433 4746 Ι
586 4663 633 4696 ’⁸
668 4664 781 4735 (50)
809 4663 1208 4736 Sapientijusto
1231 4665 1468 4721 dilﬁcilia
1483 4678 1700 4735 quoque
1722 4662 1937 4733 negotia
1966 4662 2103 4717 ﬁunt

516 4755 720 4811 facilia.
752 4758 823 4811 At
852 4756 902 4811 ei
952 4756 1046 4825 qui
1087 4754 1253 4810 aliter
1299 4770 1360 4811 se
1394 4756 1577 4818 habet,
1617 4754 1798 4809 [acilia
1836 4754 2006 4809 etiam
2050 4762 2103 4809 et

518 4846 776 4904 solatium
798 4847 1072 4908 quoddam
1106 4845 1391 4915 habentia,
1431 4846 1671 4904 dillicilia
1693 4846 1956 4902 evadunt.

589 5026 637 5059 “
662 5025 1044 5085 Theoreticam
1095 5026 1403 5090 doctrinam
1442 5027 1667 5096 habent,
1701 5028 1796 5086 sed
1831 5025 2105 5085 excelsum

521 5118 677 5174 nihil.

592 5365 641 5399 ⁸⁸
667 5382 719 5422 v.
749 5366 836 5423 16.
942 5369 987 5403 δ’
1030 5384 1082 5423 v.
1130 5370 1216 5425 19.

1330 5371 1378 5403 ’⁸
1402 5389 1453 5426 v.
1481 5373 1573 5429 9.1.

592 5523 709 5599 (29)
734 5526 868 5585 God.
898 5527 1082 5587 Ottob.
1122 5530 1243 5599 n7,
1276 5545 1330 5602 p.
1364 5530 1454 5589 16.

1701 5369 1744 5402 ιι
1770 5383 1821 5423 ν,
1852 5367 1984 5437 213
2038 5366 2083 5397 οι
2115 5379 2167 5421 ν,
2198 5362 2284 5419 30.
2378 5360 2508 5402 93-"
2544 5376 2659 5431 cap.
2714 5377 2754 5429 ι,
2798 5362 2886 5419 15.
2959 5367 3002 5399 ’³
3030 5380 3149 5434 cap.
3187 5382 3241 5433 χ,
3288 5368 3359 5431 8;

2208 4568 2327 4631 τίας
2354 4570 2383 4621 ὁ
2409 4567 2533 4632 νοῦς
2556 4569 2765 4641 ἐκπέσῃ
2792 4570 2902 4623 τῶν
2931 4572 3104 4639 άγίων
3134 4571 3338 4626 τούτων
3374 4574 3690 4643 κτημάτων.

2275 4658 2348 4715 Τὸ
2375 4658 2475 4729 μὲν
2521 4660 2727 4731 συνετῷ
2754 4661 2977 4732 δικαίῳ,
3009 4663 3102 4716 καὶ
3136 4662 3204 4715 τά
3242 4663 3482 4734 δυσχερῆ
3508 4662 3617 4717 τῶν
3650 4680 3797 4735 πρα-

2208 4750 2435 4820 γμάτων
2466 4749 2665 4804 εῦκολα
2703 4752 2948 4821 γίνεταιο
2991 4752 3069 4823 τῷ
3107 4753 3161 4807 δὲ
3206 4754 3411 4825 ἑτέρως
3450 4754 3625 4825 ἔχοντι
3647 4794 3663 4821 ,
3698 4756 3796 4807 καὶ

2205 4840 2275 4895 τὰ
2304 4840 2503 4895 εὔκολα
2547 4846 2643 4898 καὶ
2677 4843 2943 4914 ἁνάψυξίν
2976 4863 3096 4899 τινα
3120 4844 3332 4917 ἔχοντα,
3365 4845 3603 4919 δυσχερῆ
3639 4845 3795 4901 καθίξ-

2213 4951 2401 4988 σταται
2422 4978 2425 4981 -

2270 5027 2446 5096 Λόγον
2482 5029 2587 5100 γὰρ
2619 5046 2803 5099 εχουσι
2829 5030 3196 5103 θεωρημάτων
3225 5036 3586 5106 ἐπιστήμονα,
3624 5035 3792 5106 μηδὲν

2208 5120 2425 5192 ἔχοντες
2457 5121 2681 5193 ὑψηλόν.

3460 5365 3507 5399 ’⁵
3536 5380 3588 5420 v.
3616 5364 3709 5422 21.

2287 5522 2401 5594 (50)
2434 5522 2566 5581 Cod.
2600 5522 2735 5595 Reg.
2759 5523 2853 5593 77,
2882 5539 2937 5595 p.
2966 5524 3090 5583 510.
