3958 6536
512 428 617 486 235

1401 415 1961 479 SUPPLEMENTUM
2007 414 2095 470 AD
2131 410 2459 471 ORIGENIS
2496 408 2913 466 EXEGETICA.

3625 411 3710 467 256

509 563 542 600 a
591 544 697 600 Deo
723 544 917 599 donata
959 552 1079 600 sunt
1113 543 1259 598 nobis
1285 543 1328 598 ⁷.
1383 541 1722 614 Quae'autem
1756 549 1885 595 sunt
1917 540 2031 595 btcc
2061 538 2076 591 ί

2185 532 2390 598 ταῦτα;
2418 534 2486 587 ’Ἀ
2516 529 2820 600 ὀφθαλμὸς
2849 529 2959 582 οὐκ
2981 526 3106 583 οιδε
3129 526 3229 581 καὶ
3255 523 3364 592 ούς
3379 527 3482 582 οὐκ
3500 529 3708 596 ἤκουσε,

511 631 644 701 nam
690 635 874 691 oculus
914 652 1018 690 non
1057 636 1188 690 vidit
1225 652 1318 689 nec
1351 635 1501 688 auris
1536 632 1766 698 audivit,
1816 649 1980 703 neque
2031 633 2076 686 in

2186 625 2285 679 καὶ
2317 623 2412 677 ἐπὶ
2443 622 2693 691 καρδίαν
2711 619 3021 690 ἀνθρώπου
3049 621 3160 673 οὐκ
3179 617 3361 686 ἀνέϐη
3381 635 3395 650 ο
3426 618 3594 674 ταῦτα
3622 621 3713 690 γὰρ

509 747 602 785 cor
642 730 871 783 hominis
930 729 1321 794 ascenderunt;
1369 727 1500 784 talia
1560 727 1697 781 enim
1766 725 2084 794 prtcparavit

507 821 650 875 Deus
681 820 748 874 iis
769 821 858 887 qui
880 820 1110 890 diligunt
1143 819 1300 874 illum
1324 818 1366 872 ⁸.
1400 817 1456 874 In
1486 816 1707 872 cellario
1729 815 1875 869 enim
1901 813 2082 884 sponsi

506 927 687 965 omnes
720 910 956 964 thesauri
997 910 1270 981 sapientia?
1301 925 1364 963 ac
1416 907 1652 962 scientia:
1690 916 1809 960 sunt
1865 905 2083 958 abscon-

503 1007 602 1060 diti
623 1007 665 1058 ⁸.
709 1005 828 1074 Ipsa
865 1005 1008 1059 enim
1038 1019 1259 1073 sponsa,
1291 1011 1351 1057 ut
1383 1001 1696 1073 praecedens
1724 998 1859 1054 alias
1887 997 2082 1071 juven-

501 1097 671 1162 culas,
702 1097 1010 1150 introducta
1047 1104 1150 1159 est,
1179 1104 1234 1149 et
1261 1093 1456 1157 astitit,
1496 1101 1551 1145 ut
1588 1091 1790 1161 regina,
1821 1106 1852 1144 a
1881 1089 2082 1143 dextris

501 1185 661 1254 regis,
706 1184 761 1237 in
808 1184 993 1238 uestitu
1049 1183 1329 1245 deaurato,
1367 1182 1522 1253 juxta
1570 1181 1740 1234 David
1766 1179 1832 1246 ιο,
1881 1179 1971 1249 qui
2016 1180 2081 1232 de

499 1274 916 1331 adolescentulis
946 1276 1120 1332 dixit:
1163 1272 1399 1346 Virgines
1438 1275 1769 1330 adducentur
1808 1273 1919 1345 regi
1961 1279 2078 1340 post

497 1383 613 1420 eam
638 1369 702 1433 ¹¹,
727 1379 782 1425 et
807 1384 869 1424 ea
898 1386 1016 1440 quae
1044 1379 1362 1439 sequuntur.

500 1457 666 1515 Vsus.
691 1459 744 1514 5.
783 1460 1081 1531 Diligamus
1130 1461 1298 1531 ubera
1334 1469 1425 1531 tua
1469 1474 1621 1529 super
1683 1457 1895 1522 vinum;
1920 1456 2077 1512 recti-

1064 1532 1191 1583 tudo
1223 1530 1408 1584 dilexit
1434 1540 1502 1583 te.

572 1610 736 1687 Quasi
781 1612 1028 1667 diceret:
1065 1609 1178 1664 Etsi
1226 1623 1368 1664 nunc
1414 1623 1505 1679 per
1559 1607 1930 1664 inﬁrmitatem
1979 1623 2076 1663 no-

494 1711 685 1767 stram,
717 1715 879 1771 super
907 1714 1170 1754 mammas
1212 1707 1352 1763 tuas,
1379 1714 1412 1753 ο
1445 1697 1685 1769 Sponse,
1717 1699 1903 1752 vinum
1919 1712 2071 1752 ame-

493 1808 649 1856 mus;
685 1793 903 1862 quando
929 1793 1203 1846 emendati
1235 1792 1458 1857 erimus,
1486 1805 1651 1862 super
1679 1791 1858 1844 rinum
1901 1805 2074 1844 mam-

2186 717 2520 786 ἡτοίμασεν
2551 717 2584 771 ὁ
2613 713 2755 779 Θεὸς
2778 712 2900 779 τοῖς
2929 711 3245 782 ἀγαπῶσιν
3279 711 3461 766 αὐτόν
3479 728 3492 741 ·
3528 713 3580 766 ὲν
3623 715 3712 787 γὰρ

2178 809 2261 879 τῷ
2291 809 2523 880 ταμιείῳ
2563 805 2656 861 τοῦ
2697 805 2926 878 νυμφίου
2970 804 3191 870 πάντες
3216 806 3269 858 oi
3312 805 3582 872 θησαυροί
3623 806 3714 873 τῆς

2181 900 2404 969 σοφίας
2449 898 2546 952 καὶ
2595 895 2705 966 τῆς
2745 895 3019 968 γνώσεως
3056 894 3419 964 ἀπόκρυφοι·
3458 894 3584 965 αὕτη
3632 897 3712 965 μὲν

2179 991 2289 1063 γὰρ
2355 989 2431 1055 ὡς
2484 988 2832 1063 προλαϐοῦσα
2895 987 2996 1051 τὰς
3048 986 3294 1051 νεάνιδας
3351 987 3585 1058 εἰσήχθη,
3636 987 3754 1040 καὶ,

2179 1081 2449 1151 παρέστη
2481 1083 2560 1148 ὡς
2575 1081 2923 1146 βασίλισσα
2958 1079 3027 1132 ἐκ
3052 1076 3268 1143 δεξιῶν
3294 1077 3401 1132 τοῦ
3416 1077 3708 1143 βασιλέως,

2177 1173 2550 1245 ἐνίματισμῷ
2568 1172 2894 1242 διαχρύσῳ,
2918 1171 3058 1226 κατὰ
3077 1171 3168 1225 τὸν
3188 1161 3349 1224 Ἁαυῖδ
3367 1187 3380 1200 ·
3413 1171 3533 1242 περὶ
3557 1170 3608 1223 δὲ
3623 1169 3714 1223 τῶν

2177 1265 2454 1332 νεανίδων,
2503 1265 3023 1336 ἀπενεχθήσονται
3063 1263 3142 1331 τῷ
3179 1263 3430 1329 ,βασιλεῖ
3469 1263 3714 1332 παρθένοι

2179 1357 2372 1409 ὀπίσω
2405 1355 2617 1424 αὐτῆς,
2648 1356 2834 1410 καὶτὰ
2866 1355 3011 1427 ἑξῆς.

2189 1447 2612 1518 Ἀγαπήσωμεν
2634 1448 2905 1518 μαστούς
2932 1462 3050 1518 σου
3077 1445 3230 1514 ὑπὲρ
3259 1441 3428 1500 οἶνον
3449 1461 3464 1476 ·
3495 1445 3716 1513 εὐθύτης

2765 1515 3044 1588 mannos
3069 1531 3162 1571 σε.

2249 1610 2454 1678 Ἠγουν
2492 1613 2541 1664 εί
2568 1610 2662 1664 καὶ⁸
2699 1609 2792 1664 νῦν
2834 1609 2902 1664 δι’
2935 1608 3218 1664 ἀσθένειαν
3263 1608 3401 1680 ὑπερ
3453 1623 3572 1670 τους
3613 1623 3718 1672 σους

2139 1740 2146 1746 .
2178 1702 2417 1771 μαστοὺς
2432 1703 2755 1771 ἀγαπῶμεν,
2783 1697 2829 1755 ὦ
2855 1701 3074 1773 νυμφίε,
3095 1701 3186 1756 τὸν
3210 1695 3508 1766 οἷνον,ὅταν
3530 1699 3720 1770 βελτιω·

2175 1792 2377 1866 θῶμεν,
2405 1794 2546 1866 ὑπὲρ
2567 1793 2756 1848 τοῦτον
2777 1793 2973 1857 αὐτοὺς
2996 1794 3235 1864 ἀγαπᾷν.
3252 1820 3323 1834 -
3351 1789 3507 1854 Divo;
3533 1790 3623 1861 μὲν
3641 1786 3718 1844 οὖν

493 1898 610 1939 tnas
653 1892 780 1953 tuas
835 1884 1257 1939 amabimus.-—
1287 1882 1486 1938 Vinum
1539 1896 1701 1954 porro
1751 1881 2070 1948 lzetiﬁcans,

2175 1886 2482 1958 εὐφραίνων
2511 1885 2778 1949 νεάνιδας,
2805 1884 2875 1938 τὰ
2915 1884 3146 1957 νομικὼ
3175 1884 3294 1956 ἡδὲ
3332 1883 3616 1954 τελειότης,
3640 1881 3718 1933 τοῦ

490 1975 625 2048 legis
687 1987 954 2048 praecepta
1034 1985 1200 2044 sunt;
1277 1977 1538 2046 perfectio
1593 1985 1811 2043 autem,
1875 1975 2072 2048 Sponsi

491 2083 778 2135 mammae;
829 2067 1020 2123 deinde
1045 2078 1104 2122 ut
1137 2068 1433 2138 explicaret
1487 2082 1583 2122 cur
1607 2083 1714 2124 non
1764 2069 1941 2123 forma
1996 2067 2074 2123 di-

490 2157 712 2229 ligatur,
757 2160 854 2226 ail,
902 2159 1182 2215 Rectitudo
1228 2161 1416 2215 dilexit
1468 2168 1537 2215 te.
1585 2159 1696 2215 Nos
1742 2171 1921 2214 autem
1953 2159 2072 2216 vias

489 2253 730 2310 nondum
760 2261 973 2309 nostras
999 2263 1176 2309 rectas
1199 2252 1448 2309 fecimus.

487 2342 652 2399 Vsus.
693 2344 748 2398 4.
803 2344 972 2415 Nigra
1010 2361 1126 2415 sunt
1175 2355 1222 2400 et
1255 2344 1484 2415 formosa
1507 2384 1523 2411 ,
1579 2344 1705 2415 filia;
1743 2342 2064 2411 Jerusalem,

545 2417 680 2468 sicut
716 2414 1056 2470 tabernacula
1081 2414 1276 2482 Cedar,
1317 2417 1451 2470 sicut
1481 2415 1639 2484 pelles
1669 2414 1996 2469 Salomonis.

557 2505 683 2560 Haec
716 2515 898 2560 autem
931 2506 1064 2562 dicit
1091 2507 1330 2562 Ecclesia
1361 2509 1602 2577 gentium
1645 2506 1932 2563 animabus
1973 2504 2066 2562 Je-

482 2598 756 2665 rusalem,
809 2599 922 2653 sive
985 2598 1086 2668 ipsi
1145 2598 1485 2666 Jerusalem,
1530 2599 1866 2670 nigredinem
1922 2600 2063 2656 illius

483 2689 820 2757 agnoscenti,
846 2703 912 2744 eo
941 2691 1086 2759 quod
1113 2704 1181 2744 ex
1211 2691 1460 2760 patribus
1487 2706 1586 2746 nec
1617 2691 1918 2747 illustribus
1960 2707 2061 2748 nec

481 2776 803 2834 llluminatis
835 2789 954 2833 orta
987 2779 1079 2844 sit,
1112 2792 1508 2852 proptereaque
1537 2781 1690 2853 nigro
1713 2782 1909 2848 colori,
1945 2784 2059 2838 sive

481 2869 722 2925 tenebris
748 2882 1114 2940 comparatur.
1142 2871 1374 2928 Pulchra
1412 2884 1590 2929 autem
1623 2874 1766 2930 facta
1810 2889 1907 2946 per
1936 2890 2054 2930 ver-

477 2959 608 3014 bum
664 2960 807 3029 quod
864 2963 1102 3029 recepit,
1142 2964 1474 3018 assimilatur
1514 2964 1765 3021 tentoriis
1809 2963 2056 3020 Salomo-

476 3047 586 3115 nis,
603 3046 829 3119 altisque
847 3051 1223 3120 splendoribtts
1247 3067 1392 3122 quos
1409 3053 1650 3123 possedit
1674 3053 1725 3110 in
1747 3053 1917 3125 gloria
1934 3069 2050 3110 sua.

477 3140 645 3198 Vens.
673 3141 726 3198 5.
753 3141 930 3199 Nolite
950 3161 1031 3200 me
1061 3147 1414 3219 considerare,
1442 3147 1581 3219 quod
1611 3147 1762 3218 fusca
1785 3148 1907 3215 sim,
1924 3148 2054 3219 quia

1025 3217 1258 3285 despexit
1283 3234 1364 3272 me
1388 3217 1489 3274 sol.

545 3302 772 3362 Scilicet
829 3306 955 3377 quia
987 3307 1331 3363 obscuratum
1381 3317 1608 3379 peccato
1652 3309 1908 3367 Christus
1955 3311 2052 3368 de-

471 3398 654 3468 spexit
677 3399 748 3454 ob
778 3397 1251 3466 incredulitatem;
1275 3415 1435 3474 quem
1469 3401 1689 3471 quidem
1711 3400 1936 3471 Iustitiae
1963 3417 2054 3459 so-

472 3487 580 3544 lent
615 3489 885 3558 appellant
917 3490 1237 3559 Scriptura.

469 3580 640 3638 Vens.
678 3582 732 3638 5.
764 3582 1107 3655 Filiimatris
1139 3599 1268 3637 metu
1308 3596 1668 3655 pugnaverunt
1710 3585 1766 3640 in
1803 3601 1883 3640 me
1905 3625 1922 3651 ,
1956 3601 2052 3654 po-

542 3663 760 3775 sueruétt
786 3668 865 3737 rue
902 3653 1171 3708 custodem
1192 3655 1248 3708 in
1273 3653 1471 3718 vineis;
1518 3655 1720 3712 vincant
1752 3670 1919 3710 meum
1945 3672 2049 3712 non

543 3733 688 3775 custo
731 3739 816 3775 nn.

543 3733 816 3778 custodiet.

548 3815 770 3877 Scilicet
803 3814 1052 3886 discipuli
1095 3815 1298 3872 Christi
1345 3817 1626 3886 cupientes
1664 3817 1905 3874 docendo
1951 3835 2048 3889 pu-

471 3904 690 3962 riﬁcare
732 3921 818 3963 me
856 3922 887 3962 a
919 3907 1190 3978 perversis
1223 3907 1470 3964 consiliis
1510 3924 1630 3978 qua:
1675 3916 1862 3966 contra
1895 3911 2047 3966 illum

469 4000 772 4068 iniveram,
823 4002 1374 4076 suggestionibusque
1440 4005 1746 4060 daemonum
1804 4005 1855 4058 in
1930 4006 2046 4060 hinc

466 4107 692 4164 operam
742 4090 1163 4158 conferentium,
1197 4093 1284 4148 his
1317 4093 1628 4164 pugnabant
1660 4094 1712 4149 in
1748 4109 1854 4161 tuo,
1900 4093 2047 4164 ejus-

465 4182 586 4236 dem
624 4199 689 4237 ac
741 4199 835 4252 ego
872 4186 1060 4238 matris
1091 4184 1226 4252 ﬁlii,
1271 4184 1538 4244 libertatis
1580 4187 1742 4242 dico:
1773 4186 2042 4258 siquidem

465 4275 575 4343 illi,
615 4291 715 4347 per
761 4278 1082 4334 electionem
1129 4280 1393 4350 separati,
1436 4281 1702 4351 assumpti
1741 4294 1902 4348 sunt,
1942 4297 2044 4350 ego

464 4378 648 4424 autem
685 4378 1067 4426 testamentum
1098 4372 1398 4428 secundum
1427 4373 1702 4434 caelestem
1740 4371 2042 4430 Jerusalem

463 4461 676 4530 accepi,
703 4469 757 4516 et
789 4477 886 4531 per
921 4464 1339 4532 promissionem
1381 4475 1696 4536 regenerata
1729 4482 1894 4539 sum,
1919 4465 2039 4522 Non

460 4566 595 4608 vero
658 4551 806 4608 illam
868 4556 1020 4624 prius
1083 4558 1302 4626 quidem
1376 4559 1648 4615 custodem
1707 4570 2036 4627 posuerunt,
2071 4588 2114 4644 υ

460 4654 648 4715 postea
683 4656 863 4701 autem
907 4648 1386 4719 impugnaverunt:
1417 4652 1510 4706 sed
1537 4652 1686 4720 prius
1714 4651 2037 4722 impugnan-

464 4745 577 4802 tes.
632 4736 882 4793 idoneam
935 4739 1086 4794 illam
1143 4738 1470 4796 ieceruntut
1523 4743 1580 4797 in
1623 4742 1797 4798 vineis
1851 4753 2040 4798 custos

459 4839 849 4898 poueretur....
889 4831 1104 4904 Moyses
1133 4823 1310 4888 autem
1346 4837 1436 4892 ille
1471 4847 1526 4893 et
1569 4838 1870 4907 prophetze,
1899 4851 2037 4906 quo-

459 4932 578 4973 rum
632 4923 1008 4992 unusquisque
1051 4940 1182 4994 ager
1221 4936 1344 4986 erat
1393 4928 1582 4992 plenus
1628 4930 1714 4985 cui
1762 4929 2035 4986 benedixit

455 5007 1027 5073 Dominus..............

461 5252 621 5309 Vens.
655 5254 707 5327 7.
733 5255 796 5311 Si
828 5258 1043 5327 ignoras
1072 5267 1142 5325 te,
1165 5276 1194 5314 ο
1211 5261 1563 5326 pulcherrima
1596 5264 1732 5317 inter
1753 5261 2026 5322 mulieres,

518 5325 863 5405 egredere,_et
893 5328 979 5381 abi
1003 5339 1118 5405 post
1155 5331 1368 5401 vestigia
1391 5349 1603 5401 gregum
1623 5376 1639 5402 ,
1671 5345 1718 5387 et
1734 5349 1889 5405 pasce
1919 5334 2030 5388 lue-

519 5397 614 5448 dos
636 5405 752 5449 tuos
766 5397 928 5468 juxta
960 5397 1300 5455 tabernacula
1317 5397 1610 5472 paStor'unt.

523 5545 906 5622 Pervulgatum
933 5553 1064 5608 illud
1091 5557 1235 5624 apud
1259 5555 1480 5614 Grzncos
1503 5559 1812 5631 dicterinm,
1851 5561 2029 5619 Nosce

456 5643 682 5711 teipsum
709 5685 725 5712 ,
757 5661 786 5700 a
825 5647 1072 5716 sapiente
1119 5649 1407 5711 Salomone
1453 5667 1890 5726 praeoccupatum
1920 5668 2021 5713 est.

2176 1978 2413 2048 νυμφίου
2442 1976 2675 2049 μαστοίσ
2717 1971 2838 2030 εἶτα
2883 1977 2966 2041 είς
3019 1976 3315 2045 ἀπολογίαν
3362 1975 3460 2030 τοῦ
3509 1974 3580 2046 μὴ
3624 1973 3720 2044 εἴδη

2175 2070 2416 2140 ἀγαπᾷν,
2450 2068 2654 2140 φησίν·
2686 2069 2964 2137 nossem
2997 2067 3277 2138 ἠγάπησέ
3327 2083 3435 2122 σε’
3485 2067 3636 2137 ἡμεῖς
3673 2063 3720 2115 δὲ

2173 2158 2328 2215 olim»
2353 2159 2453 2224 τὰς
2481 2158 2691 2215 ἑαυτῶν
2714 2159 2936 2233 πορείας
2961 2158 3176 2224 εὐθείας
3204 2157 3600 2231 ἐποιησάμεθα.

2169 2337 2439 2426 διέβαιτῖά
2481 2340 2600 2426 ειμι
2618 2339 2725 2426 re?
2970 2337 3286 2426 θγταῑέρςς
3329 2337 3722 2426 eadem

2241 2409 2322 2475 ὡς
2352 2408 2714 2478 σκηνώματα
2753 2408 2974 2478 Κηδὰρ,
3001 2409 3081 2476 ὡς
3110 2409 3337 2478 δέρῤεις
3366 2408 3662 2479 Σαλομὼν.

2237 2496 2401 2567 Λέγει
2431 2497 2486 2552 δὲ
2515 2499 2548 2570 ἡ
2575 2497 2637 2564 ἐξ
2662 2497 2830 2552 ἐθνῶν
2859 2498 3154 2572 Ἐκκλησία
3178 2497 3351 2554 ταῦτα
3399 2499 3534 2571 πρὸς
3565 2499 3654 2563 τὰς
3675 2498 3724 2566 ἐξ

2179 2592 2532 2664 Ἰερουσαλὴμ
2558 2591 2756 2664 ψυχὰς,
2782 2595 2902 2665 ἦτοι
2921 2594 3020 2666 τὴν
3050 2592 3428 2667 Ἰερουσαλὴμ,
3452 2592 3722 2665 ὁμολογοῦο

2166 2701 2265 2739 σαν
2287 2684 2348 2738 τὸ
2379 2684 2570 2756 μέλαν,
2603 2683 2693 2738 διὰ
2722 2684 2783 2738 τὸ
2814 2683 2890 2757 μὴ
2929 2685 2993 2738 ἐκ
3016 2684 3280 2758 λαμπρῶν
3329 2687 3467 2759 μηδὲ
3501 2702 3722 2756 πεφωτι-

2165 2775 2378 2849 σμένων
2398 2775 2535 2830 πατὲ
2545 2794 2651 2848 ρων
2673 2794 2688 2809 ο
2725 2776 2807 2832 διὸ
2841 2777 2934 2832 καὶ
2960 2777 3253 2850 σκοτασμῷ
3277 2777 3721 2852 παραδὰλλεσθαι·

2163 2867 2300 2941 καλὴ
2329 2868 2385 2922 δὲ
2417 2868 2506 2923 διὰ
2536 2869 2628 2924 τὸν
2658 2870 2816 2939 λόγον
2851 2870 2908 2924 ὃν
2941 2869 3304 2942 παρεδέξατο⁸
3353 2871 3452 2926 καὶ
3497 2870 3733 2944 δέρῤεσιν

2161 2960 2398 3015 ἐοικέναι
2418 2959 2512 3014 τοῦ
2547 2959 2806 3033 Σαλομὼν
2839 2961 2905 3025 ἃς
2938 2956 3104 3033 εἶχεν,
3160 2959 3277 3031 μεθ’
3305 2953 3383 3016 ὧν
3407 2961 3583 3017 ἄλλων
3619 2958 3728 3012 ἐκέ-

2160 3069 2328 3124 κτητο
2356 3053 2414 3106 ὲν
2439 3055 2504 3126 τῇ
2537 3052 2665 3127 δόξῃ
2689 3051 2876 3107 αὐτοῦ.

2159 3143 2255 3214 Μὴ
2297 3143 2576 3214 ,ϐλέψητέ
2601 3161 2680 3214 με
2710 3143 2813 3232 ἑτέ
2990 3147 3106 3232 ειμι
3127 3144 3623 3232 μεμελανωμέιή,
3650 3143 3728 3196 ὅτι

2578 3213 2919 3284 παρέϐλεψέ
2945 3232 3023 3286 με
3041 3213 3093 3271 ίδ
3121 3213 3314 3284 ἥλιος.

2227 3307 2298 3360 Ἢ
2355 3307 2438 3362 ὅτι
2498 3307 2879 3362 σκοτισθεϊσάν
2933 3325 3002 3379 με
3058 3307 3124 3378 τῇ
3174 3307 3449 3380 ἁμαρτίᾳ,
3510 3304 3729 3379 Χριστὸς

2151 3397 2374 3469 παρεῖδε
2406 3397 2496 3452 διὰ
2519 3397 2616 3471 τὴν
2637 3399 2895 3454 ἀπιστίαν
2910 3415 2923 3429 '
2962 3398 3021 3454 δν
3043 3399 3193 3472 ἥλιον
3215 3399 3569 3471 δικαιοσύνης
3613 3399 3732 3452 ἀνα-

2149 3488 2467 3561 γορεύουσιν
2491 3491 2547 3545 αἱ
2572 3490 2806 3563 Γραφαί.

2158 3581 2278 3635 Υἱοὶ
2296 3583 2523 3652 μητρός
2549 3599 2670 3651 μου
2703 3581 3081 3652 ἐμαχέσαντο
3127 3581 3197 3636 ἐν
3224 3582 3356 3652 ἐμοί
3379 3598 3394 3614 ·
3426 3581 3637 3637 ἕθεντό
3662 3595 3730 3652 με

2217 3650 2613 3723 semidam-aur
2661 3650 2745 3706 ἐνῇ
2776 3650 3158 3723 ἀμπελῶσιν·
3220 3650 3557 3723 ἀμπελῶνα
3594 3650 3731 3721 ἐμὸν

2219 3723 2332 3774 οὐκ
2363 3720 2659 3790 ἐφύλαξα.

2221 3811 2430 3880 Ἤγουν
2458 3812 2508 3864 οί
2537 3812 2882 3878 διδάσκοντες
2921 3814 3166 3886 μαθηταὶ
3211 3811 3307 3868 τοῦ
3351 3813 3621 3887 Χριστοῦ,
3650 3828 3741 3864 και.

2148 3900 2314 3972 θᾶραί
2340 3919 2408 3973 με
2425 3901 2532 3956 τῶν
2555 3902 2693 3974 πρὸς
2717 3903 2909 3958 τούτου
2935 3904 3254 3977 βουλόμενοι
3294 3906 3559 3977 πονηρῶν
3603 3905 3734 3971 λογι-

2149 3991 2324 4064 σμῶν,
2393 3993 2489 4047 καὶ
2555 3994 2664 4048 τῶν
2724 3996 3128 4068 συνεργούντων
3192 3997 3370 4052 ταῦτα
3443 3995 3732 4066 δαιμόνων,

2143 4085 2521 4157 ἐμαχέσαντο
2550 4087 2764 4152 τούτοις
2789 4091 2846 4143 ὲν
2866 4089 3010 4160 ἐμοὶ,
3042 4088 3153 4157 τῆς
3173 4087 3362 4157 αὐτῆς
3387 4107 3497 4159 μοι
3513 4087 3734 4159 μητρὸς

2145 4178 2316 4245 ὄντες
2339 4179 2480 4246 υἱοὶ,
2512 4180 2612 4253 τῆς
2641 4179 2955 4250 ἐλευθερίας
2986 4181 3131 4252 φημί
3149 4198 3163 4213 ο
3185 4181 3239 4234 oi
3261 4181 3358 4253 μὲν
3398 4183 3485 4246 εἰς
3512 4181 3576 4236 τὸ
3619 4179 3731 4233 κατ’

2144 4264 2374 4337 ἐκλογὴν
2410 4265 2630 4338 χάριτος
2682 4269 2888 4340 λεῖμμα
2933 4270 3470 4342 ἀναλαμϐανόμενοι·
3527 4267 3642 4339 ἐγὼ
3680 4268 3732 4322 δὲ

2141 4353 2238 4426 τὴν
2262 4355 2403 4410 κατὰ
2445 4357 2543 4429 τὴν
2591 4360 2699 4414 ἄνω
2760 4361 3100 4433 Ῑερουσαλὴμ
3144 4361 3412 4434 διαθήκην
3464 4362 3728 4421 λαϐοῦσα,

2143 4447 2236 4500 καὶ
2273 4446 2331 4514 ἐξ
2381 4447 2714 4518 ἐπαγγελίας
2757 4449 3202 4522 ἀναγεννωμένη.
3231 4451 3306 4504 Οὐ
3358 4452 3638 4526 πρότερον
3679 4448 3732 4502 δὲ

2140 4534 2342 4605 ταύτην
2357 4538 2564 4590 ἔθεντο
2583 4537 2999 4606 φυλάκισσαν,
3031 4534 3148 4592 εἶτα
3169 4539 3541 4611 ἐμα)ίέι;·εινϊο⁸
3569 4556 3734 4611 μαχε·

2144 4627 2366 4694 σάμενοι
2387 4627 2442 4682 δὲ
2471 4628 2690 4700 πρῶτον
2727 4630 3042 4701 ἐπιτηδείαν
3077 4631 3462 4703 ἐποίησαντοῦ
3505 4632 3733 4704 τεθῆναι

2142 4720 2202 4772 ὲν
2254 4719 2572 4790 ἀμπελῶσιν
2624 4721 2706 4784 είς
2762 4721 3079 4793 φυλακήν...
3137 4723 3374 4796 Μωῦσῆς
3430 4726 3494 4779 δὲ
3555 4721 3731 4788 οὗτος,

2140 4809 2235 4863 καὶ
2263 4811 2313 4863 οἱ
2343 4811 2654 4883 προφῆται,
2704 4803 2779 4866 ὧν
2817 4812 3047 4878 ἕκαστος
3077 4815 3245 4887 ἀγρὸς
3281 4810 3349 4888 ἦν
3387 4816 3641 4890 πλήρης,
3675 4817 3733 4871 ὃν

2139 4900 2403 4972 εὐλόγησε
2427 4902 2704 4974 Κύριοςο..
2731 4905 2824 4957 καὶ
2851 4903 3110 4976 ἀμπελὼν
3131 4909 3187 4959 ὲν
3202 4904 3283 4970 οἷς
3297 4925 3384 4972 τις
3403 4911 3734 4980 γενόμενος,

2137 4992 2232 5046 καὶ
2293 4994 2392 5066 τὴν
2450 4995 2721 5068 προτέραν
2779 4994 2891 5060 ἕξιν
2934 4996 3127 5050 ἑαυτοῦ
3183 4998 3255 5070 μὴ
3293 5001 3485 5071 τηρῶν
3541 5001 3622 5066 ὡς
3669 5002 3735 5052 ἐκ

2136 5085 2384 5156 Σοδόμων
2417 5086 2768 5159 ὑπάρχουσαν
2797 5088 3121 5159 ἀμπελῶνα,
3147 5089 3225 5161 τῷ
3259 5091 3498 5164 παρόντι
3533 5092 3736 5164 κέχρη-

2132 5192 2222 5230 ται
2249 5175 2412 5249 λόγῳ.

2145 5267 2280 5352 Ἑᾴν
2320 5266 2418 5352 μὴ
2473 5268 2628 5352 πνῴς
2689 5271 2962 5352 σεαυτὴν
3008 5274 3048 5352 ᾗ
3099 5272 3256 5342 καλὴ
3297 5273 3368 5352 έν
3409 5277 3730 5352 γυναιξίν,

2200 5337 2410 5413 ἔξελθε
2441 5339 2524 5392 σὺ
2554 5337 2938 5413 ένᾼπτέρναιζι
2969 5337 3088 5398 τῶν
3106 5337 3396 5413 ποιμνίων
3417 5337 3580 5413 σου,
3623 5337 3730 5401 παὶ

2200 5407 2477 5531 ξοίμὲιινε
2507 5409 2610 5475 τὰς
2630 5407 2877 5480 ἐρίφους
2906 5407 3021 5467 σου
3062 5413 3161 5466 ἐπὶ
3190 5407 3577 5484 σκηνώμασί
3611 5415 3738 5470 τῶν

2201 5509 2220 5528 υ
2248 5494 2342 5545 οιμ
2377 5495 2516 5533 νων.

2201 5572 2276 5625 Τὸ
2318 5573 2757 5648 πολυθρύλλητον
2809 5577 2865 5632 δὲ
2909 5577 3044 5651 παρ’
3086 5579 3344 5652 Ἕλλησιν
3386 5579 3737 5651 ἐπίφθεγμα

2133 5664 2489 5736 προείληπται
2553 5669 2858 5742 παραδοθὲν
2907 5669 2986 5740 τῷ
3057 5673 3206 5744 σοφῷ
3263 5672 3617 5744 Σολομῶντι,
3671 5673 3740 5726 τδ

522 5801 542 5829 '
578 5803 595 5854 l
630 5800 757 5857 Cor.
791 5819 852 5870 tt,
891 5805 979 5872 12,
1022 5807 1106 5864 l6.
1185 5811 1206 5842 ⁸
1246 5812 1264 5866 Ι
1303 5813 1427 5870 Cor.
1471 5830 1532 5882 tt,
1565 5820 1618 5874 9.
1715 5819 1735 5849 ’
1771 5819 1975 5876 Coloss.
2006 5838 2066 5887 ιι.

2224 5825 2266 5856 ¹⁰
2302 5823 2442 5881 Psal.
2473 5843 2618 5893 XLIV,
2651 5828 2733 5883 10.
2817 5828 2857 5861 ⁸¹
2889 5828 3017 5885 ibid.
3047 5831 3110 5886 ιε’
