3926 6528
481 363 595 422 259

1338 360 1904 422 SUPPLEIENTUM
1934 358 2025 415 AD
2062 350 2389 415 ORIGEms
2418 347 2832 407 EXEGETICA.

3636 343 3744 399 960

484 484 654 542 Ἶσις.
692 485 778 541 ll.
834 482 971 539 Dum
999 493 1134 539 esset
1177 499 1271 537 rex
1316 484 1373 536 in
1413 483 1658 538 accubitu
1692 499 1812 547 suo,
1859 480 2058 537 naritus

2169 474 2317 541 Ἕως
2347 464 2422 527 οὗ
2452 468 2487 526 ό
2510 467 2813 547 ,βασιλεὺς
2922 464 3241 547 ἀνακλίσει
3259 461 3486 546 μὺτοῦ,
3528 461 3745 531 νάρδος

979 571 1092 609 mea
1127 554 1270 607 dedit
1303 554 1540 609 odorem.

557 667 756 739 Sponsi
790 668 935 725 enim
963 666 1099 723 dicit
1123 668 1371 733 odorem,
1398 667 1604 723 nanda:
1632 682 1773 732 mea,
1794 680 1905 736 qua
1935 680 2059 723 eum

486 759 642 825 unxi,
673 759 840 815 dedit.
892 757 1141 829 Namque
1172 774 1301 813 cum
1341 757 1460 828 ipsa
1509 759 1731 828 propria
1765 759 1938 814 nardo
1968 772 2064 828 pe-

486 852 584 908 des
616 851 861 908 tinxisset
908 850 1061 915 Iesu,
1096 859 1154 906 et
1207 850 1260 905 iu
1311 858 1477 919 caput
1513 851 1768 912 fudisset.
1800 851 1942 905 hanc
1993 864 2095 904 er

481 942 656 999 odore
687 943 870 1008 sponsi
926 940 1187 997 refectam
1235 940 1437 1012 prioris
1466 941 1585 995 vice
1602 941 1824 1011 'accepit
1848 940 1913 993 η.
1944 938 2059 1006 Qua

481 1034 651 1107 igitur
675 1035 856 1106 capite
886 1033 1154 1101 delibuto,
1181 1033 1476 1099 exclamat,
1506 1031 1729 1089 Nardus
1760 1048 1876 1088 mea
1917 1031 2060 1085 dedit

480 1126 617 1182 mihi
650 1126 834 1196 sponsi
882 1126 1119 1181 odorem.
1151 1123 1390 1195 Ideoque
1424 1122 1571 1179 velut
1607 1137 1639 1179 e
1672 1136 1903 1192 corpore
1931 1118 2059 1175 Jesu

481 1217 707 1274 domum
736 1226 907 1273 totam
938 1214 1184 1287 implevit
1213 1213 1494 1285 discipulae
1533 1223 1892 1285 unguentum.

482 1479 650 1538 Vens.
687 1480 770 1532 l2.
804 1476 1119 1552 Fasciculus
1172 1482 1406 1552 myrram
1437 1479 1662 1552 dilectus
1709 1494 1855 1534 meus
1903 1479 2057 1545 mihi,

470 1574 475 1579 ι
797 1551 934 1602 inter
969 1550 1129 1604 ubera
1161 1550 1278 1606 mea
1308 1551 1739 1605 commorabitur.
1776 1558 1781 1562 '

550 1659 846 1730 Postquam
877 1660 986 1715 dixi
1020 1661 1202 1728 sponsi
1239 1664 1465 1718 nardum
1492 1678 1651 1717 suum
1682 1663 1813 1718 mihi
1837 1664 2058 1719 odorem

478 1752 714 1817 dedisse,
753 1768 897 1809 nunc
928 1754 1159 1825 subjicin
1186 1754 1354 1809 filium
1406 1754 1596 1811 fratris
1647 1757 1750 1811 mei
1778 1757 2056 1827 myrrham

2608 533 2835 593 ἔδωκέν
2862 535 3067 606 ὀσμὴν
3101 533 3311 588 αὑτοῦ.

2243 658 2353 731 Τὴν
2370 653 2830 727 γὰρτοῦνυμφίου
2857 653 3021 726 φησὶν
3051 652 3227 725 ὀσμὴν
3249 652 3288 722 ἠ
3310 650 3424 721 ἐμὴ
3446 648 3668 719 νάρδος
3687 650 3746 703 ἐν

2161 742 2199 823 ᾖ
2231 748 2393 803 αὐτὸν
2426 745 2643 820 ἧλειψα,
2672 746 2904 799 δέδωκε·
2940 748 3007 816 τῇ
3038 744 3147 817 γὰρ
3178 742 3382 813 ἑαυτῆς
3418 740 3598 814 νάρδῳ
3618 740 3747 804 τοὺς

2162 840 2328 904 πόδας
2356 838 2625 906 ἀλείψασα
2661 836 2758 891 τοῦ
2803 838 3000 909 Ἰησοῦ,
3029 838 3122 892 καὶ
3159 838 3281 900 ταῖς
3323 833 3499 907 θριξὶν
3524 833 3745 905 ἀπομά-

2162 929 2322 997 ξασα,
2372 927 2891 1001 μεταπεποιημένην
2921 930 2987 983 ὲκ
3034 930 3135 1000 τῆς
3156 928 3334 1000 ὀσμῆς
3360 926 3456 981 τοῦ
3508 927 3744 998 νυμφίου

2161 1020 2365 1093 ταύτην
2410 1020 2703 1075 ἀνέλαὸεν·
2751 1015 2821 1093 ἦς
2873 1019 3235 1091 αἰσθανομένη
3284 1019 3449 1091 φησὶν
3493 1019 3587 1071 ἐπὶ
3644 1019 3746 1091 τὴν

2130 1114 2135 1121 ’
2163 1112 2405 1185 κεφαλὴν
2455 1110 2716 1182 ἐλθούσης
2758 1109 2824 1163 Ἡ
2857 1108 3226 1180 ἐμὴξνὰρδος
3252 1108 3441 1163 ἔδωκέ
3469 1126 3578 1193 μοι
3631 1107 3749 1176 τὴν

2163 1204 2258 1260 τοῦ
2308 1202 2543 1276 νυμφίου
2577 1201 2813 1272 ὀσμήνο
2848 1201 3034 1275 διόπερ
3090 1200 3166 1266 ὡς
3212 1200 3320 1255 ἀπὸ
3357 1200 3468 1254 τῶν
3518 1200 3748 1272 χρωτῶν

2175 1293 2351 1367 Ἰησοῦ
2378 1295 2478 1367 τὴν
2506 1292 2684 1348 οίκίαν
2713 1292 2842 1364 ὅλην
2884 1293 3168 1366 ἐπλήρωσε
3207 1292 3307 1364 τῆς
3349 1292 3660 1365 μαθητρίας
3688 1291 3749 1344 τὸ

2209 1404 2239 1439 υ
2248 1403 2356 1440 οον.

2209 1404 2239 1439 υ
2309 1403 2356 1440 ν.

2166 1399 2545 1559 ε’.Αιξιῗίιδᾏεονιέοςι
2595 1476 2706 1559 τῆς
2753 1474 3022 1557 σταχτῇς
3050 1475 3563 1559 ἁδελφιδοῦςίιου
3592 1476 3744 1547 ἐμοὶ,

2262 1549 2381 1604 ἀνὰ
2393 1544 2589 1617 μέσον
2619 1544 2737 1602 τῶν
2761 1544 3010 1618 μαστῶν
3030 1564 3150 1616 μου
3182 1544 3615 1614 αὐλισθήονεται

2230 1661 2476 1717 Είποῦσα
2504 1662 2603 1733 τὴν
2631 1662 2825 1735 νάρδον
2872 1661 2968 1716 τοῦ
3021 1660 3255 1732 νυμφίου
3307 1661 3598 1716 δεδωκέναι
3652 1680 3741 1732 μοι

2162 1753 2261 1826 τὴν
2291 1755 2488 1827 ὀσμὴν,
2518 1753 2613 1807 νῦν
2652 1771 2797 1825 φημι
2822 1754 2914 1807 τὸν
2943 1752 3255 1823 ἀδελφιδοῦν
3280 1769 3382 1823 μου
3405 1752 3590 1805 πνέειν
3613 1769 3743 1806 στα-

480 1860 588 1900 ηοη
618 1843 867 1910 effusam,
904 1860 1080 1914 neque
1130 1844 1283 1900 foras
1321 1845 1635 1901 exhalatam
1689 1848 1921 1915 spirare,
1962 1847 2055 1902 sed

2169 1846 2294 1917 κτῆς
2316 1847 2378 1900 οὐ
2404 1845 2779 1916 διαχεομένης,
2809 1843 2917 1897 οὐδ’
2944 1844 3047 1908 ἔξω
3075 1842 3338 1914 πνεούσης
3356 1859 3371 1875 ⁸
3400 1842 3512 1895 ἀλλ’
3544 1842 3743 1895 ἀποδε-

478 1946 792 1991 concretam
824 1945 876 1991 et
907 1936 1072 1991 densa
1110 1936 1381 1992 suavitate
1424 1937 1777 2010 fragrantem.
1810 1941 2058 1996 Fratrem

479 2040 613 2081 vero
645 2025 880 2097 primum
934 2027 1144 2084 habens
1177 2027 1436 2098 populum
1469 2030 1758 2100 gentilium
1793 2031 2060 2101 Ecclesia,

479 2128 606 2167 cum
631 2130 698 2170 ex
724 2116 818 2170 illo
850 2118 1150 2172 secundum
1176 2131 1398 2172 carnem
1434 2128 1590 2174 ortus
1616 2130 1766 2176 esset
1787 2121 2059 2193 Christus,

481 2205 650 2259 lilium
681 2216 837 2261 vocat
861 2205 1046 2262 fratris
1075 2216 1131 2262 et
1156 2208 1361 2278 sponsi.
1392 2208 1588 2278 Aquila
1619 2218 1797 2264 autem
1826 2227 2065 2267 avuncu-

479 2298 592 2353 lum
624 2299 810 2365 dante,
842 2301 1131 2357 dicendurm
1157 2312 1366 2373 patrem
1401 2306 1523 2358 eSse
1554 2301 1840 2373 gentilium
1877 2304 2064 2359 Eccle-

480 2390 575 2446 sia:
608 2381 895 2462 antiquum
941 2396 1239 2465 populum;
1298 2411 1423 2451 cum
1479 2394 1703 2466 quidem
1766 2410 1833 2451 ex
1870 2410 2061 2452 eorum

479 2484 599 2557 lege
627 2494 683 2540 et
717 2486 999 2556 prophetis
1055 2487 1110 2541 in
1146 2486 1259 2544 Deo
1287 2488 1590 2559 generatio,
1644 2496 1816 2559 atque
1841 2504 1874 2546 e
1906 2488 2064 2545 nobis

480 2577 548 2631 ad
577 2576 832 2646 pietatem
857 2577 1104 2634 inductio
1128 2587 1425 2634 constaret.
1452 2579 1545 2635 Illo
1580 2578 1746 2651 igitur
1772 2580 1845 2635 ita
1872 2578 2065 2635 ell‘ccto

480 2682 693 2737 sponsae
740 2680 919 2739 patre,
967 2669 1222 2725 Salvator
1253 2670 1508 2727 similiter
1542 2671 1631 2739 iis,
1668 2670 1761 2743 qui
1803 2672 1905 2727 sub
1940 2670 2062 2741 lege

478 2763 658 2820 erant,
693 2754 863 2812 frater
892 2756 1067 2814 factus
1095 2767 1198 2815 est.

481 2932 647 2989 Vsus.
680 2932 762 2989 ιι.
809 2931 945 3005 Ecca
980 2945 1039 2990 tu
1069 2934 1291 3005 pulchra
1326 2953 1401 2995 es.
1431 2938 1605 2990 amica
1653 2955 1792 3003 mea,
1848 2957 1966 2995 cccc
2005 2953 2060 2995 tu

756 3000 973 3074 pulchra
1000 3000 1102 3061 εει
1132 3004 1274 3062 oculi
1297 3008 1375 3060 tui
1403 3000 1788 3064 columbarum.

551 3129 649 3185 llic
677 3129 831 3199 prius
864 3128 1083 3187 videtur
1112 3145 1308 3201 sponsa
1342 3129 1689 3186 manifestius
1714 3130 1901 3200 sponsi
1935 3130 2074 3201 pul-e

2086 3189 2129 3245 C

2159 1937 2392 2008 δεμένης
2415 1937 2510 1990 καὶ
2551 1935 2884 2005 πυκνότερον
2911 1934 3012 2004 τὴν
3033 1933 3259 1986 εὐωδίαν
3280 1933 3554 2004 διδούσης·
3586 1932 3740 1986 ἀδελ-

2162 2033 2262 2104 φὸν
2285 2030 2341 2085 δὲ
2363 2030 2454 2084 τὸν
2488 2028 2701 2100 πρῶτον
2725 2029 2989 2098 ἐσχηκυῖα
3015 2025 3144 2078 λαὸν
3171 2027 3205 2096 ἠ
3232 2024 3291 2090 ἐξ
3313 2021 3481 2078 ἐθνῶν
3514 2024 3744 2095 Ἐκκλη-

2162 2125 2273 2189 σία,
2305 2122 2533 2195 ἐπείπερ
2559 2121 2622 2187 ἐξ
2650 2119 2812 2175 αὐτοῦ
2850 2119 2911 2172 τὸ
2934 2118 3076 2172 κατά
3120 2118 3296 2188 σάρκα
3318 2113 3386 2189 ἦν
3408 2120 3437 2172 6
3481 2115 3744 2190 Χριστὸς,

2161 2215 2274 2268 υἱὸν
2297 2213 2567 2285 κέκληκεν
2594 2209 2825 2280 ἀδελφοῦ
2859 2209 2955 2264 καὶ
2995 2209 3261 2281 νυμφίου*
3296 2210 3389 2263 τοῦ
3439 2210 3495 2264 δὲ
3539 2209 3743 2263 Ἀκύλα

2162 2308 2515 2371 ἐκδεδωκότος
2538 2305 2932 2379 πατράδελφον,
2960 2304 3181 2358 λεκτέον
3220 2304 3433 2376 πατέρα
3468 2298 3610 2358 εἶναι
3642 2303 3745 2374 τῆς

2159 2403 2220 2469 ἐξ
2245 2400 2413 2454 ἐθνῶν
2436 2399 2764 2472 Ἐκκλησίας
2778 2397 2869 2451 τὸν
2900 2399 3070 2452 πάλαι
3091 2399 3235 2452 λαόν·
3261 2398 3382 2451 ἐπεὶ
3407 2399 3471 2450 ἐκ
3495 2396 3591 2451 τοῦ
3614 2398 3743 2469 παρ’

2159 2490 2388 2555 ἐκείνοις
2412 2490 2580 2561 νόμου
2611 2489 2840 2544 καὶτῶν
2873 2490 3168 2562 προφητῶν
3202 2491 3234 2561 ἠ
3270 2492 3328 2543 ὲν
3367 2488 3488 2559 Θεῷ
3530 2488 3745 2557 γένεσις

2161 2582 2256 2637 καὶ
2278 2584 2311 2655 ἡ
2346 2580 2407 2647 ἐξ
2431 2582 2586 2653 ημῶν
2605 2583 2686 2644 είς
2710 2580 2992 2636 εὐσέϐειαν
3015 2581 3226 2653 ὑπῆρξε
3259 2581 3557 2654 προαγωγὴ
3582 2597 3598 2611 ο
3628 2578 3747 2634 τού-

2159 2686 2254 2725 του
2284 2671 2463 2725 τοίνυν
2502 2670 2675 2735 οὕτως
2706 2670 3096 2742 ἀποδεδομένον
3134 2671 3234 2741 τῆς
3261 2670 3480 2743 νύμφης
3512 2669 3738 2741 πατρὸς,
3820 2697 3833 2707 -

2161 2761 2386 2829 ἀδελφὸς
2416 2762 2446 2815 6
2476 2761 2667 2834 Σωτὴρ
2710 2761 2911 2833 ὁμοίως
2972 2761 3202 2826 ἐκείνοις
3243 2762 3349 2816 ὑπὸ
3380 2762 3544 2833 νόμον
3590 2761 3743 2831 γενό-

2237 2869 2296 2904 νο
2333 2890 2346 2905 .

2165 2869 2327 3001 ᾕδοέ
2370 2940 2430 2999 εἷ
2478 2944 2660 3012 καλὴ,
2716 2944 2754 3013 ἡ
2801 2944 3071 3011 πλησίον
3102 2962 3243 3014 μου,
3281 2942 3409 2998 ἰδοὺ
3453 2943 3513 2998 σῖ
3547 2943 3740 3014 acadd-

2543 3015 2839 3086 ὀφθαλμοί
2860 3021 2983 3068 'Uov
3009 3014 3370 3083 περιστεραί.

2230 3128 2344 3184 Νῦν
2375 3129 2518 3183 ἔοικε
2567 3128 2830 3200 πρότερον
2869 3128 3233 3200 ὲνεωρακέναι
3278 3126 3616 3200 τρανώτερον
3664 3127 3744 3199 τῷ

477 3222 844 3279 claritudinem
902 3222 1190 3293 inspicere,
1217 3222 1443 3293 suisque
1481 3223 1854 3285 columbarum
1887 3223 2059 3279 oculis

2169 3220 2258 3276 τοῦ
2280 3223 2514 3293 νυμφίου
2542 3220 2729 3275 κάλλει
2769 3220 2803 3290 ἡ
2845 3218 3063 3290 νύμφη·
3095 3219 3190 3272 καὶ
3222 3218 3311 3272 διὰ
3345 3218 3454 3272 τῶν
3488 3235 3742 3290 περιστε-

477 3315 598 3387 ejus
632 3316 687 3371 in
729 3316 956 3373 rationis
1004 3318 1198 3373 decore
1227 3316 1652 3388 prtecellentiam
1711 3316 2059 3373 animadver-

479 3417 615 3463 tere.
661 3406 784 3463 Mox
833 3416 1015 3464 autem
1066 3424 1411 3465 communem
1464 3410 1637 3481 ipsius
1693 3409 1948 3465 lectulum
2005 3420 2061 3465 et

478 3497 666 3568 sponsi
695 3512 893 3567 corpus
927 3499 1203 3569 praedicat.
1233 3501 1422 3571 inquo
1450 3501 1633 3556 anima
1688 3502 1865 3557 adhuc
1906 3503 2062 3556 habi-

480 3599 605 3646 tans
629 3590 865 3646 rationis
884 3594 1168 3648 consortio
1191 3594 1466 3662 dignatur.
1496 3594 1639 3650 Dicit
1667 3595 1836 3667 igitur
1862 3594 2060 3651 Paulus

478 3693 709 3750 corpora
758 3690 943 3736 nostra
992 3681 1236 3736 membra
1264 3681 1468 3737 Christi
1496 3684 1706 3739 esse".
1740 3682 1841 3739 Per
1873 3695 2059 3740 nostra

480 3771 628 3825 enim
688 3785 922 3842 corpora
979 3785 1197 3841 sponsa:
1260 3786 1461 3843 corpus
1518 3774 1816 3840 significat,
1846 3783 1903 3830 et
1963 3791 2062 3846 per

479 3859 685 3914 Christi
722 3860 987 3926 membra,
1015 3861 1198 3930 sponsi
1234 3875 1451 3931 corpus.
1506 3862 1901 3919 Obumhratum
1933 3879 2063 3919 vero

480 3966 741 4023 sponsum
793 3952 927 4008 dicit
982 3964 1204 4021 propter
1241 3953 1603 4026 frequentiam
1636 3957 1868 4014 rationis
1897 3967 1954 4012 et
1976 3974 2063 4013 se-

479 4043 720 4111 quentia:
782 4044 1321 4114 contemplationum.
1384 4046 1540 4114 Quod
1633 4048 1678 4104 si
1749 4049 2062 4105 communis

481 4149 677 4205 sponsa
712 4145 941 4206 utraque
989 4135 1201 4206 floreat,
1248 4138 1384 4194 nihil
1433 4138 1632 4195 mirum
1659 4149 1717 4195 et
1749 4141 1801 4197 in
1833 4156 2064 4211 corpore

478 4240 700 4281 omnem
728 4228 974 4299 corporis
1005 4230 1211 4285 cultum
1239 4230 1596 4287 excellentem
1629 4232 1882 4287 inveniri.

1101 4389 1331 4449 CAPUT
1369 4390 1432 4447 ll.

568 4478 739 4534 Vsus.
779 4477 830 4534 l.
865 4478 978 4550 Ego
1006 4479 1107 4549 [los
1134 4482 1308 4550 campi
1343 4492 1392 4536 et
1422 4482 1598 4537 lilium
1627 4483 1970 4538 convallium.

2086 4545 2133 4600 ι)

556 4611 769 4669 Florem
809 4611 943 4668 dicit
994 4613 1214 4684 campi,
1262 4613 1355 4683 qui
1413 4613 1623 4669 fmctns
1682 4612 1796 4668 fiet.
1847 4614 1902 4669 In
1956 4616 2059 4670 hoc

486 4706 649 4777 igitur
677 4704 920 4760 terrestri
969 4704 1110 4771 loco,
1146 4705 1236 4776 qui
1270 4719 1496 4775 campus
1526 4705 1747 4766 dicitur.
1800 4704 1898 4760 llos
1954 4707 2061 4761 erit

485 4796 672 4869 sponsi
721 4798 949 4852 verbum
1002 4797 1054 4852 in
1107 4796 1370 4852 futurum.
1406 4795 1540 4850 Cum
1596 4795 1740 4849 cutim
1802 4811 2059 4851 consum-

484 4888 654 4944 matio
698 4888 929 4955 venerit,
961 4897 1206 4943 vertetur
1239 4884 1337 4941 ﬂos
1368 4885 1422 4940 in
1454 4884 1721 4951 fructum;
1775 4896 1833 4941 et
1872 4902 1938 4942 ne
1977 4889 2060 4943 ni-

485 4982 653 5037 mium
700 4997 729 5035 a
766 4980 899 5036 flore
955 4979 1230 5042 recedant,
1270 4991 1394 5031 eum
1434 4976 1568 5032 dicit
1619 4991 1784 5048 super
1831 4986 2057 5035 terram.

485 5074 828 5145 Quapropter
862 5072 1040 5126 factus
1093 5079 1176 5125 est
1227 5083 1460 5139 sponsus
1515 5069 1671 5139 quasi
1724 5071 1825 5141 ﬂos
1866 5071 2060 5139 campi.

2162 3315 2274 3388 ρῶν
2302 3315 2473 3385 αὐτῆς
2501 3310 2794 3383 ὀφθαλμῶν
2818 3309 3103 3365 αἰσθέσθαι
3122 3310 3223 3380 τῆς
3244 3311 3301 3363 ἐν
3333 3308 3411 3381 τῷ
3437 3308 3623 3363 κάλλει
3647 3308 3744 3363 τοῦ

2160 3407 2321 3476 λόγου
2346 3405 2442 3459 καὶ
2468 3402 2744 3475 ὑπεροχῆς
2769 3419 2784 3434 ·
2815 3401 2958 3472 τάχα
2986 3400 3044 3455 δὲ
3074 3401 3169 3454 καὶ
3194 3399 3379 3483 κλίνην
3408 3400 3749 3483 κοινὴνᾲέαυ-

2159 3497 2261 3567 τῆς
2288 3497 2381 3551 καὶ
2430 3494 2523 3548 τοῦ
2572 3491 2806 3565 νυμφίου
2834 3491 2894 3545 τὸ
2922 3491 3082 3561 σῶμα
3130 3481 3444 3549 αἰνίττεται,
3472 3491 3531 3542 ὲν
3576 3481 3624 3557 ᾧ
3663 3488 3743 3544 ἔτι

2160 3588 2295 3647 οὖσα
2315 3594 2349 3663 ἡ
2370 3589 2516 3662 ψυχὴ
2549 3587 2794 3656 ἀξιοῦται
2812 3587 2912 3658 τῆς
2934 3585 3025 3639 τοῦ
3054 3585 3211 3654 λόγου
3243 3584 3525 3648 κοινωνίας
3545 3602 3558 3614 ·
3597 3583 3745 3653 λέγει

2160 3681 2252 3739 οῦν
2279 3681 2517 3746 Παῦλος,
2536 3680 2619 3735 Τὰ
2645 3679 2874 3751 σώματα
2896 3677 3052 3749 ἡμῶν
3070 3676 3204 3748 μέλη
3217 3674 3451 3748 Χριστοῦ
3481 3678 3633 3730 ἐστι’
3659 3676 3749 3733 διὰ

2160 3776 2269 3848 γὰρ
2303 3774 2397 3828 τοῦ
2423 3771 2580 3845 ἡμῶν
2613 3772 2711 3842 τῆς
2735 3769 2952 3840 νύμφης
2979 3764 3114 3822 εἶναι
3138 3767 3285 3836 λέγει
3305 3766 3366 3820 τὸ
3400 3767 3561 3837 σῶμα
3586 3785 3600 3797 -
3658 3766 3750 3821 διὰ

2159 3868 2215 3921 δὲ
2241 3866 2335 3921 τοῦ
2376 3864 2512 3938 μέλη
2540 3863 2798 3935 Χριστοῦ,
2822 3862 2914 3915 τοῦ
2956 3860 3191 3932 νυμφίου
3214 3875 3230 3889 ο
3266 3858 3490 3912 σύσκιον
3516 3858 3575 3911 δέ
3607 3874 3747 3929 φησι

2160 3960 2251 4013 τὸν
2279 3959 2511 4031 νυμφίον
2546 3958 2635 4013 διὰ
2659 3956 2758 4028 τὴν
2779 3955 3096 4027 πυκνότητα
3132 3954 3239 4009 τῶν
3265 3955 3323 4008 ὲν
3353 3954 3431 4026 τῷ
3475 3954 3623 4026 λόγῳ
3652 3956 3750 4008 καὶ

2159 4054 2227 4123 τῇ
2249 4052 2412 4123 σοφία
2434 4049 2803 4122 θεωρημάτων
2819 4065 2833 4079 ο
2862 4047 2958 4102 ἐὰν
2978 4047 3035 4101 δὲ
3114 4049 3145 4119 ἡ
3163 4046 3316 4119 κοινὴ
3338 4046 3525 4119 νύμφη
3543 4048 3750 4117 ἀμφοῖν

2161 4142 2413 4215 εὐθαλὴς,
2441 4142 2592 4196 οὐδὲν
2621 4140 2935 4211 θαυμαστὸν
2978 4140 3073 4192 καὶ
3122 4140 3214 4193 ἐπὶ
3255 4137 3317 4192 τὸ
3371 4139 3534 4210 σῶμα
3566 4141 3750 4217 πᾶισαν

2160 4235 2261 4306 τὴν
2280 4234 2369 4290 διὰ
2394 4233 2489 4287 τοῦ
2521 4233 2772 4304 σώματος
2806 4231 3005 4304 πρᾶξιν
3033 4231 3241 4303 ἀγαθὴν
3273 4229 3590 4303 δηλοῦσθαι.

2689 4380 3083 4435 ΚΕΦΛΛΑΙυΝ
3134 4380 3209 4435 B'.

2214 4477 2354 4547 Ἐγὼ
2380 4476 2563 4543 ἄνθος
2586 4474 2695 4529 τοῦ
2721 4473 2953 4540 πεδίου,
2992 4474 3203 4543 κρίνον
3230 4469 3350 4527 τῶν
3384 4473 3711 4532 κοιλάδων.

2238 4611 2433 4675 ’Ἄνθος
2457 4610 2606 4679 λέγει
2634 4610 2698 4663 τὸ
2716 4608 2895 4662 ὁδεῦον
2926 4607 3018 4662 ἐπὶ
3041 4607 3102 4660 τὸ
3124 4607 3378 4676 γενέσθαι
3402 4609 3621 4680 καρπός
3637 4627 3653 4641 ·
3689 4611 3753 4666 ὲν

2164 4702 2257 4760 οὖν
2285 4703 2363 4775 τῷ
2392 4702 2658 4775 περιγεῑῳ
2677 4703 2829 4773 τόπῳ
2856 4701 3023 4770 πεδίῳ
3065 4699 3303 4772 ῥηθέντι,
3335 4699 3496 4763 ἄνθος
3530 4701 3685 4756 ἐστὶν
3720 4705 3754 4759 6

2164 4797 2396 4869 νυμφίος
2417 4794 2576 4865 λόγος
2597 4795 2673 4859 ὡς
2693 4794 2830 4866 πρὸς
2856 4792 2925 4849 τὰ
2953 4792 3213 4864 μέλλοντα
3232 4808 3247 4822 ο
3296 4791 3424 4845 ὅταν
3471 4791 3585 4864 γάρ
3617 4793 3751 4868 ἔλθῃ

2165 4891 2227 4945 τὸ
2248 4890 2475 4952 τέλειον,
2508 4887 2803 4961 μεταδαλεί
2830 4886 2892 4939 τὸ
2920 4885 3083 4948 ἄνθος
3100 4885 3180 4947 είς
3211 4882 3274 4936 τὸ
3306 4883 3564 4950 γενέσθαι
3611 4901 3753 4958 καρ-

2166 4982 2267 5047 πός
2285 4998 2299 5013 ’
2339 4980 2434 5035 καὶ
2459 4980 2582 5035 ἐπεὶ
2613 4978 2687 5050 μὴ
2729 4977 2890 5030 πλέον
2930 4975 3169 5048 χωροῦσι
3195 4974 3290 5028 τοῦ
3320 4973 3546 5039 ἄνθους,
3597 4974 3751 5045 λέγει

2167 5074 2260 5131 ἐπὶ
2290 5074 2393 5146 γῆς
2414 5090 2429 5105 ·
2472 5074 2562 5128 διὰ
2582 5072 2740 5127 τοῦτο
2758 5071 2983 5141 γέγονεν
3006 5072 3035 5124 6
3061 5069 3294 5140 νυμφίος
3318 5067 3395 5132 ὡς
3427 5068 3621 5137 ἄνθος
3642 5071 3751 5133 τοῦ

485 5164 727 5235 Seiptum
768 5165 911 5220 enim
945 5161 1255 5222 exinanivit.
1289 5162 1423 5216 servi
1451 5161 1678 5232 formam
1712 5163 2060 5234 accipient",

486 5267 545 5311 ut
582 5257 840 5328 deinceps
882 5256 1001 5326 ejus
1043 5252 1273 5324 glariam
1308 5253 1553 5308 contueri
1586 5254 1882 5324 possimus.
1940 5252 2059 5312 Non

2162 5168 2372 5223 πεδίου
2393 5184 2409 5198 ο
2463 5166 2681 5220 ἑαυτὸν
2721 5163 2831 5236 γάρ
2877 5163 3140 5217 ἐκένωσε
3157 5200 3173 5227 ,
3216 5160 3462 5230 μορφὴν
3516 5161 3751 5218 δούλου

2160 5256 2383 5324 λαϐὼν,
2433 5256 2577 5329 πρὸς.
2599 5256 2660 5310 τὸ
2692 5253 2986 5326 δυνηθῆναι
3034 5253 3134 5325 τὴν
3180 5251 3337 5315 δόξαν
3380 5251 3550 5305 αὐτοῦ
3608 5254 3753 5324 μετά

486 5358 573 5404 est
622 5347 724 5405 ﬂos
757 5346 1142 5417 insigniorihus
1166 5343 1254 5400 vel
1310 5342 1645 5413 planioribus
1676 5346 1909 5414 campis,
1965 5347 2062 5403 sed

2169 5348 2341 5403 ταῦτα
2369 5350 2520 5420 ἡμᾶς
2547 5345 2874 5401 θεάσασθαι·
2912 5347 3121 5419 μήποτε
3157 5344 3216 5398 δὲ
3260 5347 3372 5409 τοῖς
3408 5344 3511 5416 μὲν
3538 5347 3756 5416 εὐγενε-

485 5440 872 5498 humilioribus
930 5445 986 5495 et
1056 5437 1398 5499 curviorihus
1481 5437 1675 5492 lilium.
1744 5437 1841 5494 llis
1896 5437 2062 5493 dictis

2170 5437 2382 5510 στέροις
2431 5439 2528 5492 καὶ
2572 5436 2798 5509 δμαλέσι
2840 5436 3044 5500 πεδίοις
3090 5433 3531 5505 ὀνομαζομένοις,
3586 5436 3757 5502 ἄνθος

486 5547 721 5604 sponsus
782 5531 1011 5586 amicam
1063 5545 1185 5586 cum
1224 5530 1440 5587 caeteris
1496 5529 1750 5596 filiabus,
1793 5543 1889 5585 seu
1944 5530 2062 5583 ani-

2169 5529 2308 5594 ἐστὶ,
2364 5531 2478 5594 τοῖς
2530 5529 2590 5584 δὲ
2631 5528 2836 5583 τούτων
2882 5526 3212 5597 κατωτέροις
3254 5524 3350 5578 καὶ
3396 5525 3755 5599 κοιλωτέροις

487 5620 682 5677 mahus
734 5622 964 5688 confert,
1021 5637 1143 5691 quae
1193 5639 1308 5695 pra:
1354 5623 1445 5687 illa
1501 5632 1629 5680 sunt
1678 5621 1826 5679 velut
1869 5617 2059 5692 Spinze.

2169 5622 2383 5693 κρίνον·
2442 5623 2616 5679 ταῦτα
2674 5623 2852 5696 φήσας
2908 5622 2938 5674 6
2981 5617 3212 5691 νυμφίος
3262 5617 3606 5688 παραϐάλλει
3651 5619 3759 5689 τὴν

559 5812 602 5845 ⁸⁸
632 5812 787 5868 Joan.
821 5829 918 5878 sn,
956 5812 1010 5867 5.
1090 5814 1133 5846 ¹⁶
1160 5811 1179 5867 ι
1209 5814 1333 5869 Cor.
1361 5828 1434 5877 vr,
1475 5811 1558 5866 l5.
1639 5810 1680 5842 ⁸⁷
1706 5807 1935 5882 Philipp.
1966 5824 2026 5876 ll,
2058 5808 2101 5863 7.
