3958 6512
213 380 309 440 9.6!

1315 381 1608 443 SCHOLIA
1648 385 1714 442 IN
1755 385 2052 443 CANTICA
2093 387 2367 447 CANTIC.

3390 395 3498 452 262

211 505 438 575 πλησίον
469 505 636 560 αὐτοῦ
683 505 871 571 ἄλλαις
915 506 1218 580 θυγατράσι
1259 513 1382 574 τατς
1433 510 1648 576 λοιπαῖς
1695 511 1793 582 ψυ-

1905 510 2061 568 Tales
2089 527 2218 569 vero
2248 528 2354 570 non
2385 514 2578 572 amicae
2612 515 2799 586 sponsi
2832 516 3062 585 animas,
3103 517 3281 575 amica
3315 531 3498 579 autem

210 601 349 668 χαίς.
388 599 595 662 αἵτινές
636 601 775 652 είσιν
819 600 1053 656 ἄκανθαι
1085 602 1260 673 ταύτῃ
1287 606 1797 678 παραϐαλλόμεναι.

209 690 475 746 Τοιαῦται
501 691 558 745 δὲ
585 693 640 746 al
678 693 754 765 μὴ
786 693 1018 766 πλησίον
1049 695 1146 748 τοῦ
1180 698 1416 768 νυμφίου
1436 696 1639 769 ψυχαί·
1676 701 1711 771 ἠ
1743 701 1802 755 δὲ

208 783 438 855 πλησίον
463 785 650 856 κρίνον
677 786 736 838 ὲν
761 786 911 858 μέσῳ
935 787 1240 859 διαλάμπον
1266 789 1453 844 αὐτοῦ.

217 876 310 940 Ὡς
329 875 538 950 μῆλον
556 876 626 929 ὲν
641 876 764 950 τοῖς
786 877 993 950 ξύλοις
1019 879 1124 950 τοῦ
1149 879 1399 950 δρυμοῦ,
1426 881 1614 949 οὕτως
1627 883 1804 939 ἀδελ-

272 944 494 1026 φιδοιξς
508 948 769 1026 έιουᾼάνὰ
785 948 1122 1026 μέσονᾼτῷν
1325 952 1443 1006 ὑπὸ
1459 944 1604 1026 chr.
1617 955 1804 1009 σκιὰν

269 1015 466 1094 αυτοῦ
505 1015 863 1094 ῥπεθύμῃσα
900 1019 998 1094 καὶ
1053 1021 1326 1086 ἐκάθισα,
1376 1022 1473 1076 καί
1505 1015 1539 1078 ὅ
1571 1026 1802 1094 καρπὸς

267 1086 465 1142 αὑτοῦ
492 1087 564 1140 ἐν
583 1087 666 1153 τῷ
683 1088 1092 1160 λάρυγγιμου.

273 1183 530 1253 Ἔπρεπε
563 1183 631 1254 τῇ
667 1181 856 1254 νύμφῃ
898 1182 993 1235 τοῦ
1043 1182 1274 1249 κάλλους
1304 1184 1402 1259 ὅλῃ
1441 1184 1538 1239 τοῦ
1561 1185 1798 1258 νυμφίου

202 1274 573 1345 γεγενημένη,
606 1275 736 1342 περὶ
787 1274 956 1345 αὐτῆς
992 1274 1092 1345 μὲν
1129 1275 1308 1346 λέγειν
1335 1275 1509 1341 οὐδὲν,
1535 1278 1672 1352 πρὸς
1718 1275 1801 1343 οἷς

201 1367 252 1420 δὲ
279 1369 310 1420 ὁ
339 1366 575 1437 νυμφίος
589 1366 693 1438 ἔφη
723 1367 852 1438 περὶ
875 1367 1093 1429 ἑαυτοῦ,
1123 1369 1279 1441 μήλῳ
1309 1370 1678 1442 παραϐάλλειν
1701 1372 1800 1425 αύ-

201 1458 308 1511 τὺν·
345 1458 475 1522 τοὺς
509 1460 639 1530 παρ’
672 1457 851 1512 αὐτῶν
881 1458 937 1511 δὲ
971 1460 1138 1523 υἱοὺς,
1175 1459 1352 1527 ξύλοις
1371 1459 1600 1532 δρυμοῦ’
1626 1462 1798 1533 ὑπερ-

200 1546 329 1618 ϐολῇ
368 1547 428 1602 δὲ
459 1545 556 1600 τοῦ
590 1547 780 1612 πόθου,
816 1547 876 1600 τὸ
920 1548 1015 1602 καὶ
1057 1551 1216 1614 σκιᾶς
1248 1551 1540 1622 ἐπιθυμεῖν
1576 1553 1676 1623 τῆς
1701 1554 1800 1606 αὺ-

199 1638 312 1702 τοῦ,
354 1640 451 1693 καὶ
481 1640 852 1711 παραπέμψαι
877 1641 956 1712 τῷ
987 1639 1140 1712 βάθει
1177 1641 1272 1714 τὴν
1293 1643 1482 1697 τούτου
1513 1645 1792 1716 ποιότητω

198 1731 346 1784 ἔοικε
371 1733 430 1785 δὲ
452 1732 628 1787 ταῦτα
647 1733 826 1802 λέγειν
849 1735 986 1806 πρὸς
1001 1735 1099 1799 τὰς
1123 1735 1388 1801 νεάνιδας,
1419 1737 1495 1802 ὡς
1517 1739 1654 1810 πρὸς
1672 1741 1798 1803 τοὺς

1903 602 2075 659 lilium
2098 604 2218 675 ejus
2247 606 2302 663 in
2330 605 2511 666 medio
2542 608 2866 680 perlulgens.

1903 879 2068 934 Vens.
2100 879 2156 933 ὅ.
2195 878 2346 934 Sicut
2384 881 2556 934 tnnlus
2599 882 2738 934 inter
2766 881 2907 950 ligna
2939 885 3214 949 simorum,
3253 887 3331 941 sic
3359 886 3496 941 dile-

1973 962 2088 1004 ctus
2116 967 2262 1004 meus
2286 950 2426 1024 inter
2445 951 2607 1018 ﬁlios.
2645 950 2756 1006 Sub
2789 953 2975 1024 umbra
3007 953 3151 1008 illius
3171 972 3324 1024 quem
3354 959 3496 1011 desi-

1971 1025 2278 1075 derarcram
2305 1021 2444 1085 sedi,
2473 1031 2522 1076 et
2556 1025 2762 1091 [ructus
2792 1023 2906 1089 ejus
2937 1024 3109 1078 dulcis
3129 1021 3331 1096 gutturi
3354 1044 3489 1084 meo.

1975 1178 2207 1234 Decebat
2274 1193 2529 1250 sponsam
2588 1178 2776 1250 sponsi
2825 1179 3213 1250 pulchritudini
3266 1185 3494 1241 omnino

1901 1269 2187 1337 intentam,
2220 1271 2443 1342 proprio
2476 1272 2675 1326 decore
2718 1273 2941 1337 omisso,
2987 1283 3109 1342 post
3135 1286 3199 1328 ea
3228 1289 3349 1344 quae
3379 1277 3494 1345 ipse

1900 1361 1968 1414 de
1995 1375 2058 1416 se
2087 1375 2319 1431 sponsus
2346 1361 2686 1432 praedicavit,
2710 1377 2836 1417 cum
2874 1361 3019 1418 malo
3051 1377 3176 1418 eum
3206 1363 3491 1434 conferre;

1900 1451 2170 1524 ﬁliosque,
2205 1454 2297 1524 qui
2338 1455 2702 1510 circumstant
2748 1471 2896 1520 eum,
2935 1472 3060 1512 cum
3098 1458 3260 1528 lignis
3309 1459 3488 1526 silvze;

1899 1556 1955 1600 et
1981 1546 2377 1603 desideriorum
2409 1562 2666 1612 excessu,
2695 1549 2942 1604 umbram
2975 1549 3120 1605 illius
3154 1552 3490 1617 desiderare,

1897 1636 2240 1707 virtutesque
2273 1639 2492 1706 penitus
2518 1639 2776 1694 scrutari.
2807 1639 2934 1696 Hmc
2966 1651 3146 1697 autem
3179 1641 3394 1697 videtur
3425 1644 3491 1696 ad

1900 1727 2338 1783 adolescentulus
2360 1728 2564 1798 eloqui,
2595 1730 2734 1784 sicut
2767 1731 2834 1784 ad
2865 1730 3074 1785 amicos
3107 1732 3290 1801 priora
3314 1747 3492 1803 spon-

197 1822 459 1893 ἑταίρους
487 1824 516 1875 ὁ
545 1824 778 1894 νυμφίος
811 1825 880 1879 τά
903 1826 1114 1894 πρῶτα·
1151 1828 1300 1891 υἱοὺς
1332 1828 1410 1892 δὲ,
1441 1829 1474 1900 ἢ
1511 1831 1637 1893 τοὺς
1652 1831 1793 1884 έταί-

1905 1834 2016 1872 sus.
2046 1819 2214 1873 Filios
2261 1829 2444 1874 autem
2471 1830 2653 1887 vocat,
2691 1823 2810 1876 sive
2851 1824 3056 1878 amicas
3102 1825 3288 1892 sponsi
3327 1825 3488 1880 fami-

200 1932 328 1986 ρους
361 1915 510 1985 λέγει
530 1917 624 1982 οὓς
648 1917 914 1990 παραθέει
937 1919 1030 1972 τοῦ
1065 1920 1299 1992 νυμφίου
1324 1921 1499 1987 ξύλοις
1524 1921 1795 1995 ἀκάρποις

197 2007 559 2078 παρείκασεν,
598 2009 632 2080 ἢ
657 2011 784 2074 τοὺς
799 2009 1110 2083 ἀλλοτρίους
1138 2012 1326 2066 αὐτοῦ.
1358 2013 1503 2067 ’Υπύ
1522 2015 1704 2068 σκιὰν
1727 2015 1797 2068 δὲ

197 2101 389 2155 αὐτοῦ
407 2099 727 2173 ὲπεθύμησέ
759 2121 820 2156 τε
846 2105 939 2158 καὶ
966 2104 1276 2160 κεκάθικεν·
1307 2105 1456 2175 λέγει
1480 2107 1538 2160 δὲ
1571 2109 1665 2161 καὶ
1701 2108 1796 2161 ἰε-

201 2191 400 2261 ρεμίας
439 2193 493 2245 ὲν
520 2193 769 2264 Θρήνοις·
807 2194 1052 2264 Πνεῦμα
1095 2194 1209 2263 πρὸ
1248 2195 1576 2264 προσώπου
1627 2194 1796 2266 ἡμῶν

198 2285 462 2351 Χριστὸς
509 2286 746 2354 Κύριος,
777 2287 1138 2356 συνελήφθη
1185 2287 1256 2342 ἐν
1284 2287 1412 2354 ταῖς
1447 2288 1793 2357 διαφθοραῖς

199 2376 390 2445 ἡμῶν
414 2369 478 2431 οῦ
499 2378 746 2448 εἴπωμεν
793 2378 890 2432 Ἐν
921 2375 997 2447 τῇ
1023 2376 1170 2446 σκιᾷ
1200 2379 1391 2434 αὐτοῦ
1413 2378 1710 2452 ζησώμεθα
1735 2382 1792 2433 ὲν

196 2472 311 2532 τοῖς
331 2466 532 2522 ἔθνεσιθ
552 2469 790 2540 πῶςγάρ
811 2471 911 2524 ούκ
937 2471 1128 2542 ἔμελλε
1142 2471 1289 2542 ζωῆς
1307 2475 1436 2544 ἡμῖν
1450 2472 1645 2544 αἰτίαὴ
1666 2471 1794 2525 σκιά

197 2559 366 2613 αὑτοῦ
393 2560 666 2629 γενέσθαι,
690 2561 1002 2632 γενομένοις
1034 2561 1340 2634 ἐλευθέροις
1379 2561 1478 2633 τῆς
1499 2560 1593 2615 τοῦ
1627 2561 1791 2632 νόμου

153 2694 163 2704 .
199 2652 396 2714 σκιᾶςς
424 2650 614 2704 Σκιὰν
655 2651 766 2723 γὰρ
805 2649 952 2723 εἶχεν
987 2655 1019 2706 ὀ
1054 2653 1238 2722 νόμος
1281 2652 1402 2707 τῶν
1439 2653 1794 2723 μελλόντων

196 2742 462 2812 ἀγαθῶν,
501 2739 699 2815 μηκέτι
731 2740 881 2799 οῦσιν
910 2745 1027 2800 ὑπὸ
1052 2747 1261 2814 νόμον,
1297 2746 1433 2800 ἀλλ’
1455 2746 1574 2801 ὑπὸ
1595 2744 1790 2814 χάριν,

198 2837 244 2888 εἰ
269 2834 372 2888 καὶ
393 2834 489 2888 νῦν
519 2838 686 2906 ἐσμεν
713 2835 818 2888 ὑπὸ
845 2835 1002 2889 σκιάν
1029 2836 1209 2907 πολλῷ
1242 2836 1626 2908 διαφέρουσανο
1656 2838 1795 2910 μετά

196 2929 286 2981 τὸν
314 2929 566 3001 παρόντα
584 2928 691 2999 γὰρ
713 2928 848 2999 βίον,
884 2930 986 2982 οὐκ
1033 2929 1114 2983 ἔτι
1142 2931 1216 2983 δι’
1238 2931 1541 2999 ἐσόπτρου
1572 2931 1671 2984 καὶ
1702 2934 1793 2986 al—

197 3022 440 3090 νίγμιιτι
467 3061 483 3084 ,
532 3019 670 3074 ἀλλά
726 3020 1053 3088 πρόσωπον
1107 3021 1258 3088 πρὸς
1324 3021 1652 3089 πρόσωπον
1693 3021 1792 3092 τὴν

198 3113 461 3184 ἀλήθειαν
478 3112 862 3184 θεωρήσωμεν·
886 3112 1029 3178 λέξει
1056 3113 1112 3167 δὲ
1137 3113 1283 3185 καὶή
1310 3112 1516 3185 νύμφη.
1540 3113 1694 3180 Ἕως
1719 3109 1792 3170 οὗ

1899 1911 2082 1978 liares,
2102 1927 2241 1981 quos
2275 1912 2326 1966 in
2367 1913 2614 1968 fecundis
2643 1914 2934 1970 arboribus
2958 1916 3342 1986 aequiparavit,
3373 1917 3489 1972 sive

1895 2003 1964 2058 ab
1993 2019 2059 2058 eo
2091 2006 2318 2060 alienos.
2352 2003 2461 2060 Sub
2496 2007 2684 2060 umbra
2705 2008 2851 2062 illius
2885 2009 3221 2064 desideravit
3247 2020 3302 2065 et
3324 2012 3486 2066 sedit.

1897 2097 2038 2152 Dicit
2070 2107 2128 2154 et
2153 2096 2421 2154 Jeremias
2481 2101 2535 2154 iu
2583 2099 2818 2155 Threnis
2851 2101 3131 2170 :Spiritus
3179 2105 3287 2157 oris
3323 2105 3490 2158 nostri

1895 2191 2136 2246 Christus
2175 2191 2429 2245 Dominus
2481 2203 2667 2260 captus
2723 2202 2802 2246 est
2859 2193 2914 2246 in
2946 2196 3172 2261 peccatis
3207 2197 3400 2249 nostris
3424 2195 3487 2249 ".

1898 2281 1972 2336 De
1994 2298 2101 2350 quo
2131 2282 2288 2337 nobis
2333 2282 2623 2337 dicendum
2661 2293 2764 2347 est,
2807 2283 2918 2338 Sub
2949 2285 3136 2338 umbra
3160 2286 3302 2339 illius
3338 2289 3487 2340 vive-

1896 2388 2020 2427 mus
2061 2375 2112 2428 in
2157 2374 2429 2443 gentibus.
2459 2374 2742 2441 Quomodo
2770 2377 2912 2431 enim
2944 2392 3052 2430 non
3091 2376 3328 2432 debebat
3361 2379 3484 2433 vita:

1899 2464 2056 2518 nobis
2083 2479 2246 2518 causa
2275 2465 2462 2519 umbra
2491 2463 2606 2532 ejus
2637 2465 2776 2531 fieri,
2819 2466 2952 2536 legis
2998 2467 3188 2522 umbra
3218 2467 3490 2524 liberatis?

1899 2553 2154 2610 Umbram
2183 2557 2329 2611 enim
2365 2557 2599 2613 habebat
2643 2558 2730 2612 lea:
2780 2559 3089 2629 futurorum
3137 2564 3394 2616 bonorum
3420 2561 3487 2624 ¹⁹.

1897 2649 1961 2704 iis
1987 2650 2076 2718 qui
2111 2663 2220 2704 non
2272 2648 2384 2718 jam
2421 2652 2518 2704 sub
2566 2649 2676 2721 lege
2745 2661 2932 2716 erant,
2963 2651 3056 2706 sed
3102 2655 3198 2706 sub
3226 2655 3487 2722 gratia”,

1893 2741 1996 2797 etsi
2027 2758 2169 2798 nunc
2194 2758 2409 2812 quoque
2445 2757 2638 2798 sumus
2671 2743 2772 2798 sub
2819 2743 3012 2797 umbra
3064 2744 3292 2798 multum
3331 2745 3488 2800 dissi-

1895 2833 2032 2888 mili.
2067 2833 2314 2904 Namque
2364 2845 2491 2904 post
2543 2844 2870 2904 prarsentem
2900 2835 3092 2900 vitam,
3131 2851 3237 2890 non
3277 2839 3332 2890 in
3363 2853 3488 2904 spc-

1894 2925 2014 2978 culo
2064 2935 2114 2979 et
2167 2927 2468 2995 wnigmate,
2507 2927 2601 2980 sed
2652 2926 2790 2995 facie
2821 2926 2891 2980 ad
2923 2926 3111 2994 faciem
3127 2927 3169 2958 “
3202 2928 3486 2983 veritatem

1895 3018 2406 3086 contemplabimus.
2438 3018 2591 3074 Dicet
2615 3019 2787 3073 etiam
2819 3034 3044 3088 sponsa,
3078 3019 3258 3074 Donec
3289 3021 3487 3088 aspim

1895 3109 2010 3162 dies
2039 3119 2086 3162 et
2118 3109 2442 3163 inclinentur
2470 3109 2672 3164 umbrae
2695 3111 2762 3164 “.
2789 3110 2912 3165 Vita
2940 3111 3086 3165 enim
3123 3121 3306 3166 nostra
3329 3112 3484 3180 quasi

197 3207 504 3278 διαυγάσῃ
530 3205 740 3276 ἡμέρα,
769 3207 867 3261 καὶ
902 3207 1229 3275 κινηθὼσιν
1252 3210 1310 3261 αἱ
1331 3209 1517 3261 σκιαί·
1553 3206 1793 3280 ἔστιγὰρ

1905 3199 2092 3254 umbra
2143 3208 2248 3266 est,
2280 3209 2337 3254 et
2368 3199 2422 3254 iu
2453 3201 2648 3255 umbra
2708 3201 2899 3257 mortis
2951 3201 3203 3256 ethnicus
3234 3201 3481 3264 sedebat.

197 3301 226 3354 ὁ
255 3301 370 3372 βίος
401 3299 561 3372 ἡμῶν
580 3300 657 3364 ὡς
681 3299 830 3364 σκιὰ,
861 3299 958 3352 καὶ
1000 3301 1058 3353 ὲν
1085 3301 1212 3370 σκιᾷ
1232 3299 1464 3353 Θανάτου
1495 3299 1523 3350 ὁ
1540 3299 1598 3365 ἐξ
1622 3300 1792 3354 ἐθνῶν

199 3391 512 3458 ἐκαθέζετο,
538 3393 631 3445 καὶ
643 3393 692 3444 οὶ
719 3390 1075 3454 ἀπιστοῦντες
1101 3389 1181 3443 ἔτι
1213 3389 1552 3455 καθέζονται.

446 3483 812 3556 Εἱσαγὰγετέ
837 3485 1016 3554 μεεὶς
1039 3479 1210 3538 οἷκον
1222 3481 1329 3536 τοῦ
1354 3482 1546 3537 οἴνου.

269 3647 456 3700 Ταῦτα
494 3646 631 3718 πρὸς
661 3647 788 3710 τοὺς
842 3644 1029 3714 φίλους
1074 3643 1168 3698 τοῦ
1207 3644 1444 3714 νυμφίου
1486 3644 1620 3715 φησὶ
1664 3645 1794 3707 τοὺς

200 3740 388 3808 ἁγίους
411 3738 679 3808 ἀγγέλους
705 3737 739 3810 ἢ
779 3737 1116 3801 ἀποστόλους
1145 3753 1205 3790 τε
1236 3736 1332 3790 καὶ
1360 3737 1664 3808 προφήτας·
1692 3752 1792 3806 μο-

198 3833 413 3904 νονουχὶ
451 3831 709 3900 λέγουσα,
761 3829 1144 3902 Συγκεράσατέ
1187 3846 1254 3901 με
1299 3828 1378 3900 τῷ
1428 3827 1640 3899 σώματι
1695 3826 1791 3882 τοῦ

198 3923 460 3994 Χριστοῦ.

199 4017 246 4068 Σ
250 4012 534 4082 τηρίσατέ
552 4029 630 4081 με
649 4012 720 4066 ἐν
733 4011 968 4082 μύροις,
987 4007 1345 4082 στοιθάσατέ
1361 4025 1436 4082 με
1463 4007 1790 4078 ἐνμήλοις,

556 4079 646 4136 ὅτι
684 4079 1012 4151 mme
1039 4079 1276 4149 ἀγάπης
1313 4079 1444 4148 ἐγώ.

285 4179 341 4230 '0
375 4176 676 4248 Σύμμαχος
726 4176 897 4240 οὕτως
940 4175 1256 4228 ἐκδέδωκενο
1325 4172 1793 4227 Ἐπανακλίνιιτέ

194 4287 273 4340 με
316 4267 586 4335 οἰνάνθη,
635 4266 912 4321 τούτέστιν
939 4265 1159 4319 εὐώδεσι
1193 4263 1453 4336 δένδροις,
1490 4267 1602 4327 τοῖς
1629 4264 1792 4318 καλὸν

196 4361 417 4433 καρπὸν
445 4359 714 4425 ποιοῦσιν,
744 4359 1032 4413 ἀνθοῦντα*
1062 4357 1172 4412 τῶν
1217 4355 1436 4428 φαύλων
1483 4355 1792 4426 λεγομένων

198 4454 432 4525 δένδρων
453 4451 776 4524 ἀκάρπωνῆ
812 4451 1182 4522 κακοκάρπων
1217 4451 1406 4504 ὄντων·
1442 4447 1564 4500 τινὰ
1599 4449 1654 4502 δὲ
1684 4448 1792 4503 τῶν

201 4552 551 4621 ἀντιγράφων
587 4551 722 4622 ἔχει·
750 4549 1083 4618 Στηρίσατέ
1099 4564 1177 4617 με
1211 4546 1282 4600 ἐν
1310 4548 1576 4642 ἀμύροις·
1609 4544 1638 4598 ὃ
1663 4559 1788 4642 νοη-
1825 4587 1867 4642 D

198 4643 346 4707 τέον,
374 4643 408 4714 ῆ
437 4645 663 4707 πιστοὺς
707 4642 827 4714 μὲν,
855 4640 916 4694 ού
967 4640 1073 4712 μὴν
1113 4639 1190 4702 ὡς
1239 4633 1602 4711 χρηματίζειν
1653 4635 1787 4708 μέλη

199 4737 301 4808 τῆς
329 4738 400 4808 μὴ
427 4737 660 4808 ἐχούσης
687 4736 872 4790 σπῖλον
915 4734 948 4805 ἦ
992 4733 1202 4805 ῥυτίδα,
1242 4733 1275 4804 ἢ
1331 4732 1644 4803 ἀλλοτρίους
1689 4728 1792 4794 τῆς

203 4831 442 4894 πίστεως
469 4829 763 4902 χρηστούςο
793 4828 853 4880 τὺ
874 4828 952 4890 δὲ,
972 4823 1333 4880 στοιόἁσαιέ
1356 4841 1433 4894 με
1456 4825 1528 4878 ὲν
1545 4823 1786 4892 μήλοις,

205 4923 512 4992 σαπνίζων
559 4925 588 4975 ὁ
645 4921 961 4993 Σύμμαχος,
1019 4917 1451 4986 περικυλίσατέ
1475 4932 1552 4986 με
1595 4913 1784 4984 μῆλα,

203 5009 348 5066 εἶπε·
386 5013 633 5084 βούλεται
657 5012 767 5086 γὰρ
798 5014 832 5084 ἠ
865 5011 1051 5082 νύμφη
1080 5012 1138 5064 ὲν
1164 5009 1380 5073 πολλοῖς
1407 5005 1790 5080 περικυλιομέ-

203 5122 319 5170 νοις
343 5106 498 5160 αὐτὸν
529 5105 722 5178 μήλοις
753 5101 1146 5158 ἀναπαύεσθαιο
1186 5101 1344 5156 ἅτινα
1383 5097 1535 5172 οἶμαι
1579 5095 1790 5169 καρπός

203 5191 327 5245 ἔστι
345 5194 433 5248 τοῦ
460 5193 632 5266 μήλου
657 5194 716 5247 ὲν
736 5195 847 5248 τοῖς
871 5192 1049 5259 ξύλοις
1073 5189 1167 5244 τοῦ
1191 5187 1399 5262 δρυμοῦ
1419 5187 1673 5259 νυμφίου,
1701 5186 1789 5239 ἵνα

202 5283 310 5353 τῆς
337 5285 510 5339 αὐτῶν
542 5284 824 5358 μεταλάϐῃ
854 5283 1155 5355 ποιότητος⁹
1191 5281 1479 5350 Τέτρωμαι
1513 5277 1622 5350 τὰρ
1650 5278 1788 5348 φίλ-

205 5394 344 5445 τρῳ,
381 5379 534 5449 φησὶ,
565 5376 712 5431 κατὰ
738 5377 830 5430 τὸν
873 5375 1186 5446 Σύμμαχον·
1222 5372 1340 5428 ἀπὸ
1361 5370 1469 5427 τοῦ
1496 5366 1788 5424 ἐκλεκτοῦ

195 5469 448 5538 βέλους,
479 5469 626 5526 κατά
641 5471 734 5524 τὸν
784 5468 1030 5522 Ἡσαΐαν.

1896 3302 1952 3346 et
1985 3290 2249 3346 increduli
2272 3291 2455 3347 adhuc
2473 3291 2688 3347 sedent.

1901 3467 2063 3525 Vens.
2105 3469 2164 3524 4.
2203 3469 2391 3523 Ducite
2434 3485 2515 3523 me
2548 3467 2832 3607 it‘cs‘liam
2879 3467 3132 3522 vinariam
3165 3466 3483 3540 (secundum

1969 3630 2094 3686 Haec
2127 3629 2195 3685 ad
2221 3629 2428 3685 amicos
2455 3629 2638 3700 sponsi
2670 3629 2822 3696 dicit,
2865 3639 3086 3685 sanctos
3125 3627 3367 3700 angelos,
3400 3627 3486 3682 vel

1896 3721 2190 3792 apostolos,
2217 3721 2301 3777 vel
2335 3722 2648 3792 prophetas,
2678 3721 2833 3792 quasi
2870 3722 3116 3779 diceret:
3153 3719 3482 3793 Conjengim

1896 3830 1984 3870 me
2013 3830 2138 3871 cum
2173 3829 2404 3886 corpore
2433 3814 2663 3871 Christi.

1895 3995 2061 4052 Vsus.
2096 3995 2153 4051 5.
2183 3991 2394 4049 Fulcite
2415 4009 2497 4047 ine
2531 3991 2776 4062 ﬂoribus,
2799 3955 2990 4060 stipate
3021 4006 3104 4047 me
3135 3991 3314 4058 malis,
3351 3994 3480 4064 quia

2430 4079 2610 4117 artiore
2636 4065 2882 4131 languco.

1968 4160 2094 4216 llaec
2145 4157 2458 4230 Symmachi
2509 4156 2904 4225 interpretatio
2953 4153 3236 4211 :Sternitc
3287 4172 3366 4212 me
3423 4159 3480 4211 in

1894 4253 2202 4324 palmitibus
2223 4289 2242 4318 ,
2280 4251 2332 4306 id
2360 4258 2445 4305 est
2473 4249 2526 4304 in
2566 4247 2859 4304 odoriieris
2887 4248 3196 4316 arboribus,
3232 4264 3352 4317 qua:
3385 4249 3480 4303 bo-

1898 4360 2024 4400 num
2053 4344 2240 4400 lerunt
2266 4341 2541 4405 fructum;
2566 4340 2721 4394 malae
2744 4349 2925 4395 autem
2952 4339 3176 4394 arbores
3205 4348 3334 4394 sunt
3360 4355 3482 4410 qua:

1897 4436 2104 4492 nullum
2157 4435 2238 4491 vel
2295 4433 2498 4488 malum
2557 4429 2792 4486 fructum
2848 4433 3054 4488 ferunt.
3103 4429 3316 4486 llabeut
3349 4445 3480 4485 vero

1897 4529 2145 4600 qutedam
2172 4543 2203 4584 e
2235 4526 2622 4598 manuscriptis
2653 4545 2669 4582 :
2704 4523 2915 4578 Fulcite
2961 4540 3044 4579 me
3072 4524 3271 4577 nullius
3301 4524 3478 4576 odoris

1895 4621 2192 4676 arboribus.
2226 4619 2381 4688 Quod
2415 4619 2882 4690 interpretandum
2933 4616 3050 4670 sive
3084 4616 3153 4670 de
3203 4614 3476 4679 ﬁdelibus,

1895 4729 2003 4768 non
2044 4721 2223 4767 tamen
2259 4712 2398 4766 adeo
2447 4721 2504 4765 ut
2534 4719 2802 4766 vocentur
2833 4709 2979 4763 illius
3010 4723 3130 4776 qua:
3159 4721 3258 4760 nec
3289 4721 3475 4759 macu-

1894 4805 2001 4859 lam
2049 4820 2149 4860 uec
2189 4819 2378 4874 rugam
2428 4802 2608 4862 habet,
2643 4801 2927 4867 membra;
2960 4797 3174 4867 sive,de
3230 4795 3474 4864 optimis.

1891 4897 1997 4953 etsi
2036 4895 2158 4951 ﬁdei
2201 4895 2424 4950 nesciis.
2471 4893 2605 4949 Illud
2661 4900 2864 4955 autem,
2918 4889 3112 4956 stipata
3161 4901 3242 4940 me
3295 4883 3473 4948 malis,

1896 4984 2259 5058 Symmachus
2309 4983 2634 5047 dilucidaus,
2685 4982 2816 5036 mihi
2871 4979 3039 5034 malos
3098 4976 3350 5037 inducite,
3394 4975 3476 5028 in-

1898 5086 2251 5149 terpretatur.
2289 5074 2417 5131 Vult
2458 5076 2604 5131 enim
2667 5088 2867 5146 sponsa
2923 5071 3070 5127 inter
3129 5067 3320 5132 malos,
3356 5079 3476 5135 qua:

1896 5169 2215 5239 frequentes
2271 5166 2613 5222 circumdant
2659 5181 2807 5228 eum,
2853 5162 3214 5231 requiescere.
3252 5157 3473 5220 Verum,

1897 5271 1958 5316 nt
1997 5259 2247 5328 quatdatn
2278 5266 2553 5324 asserunt,
2576 5257 2785 5311 fructus
2813 5262 2899 5310 est
2941 5250 3067 5306 mali
3102 5249 3155 5304 in
3187 5247 3346 5318 lignis
3372 5246 3476 5300 via:

1898 5355 2105 5424 Spousi,
2147 5360 2206 5405 ut
2241 5364 2428 5406 eorum
2487 5363 2738 5418 saporem
2793 5344 3105 5415 experiatur
3180 5338 3476 5396 Vulnerata

1898 5464 2016 5503 sum
2045 5443 2273 5516 philtra,
2303 5443 2456 5507 dicit,
2481 5438 2778 5496 secundum
2813 5431 3236 5508 Symmachum;
3268 5441 3346 5496 et,
3381 5445 3473 5484 sa-

1888 5541 2020 5605 qitlo
2041 5537 2226 5603 electa,
2249 5533 2544 5592 secundum
2583 5530 2777 5587 Isaiam
2801 5528 2870 5584 ".

287 5835 334 5866 “
354 5834 550 5892 Thren.
585 5850 657 5902 tv,
722 5831 814 5888 ιο.
895 5833 936 5865 ¹⁹
966 5829 1128 5890 Hebr.
1160 5845 1211 5895 ι,
1248 5830 1299 5886 -l.
1375 5829 1420 5861 "
1449 5827 1604 5882 Rom.
1636 5841 1712 5893 ιἰ,
1740 5823 1793 5880 ll

1905 5817 2128 5875 “iCor.
2169 5830 2291 5882 sui,
2339 5812 2422 5870 l2.
2499 5811 2542 5844 “
2572 5810 2726 5867 Cant.
2763 5806 2942 5878 11,17.
3017 5803 3184 5860 “isa.
3231 5815 3377 5866 sm,
3413 5795 3470 5853 2.
