3926 6520
198 399 269 452 969
1257 395 1550 456 SCHOLIA
1591 395 1658 452 IN
1697 395 1996 454 CANTICA
2033 399 2304 458 CANTIC.
3326 409 3433 464 270

194 517 256 570 τὸν
289 513 446 585 ἔρωτα
476 511 615 567 κατὰ
646 515 860 586 καιρὸν
885 518 1085 573 ἑαυτὸν
1106 519 1420 590 ἐμφανίσειε
1448 522 1513 590 τῇ
1543 519 1742 590 καμού-

1854 529 1910 575 ut
1941 531 2167 603 extenso
2203 540 2390 580 amore
2423 538 2480 579 se
2508 540 2814 594 opportune
2847 527 3155 585 manifestet
3202 530 3429 584 multum

194 609 442 681 σῃτιλεῖστα
473 608 623 679 παρὰ
651 609 758 680 τὴν
781 609 1030 684 ζήτησιν
1049 612 1144 683 τὴν
1170 612 1355 666 αὑτοῦ·
1387 613 1617 666 εἰποῦσα
1636 611 1742 684 γὰρ

1853 612 2029 680 ineo
2078 616 2367 682 qnzerendo
2418 616 2707 673 laboranti.
2765 618 2897 673 Cum
2953 620 3100 674 enim
3162 621 3320 686 dixit,
3376 623 3430 676 in

189 700 329 756 ὀτιέπὶ
356 700 460 767 τὴν
485 702 702 767 κοίτην
721 721 859 772 μου
903 705 979 757 ἐν
1012 705 1190 769 νυξὶν
1213 703 1476 774 ἐζήτησα
1507 705 1579 760 ὃν
1601 705 1746 775 ἠγά-

190 811 337 860 πησεν
373 797 406 862 ἡ
446 794 618 863 ψυχή
642 813 804 864 μου,
860 800 965 853 καὶ
987 801 1068 852 ὅτι
1117 798 1376 865 ἐζήτησα
1416 799 1605 854 αὑτὸν
1646 799 1743 852 καὶ

186 889 264 957 οὐχ
282 882 457 955 εὖρον.
487 886 714 955 ἐπάγει·
745 889 1185 960 ἀναστήσομαι
1208 891 1283 960 δὴ
1308 893 1405 947 καὶ
1429 891 1740 947 κυκλώσω·

186 982 325 1034 οὐκοῦν
353 978 659 1050 ὖπτιασμδν
717 982 826 1034 καὶ
874 982 978 1054 τὴν
1035 985 1339 1055 κατάμυσιν
1394 983 1742 1055 ἀποθέμενοι,

185 1070 488 1140 διιναστῶμεν
543 1069 884 1140 πειθόμενοι
938 1072 1020 1144 τῷ
1059 1073 1288 1142 λέγοντι,
1327 1072 1680 1142 Ἐγειραιδὴ
1712 1075 1745 1125 ὁ

186 1161 440 1216 καθεύδων·
469 1161 592 1225 ὅλος
621 1161 683 1215 δὲ
709 1165 741 1216 ό
779 1164 1020 1236 κόσμος,
1049 1166 1081 1236 ἡ
1111 1164 1263 1228 πόλις
1285 1164 1345 1217 ὃν
1375 1162 1744 1236 ἐκπεριελθὼν

185 1255 306 1324 δείτῇ
349 1253 466 1325 περὶ
517 1253 695 1307 αὑτοῦ
734 1256 962 1328 θεωρία
985 1257 1270 1327 γινόμενον
1303 1257 1360 1309 ὲν
1388 1259 1508 1321 ταῖς
1552 1259 1744 1325 σοφαῖς

182 1343 504 1406 διδασκαλίαις·
537 1336 712 1398 αὗται
735 1346 857 1418 γὰρ
885 1348 948 1400 αἱ
984 1348 1201 1418 ἀγοραί·
1233 1347 1354 1400 ὅθεν
1380 1365 1435 1400 τι
1474 1349 1744 1419 χρήσιμόν

183 1441 261 1492 tm
283 1437 466 1500 λαϐεῖν,
492 1436 636 1490 ἀλλὰ
666 1440 773 1493 καὶ
807 1439 868 1492 ὲν
899 1443 1026 1504 ταῖς
1050 1439 1349 1504 πλατείαις·
1377 1439 1537 1510 σοφία
1563 1441 1744 1514 γὰρέν

183 1532 327 1597 ἑξῶοις
377 1531 649 1602 ὑμνεῖται,
692 1534 759 1586 ὲν
796 1533 857 1586 δὲ
910 1533 1196 1598 πλατείαις
1238 1535 1552 1606 παρρησίαν
1595 1535 1741 1604 ἄγει·

183 1623 519 1693 κεκελεύσμεθα
566 1625 628 1678 δὲ
665 1626 776 1680 καὶ
816 1629 990 1698 ἡμεῖς
1015 1627 1108 1680 ὲπλ⁸
1152 1626 1215 1679 τὸ
1245 1626 1446 1691 πλάτος
1479 1627 1580 1698 τῆς
1610 1644 1745 1698 καρ-

179 1719 261 1781 δίας
276 1717 410 1789 ἡμῶν
428 1718 669 1789 γράψαι·
710 1719 955 1790 μείζονα
979 1719 1037 1773 δὲ
1053 1717 1291 1790 ζητοῦσα
1323 1718 1356 1789 ἢ
1386 1719 1507 1772 κατ’
1537 1709 1743 1790 ἀγοράς

179 1811 243 1861 καὶ
260 1809 490 1873 πλατείας
528 1809 607 1881 μὴ
635 1810 958 1882 εὑρηκέναι
995 1809 1144 1880 φησί·
1178 1809 1317 1880 πλὴν
1336 1809 1617 1863 ὁδεύειὲπὶ
1645 1809 1742 1881 τὴν

1851 703 2040 758 lectulo
2082 724 2194 772 meo
2243 726 2334 776 per
2367 721 2538 764 noctes
2570 713 2788 780 quwsioi
2837 729 2989 783 quem
3041 715 3214 786 diligit
3246 715 3430 770 anima

1849 811 2003 861 mea;
2027 799 2244 866 quwsivi
2271 799 2419 852 illum
2461 810 2509 853 et
2557 818 2660 856 non
2698 805 2888 867 inveni,
2929 804 3142 873 subjicit
3173 823 3431 877 :surgam

1851 896 1899 940 et
1929 888 2182 942 circuibo.
2221 888 2652 946 Reclinationcm
2689 894 2851 962 igitur
2871 904 2926 950 et
2955 907 3208 966 gravatos
3239 897 3428 954 oculos

1850 984 2170 1050 objicientes
2215 1000 2629 1054 consurgamus,
2686 988 2962 1058 simusque
3021 992 3304 1047 audientes
3345 991 3430 1046 di-

1851 1076 1994 1130 centi
2031 1097 2044 1131 :
2078 1077 2248 1147 Surge
2277 1079 2366 1147 qui
2394 1078 2594 1133 dormis
2625 1079 2692 1133 ".
2725 1079 3024 1136 Universns
3060 1094 3239 1137 autem
3268 1099 3429 1138 mun-

1851 1166 1950 1221 dus
1979 1166 2174 1220 civitas
2207 1177 2289 1221 est
2331 1181 2496 1236 quam
2557 1169 2714 1224 nobis
2781 1170 3230 1226 circumeundam
3283 1171 3430 1230 illius

1850 1258 2312 1327 contemplatione
2339 1259 2392 1314 in
2438 1259 2776 1328 sapientibus
2809 1260 3095 1328 doctrinis,
3147 1265 3430 1332 quaeipsze

1849 1361 1975 1406 sunt
2005 1351 2131 1405 vici.
2169 1351 2306 1406 llinc
2325 1351 2482 1406 nobis
2511 1351 2714 1420 aliquid
2737 1352 2992 1408 utilitatis
3021 1354 3426 1424 percipiendum

1848 1453 2077 1506 cst,nec
2122 1458 2228 1498 non
2264 1451 2320 1497 et
2365 1444 2416 1496 in
2447 1443 2662 1512 plateis.
2698 1441 2976 1514 Sapientia
3022 1445 3168 1500 enim
3221 1446 3275 1501 in
3327 1447 3431 1502 viis

1848 1535 2182 1598 celebratur,
2227 1534 2282 1589 in
2312 1535 2504 1604 plateis
2543 1550 2672 1590 vero
2723 1535 2945 1592 liberius
2975 1537 3104 1606 agit.
3142 1536 3286 1594 Jussi
3331 1554 3429 1594 stt-

1849 1643 1970 1682 mus
1986 1639 2041 1682 et
2061 1627 2160 1697 ipsi
2186 1642 2350 1697 super
2384 1629 2566 1682 cordis
2591 1630 2760 1683 nostri
2791 1628 3136 1684 latitudinem
3161 1629 3426 1687 scribere.

1847 1718 2107 1786 Maiorem
2130 1734 2258 1773 vero
2287 1734 2540 1788 qumrens
2567 1735 2661 1790 per
2681 1720 2830 1775 vicos
2852 1728 2906 1776 et
2923 1720 3131 1791 plateas
3156 1737 3260 1776 non
3287 1721 3430 1776 inve-

1848 1813 1994 1868 uisse
2007 1812 2140 1867 dicit
2162 1827 2177 1878 ;
2197 1813 2368 1884 pergit
2390 1822 2572 1867 tamen
2599 1813 2663 1866 a-l
2680 1813 3053 1882 qnaarendum,
3081 1822 3134 1868 et
3153 1814 3429 1869 invenitur

180 1902 356 1971 εὕρεσιν,
388 1901 773 1973 εὑρισκομένη
805 1901 920 1956 ὑπὸ
955 1901 1064 1955 τῶν
1097 1900 1406 1974 τηρούντων
1460 1902 1559 1974 τὴν
1589 1901 1742 1955 πόλιν

1852 1907 1914 1962 ab
1951 1904 2060 1960 illis
2087 1907 2180 1974 qui
2219 1906 2532 1961 custodiunt
2562 1906 2749 1959 urbem
2789 1914 2846 1960 et
2873 1906 3218 1961 circumeunt
3253 1906 3424 1961 illam.

179 1994 243 2044 καὶ
258 1992 579 2047 κυκλούντων
605 1994 818 2066 αὐτήν·
851 1990 969 2048 εἶεν
1007 1993 1074 2048 ἂν
1099 1995 1166 2048 τὰ
1204 1993 1553 2066 λειτουργικὰ
1583 1993 1745 2048 πνεύ-

181 2080 442 2154 patrome
467 2087 614 2138 εἰσιν
649 2086 755 2150 οὓς
789 2086 1148 2150 ἐξαπέστειλε
1176 2085 1378 2158 Κύριος
1401 2085 1743 2158 περιοδεῦσαι

178 2177 244 2246 τὴν
261 2177 367 2246 γῆν·
393 2171 467 2230 ὧν
485 2178 554 2249 δὴ
591 2179 737 2250 περὶ
773 2179 877 2233 τοῦ
909 2179 1245 2248 ποθουμένου
1266 2177 1615 2233 πυνθάνεται·
1642 2180 1744 2233 οὐκ

180 2270 530 2342 ἂναγὲγραπται
586 2272 649 2324 δὲ
701 2272 930 2326 τούτων
958 2272 1266 2342 ἀπόκρισις·
1299 2271 1662 2343 διδασκόμεθα
1685 2273 1742 2326 δὲ

178 2365 210 2415 εἰ
230 2364 477 2435 μέλλοιμεν
506 2365 704 2437 εὑρεῖν
737 2366 837 2418 τὸν
875 2364 1230 2436 ποθούμενον,
1262 2364 1440 2433 ὀλίγον
1471 2381 1523 2417 τι
1546 2365 1743 2436 παρελ-

179 2453 270 2518 Θεῖν,
288 2457 368 2510 καὶ
398 2457 695 2527 κρείττους
743 2456 1017 2525 γενέσθαι
1045 2457 1152 2509 τῶν
1197 2456 1452 2510 τοιούτων
1473 2457 1737 2526 ἀγγέλων·

179 2547 267 2616 api.
287 2541 537 2602 ὧνὲοικεν
553 2552 616 2603 ὲν
635 2548 952 2621 Ἐπιστολῇ
979 2548 1154 2617 λέγειν
1185 2551 1213 2602 ὁ
1243 2549 1448 2618 Πέτρος
1476 2549 1742 2604 διδάσκων

179 2639 504 2713 ήνὺπερθχὴν
533 2642 651 2695 τῶν
680 2643 806 2705 τοῖς
852 2640 1086 2703 τελείοις
1126 2640 1523 2711 ἀποκειμένων·
1568 2642 1654 2708 εὶς
1703 2639 1743 2694 ἃ

176 2736 512 2806 ἐπιθυμοῦσιν
569 2738 842 2808 ἄγγελοι
895 2737 1268 2805 παρακύψαι·
1343 2737 1625 2807 ἀγαπητὸν
1685 2735 1742 2788 δὲ

179 2827 300 2898 βραχύ
324 2847 372 2882 τι
397 2830 524 2893 τοὺς
567 2829 874 2892 τοιούτους
908 2830 1291 2901 παρενεγκεῖν,
1338 2829 1405 2882 ἵν’
1443 2827 1642 2900 εὑρεθῇ
1681 2827 1742 2881 τὺ

177 2919 463 2990 ποθούμενον,
486 2922 587 2973 καὶ
650 2918 890 2990 εὑρεθὲν
923 2916 1194 2988 κρατηθῇ,
1231 2917 1325 2970 καὶ
1349 2915 1619 2987 κρατηθὲν
1667 2913 1741 2985 μὴ

177 3011 311 3082 νοηθῇ·
353 3012 626 3082 ἀνόνητος
675 3010 794 3082 γὰρ
828 3012 866 3080 ἡ
920 3010 1210 3080 κράτησις,
1260 3010 1309 3060 εἰ
1363 3006 1520 3078 μὴτὸ
1553 3005 1741 3076 νοηθὲν

181 3105 348 3173 stult;
399 3103 608 3175 μελέτη
673 3101 1009 3172 κρατήσειε·
1043 3100 1123 3153 διό
1152 3115 1337 3170 φησιν·
1375 3099 1488 3152 οὐκ
1538 3096 1742 3166 ἀφῆκα

178 3194 327 3256 αὐτὸν,
361 3195 466 3261 ἕως
498 3195 574 3249 οὗ
606 3195 958 3263 εἰσήγαγον
995 3189 1185 3244 αὐτὸν
1218 3191 1305 3254 είς
1325 3184 1495 3242 οἷκον
1515 3188 1741 3256 μητρός

177 3303 271 3353 μου·
297 3287 372 3341 ἵνα
388 3287 480 3340 καὶ
514 3286 674 3359 μετὰ
697 3287 805 3358 τὴν
841 3281 1096 3336 ἐντεῦθεν
1121 3279 1563 3346 ἔξοδον,είσέλθοι
1590 3279 1740 3352 αὐτῷ

181 3379 232 3439 ti;
247 3374 477 3432 τδνοῖκον
509 3379 631 3449 τῆς
655 3379 774 3432 ἄνω
832 3373 1214 3446 Ἰερουσαλὴμ,
1263 3372 1394 3426 ἔνθα
1440 3371 1634 3443 εἰσάγῃ
1670 3371 1740 3425 τὰ

182 3470 392 3542 κοινότερα
418 3471 527 3525 τῶν
561 3471 670 3524 τοῦ
694 3469 862 3538 λόγου
894 3466 1286 3538 θεωρημάτων·
1329 3465 1398 3518 τὰ
1417 3465 1472 3517 δὲ
1495 3465 1740 3537 ἀπορρη-

179 3560 319 3631 τὸτερα
339 3565 412 3626 εἰς
432 3563 499 3616 τὰ
523 3563 772 3633 ταμιεῖα
809 3559 919 3628 τῆς
964 3556 1336 3628 συλλαϐούσης
1360 3556 1457 3626 τὴν
1495 3554 1733 3627 νύμφην·

182 3653 323 3724 inisti;
351 3656 401 3708 δὲ
426 3658 630 3728 μήτηρ
664 3653 762 3706 καὶ
795 3649 1142 3704 συλλαϐοῦσα
1174 3647 1450 3718 δηλοῦται,
1478 3646 1568 3700 διὰ
1590 3647 1657 3700 τὸ
1681 3648 1737 3699 ὲν

179 3747 461 3819 similide:
492 3748 609 3819 τὴν
640 3747 826 3818 ἀρχὴν
867 3743 970 3812 τῆς
1011 3741 1323 3805 συστάσεως
1361 3738 1516 3794 εἶναι·
1555 3740 1736 3812 μήτηρ

177 3835 214 3888 δὲ
243 3837 474 3910 λεγομένη
528 3837 673 3911 μετὰ
727 3837 834 3908 τὴν
887 3835 1189 3906 μόρφωσιν,
1223 3834 1316 3886 καὶ
1341 3831 1439 3903 τὴν
1470 3830 1564 3885 τοῦ
1609 3830 1736 3884 συλ-

178 3927 406 3999 ληφθέντος
442 3931 772 3985 τελείωσιν.

183 4021 248 4086 Tit;
262 4024 388 4090 αὕτη
436 4025 483 4092 ἠ
536 4020 983 4092 ἀναϐαίνουσα,
1012 4016 1079 4070 ἐκ
1105 4015 1212 4084 τῆς
1231 4015 1470 4092 Δἐρήμου
1493 4017 1737 4092 στε-

225 4092 343 4165 .ίέχη
368 4087 615 4148 καπνοῦ
648 4087 1062 4165 τεθυμιιξιιένη
1082 4103 1100 4149 ;
1122 4089 1358 4165 σμύρνα
1377 4087 1474 4140 καὶ
1491 4088 1736 4151 λίϐανος

226 4157 318 4217 ἀ.τῦ
332 4157 581 4218 πάντων
607 4179 748 4216 κονι
757 4157 959 4228 ορτῶν
968 4157 1242 4226 μυρεψοῦ
1257 4173 1276 4220 ;

226 4255 349 4329 Καλὴ
382 4259 505 4312 λίαν
529 4259 562 4327 ἡ
600 4253 988 4309 ἀναϐαίνουσα
1007 4251 1105 4322 βίῳ
1135 4249 1230 4303 καὶ
1263 4249 1406 4320 λόγῳ
1431 4247 1598 4319 ψυχὴ,
1636 4266 1736 4318 φυ-

181 4345 304 4412 γοῦσα
335 4349 398 4402 τὰ
429 4348 587 4421 παρὰ
620 4349 745 4408 τοῖς
783 4341 1004 4405 πολλοῖς
1058 4341 1448 4414 ἁμαρτήματα,
1495 4340 1638 4410 άπερ
1677 4340 1736 4404 ἐξ

183 4435 337 4508 ἐρήμου
363 4440 581 4509 λέγεται
642 4433 998 4491 ἀναϐαίνειν·
1027 4431 1088 4484 τὸ
1118 4431 1176 4485 δὲ
1220 4432 1312 4484 τὸν
1356 4430 1562 4484 δίκαιον
1596 4427 1735 4482 εἷναι

183 4525 382 4592 Χριστοῦ
407 4527 675 4584 εὐωδίαν
705 4524 784 4577 ἐν
803 4518 989 4574 παντὶ
1018 4521 1179 4582 τόπῳ
1203 4517 1327 4583 τοῖς
1357 4515 1732 4587 σωζομένοις,

182 4619 510 4689 τεθυμιαμένη
583 4618 811 4670 νοεῖται
879 4609 1315 4678 παραπλησίως
1376 4607 1695 4678 στελέχεσι
1715 4648 1728 4669 ,
1767 4603 1809 4658 D

185 4711 362 4765 καπνὸν
383 4713 533 4782 ἡδὺν
567 4709 1080 4775 ἀναπέμπουσιν,
1120 4701 1473 4773 εὐφραίνοντα
1507 4701 1607 4766 τὰς
1633 4703 1741 4755 τῶν

186 4799 535 4870 μακαριζόντων
572 4795 874 4856 ἀναπνοὰς
882 4832 895 4844 -

675 4883 1093 4940 ΚΕΦΑΛΑῘΟΝ
1113 4884 1183 4936 Δ’.

194 4977 400 5051 Ὁδόγτες
417 4999 535 5038 σου
557 4984 644 5048 ὡς
665 4978 912 5051 ἁγέλαιῌ
920 4974 1039 5051 τῶν
1056 4975 1438 5051 κεῆκαρμένων
1457 4974 1742 5051 αἵᾼάνέϐη-

233 5066 327 5105 σαν
346 5043 457 5109 duo
488 5053 601 5107 τοῦ
619 5043 934 5115 ’λοὺτροῦ
964 5047 1022 5098 at
1055 5043 1246 5100 πᾶσαι
1284 5045 1737 5115 διδυμεύουσαι,

234 5123 663 5179 καὶάτεκνοῦσα
686 5122 808 5174 οὐκ
843 5116 1018 5170 ἐστιν
1040 5115 1108 5168 ἐν
1125 5115 1354 5182 αὐταῖς.

233 5216 594 5288 Διδυμεύουσαι
620 5213 682 5266 δὲ
721 5209 928 5273 ἄλλως,
967 5207 1054 5260 διὰ
1079 5207 1140 5260 τὸ
1179 5206 1353 5259 διττὸν
1379 5207 1476 5279 τῆς
1505 5207 1740 5278 νοήσεως

186 5307 254 5378 τῆς
271 5311 485 5381 τερητῆς
515 5310 598 5378 (ti)
628 5307 732 5361 καὶ
766 5301 1168 5372 πνευματικῆς.

195 5399 259 5466 Ὡς
275 5404 554 5472 σπαρτίον
571 5399 647 5455 τὸ
679 5399 978 5482 κόκκινον
997 5395 1170 5482 χείλη
1197 5408 1336 5460 σου,
1366 5394 1466 5451 καὶ
1491 5395 1530 5463 ἡ
1553 5393 1738 5449 λαλιὰ

763 5483 884 5521 σου
908 5481 1108 5532 ωραιιι.

237 5563 407 5634 Ἦγουν
433 5566 577 5620 ἔστω
604 5563 887 5632 διάπυρος
914 5561 948 5629 ἡ
974 5557 1065 5612 τοῦ
1099 5557 1256 5626 λόγου
1287 5557 1610 5630 παρασκευὴ
1657 5557 1733 5621 ὡς

188 5657 390 5730 terriﬁcat
417 5661 508 5714 τδν
553 5653 854 5729 ἀκροατὴν
887 5650 1177 5722 δυναμένη,
1235 5649 1268 5719 ἢ
1304 5649 1482 5703 καὶτὸ
1513 5649 1734 5720 ἔναιμον

235 5771 462 5845 "pres.
495 5792 551 5841 v,
576 5775 674 5830 14.
757 5770 805 5803 ³²
834 5768 856 5824 1
881 5768 1024 5823 Petr.
1048 5785 1088 5832 ι,
1123 5767 1209 5823 l2.
1284 5767 1328 5799 ³³
1361 5765 1402 5823 ll
1432 5766 1556 5826 Cor.
1583 5785 1645 5838 ll,
1679 5766 1765 5824 15.

238 5869 294 5936 (6)
322 5870 595 5942 Τερητῆς.
627 5868 808 5926 Forte
834 5863 1094 5934 τηρητῆςο
1123 5863 1276 5918 Ευιτο

1845 1999 1910 2055 1ιί
1927 2012 2052 2056 sunt
2069 2001 2296 2072 spiritus
2316 1999 2690 2054 ministrantes
2707 2013 2843 2070 quos
2868 1999 3134 2068 praemisit
3166 1999 3426 2055 Dominus

1845 2092 2294 2148 circumeundam
2325 2103 2548 2146 terram.
2589 2090 2697 2147 llos
2729 2093 2896 2162 igitur
2925 2091 2992 2145 de
3023 2089 3220 2147 dilecto
3256 2093 3429 2147 inter-

1846 2187 1912 2239 ad
1937 2193 2106 2256 rogat.
2131 2184 2248 2240 Non
2275 2193 2452 2238 autem
2468 2184 2681 2238 illorum
2703 2183 2938 2238 refertur
2957 2199 3297 2250 responsum.
3319 2183 3426 2239 Do-

1843 2278 2031 2332 Cemur
2052 2284 2257 2341 autem,
2301 2274 2348 2329 si
2395 2275 2646 2344 cupimus
2703 2273 2952 2328 invenire
2988 2273 3264 2338 dilectum,
3318 2272 3425 2328 ali-

1843 2369 2163 2441 quantulum
2194 2368 2396 2444 egredi,
2417 2378 2472 2423 et
2503 2367 2754 2422 meliores
2783 2367 2896 2422 ﬁeri
2935 2367 3054 2423 istis
3081 2405 3098 2434 ,
3131 2358 3198 2422 de
3230 2366 3427 2436 quibus

1843 2463 2058 2517 videtur
2117 2461 2172 2516 in
2206 2459 2450 2529 Epistola
2495 2460 2764 2514 disserere
2812 2457 3176 2524 Pctrus,cnm
3233 2471 3424 2513 eorum

1849 2569 1972 2625 quae
2003 2569 2104 2609 nos
2134 2553 2187 2608 in
2235 2551 2703 2609 consummatione
2753 2561 2972 2606 manent
3002 2549 3423 2620 praecellentiam

1844 2648 2070 2710 docens,
2098 2645 2195 2711 ait,
2220 2646 2276 2698 in
2306 2659 2460 2714 quem
2491 2643 2792 2698 desiderant
2837 2641 3010 2713 angeli
3039 2641 3422 2712 prospicere”.

1845 2737 1984 2792 lstos
2011 2745 2191 2792 autem
2220 2736 2491 2791 modicum
2528 2745 2854 2806 praevertere
2879 2734 3177 2804 optandum
3223 2745 3328 2802 est,
3368 2744 3428 2789 ut

1844 2829 2158 2885 inveniatur
2190 2827 2443 2892 dilectus,
2496 2837 2551 2881 et
2592 2827 2844 2882 inventus
2897 2838 3205 2897 superetur,
3254 2837 3309 2882 et
3337 2841 3430 2884 su-

1842 2930 2064 2992 peratus
2097 2935 2203 2975 non
2233 2921 2524 2988 cogitetur.
2547 2919 2754 2989 Quippe
2778 2921 2989 2974 incussa
3013 2929 3098 2974 est
3132 2907 3424 2989 pOssessio,

1845 3017 1946 3071 nisi
1989 3015 2287 3086 cogitatum
2345 3015 2565 3068 assidua
2633 3014 2946 3069 sollicitatio
3001 3021 3239 3084 superet.
3301 3012 3427 3070 Ideo

1843 3111 1977 3165 dicit
2014 3128 2028 3164 :
2064 3127 2168 3164 non
2209 3111 2474 3161 dimittam
2512 3124 2650 3172 eum,
2675 3108 2838 3161 donec
2872 3107 3208 3161 introducam
3233 3123 3351 3162 eum
3373 3108 3426 3162 in

1843 3204 2059 3258 domum
2093 3203 2278 3256 matris
2313 3216 2476 3265 ntea';
2529 3209 2588 3254 ut
2623 3212 2676 3255 et
2722 3211 3007 3269 postquam
3041 3199 3166 3255 hinc
3218 3201 3431 3256 disces-

1846 3297 1997 3360 serit,
2037 3311 2158 3350 cum
2195 3310 2259 3348 co
2295 3292 2630 3363 ingrediatur
2677 3292 2732 3346 in
2763 3291 2982 3345 domum
3024 3305 3273 3360 superna:
3299 3289 3430 3346 Hie-

1845 3388 2150 3459 rosolymm,
2190 3386 2278 3441 ubi
2315 3383 2666 3456 profundiora
2703 3391 2978 3436 scrutetur
3021 3382 3073 3435 in
3117 3381 3267 3435 verbi
3297 3394 3428 3435 con-

1847 3480 2230 3550 temptatione;
2279 3477 2600 3532 nefandiora
2651 3490 2783 3529 vero
2825 3475 2877 3528 in
2933 3473 3076 3527 illius
3113 3472 3426 3528 cubiculum

1844 3588 1964 3641 qua:
1992 3585 2246 3640 sponsam
2278 3569 2486 3639 genuit.
2521 3567 2639 3636 Ipsa
2681 3581 2808 3620 vero
2860 3575 3036 3619 mater
3067 3565 3216 3633 quasi
3245 3563 3426 3618 conci-

1846 3665 1999 3734 piens
2027 3662 2358 3724 ostenditur,
2387 3658 2848 3730 propterea'quod
2883 3658 2935 3710 in
2967 3655 3322 3726 conceptiOne
3351 3654 3429 3710 si-

1843 3764 1958 3810 tum
2009 3767 2092 3808 εει
2125 3752 2562 3808 coordinationis
2610 3751 2847 3804 initimn.
2882 3747 3055 3803 Mater
3087 3748 3284 3802 dicitur
3301 3756 3427 3817 post

1843 3847 2226 3903 formationem
2255 3854 2309 3899 et
2333 3844 2581 3914 concepti
2614 3843 3027 3912 perfectionem.

1843 4029 2007 4087 Vsus.
2037 4029 2090 4083 6.
2158 4028 2290 4094 Quae
2318 4039 2394 4082 est
2425 4027 2531 4080 ista
2570 4040 2687 4095 quae
2735 4021 2973 4095 ascendit
3013 4036 3108 4095 per
3135 4020 3420 4095 desertum,

1912 4103 2048 4156 sicut
2070 4088 2298 4180 uirgulta
2321 4098 2456 4180 [mni
2485 4088 2899 4180 exoaromatiltu‘s
2921 4092 3149 4161 myrrha:
3176 4100 3224 4143 et
3254 4088 3423 4143 thuris

1912 4182 1960 4224 et
1990 4163 2218 4224 uniuersi
2245 4163 2472 4236 pulueris
2507 4164 2844 4234 pigmentarii
2869 4163 2895 4215 Σ)

1910 4261 2141 4316 Pulchra
2174 4259 2428 4314 nimirum
2474 4255 2770 4327 proﬁciens
2802 4253 2908 4308 vita
2958 4260 3012 4307 et
3057 4250 3272 4307 ratione
3298 4251 3419 4305 ani-

1843 4369 1951 4420 ma,
1979 4362 2146 4422 atque
2173 4365 2235 4407 ea
2280 4351 2477 4421 quibus
2504 4349 2748 4418 plerique
2770 4353 2956 4401 errant
2983 4344 3252 4408 devitans,
3279 4343 3425 4413 quod

1841 4456 1924 4500 est
1963 4444 2258 4500 ascendere
2285 4458 2384 4513 per
2412 4441 2726 4504 desertum;
2774 4437 2979 4508 justum
3017 4452 3164 4500 esse,
3210 4436 3313 4492 hoc
3340 4446 3426 4492 est

1843 4538 2005 4591 bonus
2029 4535 2160 4590 odor
2182 4531 2380 4588 Christi
2407 4532 2464 4584 in
2485 4530 2623 4584 omni
2646 4528 2758 4583 loco
2776 4529 2828 4582 in
2847 4528 2909 4582 iis
2932 4527 3022 4598 qui
3043 4527 3176 4582 salvi
3196 4526 3331 4596 ﬁunt
3353 4525 3422 4592 ⁸³,

1839 4633 1974 4688 sicut
2002 4629 2203 4700 virgula
2235 4627 2367 4696 fumi
2394 4640 2460 4680 ex
2481 4622 2805 4678 aromatibus
2828 4623 3074 4690 myrrha',
3103 4617 3421 4676 delectantia

1841 4725 2124 4780 beatorum
2155 4721 2400 4776 soirittts.
2450 4730 2469 4742 '

2447 4873 2676 4930 CAPUT
2724 4871 2815 4926 Ν.

1840 4975 2005 5029 Vsus.
2055 4973 2112 5026 2.
2167 4970 2357 5024 Dentes
2405 4969 2480 5021 tui
2532 4967 2667 5019 sicut
2725 4979 2902 5032 greges
2955 4971 3248 5032 tonsuram,
3286 4970 3423 5032 Aqua!

1911 5027 2261 5098 ascenderunt
2307 5040 2370 5091 de
2418 5039 2658 5101 lavacro,
2693 5027 2873 5088 omnes
2923 5029 3156 5101 gemellis
3205 5027 3418 5096 fetibus,

1909 5125 1955 5168 et
1982 5111 2173 5166 sterilis
2201 5127 2304 5163 non
2329 5119 2402 5162 est
2429 5109 2481 5160 in
2509 5109 2603 5160 eis.

1909 5205 2041 5273 Quae
2067 5202 2321 5275 gemellos
2357 5201 2526 5256 edunt
2569 5198 2732 5264 fetus,
2761 5193 2974 5250 scilicet
2999 5199 3217 5276 propter
3246 5186 3422 5258 dupli-

1837 5315 1953 5356 cem
1988 5296 2186 5353 mentis
2207 5294 2340 5354 vim,
2375 5292 2426 5345 id
2458 5301 2542 5345 est
2582 5287 2968 5359 speculativam
2992 5280 3418 5350 etspiritttalem.

1839 5391 2006 5448 Vnus.
2037 5388 2092 5444 '5.
2119 5384 2267 5440 Sicut
2297 5385 2422 5438 vitta
2451 5378 2875 5503 coccine:,llabia
2908 5387 3000 5429 tua
3034 5389 3053 5427 :
3078 5382 3126 5427 et
3153 5372 3420 5443 eloquium

2466 5460 2614 5503 tttum
2688 5465 2718 5501 u
2742 5464 2816 5502 ce.
2853 5468 2863 5474 '

2466 5460 2614 5504 tttum
2648 5460 2816 5503 dulce.
2853 5468 2863 5474 ί

1913 5554 2055 5623 Ε·ςο
2087 5550 2157 5606 sit
2194 5546 2561 5603 inﬂammatus
2595 5539 2867 5597 sermonis
2888 5543 3200 5608 apparatus,
3243 5544 3300 5588 ut
3325 5548 3420 5586 au-

1848 5647 2058 5704 dientes
2076 5650 2294 5714 captare
2312 5637 2500 5710 possit,
2524 5645 2578 5690 et
2597 5633 2928 5689 salutiferam
2950 5629 3421 5688 vivificantemaue
