3926 6536
445 416 554 474 375

1338 416 1903 476 SUPPLEMENTUM
1940 415 2031 470 AD
2070 413 2397 472 ORIGENIS
2439 412 2850 470 EXEGETICA.

3613 414 3720 468 2'76

446 543 672 606 propter
736 549 866 590 vero
899 533 1329 605 profunditatem
1383 545 1688 590 sternorum
1744 537 1898 604 quasi
1943 548 2073 594 (ττι-λ

2166 533 2412 605 δὼδιμον·
2439 533 2528 586 διὰ
2559 533 2615 586 δέ
2637 533 2735 605 τὴν
2760 529 3036 602 βαθύτητα
3063 529 3171 583 τῶν
3199 529 3386 602 ὥσπερ
3415 528 3725 600 ἐκφυέντων

451 626 704 696 pillorum
751 642 1084 691 sermonum,
1136 627 1304 698 nigrae
1357 627 1702 683 laudabiliter
1741 630 2027 682 nominan-

454 728 567 784 tnr,
595 728 756 788 prout
809 720 874 770 ad
908 719 1090 788 sponsi
1143 719 1603 788 pulchritudinem
1654 730 1926 792 spectant.
1964 717 2032 773 Ut

453 829 638 866 corvus
671 827 824 877 vero,
857 827 960 864 non
996 822 1204 866 tantum
1233 815 1426 882 opinor
1476 824 1697 884 propter
1755 813 2029 876 colorem;

438 905 652 972 ‘qnippe
690 903 989 974 symbolice
1035 905 1282 975 designat
1329 905 1775 975 profundissimas
1820 905 2036 974 plenas-

455 1009 562 1062 que
584 993 832 1066 caliginis
867 1005 921 1050 et
947 997 1192 1052 humoris
1227 998 1279 1051 in
1309 997 1542 1052 nubibus
1579 1012 1742 1050 auras
1767 1012 1780 1050 :
1805 995 1873 1052 de
1911 995 2029 1064 qui-

454 1084 558 1139 bus
587 1083 689 1140 Job
740 1087 917 1140 dixit:
969 1087 1101 1152 Quis
1144 1097 1409 1155 purpurat
1451 1103 1606 1141 corvo
1658 1103 1832 1140 escam
1862 1101 2034 1150 suam,

454 1176 668 1246 quando
689 1176 822 1246 pufli
855 1178 970 1247 ejus
991 1177 1223 1231 clamant
1243 1179 1312 1230 ad
1341 1177 1503 1232 Deum
1529 1179 1618 1232 ”?
1647 1177 1867 1232 Paravit
1890 1178 2035 1233 enim

457 1268 900 1336 profundissimis
939 1282 1170 1324 nitentem
1225 1271 1445 1324 multam
1506 1286 1687 1324 escam
1715 1270 1874 1333 Deus,
1903 1285 2039 1339 quo-

459 1375 578 1415 rum
635 1362 902 1430 discipuli,
972 1363 1115 1416 velut
1156 1363 1282 1430 pulli
1354 1364 1608 1431 precibus
1666 1370 1942 1428 vacantes,
1971 1368 2038 1415 ad

459 1456 747 1510 Dominum
797 1456 1204 1518 clatnaverunt,
1275 1457 1564 1512 errabundi
1638 1464 1690 1508 et
1741 1464 2043 1524 quaerentes

461 1547 717 1602 alimenta
750 1549 800 1602 in
837 1548 904 1600 iis
931 1549 1130 1618 quibus
1177 1549 1436 1619 indigent.

462 1638 627 1693 Vens.
664 1639 750 1692 l3.
775 1637 934 1692 Came
978 1639 1124 1693 illius
1149 1643 1282 1694 sicut
1337 1639 1529 1694 areola:
1586 1650 1880 1693 aromatum
1913 1656 2039 1693 con-

953 1712 1070 1763 sita!
1099 1728 1129 1762 α
1170 1712 1554 1779 pigmentariis.

534 1801 639 1855 Per
679 1817 846 1869 genas
871 1801 1074 1855 Christi
1135 1801 1468 1872 intelligendi
1519 1811 1643 1856 sunt
1680 1802 1770 1870 qui
1806 1800 2039 1855 ministri

2137 626 2257 678 ἀντὶ
2282 625 2484 697 τριχῶν
2513 623 2810 695 λογισμῶν,
2840 622 3064 696 μέλανες
3099 623 3400 686 ἐπαινετῶς
3428 621 3725 693 ὀνομάζον-

2135 733 2247 779 ται,
2273 717 2350 788 τῷ
2383 717 2475 771 τοῦ
2500 717 2731 789 νυμφίου
2760 715 3191 787 συμϐαλλόμενοι
3217 714 3422 769 κάλλει·
3463 714 3525 766 τὸ
3551 713 3607 767 δὲ
3647 715 3729 782 ὠς

2138 809 2344 878 κόραξ,
2377 809 2473 880 οὐχ
2502 809 2688 872 ἁπλῶς
2717 804 2870 879 οἶμαι
2893 807 2983 861 διὰ
3013 807 3073 860 τὸ
3100 807 3316 880 χρῶμα·
3373 807 3642 878 σύμϐολον
3672 807 3733 862 δὲ

2139 905 2247 958 τῶν
2280 903 2596 974 βαθυτάτων
2627 901 2764 958 εἶναι
2799 905 2894 958 καὶ
2949 901 3394 975 πεπληρωμένων
3450 902 3731 956 σκοτεινοῦ

2141 995 2334 1059 ὓδατος
2364 998 2422 1050 ἐν
2449 997 2698 1066 νεφέλαις
2722 996 2922 1067 ἀέρων·
2955 995 3084 1067 περὶ
3109 989 3183 1049 ὧν
3210 990 3364 1048 εἶπεν
3394 997 3422 1048 6
3459 993 3599 1047 Ἰὼϐ·
3638 994 3736 1060 Τίς

2139 1087 2209 1142 δὲ
2234 1089 2526 1158 ἡτοίμασε
2543 1091 2753 1158 κόρακι
2768 1088 2998 1156 ,βοράν;
3023 1087 3272 1142 νεοσσοὶ
3292 1087 3360 1140 δὲ
3374 1084 3566 1140 αὑτοῦ
3585 1086 3737 1154 πρὸς

2143 1184 2361 1250 Κύριον
2395 1183 2793 1250 κεκράζονται·
2829 1183 3090 1254 ἡτοίμασε
3124 1181 3232 1253 γὰρ
3276 1182 3387 1244 τοῖς
3415 1176 3739 1250 βαθυτέροις

2143 1276 2232 1330 τὸν
2256 1276 2398 1339 νοῦν,
2435 1277 2636 1349 πολλὴν
2671 1278 2874 1349 τροφὴν
2891 1279 2918 1330 6
2954 1276 3106 1339 Θεὸς,
3133 1269 3206 1328 ὧν
3240 1275 3288 1328 οἱ
3315 1273 3558 1345 μαθηταὶ
3582 1287 3739 1325 νεοσ-

2146 1373 2228 1424 σοὶ
2283 1372 2466 1442 εὐχαῖς
2520 1369 2891 1440 σχολάζοντες,
2940 1368 3075 1440 πρὸς
3131 1367 3331 1439 Κύριον
3375 1365 3739 1436 κεκράγασιν·

2147 1459 2490 1532 πλανώμενοι
2539 1459 2633 1513 καὶ
2689 1457 2980 1531 ζητοῦντες
3024 1458 3091 1512 τὰ
3129 1461 3188 1512 ὲν
3217 1458 3399 1523 αὐτοῖς
3427 1458 3744 1526 ἐπαπορου·

2149 1554 2328 1624 μένοις
2363 1554 2454 1607 ὑπ’
2481 1552 2660 1606 αὐτῶν
2691 1552 2833 1604 σιτά.

2146 1649 2250 1699 Σια
2261 1646 2428 1716 χιόνες
2451 1644 2637 1699 αὑτοῦ
2662 1643 2741 1710 ὡς
2767 1641 2974 1742 φιάλαι
2997 1641 3102 1728 τονῦ
3123 1641 3449 1712 ἀρώματος,
3473 1641 3749 1712 φύουσαι

2772 1729 3094 1784 μιψεμοικα.

2220 1809 2482 1877 Σιαγόνας
2514 1806 2750 1877 Χριστοῦ
2783 1806 2909 1869 τοὺς
2939 1804 3390 1873 διακονουμένους
3415 1802 3562 1874 λόγῳ
3606 1799 3748 1857 Θεοῦ

464 1895 593 1946 facti
626 1905 750 1948 sunt
788 1895 954 1948 verbo
985 1894 1078 1948 Dei
1137 1905 1190 1948 et
1217 1894 1456 1966 spiritali
1499 1909 1642 1950 esca.
1681 1895 1904 1964 Propter
1930 1895 2050 1962 qui-

2166 1901 2247 1954 καὶ
2290 1903 2462 1973 τροφῇ
2499 1893 2841 1970 πνευματικῇ
2876 1896 3115 1967 νοητέον·
3151 1895 3238 1948 διὰ
3278 1896 3377 1966 μὲν
3405 1895 3505 1966 τὴν
3541 1894 3754 1968 πληρόο

465 1989 588 2041 dem
655 1988 1047 2055 plenitudinem
1105 1988 1230 2044 boni
1284 1989 1471 2046 odoris
1530 1991 1796 2044 bonorum
1823 2002 2046 2057 operum

463 2081 886 2151 verborumque,
937 2081 1136 2135 areolis
1204 2093 1508 2139 aromatum
1559 2082 1843 2138 assimilati
1890 2089 2046 2145 sunt;

464 2182 690 2240 propter
723 2186 849 2226 vero
873 2174 1146 2228 consitum
1181 2174 1232 2227 in
1264 2173 1345 2226 eis
1397 2171 1746 2242 multiplicem
1810 2173 1864 2224 in
1899 2169 2047 2224 omni

467 2263 881 2318 eoordinatione
910 2267 1196 2334 scriptura:
1225 2277 1534 2318 sermonem
1585 2277 1800 2330 semper
1840 2261 2053 2316 fructus

466 2366 636 2407 suave
659 2353 872 2410 olentes
906 2357 1322 2410 fructiticantes.

469 2440 636 2496 Vens.
690 2443 776 2500 M.
796 2444 982 2499 Venter
1005 2445 1120 2516 ejus
1151 2447 1302 2567 pigris.
1333 2446 1580 2506 eburnea,
1613 2445 1889 2498 distinctor
1929 2460 2051 2512 sap-

1163 2535 1193 2567 υ
1214 2533 1352 2567 "HS.

1163 2533 1352 2584 pmns.

545 2606 749 2664 Venter
780 2608 932 2664 verbi
960 2612 1340 2685 mysteriorum
1397 2625 1628 2678 capaces
1655 2609 1851 2673 innuit,
1889 2608 1940 2662 id
1972 2615 2055 2663 est

468 2707 692 2766 paratos
758 2703 824 2753 ad
888 2699 1036 2754 intus
1087 2702 1532 2771 suscipiendum;
1582 2699 1738 2770 pyxis
1777 2713 1927 2760 vero,
1985 2698 2053 2752 ad

468 2787 796 2842 servandum
839 2789 1096 2856 idoneos;
1123 2790 1466 2858 splendorem
1520 2790 2056 2862 pcllucidilatemque

471 2878 612 2934 ebur
665 2879 962 2950 signiﬁcat.
1022 2879 1168 2936 Talis
1195 2890 1402 2948 venter,
1454 2883 1569 2940 haec
1601 2883 1760 2954 pyxis
1788 2881 2054 2945 eburnea,

473 2969 716 3039 sapphiri
767 2969 948 3040 lapide
1025 2970 1418 3041 distinguitur,
1471 2974 1563 3044 qui
1623 2983 1710 3026 est
1779 2970 2053 3025 Christus.

473 3061 795 3132 Quicunque
840 3063 1007 3134 igitur
1060 3074 1248 3120 venter
1300 3063 1454 3119 verbi
1501 3075 1608 3132 est,
1634 3067 1721 3119 hic
1753 3061 2054 3133 absqueti-

2151 2009 2288 2062 τητα
2336 1993 2434 2060 τῆς
2467 1990 2696 2053 εὐωδίας
2728 1989 2836 2043 τῶν
2879 1986 3059 2041 καλῶν
3093 1985 3268 2057 ἔργων
3291 1985 3385 2038 καὶ
3418 1985 3617 2053 λόγων,
3652 1988 3756 2039 ἐοιο

2153 2083 2315 2146 κότας
2333 2082 2548 2152 φιάλαις
2571 2081 2665 2135 τοῦ
2694 2080 3006 2152 ἀρώματος·
3031 2077 3119 2132 διὰ
3140 2077 3196 2128 δὲ
3223 2076 3284 2130 τδ
3305 2079 3679 2150 ἐρῤιζωμένον
3694 2081 3756 2133 ἐν

2154 2177 2344 2239 αὐταῖς
2388 2175 2629 2229 ποικίλον
2654 2178 2710 2228 ἐν
2736 2174 2886 2247 πάσῃ
2916 2170 3162 2225 συνθέσει
3213 2174 3429 2242 γραφῆς
3455 2171 3616 2240 λόγον
3665 2171 3758 2224 ἀεὶ

2154 2269 2638 2340 καρποφοροῦντας
2667 2285 2735 2338 μυ
2744 2266 2986 2338 ρεψικόν.

2155 2451 2565 2508 Κοιλίααὺτοῦ
2592 2451 2814 2515 πυξίον
2835 2449 3251 2573 ἐλῗφὰιτινον,
3275 2449 3374 2503 ἐπὶ
3394 2449 3573 2503 λίθου
3606 2461 3761 2502 σαπ-

2827 2540 2898 2573 (se
2927 2540 3054 2573 οου.

2824 2540 3054 2591 φειρου.

2223 2616 2417 2669 Κοιλία
2462 2615 2580 2668 ἐστὶ
2620 2613 2714 2669 τοῦ
2745 2614 2927 2682 λόγου,
2959 2617 3008 2667 οἱ
3059 2613 3357 2687 χωρητικοὶ
3390 2612 3500 2666 τῶν
3545 2629 3762 2683 μυστη-

2160 2709 2310 2782 ρίων,
2353 2707 2630 2761 τουτέστιν
2653 2709 2703 2760 οἱ
2748 2707 2915 2761 κοῖλοι
2950 2706 3086 2778 πρὸς
3137 2706 3420 2776 ὑποδοχήν·
3450 2705 3644 2772 πυξίον
3676 2704 3761 2769 δὲ,

2155 2805 2204 2855 οἱ
2247 2800 2384 2873 πρὸς
2409 2801 2730 2872 διατήρησιν
2771 2800 3088 2872 ἐπιτήδειοι·
3127 2801 3268 2855 κατὰ
3307 2801 3366 2854 δὲ
3409 2799 3472 2852 τὸ
3501 2798 3764 2870 λαμπρὸν

2157 2897 2252 2949 καὶ
2281 2896 2452 2965 σαφὲς
2507 2894 2851 2964 ἐλεφάντινον
2907 2889 3048 2948 εἶναι
3069 2894 3318 2970 λέγεται·
3356 2895 3390 2964 ἡ
3423 2893 3482 2946 δὲ
3529 2894 3760 2964 τοιαύτη

2157 2989 2356 3052 κοιλία,
2392 2989 2452 3042 τὸ
2484 2987 2671 3053 πύξιον
2718 2987 2779 3040 τὺ
2832 2986 3198 3056 ἐλεφάντινον,
3247 2986 3579 3058 ἐπιϐέϐληκε
3626 2986 3764 3056 λίθῳ

2159 3079 2469 3151 σαπφείρῳ,
2501 3080 2560 3143 ὃς
2590 3081 2705 3132 ἐστι
2740 3079 2995 3150 Χριστός·
3032 3079 3148 3132 ὅσοι
3177 3075 3270 3132 οὖν
3296 3081 3401 3131 εἰσι
3432 3078 3616 3132 κοιλία
3663 3078 3763 3131 τοῦ

479 3169 636 3208 more
673 3154 955 3208 Dominum
982 3153 1034 3208 in
1066 3163 1256 3210 ventre
1283 3155 1532 3223 suscipit,
1569 3155 1821 3225 paritque
1861 3151 2056 3207 salutis

2166 3168 2338 3238 λόγου,
2369 3164 2514 3223 οὗτοι
2545 3169 2652 3222 ἀπὺ
2679 3168 2774 3222 τοῦ
2803 3169 2968 3238 φόϐου
2996 3168 3197 3239 Κύριον
3223 3169 3280 3220 ἐν
3312 3169 3512 3239 γαστρὶ
3547 3167 3768 3240 λαμϐά-

473 3245 750 3315 spiritum.
814 3245 1160 3316 Quapropter
1192 3255 1247 3301 et
1298 3257 1488 3301 venter
1520 3247 1752 3301 victima:
1789 3247 1841 3300 in
1901 3243 2057 3300 Levi-

2166 3279 2334 3323 νουσι,
2365 3262 2462 3315 καὶ
2484 3261 2732 3315 τίκτουσι
2760 3261 2974 3333 πνεῦμα
3011 3263 3302 3333 σωτηρίας·
3334 3261 3423 3315 διὰ
3451 3262 3616 3316 τοῦτο
3667 3263 3768 3317 καὶ

476 3339 584 3392 tioo
607 3336 846 3392 abluitur
871 3337 938 3401 ⁸⁸,
969 3346 1026 3390 ιιι
1062 3337 1198 3391 nihil
1231 3341 1488 3394 stercoris
1519 3339 1736 3396 habeat.

1089 3516 1315 3573 CAPUT
1350 3520 1435 3576 Vl.

479 3601 645 3661 Vsus.
681 3606 751 3676 5._
776 3603 1006 3660 Ptu’chra
1063 3625 1135 3672 es,
1192 3614 1361 3667 amica
1397 3628 1534 3676 mea,
1571 3617 1749 3669 suavis
1782 3628 1830 3670 et
1872 3618 2064 3671 decora

550 3676 686 3797 zicut
719 3674 1041 3740 Jerumlem,
1070 3680 1318 3734 terribilis
1369 3691 1426 3734 ut
1461 3674 1756 3739 castrorum
1795 3689 1935 3741 acies
1977 3704 2065 3743 or-

591 3755 755 3797 muta.

591 3755 755 3798 mata.

552 3837 672 3903 Quo
697 3837 867 3909 magis
915 3854 1112 3908 sponso
1145 3841 1204 3894 fit
1251 3843 1494 3911 propior,
1528 3844 1852 3904 clarioribus
1893 3853 2066 3921 tequi-

483 3937 730 3999 paratur.
766 3928 898 3982 Cum
928 3930 1074 3984 enim
1107 3930 1256 3985 illam
1287 3931 1598 4001 pulchram,
1638 3936 1936 3994 formosam
1977 3950 2064 3995 at-

483 4035 589 4090 que
635 4021 870 4075 amicam
917 4022 1320 4090 praedicaverit,
1373 4025 1524 4082 addit
1563 4028 1698 4082 sicut
1725 4028 2066 4096 Jerusalem;

485 4114 780 4169 terribilem
826 4130 1042 4186 quoque
1090 4115 1383 4185 perfectam
1433 4119 1512 4173 ait
1565 4121 1904 4190 Ecclesiam;
1953 4125 2069 4180 sive

484 4205 818 4260 adversariis
870 4207 1257 4275 potestatibus.
1291 4222 1411 4276 qua:
1444 4209 1628 4265 vultus
1660 4211 1777 4279 ejus
1824 4213 2070 4282 pulchri-

488 4295 727 4351 tudinem
759 4296 1006 4352 contueri
1040 4307 1348 4367 nequeunt;
1400 4301 1517 4354 sive
1552 4300 1908 4358 inferioribus
1931 4305 2068 4374 ipsa,

486 4405 610 4458 quae
659 4391 913 4445 videntur
959 4391 1183 4446 omnino
1239 4393 1524 4448 instructa:
1580 4405 1745 4466 atque
1783 4399 2068 4455 ordinatae.

2162 3358 2196 3426 ἡ
2217 3353 2395 3409 κοιλία
2411 3354 2509 3426 τῆς
2534 3353 2720 3418 θυσίας
2739 3355 2796 3407 ἐν
2828 3353 2906 3426 τῷ
2931 3354 3204 3427 Λευιτικῷ
3241 3354 3522 3420 πλύνεται,
3548 3355 3628 3420 ὡς
3659 3373 3771 3427 μη-

2162 3446 2249 3502 δὲν
2283 3445 2428 3517 ἔχειν
2457 3444 2759 3516 κοπρῶδες.

2695 3535 3092 3589 ΚΕΦΑΛΑΙΟΝ
3133 3539 3223 3603 ς’.

2163 3625 2334 3696 Καλὴ
2376 3622 2446 3689 εἷ,
2475 3629 2513 3695 ἡ
2550 3628 2819 3693 πλησίον
2833 3645 2975 3696 μου,
3023 3627 3102 3692 ὡς
3143 3625 3408 3691 εὐδοκία,
3435 3627 3628 3694 ὼραιά
3684 3629 3772 3695 ὡς

2355 3698 2773 3767 Ἰερουσαλὴμ,
2828 3695 3051 3766 θάμϐος
3083 3698 3163 3763 ὠς
3209 3697 3583 3768 τεταγμέναι.

2239 3852 2402 3905 Ὅσον
2451 3851 2680 3922 πλησίον
2731 3851 2940 3920 γίνεται
2987 3849 3084 3905 τοῦ
3139 3851 3398 3922 νυμφίου,
3453 3850 3772 3924 κρείττοσιν

2166 3944 2542 4008 ἀπεικάζεται·
2585 3944 2662 4015 τῷ
2689 3945 2798 4016 γὰρ
2827 3943 2986 4012 καλὴ
3015 3944 3110 3998 καὶ
3139 3943 3324 4014 ὡραία
3351 3945 3446 3996 καὶ
3466 3945 3771 4012 πλησίον,

2168 4036 2474 4109 προσέθηκε
2497 4037 2558 4090 τὸ
2598 4037 2680 4104 ὠς
2716 4035 3124 4106 Ἰερουσαλήμ·
3173 4035 3269 4089 καὶ
3308 4034 3774 4107 καταπληκτικὴν

2167 4129 2224 4183 δὲ
2258 4131 2358 4202 τὴν
2395 4130 2822 4202 τετελειωμένην
2856 4131 3022 4201 φησὶν
3063 4129 3410 4200 Ἐκκλησίαν·
3446 4129 3523 4199 πῆ
3558 4129 3682 4200 μὲν,
3715 4131 3779 4182 ἐν

2167 4225 2290 4286 ταῖς
2310 4222 2712 4294 ἀντικειμέναις
2740 4221 3057 4294 δυνάμεσιν,
3084 4223 3144 4275 οὐ
3171 4221 3499 4292 δυναμέναις
3524 4221 3779 4276 ἐνατενί-

2169 4315 2283 4380 ζειν
2305 4315 2384 4386 τῷ
2412 4315 2598 4369 κάλλει
2628 4314 2722 4369 τοῦ
2752 4316 3045 4386 προσώπου
3089 4315 3278 4385 αὐτῆς·
3313 4315 3386 4386 πῆ
3425 4314 3482 4367 δὲ
3524 4314 3624 4366 καὶ
3649 4317 3777 4378 ταῖς

2171 4406 2587 4476 ὑποδεεστέραις
2619 4406 2811 4476 αὐτῆς,
2843 4405 3106 4468 ἐοικυίαις
3138 4407 3258 4468 ταῖς
3297 4404 3666 4474 τεταγμέναις
3715 4407 3779 4458 ἐν

488 4481 851 4555 Symmachus
881 4499 1009 4539 vero
1045 4484 1153 4538 edit
1186 4499 1202 4538 :
1235 4501 1338 4538 non
1364 4487 1628 4549 ordinata:
1675 4490 1855 4556 acies;
1883 4501 2073 4562 stupor

2169 4498 2250 4571 τῷ
2280 4501 2445 4554 παντὶ
2477 4499 2895 4554 καταστάσεσιν·
2920 4501 2948 4552 6
2977 4499 3032 4552 δέ
3061 4497 3375 4569 Σύμμαχος·
3397 4499 3470 4552 οὐ
3488 4498 3778 4568 τεταγμέ-

487 4575 634 4629 enim
665 4585 814 4638 sunt,
848 4577 1003 4648 quasi
1029 4577 1175 4631 acies
1210 4576 1472 4634 instructa
1499 4579 1749 4634 hostibus
1798 4592 2061 4639 terrorem

2172 4607 2270 4645 ναι
2286 4590 2666 4658 παρατάξεις·
2697 4589 2906 4660 θάμϐος
2936 4590 3046 4662 γάρ
3073 4591 3210 4643 εἰσιν
3234 4590 3309 4654 ὡς
3335 4590 3527 4661 τάγμα
3561 4606 3779 4661 παρεμ-

489 4668 839 4724 incutientes.

491 4781 659 4839 \'ens.
692 4785 746 4840 4.
777 4783 961 4840 Averte
988 4783 1168 4841 oculos
1197 4794 1315 4839 tuos
1349 4801 1382 4838 a
1407 4801 1512 4848 me,
1533 4785 1660 4854 quia
1689 4785 1792 4854 ipsi
1821 4803 1900 4842 me
1945 4809 2071 4847 avo-

1083 4855 1194 4930 lare
1218 4855 1475 4924 fecerunt.

554 4944 802 5000 Ecclesia
859 4945 1028 5002 decus
1071 4956 1126 5002 et
1172 4946 1638 5016 pulchritudinem
1687 4951 1891 5009 Christi
1941 4970 2071 5011 con-

488 5038 685 5106 spicit;
713 5048 888 5108 potest
919 5039 1215 5107 perfectius
1239 5041 1357 5111 ejus
1386 5045 1731 5101 divinitatem
1775 5049 2068 5116 inSpicei-e,

489 5141 649 5200 prout
675 5134 856 5187 omnia
888 5149 984 5204 per
1007 5134 1184 5204 ipsum
1217 5135 1358 5192 facta
1385 5149 1532 5194 sunt.
1582 5139 1822 5196 Maxime
1857 5142 2072 5196 laetatur

489 5223 769 5279 oculorum
802 5236 1072 5295 potestate
1103 5227 1283 5282 anima
1315 5230 1429 5285 sive
1457 5231 1734 5297 Ecclesiae,
1769 5233 1886 5288 sive
1920 5234 2069 5288 verbi

490 5329 726 5383 sponsae.
785 5318 902 5373 Alis
926 5319 1095 5390 ipsam
1148 5322 1371 5378 avolare
1422 5325 1781 5385 rationalibus
1810 5327 1876 5379 ad
1913 5340 2074 5379 auras

485 5406 658 5476 jubet,
723 5420 783 5465 ut
835 5413 902 5465 ad
969 5411 1251 5486 fastigium
1282 5415 1466 5470 veniat
1519 5416 1893 5485 perfectionis,
1930 5427 2072 5473 utet

492 5500 607 5569 ipsa
639 5517 766 5556 eum
801 5504 989 5560 videat
1041 5508 1369 5575 evolantem,
1399 5523 1498 5563 nec
1521 5509 1634 5578 jam
1684 5510 1736 5562 in
1773 5525 1943 5581 Ipsam
1969 5509 2068 5566 de-

492 5593 862 5663 scendentem,
922 5599 1200 5668 possitquae
1254 5599 1456 5669 dicere,
1522 5601 1621 5655 etsi
1655 5601 2071 5672 cognoverimus

493 5685 792 5742 secundum
846 5704 1067 5746 carnem
1120 5692 1419 5759 Christum,
1479 5693 1571 5747 sed
1642 5708 1785 5749 nunc
1818 5709 1923 5750 non
1961 5695 2069 5760 iam

568 5851 736 5911 "Job
771 5867 997 5918 unm,
1043 5853 1131 5909 Η.
1208 5854 1252 5883 ⁸⁸⁵
1291 5853 1460 5909 chit.
1510 5869 1547 5915 t,
1575 5853 1627 5915 9,
1669 5853 1750 5908 l5.

2172 4680 2342 4736 ϐολῶν
2371 4682 2497 4744 τοὺς
2526 4680 2811 4752 πολεμίους
2831 4681 3226 4752 ἐκπλήττοντα.

2183 4794 2589 4864 Ἀπόστρεψον
2640 4793 2784 4860 τοὺς
2835 4795 3184 4863 ὀφθαλμούς
3229 4809 3346 4864 σου
3397 4793 3778 4849 ἀπεναντίον

2439 4883 2582 4936 μου,
2629 4865 2719 4918 ὅτι
2746 4866 2917 4919 αὐτοὶ
2948 4863 3375 4932 ἀνεπτέρωσάν
3389 4882 3488 4932 με.

2253 4959 2319 5012 Ἦ
2342 4957 2639 5030 Ἐκκλησία
2656 4961 2721 5029 τῇ
2741 4957 3035 5029 ὼραιότητι
3062 4957 3156 5010 καὶ
3171 4958 3249 5028 τῷ
3268 4957 3455 5011 κάλλει
3484 4960 3656 5030 ἐνορᾷ
3674 4957 3775 5012 τοῦ

2170 5051 2430 5125 Χριστοῦ·
2477 5051 2751 5122 δυναμένη
2797 5053 2863 5122 τῇ
2910 5050 3114 5104 πλείονι
3171 5053 3422 5122 προκοπῇ
3479 5056 3778 5106 κατανοεῖν

2172 5143 2337 5202 αὐτοῦ
2366 5144 2466 5216 τὴν
2513 5144 2763 5211 θεότητα·
2813 5143 2949 5198 καθὸ
3002 5143 3181 5196 πάντα
3225 5143 3292 5196 δι’
3327 5143 3494 5196 αὑτοῦ
3524 5144 3773 5213 ἐγένετο·

2173 5237 2601 5308 εὐφραινόμενος
2629 5235 2685 5288 δὲ
2720 5236 2812 5288 ἐπὶ
2838 5239 2902 5306 τῇ
2933 5235 3161 5306 δυνάμει
3187 5234 3295 5286 τῶν
3317 5235 3641 5305 ὀφθαλμῶν,
3667 5235 3778 5305 τῆς

2174 5327 2284 5381 εἴτε
2308 5327 2638 5400 Ἐκκλησίας
2665 5328 2774 5380 εἴτε
2790 5329 3008 5400 νύμφης
3027 5327 3122 5381 τοῦ
3148 5327 3306 5396 λόγου
3323 5327 3522 5398 ψυχῆς·
3545 5329 3782 5398 πτεροῖς

2177 5421 2346 5492 αὐτὴν
2371 5422 2610 5490 λογικοῖς
2637 5421 3051 5493 ἀποστραφῆναι
3075 5419 3286 5474 κελεύει
3312 5419 3451 5490 πρὸς
3470 5419 3535 5472 τὸ
3573 5419 3782 5490 μετέω-

2185 5526 2294 5582 ρον·
2338 5510 2414 5574 ὡς
2449 5511 2515 5565 ἂν
2560 5509 2646 5564 ἐπ’
2681 5511 2846 5582 ἄκρον
2871 5509 3012 5563 ἔλθοι
3040 5511 3138 5581 τῆς
3169 5509 3526 5578 τελειότητος,
3577 5509 3656 5572 ὡς
3705 5507 3778 5562 ἂν

2181 5604 2406 5674 κάκείνη
2448 5603 2621 5677 βλέπῃ
2641 5604 2826 5657 τοῦτον
2860 5604 3258 5676 ἐπτερωμένον,
3281 5603 3376 5656 καὶ⁵
3401 5603 3606 5674 μηκέτι
3638 5619 3780 5673 συγ-

2184 5697 2576 5753 καταϐαίνοντα
2601 5697 2880 5770 διἀὖτὴν,
2912 5699 3006 5752 καὶ
3048 5697 3271 5769 δύνηται
3308 5696 3514 5760 λέγειν,
3567 5698 3618 5751 εἰ
3676 5697 3782 5752 καὶ
