3958 6540
515 454 626 510 283

1382 447 1944 510 SUPPLEMENTUM
1984 447 2086 502 AD»
2115 440 2436 502 ORIGENIS
2475 438 2884 495 EXEGETICA.

3659 432 3752 488 281

516 575 776 632 cisionem
806 576 898 646 qui
925 590 1049 631 cum
1097 575 1408 632 sinceritate
1454 575 1691 645 loquitur
1726 592 1740 629 :
1773 587 1960 629 sumus
1987 585 2085 626 nos

2202 566 2366 634 ’.ἐγειν
2391 564 2706 634 δυνάμενος·
2732 563 2893 632 ἡμεῖς
2908 557 3123 629 ὲσμένή
3153 555 3440 626 περιτομή·
3473 553 3580 607 ἀπὸ
3597 553 3653 604 δὲ
3667 552 3753 658 τῖς

483 668 858 740 ‘circumcisio
889 686 903 722 :
937 682 968 724 e
1016 663 1191 738 capite
1217 709 1234 735 ,
1277 669 1484 724 scilicet
1521 685 1552 724 e
1583 667 1822 733 Christo,
1852 665 2090 736 cognitio

2202 658 2462 728 κεφαλῆς,
2499 655 2743 710 τουτέστι
2771 650 3033 724 Χριστοῦ,
3068 649 3360 718 ἐπίγνωσις
3393 649 3754 718 πνευματικῆς

514 761 760 815 nascitur
791 760 1093 830 spiritualis
1119 759 1571 815 circumcisionis.

517 851 678 906 Vens.
715 852 770 917 6,
805 852 858 908 7.
893 853 1064 919 Quam
1094 852 1314 916 pulchra
1345 868 1417 912 es.
1457 864 1504 904 et
1534 868 1689 916 quam
1725 854 1916 905 decora
1957 850 2087 904 clta-

585 921 796 975 rissima
827 961 843 987 ,
886 924 939 975 in
988 923 1235 976 deliciis!
1274 922 1500 976 Statura
1548 931 1640 974 tua
1681 921 1977 974 assimilata
2011 929 2087 973 est

584 991 772 1056 palma:
798 1004 844 1046 et
877 994 1035 1046 ubera
1061 1003 1154 1045 tua
1185 993 1384 1056 botris;
1414 992 1548 1062 ideo
1587 992 1642 1044 in
1667 991 1809 1062 ccelis
1841 990 2086 1062 cogitatio

584 1071 699 1126 tua,
730 1063 960 1132 nihilque
987 1075 1251 1117 terrenum
1277 1063 1345 1114 ad
1381 1061 1528 1115 illam
1559 1061 1784 1117 accedit.

583 1212 711 1268 llaec
736 1213 865 1269 dicit
904 1229 1134 1284 sponsus
1157 1255 1173 1282 ,
1202 1213 1357 1284 quasi
1390 1213 1617 1269 miratus
1646 1213 1762 1285 ejus
1793 1215 1846 1270 in
1896 1215 2086 1270 melius

510 1306 942 1360 conversionem.
999 1306 1152 1360 Sicut
1209 1307 1351 1360 enim
1404 1306 1617 1376 egregia
1681 1307 2079 1361 elementorum

512 1396 796 1465 diSpositio
824 1438 840 1464 ,
871 1412 1156 1456 corporum
1193 1395 1480 1451 sanitatem
1521 1397 1682 1452 ellicit
1709 1438 1723 1462 ,
1755 1398 1831 1451 ita
1869 1413 1935 1453 ex
1973 1414 2085 1452 mo-

512 1485 655 1540 tibus
707 1495 762 1540 et
806 1488 1297 1552 declinationibus,
1349 1502 1557 1543 sanitas
1605 1489 2002 1558 quodammodo
2030 1499 2084 1544 et

510 1574 854 1644 pulchritudo
887 1578 945 1630 tit
969 1578 1183 1634 animm.
1215 1576 1682 1644 Quemadmodum
1709 1621 1724 1642 ,
1758 1596 1878 1635 cum
1913 1581 2085 1649 turpis

507 1667 754 1734 quaedam
791 1664 956 1722 fuerit
985 1680 1206 1738 propter
1254 1670 1654 1740 improbitatem
1693 1685 1891 1741 sponsa
1920 1712 1936 1738 ,
1968 1672 2082 1725 vir-

510 1764 621 1808 tute
671 1757 736 1810 λιι
773 1757 1234 1826 pulchritudinem
1281 1762 1637 1826 convertitur,
1675 1762 1757 1816 sic
1787 1778 1912 1816 cum
1938 1773 2082 1817 esset

2189 751 2448 824 ἐγεννήθη
2485 748 2806 822 περιτομῆς.

2194 848 2257 902 Tl
2293 844 2590 914 ὠραιώθης
2614 843 2710 914 καὶ
2738 841 2796 895 τί
2829 839 3117 914 ἡδύνθης,
3153 835 3377 914 ἀγᾴπη,
3516 833 3756 914 τριξεεαῖς

2257 905 2410 981 σοὶκ
2437 905 2610 969 τοῦτο
2637 905 2885 982 μέγεθός
2915 905 3381 982 σουχῴμοιώθης
3409 905 3489 982 ιζῷ
3518 905 3755 982 geli-tae].

2259 986 2358 1040 καί
2393 975 2689 1054 οίμαστοί
2723 975 2839 1036 σου
2863 975 3302 1056 ’τοῖςῇρᾴτρυσυ
3349 975 3496 1056 διρτι
3520 975 3757 1056 ὑψηλόν

2257 1074 2373 1112 σου
2390 1047 2770 1125 τὸ”φρόνημα
2787 1069 2802 1082 ·
2837 1049 2938 1104 καὶ
2962 1047 3143 1103 οὐδὲν
3179 1047 3298 1101 τῶν
3324 1047 3545 1117 γηΐνων
3563 1047 3758 1114 ἐπιφε-

2619 1229 2781 1284 φησιν
2815 1212 2844 1265 δ
2881 1211 3116 1282 νυμφίος
3146 1206 3551 1277 ἀποθαυμάζων
3593 1205 3760 1274 αὐτῆς

2186 1310 2282 1383 τὴν
2307 1309 2398 1362 ἐπὶ
2447 1308 2508 1361 τὸ
2540 1309 2784 1380 κρεῖττον
2815 1302 3134 1376 μεταϐολήν·
3162 1300 3240 1364 ὡς
3266 1300 3375 1372 γὰρ
3414 1300 3448 1370 ή
3481 1295 3587 1350 τῶν
3617 1314 3759 1349 στοι-

2185 1402 2346 1474 χείων
2389 1399 2654 1471 εὐκρασία
2708 1396 2974 1468 σωμάτων
3002 1393 3192 1462 ὑγείαν
3225 1393 3458 1463 ἐμποιεῖ,
3493 1388 3661 1450 οὕτως
3693 1389 3758 1440 ἐκ

2183 1492 2293 1548 τῶν
2317 1490 2501 1563 ὁρμῶν
2527 1490 2620 1543 καὶ
2637 1487 2952 1551 ἐκκλίσεων,
2983 1484 3138 1554 ὑγεία
3171 1500 3288 1546 πως
3309 1482 3402 1535 καὶ
3426 1480 3620 1543 κάλλος
3648 1481 3762 1531 ἑπι-

2183 1583 2390 1652 γίνεται
2418 1583 2482 1652 τῇ
2532 1579 2698 1650 ψυχῇ·
2733 1577 2808 1641 ὡς
2854 1576 2911 1630 δὲ
2940 1575 3140 1646 αἰσχρά
3177 1574 3259 1634 τίς
3284 1569 3415 1627 οὖσα
3448 1571 3536 1624 διὰ
3564 1570 3760 1623 κακίαν

2180 1677 2215 1746 ἡ
2250 1675 2458 1746 νύμφη,
2486 1671 2782 1744 μετέϐαλεν
2808 1669 2868 1735 ἐξ
2895 1669 3094 1740 ἀρετῆς
3125 1667 3204 1730 εἰς
3235 1665 3563 1737 ὡραιότητα,
3589 1661 3761 1724 οὕτως

2180 1763 2315 1821 οῦσα
2361 1766 2553 1838 πικρὰ,
2581 1765 2802 1834 γέγονεν
2847 1762 3038 1834 ἡδίστη
3089 1777 3147 1813 τε
3197 1757 3345 1828 αὑτῷ
3374 1757 3468 1810 καὶ
3511 1755 3756 1824 γλυκεῖα·

509 1848 726 1908 acerba.
785 1849 924 1904 facta
978 1861 1063 1904 est
1104 1854 1434 1910 suavissima
1471 1853 1571 1924 ipsi
1619 1864 1674 1907 et
1719 1853 1923 1918 dulcis;
1953 1854 2081 1909 dicit

2202 1859 2316 1930 ρησὶ
2365 1857 2563 1918 τοίνυν,
2597 1855 2673 1919 ὡς
2705 1857 2764 1908 ἐν
2794 1856 2915 1917 ταῖς
2950 1851 3290 1923 σωματικαῖς
3320 1850 3549 1919 τρυφαῖς
3590 1848 3623 1916 ἡ
3661 1861 3761 1898 πο-

509 1938 694 2008 igitur,
727 1951 786 1994 ut
835 1940 888 1994 in
927 1944 1301 2012 corporalibus
1336 1945 1478 2001 escis
1528 1945 1733 2000 lautum
1770 1945 2077 2000 convivium

2202 1949 2408 2019 ιυτελὴς
2456 1946 2656 2017 εὐωχία
2691 1944 3072 2017 περιπόθητος,
3093 1942 3234 1996 οὑτω
3258 1943 3368 2004 τοῖς
3393 1940 3492 2010 τὴν
3517 1955 3760 2008 πνευμα-

507 2046 837 2102 magnopere
886 2036 1179 2103 Optaudnm
1205 2076 1220 2101 ,
1279 2038 1351 2092 ita
1396 2037 1658 2108 spirituali
1698 2051 1822 2094 esca
1862 2037 2081 2092 nutritis

2202 2041 2339 2112 τικὴν
2367 2037 2613 2112 τρυφῶσι
2644 2037 2873 2107 τρυφὴν,
2908 2037 2941 2106 ἡ
2970 2033 3179 2104 ἀγάπη·
3223 2032 3321 2103 τῆς
3348 2030 3403 2083 δὲ
3435 2030 3552 2084 σοῦ
3591 2030 3760 2082 ἀντω-

506 2134 679 2174 amor.
718 2119 971 2177 Admisso
1007 2135 1183 2180 autem
1227 2127 1547 2196 pronomine
1587 2129 1716 2195 tuis,
1763 2128 1906 2198 quod
1938 2127 2078 2196 apud

2202 2149 2240 2184 νυ
2249 2132 2377 2202 μίας
2394 2131 2653 2202 κειμένης
2675 2128 2828 2200 παρὰ
2849 2129 2959 2191 τοῖς
2985 2126 3184 2188 ἀλλοις,
3202 2123 3347 2192 λέγοι
3370 2121 3457 2185 ἂν,
3475 2124 3540 2192 τῇ
3571 2121 3763 2194 ἀγάπῃ

507 2213 643 2268 alios
674 2214 934 2284 scriptum
960 2227 1061 2284 est,
1090 2228 1214 2286 tunc.
1235 2219 1376 2275 dicet
1402 2238 1414 2274 :
1440 2219 1640 2275 Amore
1672 2219 1881 2274 eﬂ'erris
1911 2222 2079 2290 magis

509 2321 668 2374 quam
699 2307 817 2362 aliis
858 2309 1081 2378 spiritus
1116 2311 1383 2367 fructibus
1407 2353 1424 2379 ,
1462 2313 1532 2367 ita
1564 2323 1622 2366 ttt
1648 2312 1827 2368 omnia
1860 2322 2079 2383 pr0pter

503 2412 625 2450 eum
659 2398 943 2467 patereris,
969 2400 1145 2456 omnia
1177 2401 1367 2457 ferres.
1401 2403 1863 2469 Quemadmodum
1892 2418 1922 2458 e
1951 2419 2076 2458 cor-

505 2488 723 2554 poribus
775 2488 957 2543 brevia
1025 2499 1153 2546 sunt
1212 2494 1480 2562 quasdam,
1517 2503 1573 2548 et
1612 2493 1816 2562 majora
1848 2493 1973 2558 alia,
1998 2494 2078 2551 sic

502 2580 789 2647 et'paritcr
820 2597 888 2636 ex
915 2583 1113 2638 animis
1139 2583 1210 2637 iis
1228 2585 1320 2654 qui
1349 2583 1574 2653 perfecti
1604 2594 1754 2640 sunt.

576 2670 742 2740 Igitur
773 2674 1008 2742 cogitata
1045 2685 1155 2740 tua,
1184 2676 1336 2742 dicit,
1364 2678 1515 2747 quasi
1546 2677 1818 2734 esculenta
1842 2689 1896 2734 et
1924 2688 2075 2749 pota—

502 2763 648 2821 ltilia.
680 2776 732 2818 et
764 2767 982 2821 minime
1012 2767 1228 2824 acerba.

503 2851 669 2931 Vatis.
701 2857 755 2921 8,
811 2856 862 2931 9_.
901 2858 1190 2912 Aseendam
1227 2860 1282 2913 in
1327 2859 1579 2926 palmam,
1607 2869 1656 2914 et
1689 2864 2072 2931 apprehendam

575 2926 777 2989 [ructus
802 2928 916 2995 ejus
933 2944 952 2980 :
977 2941 1021 2981 et
1049 2939 1201 2982 erunt
1234 2931 1395 2983 ubera
1431 2941 1520 2983 tua
1546 2934 1680 2985 sicut
1711 2926 1846 2985 botri
1867 2935 2025 2987 ttinere
2051 2949 2071 2988 :

572 3006 620 3049 et
664 2997 796 3051 odor
839 2999 947 3052 oris
981 3001 1055 3050 tui
1106 3001 1239 3052 sicut
1288 3000 1568 3053 malorum.
1595 3032 1665 3041 —
1701 2999 1895 3056 Gutlur
1924 3013 2072 3057 tuum

572 3067 710 3119 sicut
739 3068 911 3138 vinum
945 3069 1196 3133 optimum
1220 3110 1235 3132 ,
1263 3072 1484 3137 dignum
1510 3071 1701 3126 dilecto
1730 3089 1841 3126 meo
1885 3077 1953 3125 ad
1979 3090 2072 3138 po-

571 3138 812 3201 tandum,
859 3137 1113 3209 labiisque
1145 3149 1193 3192 et
1220 3139 1459 3192 dentibus
1499 3141 1641 3195 illius
1684 3143 1751 3195 ad
1797 3137 2072 3197 ruminan-

568 3212 715 3261 dum.

573 3299 879 3355 Auimilata
908 3299 1098 3370 palma:
1121 3341 1138 3364 ,
1174 3301 1404 3370 palmam
1437 3318 1692 3371 sponsum
1726 3314 1900 3367 vocat,
1951 3305 2073 3361 alti-

497 3394 736 3446 tudinem
787 3401 842 3445 et
883 3393 1312 3460 magnitudinem
1358 3395 1508 3448 verbi
1552 3395 1820 3462 innuens;
1856 3397 1909 3452 iu
1955 3413 2074 3468 quae

500 3481 742 3550 speravit
771 3482 1066 3536 ascendere
1098 3481 1149 3535 in
1198 3485 1533 3538 canticorum
1566 3484 1704 3550 line;
1739 3501 1862 3540 cum
1899 3486 2076 3556 perfe-

499 3581 586 3625 cta
612 3581 693 3624 est
721 3587 940 3640 sponsa.
958 3573 1084 3628 Haec
1106 3574 1349 3630 vicissim
1384 3576 1641 3644 praedicat
1667 3578 1854 3646 sponsi
1883 3579 2071 3640 ubera,

499 3662 889 3716 abundantiam
938 3664 1336 3734 signiﬁcantia;
1376 3667 1495 3719 ideo
1531 3668 1705 3722 vincte
1742 3667 1912 3722 botris
1941 3669 2074 3723 assi-

501 3753 778 3808 miiautur.
811 3755 885 3809 De
915 3770 1022 3824 qua
1060 3757 1194 3812 dicit
1215 3755 1473 3812 Dominus
1500 3775 1516 3812 :
1552 3755 1666 3828 Ego
1692 3775 1808 3811 tum
1838 3759 1959 3812 vitis
1986 3777 2071 3814 re-

500 3863 560 3898 ra
603 3845 671 3898 ⁸⁸.
705 3845 834 3911 Quae
877 3847 1093 3916 quidem
1119 3887 1134 3911 ,
1181 3847 1498 3903 abscondito
1550 3849 1820 3904 sermonis
1866 3866 2072 3919 sensu,

498 3944 706 3990 tantum
735 3936 891 4007 juvat
917 3937 1256 4008 delectatque
1289 3949 1348 3992 ιιι
1381 3940 1600 4009 quando
1631 3949 1884 4009 Oporteat
1909 3981 1924 4003 ,
1954 3945 2076 4010 qui-

500 4028 600 4081 bus
630 4037 900 4096 oporteat,
933 4037 988 4083 et
1021 4029 1206 4097 quanti
1237 4041 1486 4099 oporteat
1516 4029 1922 4086 indicet.Labia
1947 4046 2074 4087 vero

503 4119 725 4172 verbum
756 4119 1021 4182 inuuunt;
1059 4120 1356 4191 dentesque
1383 4123 1837 4185 taciturnitatem;
1883 4138 2074 4179 secun-

499 4210 625 4262 dum
657 4211 805 4275 illud,
831 4229 850 4262 ι
878 4211 959 4266 ori
1003 4221 1094 4265 tuo
1126 4211 1212 4268 fac
1235 4214 1454 4283 januam
1479 4223 1533 4269 et
1554 4216 1850 4284 pessulum,
1871 4225 1932 4273 .et
1966 4231 2074 4271 sere

499 4303 750 4359 monibus
788 4305 891 4358 tuis
916 4321 1224 4360 mensuram
1259 4318 1312 4362 et
1343 4309 1552 4364 lancem
1585 4309 1652 4364 ".
1684 4329 1703 4362 ›
1738 4311 1951 4365 Talium
1977 4329 2073 4365 au-

501 4403 611 4448 tem
649 4410 756 4450 non
791 4397 960 4451 solum
994 4406 1123 4452 tuta:
1153 4410 1280 4453 sunt
1303 4401 1682 4470 cogitationes,
1718 4403 1812 4456 sed
1845 4411 1899 4456 et
1932 4382 2071 4457 labia

499 4486 683 4539 sensui
710 4487 1042 4543 vinciuntur.
1073 4489 1268 4543 Vinum
1299 4503 1481 4545 autem
1511 4493 1776 4562 optimum
1808 4503 1892 4548 est
1928 4493 2073 4564 quod

499 4594 530 4632 e
555 4577 693 4632 bono
717 4581 895 4634 cordis
931 4582 1184 4637 thesauro
1215 4583 1509 4652 profertur.

502 4751 669 4806 ἷιτιιε.
719 4751 800 4806 10.
845 4753 957 4823 Ego
1003 4755 1192 4809 dilecto
1235 4773 1382 4836 meo,
1438 4771 1486 4813 et
1545 4761 1615 4813 ad
1677 4775 1758 4814 me
1806 4763 2072 4815 conversio

1221 4843 1356 4895 ejus.

570 4909 831 4967 Perfecta:
865 4923 948 4969 est
976 4930 1177 4983 sermo,
1213 4917 1355 4986 quod
1384 4933 1646 4988 nusquam
1675 4919 1876 4991 aliquid
1912 4923 2070 4991 quie—

503 5005 571 5060 tis
600 5005 855 5072 inveniet,
889 5007 1063 5061 donec
1092 5009 1326 5077 seipsum
1358 5010 1426 5063 ad
1457 5023 1543 5064 me
1571 5022 1875 5066 convertat.

499 5096 666 5155 Vens.
699 5101 786 5164 ii,
819 5099 903 5154 12.
933 5097 1079 5166 Veni,
1102 5100 1401 5173 dilectemi,
1424 5103 1759 5170 egrediantur
1782 5105 1836 5158 in
1862 5121 2070 5173 agrum,

567 5186 950 5224 commoremur
983 5173 1034 5223 in
1061 5170 1223 5224 villis.
1264 5170 1420 5224 Mane
1452 5187 1728 5240 surgamus
1766 5176 1834 5227 ad
1870 5170 2068 5242 vineas,

567 5243 832 5314 videamus
855 5256 915 5314 _u
955 5241 1132 5308 ﬂoruit
1166 5242 1336 5314 vinea,
1380 5243 1424 5294 si
1447 5242 1604 5310 ﬂores
1647 5245 1848 5313 fructus
1888 5254 2073 5314 partu-

571 5311 730 5376 riunt,
761 5314 804 5364 si
833 5310 1121 5378 ﬂoruerunt
1151 5310 1292 5363 mala
1314 5314 1524 5378 punica.

569 5403 860 5456 lul'eriores
905 5416 1103 5471 sponsa
1140 5402 1452 5470 alloquitur,
1499 5401 1800 5474 invitatque
1827 5418 1892 5458 ex
1931 5404 2046 5458 inti-

501 5512 602 5548 mis
629 5495 910 5565 beatisque
937 5495 1154 5550 sedibus
1186 5495 1253 5549 ad
1284 5495 1500 5550 illorum
1533 5497 1786 5552 intuitum
1831 5499 2019 5568 egredi
2046 5514 2060 5562 ;

502 5602 613 5639 utne
642 5588 784 5640 enim
817 5591 1122 5660 significant
1148 5606 1298 5662 ager,
1321 5590 1482 5654 villae,
1513 5590 1683 5646 vineae
1711 5603 1764 5646 et
1792 5590 1930 5645 mala
1971 5607 2072 5662 pu-

499 5691 642 5729 ntca.

2179 2222 2451 2294 ἐντρυφᾷς
2471 2221 2632 2274 πλέον
2649 2219 2755 2274 τῶν
2784 2219 2956 2273 ἄλλων
2979 2217 3071 2271 τοῦ
3087 2215 3393 2286 πνεύματος
3421 2213 3665 2284 καρπῶν·
3680 2213 3757 2275 ὡς

2181 2314 2356 2369 πάντα
2380 2313 2447 2366 δι’
2473 2309 2641 2382 αὐτὴν
2667 2309 2877 2378 στέγειν
2923 2309 3100 2362 πάντα
3135 2307 3443 2377 ὑπομένειν·
3484 2305 3671 2373 ὥσπερ
3699 2304 3758 2358 δὲ

2181 2405 2446 2476 σωμάτων
2469 2403 2586 2456 ἐστὶ
2599 2400 2872 2472 βραχύτης
2896 2397 2996 2470 (8),
3014 2399 3108 2452 καὶ
3129 2395 3355 2470 μέγεθος
3369 2396 3592 2467 ἐτέρων,
3617 2393 3765 2447 οὕτω

2177 2495 2271 2548 καὶ
2293 2494 2469 2566 ψυχῆς
2501 2492 2776 2561 ἀναλόγως
2793 2487 2873 2555 οἷς
2891 2489 3300 2562 διαπράττεται.

2248 2675 2456 2742 Ἠγουν
2481 2671 2551 2725 τὰ
2574 2674 2667 2742 νοή
2677 2668 2824 2740 ματά
2849 2685 2964 2732 σου,
2993 2665 3179 2738 φησὶν,
3202 2663 3447 2737 τρόφιμά
3460 2681 3521 2718 τε
3539 2663 3636 2717 καὶ
3657 2662 3756 2716 τεό-

2172 2784 2326 2837 τιμα,
2360 2765 2453 2819 καὶ
2483 2760 2733 2834 οὐδαμῶς
2761 2757 3150 2832 όμφακίζοντα.

2173 2855 2322 2936 Ely;
2381 2855 2756 2936 ἀναϐήσομαι
2889 2849 2994 2936 ’τῷ
3040 2851 3281 2936 φοίνχῖιι·
3330 2847 3608 2936 κρατῇσω
3638 2845 3761 2934 τῶν

2243 2930 2450 2997 ὕψεων
2491 2920 2702 2997 αὐτοῦ,
2734 2925 2833 2977 καὶ
2881 2923 3127 2997 ἔσονται
3155 2920 3232 2997 δὴ
3270 2921 3648 2997 μαστοίροιί

2236 2990 2496 3066 ¹βὸινρυες
2520 2995 2813 3067 ἀμπέλοις
2846 2994 2944 3049 καὶ
2967 2990 3125 3067 ῥοπὴ
3141 2993 3314 3059 ῥινός
3335 3005 3455 3067 σου
3474 2990 3754 3067 ιῖιςμῆλιξ2

2243 3060 2600 3138 κοῖλάριηἷξ
2630 3067 2711 3133 ὡς
2745 3062 2908 3132 οἶνος
2931 3060 3188 3138 aram.
3237 3062 3637 3138 πορευόμενος
3672 3060 3760 3138 τῷ

2242 3129 2545 3207 ἁδελφῖδῷ
2571 3129 2701 3207 μού
2736 3140 2823 3202 εὶς
2885 3129 3198 3200 εὺθύτητα,
3245 3134 3637 3200 ίκανούμενος
3685 3129 3759 3180 ὲν

2250 3210 2488 3280 χείλεσι
2500 3226 2619 3278 μου
2656 3207 2926 3262 ὀδοῦσιν.

2258 3301 2705 3356 Ἀπεικασθεῖσα
2717 3300 2964 3370 φοίνικι,
2992 3299 3208 3369 φοίνικα
3217 3298 3307 3351 τὸν
3321 3294 3556 3367 νυμφίου
3581 3293 3758 3354 καλεῖ,

2173 3393 2235 3447 τὸ
2267 3391 2401 3462 ὕψος
2428 3393 2524 3446 κα)⁴
2555 3390 2782 3462 μέγεθος
2810 3389 2902 3444 τοῦ
2930 3389 3087 3459 λόγου
3137 3387 3538 3457 κατανοήσασα·
3583 3384 3668 3453 ἐφ’
3721 3385 3759 3438 ἃ.

2174 3484 2271 3538 καὶ⁹
2303 3482 2529 3555 ’ήλπισεν
2580 3480 2821 3534 ἀνελθεῖν
2867 3480 2960 3532 ἐπὶ
3003 3478 3147 3532 τέλει
3176 3477 3284 3530 τῶν
3336 3475 3620 3547 ᾀσμάτων·
3667 3475 3758 3528 ὅτε

2173 3574 2354 3627 τελεία
2393 3574 2540 3628 ἐστὶν
2573 3574 2606 3644 ἡ
2636 3573 2841 3645 νύμφη·
2878 3573 2967 3626 ὅτε
3001 3572 3093 3626 καὶ
3125 3569 3474 3640 ἀντιλήψεται
3505 3568 3615 3620 τῶν
3661 3565 3756 3620 τοῦ

2174 3665 2408 3737 νυμφίου
2447 3664 2689 3737 μασθῶν,
2723 3663 3026 3735 δηλούντων
3057 3663 3128 3718 τὰ
3150 3662 3507 3732 πυκνώματα·
3557 3659 3640 3713 διὸ
3667 3661 3762 3710 καὶ

2175 3755 2420 3828 ἀμπέλου
2451 3756 2702 3827 βότρυσιν
2730 3753 3139 3817 ἀπεικάζονται·
3169 3752 3298 3822 περὶ
3324 3746 3392 3822 ἦς
3414 3746 3567 3802 εἶπεν
3593 3750 3622 3800 ὁ
3645 3750 3760 3801 Etu-

2175 3855 2298 3922 τήρ·
2347 3839 2486 3918 Ἐγώ
2505 3850 2622 3918 εὶμι
2648 3848 2687 3916 ἡ
2709 3846 2978 3917 ἄμπελος
3003 3847 3038 3909 ἡ
3073 3843 3353 3914 ἀληθινή·
3378 3842 3446 3896 τὰ
3476 3842 3537 3896 δὲ
3563 3843 3630 3894 ἐκ
3654 3841 3762 3894 τῶν

2174 3941 2269 3996 τοῦ
2299 3941 2454 4009 λόγου
2486 3939 2744 4012 κρυπτῶν
2760 3939 3188 4011 ἐκπορευόμενα,
3215 3937 3307 3989 ἐπὶ
3320 3933 3572 3988 τοσοῦτον
3597 3933 3762 3987 ἰθύνει

2175 4051 2232 4088 τε
2263 4033 2358 4087 καὶ
2387 4031 2688 4101 εὐφραίνει,
2720 4031 2861 4084 ὥστε
2893 4030 3074 4098 λέγειν
3118 4031 3207 4083 ὅτε
3253 4027 3352 4091 δεῖ,
3398 4027 3493 4080 καὶ
3530 4017 3614 4087 οἷς
3661 4024 3760 4087 δεῖ,

2177 4127 2270 4180 καὶ
2291 4128 2418 4180 ὅσου
2445 4124 2544 4177 δεῖ·
2567 4123 2635 4177 τὰ
2670 4125 2766 4195 μὲν
2796 4123 2904 4194 γὰρ
2933 4121 3084 4193 χείλη
3109 4121 3198 4174 τὸν
3232 4120 3408 4189 λόγον·
3464 4119 3516 4170 οί
3543 4117 3602 4170 δὲ
3620 4115 3764 4170 ὀδόν.

2174 4235 2266 4282 τες
2293 4216 2390 4288 τὴν
2429 4215 2724 4288 ἐχεμυθίαν
2751 4215 3094 4286 ἐμφαίνουσι·
3129 4211 3271 4266 κατὰ
3290 4211 3370 4275 τὸ,
3393 4229 3411 4261 ι
3436 4209 3516 4280 τῷ
3535 4209 3763 4280 στόματὶ

2178 4327 2272 4364 σου
2315 4309 2535 4380 ποίησον
2569 4308 2739 4378 θύραν
2787 4307 2881 4360 καὶ
2911 4307 3128 4377 μοχλὸν,
3173 4305 3266 4358 καὶ
3300 4306 3414 4365 τοῖς
3439 4302 3624 4370 λόγοις
3669 4318 3761 4358 σου

2181 4399 2376 4469 μέτρον
2393 4398 2487 4451 καὶ
2515 4396 2770 4468 σταθμόν·
2799 4415 2818 4447 ι
2840 4396 2947 4451 τῶν
2970 4396 3026 4449 δέ
3053 4394 3308 4448 τοιούτων
3323 4393 3382 4446 οὑ
3405 4392 3567 4464 μόνον
3589 4393 3764 4460 ἀσφα-

2175 4489 2242 4562 λῆ
2268 4490 2336 4543 τὰ
2364 4490 2631 4560 νοήματα,
2662 4487 2796 4541 ἀλλά
2829 4488 2921 4542 καί
2953 4487 3023 4541 τὰ
3045 4487 3196 4558 χείλη
3246 4484 3498 4556 αἰσθήσει
3530 4483 3758 4537 δέδεται·

2107 4595 2149 4650 ι)
2175 4577 2314 4646 οἶνος
2336 4582 2393 4635 δὲ
2423 4584 2451 4634 ὁ
2472 4580 2696 4649 ἀγαθὸς,
2731 4583 2760 4634 ὁ
2785 4580 2843 4646 ἐξ
2873 4579 3078 4649 ἀγαθοῦ
3107 4578 3378 4652 θησαυροῦ
3404 4577 3504 4649 τῆς
3535 4576 3765 4648 καρδίας

2183 4675 2642 4748 προσφερόμενος.

2194 4767 2340 4837 Ἐγὼ
2402 4765 2484 4832 τῷ
2537 4763 2837 4834 ἀδελφιδῷ
2859 4763 3132 4854 μρυζέσί
3175 4763 3281 4834 ἐμὲ
3338 4764 3376 4832 ή
3423 4762 3764 4832 ἐπιστροφὴ

2847 4851 3054 4888 αυτου.

2252 4926 2644 4999 Τελειωθείσης
2657 4928 2685 4980 ὁ
2705 4925 2881 4994 λόγος,
2912 4926 2994 4978 ὅτι
3023 4924 3273 4996 μηδαμοῦ
3293 4925 3612 4997 παντοδαπῆ
3635 4925 3769 4980 ἀνάο

2181 5037 2380 5075 παυσιν
2404 5021 2650 5092 εὑρήσει,
2667 5020 2800 5073 ὅπου
2815 5019 3004 5072 ἐαυτὸν
3018 5016 3354 5089 ἐπιστρέφει,
3371 5017 3447 5080 ὡς
3467 5018 3602 5089 παρ’
3617 5019 3745 5089 ἐμοί

2193 5112 2387 5176 Ἐλθὲ,
2424 5110 2708 5181 ἀδελφιδέ
2724 5127 2862 5181 μου·
2893 5110 3226 5178 ἐξέλθωμεν
3242 5113 3327 5174 εὶς
3357 5110 3562 5181 ἀγρόν·
3589 5111 3760 5181 ᾳὺλι·

2247 5181 2485 5251 σθῶμεν
2511 5178 2838 5250 ἐν’κώμὶιις·
2873 5181 3238 5251 ὀρθρίσωμεν
3270 5183 3357 5251 είς
3375 5178 3767 5247 ἀμπελῶνας·

2248 5249 2466 5322 Ζδωμεν
2489 5254 2542 5306 εὶ
2585 5249 2880 5320 ἧνθησεν’
2900 5253 2938 5318 ἠ
2972 5251 3266 5319 ἄμπελος,
3295 5249 3567 5318 ἤνθησεν
3603 5254 3637 5304 ὀ
3659 5267 3773 5304 κυ-

2245 5321 2528 5392 πρισμὸς,
2551 5322 2831 5390 ἤνθησαν
2861 5325 2919 5374 al
2945 5322 3103 5389 ῥόαι.

2250 5412 2387 5484 Περὶ
2410 5411 2519 5464 τῶν
2557 5410 2956 5482 ὑποδεεστέρων
2992 5411 3024 5480 ή
3054 5410 3242 5480 νύμφη
3287 5409 3603 5479 παρακαλεῖ
3625 5426 3638 5439 ·
3695 5408 3775 5471 ὡς

2177 5497 2242 5552 ἐκ
2297 5500 2404 5553 τῶν
2452 5501 2746 5554 ἐνδοτάτων
2775 5500 2869 5552 καὶ
2897 5497 3178 5570 μακαρίων
3201 5496 3492 5569 διατριϐῶν
3529 5499 3614 5562 εἰς
3669 5495 3775 5568 τὴν

2175 5590 2381 5646 τούτων
2413 5592 2717 5664 ἐπισκοπὴν
2779 5588 3030 5656 ἐξελθεῖν·
3080 5582 3225 5641 οὗτοι
3291 5587 3400 5660 γὰρ
3445 5588 3620 5660 ἀγρὸς
3677 5589 3779 5643 καὶ

2177 5682 2361 5754 κῶμαι
2388 5685 2480 5738 καὶ
2511 5681 2832 5756 ἀμπελῶνες
2859 5682 2950 5734 καὶ
2987 5681 3106 5754 ῥόαι

575 5791 619 5822 ⁸⁸
647 5788 802 5844 Jnan.
835 5807 923 5855 xv,
959 5793 1008 5847 l.
1086 5791 1131 5823 δ’
1165 5791 1332 5847 Eccli.
1369 5806 1421 5857 v,
1456 5791 1560 5857 l4;
1599 5807 1754 5858 χχιιι,
1787 5793 1891 5860 l3;
1919 5792 2062 5849 Psal.
2096 5809 2221 5858 cu,
2248 5797 2308 5849 3.

578 5889 652 5957 (8)
681 5890 1010 5958 Βριιχῠτης.
1037 5890 1115 5944 Ita
1152 5887 1536 5956 corrigendum
1559 5888 1813 5946 duximus
1845 5892 1988 5960 quod
2022 5889 2076 5946 in

2202 5907 2264 5949 ea
2303 5892 2463 5949 editis
2491 5890 2767 5962 legebatur
2810 5889 2980 5961 βραχύ
3011 5907 3113 5953 τις.
3148 5889 3304 5945 Eutr.
