3958 6510
520 388 626 445 291

1421 391 1992 450 suppuauemuu
2026 391 2116 446 an
2165 390 2494 448 ORlGENlS
2531 390 2947 448 succum.
3588 373 3590 376 ’
3670 395 3755 452 299

523 508 824 561 secundum
855 519 954 561 nos
975 515 1094 562 est:
1129 515 1187 560 at
1213 508 1357 576 quod
1389 516 1551 562 natus
1582 507 1652 562 sit
1683 521 1790 562 non
1817 523 1883 562 ex
1921 508 2093 563 volunt

2211 511 2504 582 γέννησιν,
2555 513 2622 582 ἣν
2669 512 2796 581 ἡμῖν
2848 508 3068 581 ἔμελλεν
3114 510 3178 561 ὲκ
3218 509 3526 581 Πνεύματος
3567 514 3755 583 χαρίσι.

525 607 639 654 tate
663 598 844 654 carnis
879 598 962 653 vel
1013 598 1114 653 viri
1147 601 1191 663 ³,
1223 600 1316 654 sed
1358 615 1425 655 ex
1473 601 1682 671 Spiritu
1739 612 1964 668 sancto,
2007 602 2109 656 hoc

521 705 684 758 supra
718 703 816 743 nos
839 699 943 744 est.
977 689 1132 756 Quod
1165 700 1221 744 et
1247 689 1485 745 futuram
1521 691 1884 760 proclamavit
1913 693 2110 747 nativi-

449 838 460 846 .
525 791 716 844 tatem,
743 796 904 851 quam
931 779 1086 836 nobis
1121 797 1188 836 ex
1221 780 1430 850 Spiritu
1467 779 1762 850 largiturus
1786 792 1928 838 erat.

1154 869 1310 925 CAP.
1355 869 1465 926 VII.

523 963 588 1018 V.
613 963 667 1017 5.
697 960 780 1016 Ne
809 961 942 1015 detis
975 972 1221 1044 sanctum
1248 963 1506 1016 canibus:
1529 979 1691 1032 neque
1709 963 1877 1032 jacite
1897 973 2109 1034 marga-

945 1043 1075 1086 rtlas
1100 1044 1302 1087 vestras
1326 1044 1448 1087 ante
1473 1049 1680 1099 porcos.

525 1187 589 1242 V.
624 1187 678 1242 6.
704 1185 963 1252 Petite,et
987 1189 1202 1242 dabitur
1223 1190 1408 1252 vobis;
1436 1191 1675 1259 qua'rite,
1710 1199 1761 1242 et
1785 1191 2058 1246 invenietis
2084 1208 2108 1260 ;

913 1262 1143 1328 pulsate,
1167 1270 1215 1312 et
1243 1260 1512 1328 aperietur
1541 1260 1706 1314 vobis.

592 1350 664 1407 Ut
710 1367 813 1407 non
864 1351 1179 1422 ignorarent
1224 1351 1498 1421 discipuli,
1540 1352 1767 1422 quinam
1803 1353 1913 1408 sint
1939 1369 2106 1411 canes

519 1447 604 1501 vel
635 1447 782 1517 porci
817 1445 961 1499 inter
992 1445 1267 1498 auditores
1288 1483 1304 1508 ,
1355 1444 1711 1500 itnmoranter
1740 1447 1990 1515 quaerite,
2023 1449 2107 1502 tli-

516 1541 614 1606 cit,
643 1556 708 1594 ex
741 1540 869 1602 Deo,
895 1549 952 1592 ct
985 1536 1487 1593 manifestabuntur
1522 1539 1674 1594 vobis
1707 1539 1914 1595 omnia.
1945 1539 2104 1595 Prin-

516 1633 718 1701 cipium
739 1641 822 1685 est
853 1631 1002 1685 enim
1035 1631 1278 1694 virtutis,
1303 1645 1464 1686 nosse
1495 1631 1698 1685 bonum
1717 1646 1785 1686 ex
1808 1632 2062 1688 oratione
2086 1651 2100 1687 :

515 1721 711 1774 deinde
739 1723 883 1774 scire
913 1719 1188 1788 quomodo
1229 1729 1477 1785 oporteat
1525 1719 1667 1774 viam
1704 1720 1924 1776 virtutis
1955 1735 2107 1776 eme-

515 1813 606 1868 tiri
631 1830 646 1868 :
672 1814 835 1868 tcrtio
855 1853 871 1874 ,
907 1827 1004 1881 per
1029 1827 1196 1881 opera
1231 1811 1483 1880 pulsare,
1515 1827 1626 1880 quo
1655 1812 1904 1868 mihimet
1933 1814 2102 1884 janua

2213 597 2356 650 σθαι.

2866 867 3024 921 ΚΕΦ.
3069 868 3143 920 Ζ¹.

2213 955 2470 1040 (Βὶηὶξῖιχ.
2513 955 2578 1012 ε’.
2610 957 2707 1040 μὴ
2752 957 2899 1012 δῶτε
2947 957 3010 1040 τὸ
3057 958 3230 1040 agnos:
3267 959 3392 1040 τοῖς
3436 959 3594 1040 κυσί,
3630 959 3758 1040 unde

2273 1028 2508 1149 ,ϐἀὶλητε
2539 1028 2682 1095 τοὺς
2708 1030 3076 1098 μαργαρίτας
3108 1029 3277 1099 ὑμῶν
3312 1031 3638 1099 ἔμπροσθεν
3662 1030 3760 1083 τῶν

2281 1115 2354 1165 χο
2373 1115 2500 1166 ρων

2209 1189 2358 1259 Στιχ.
2395 1197 2468 1255 ς’.
2513 1191 2765 1253 Αἰτεῖτε,
2817 1193 2913 1246 καὶ
2961 1191 3282 1257 δοθήσεται
3326 1191 3500 1259 ὑμῖν·
3539 1191 3759 1258 ζητεῖτε,

2267 1259 2367 1312 καὶ
2398 1262 2714 1330 εὑρήσετε·
2745 1265 3008 1332 κρούετε,
3040 1262 3138 1316 καὶ
3167 1259 3548 1332 ἀνοιγήσεται
3575 1263 3716 1332 ὑμῖν.

2284 1350 2398 1405 Ἵνα
2432 1353 2506 1424 μὴ
2538 1354 2808 1421 ἁγνοῶσιν
2834 1356 2883 1407 οἱ
2915 1354 3174 1426 μαθηταὶ,
3205 1354 3346 1418 τίνες
3379 1355 3514 1407 είσὶν
3543 1353 3704 1418 κύνες,
3731 1354 3757 1425 ἢ

2209 1445 2380 1514 χοῖροι
2407 1446 2465 1497 ὲν
2491 1448 2604 1509 τοῖς
2631 1447 2950 1518 ἀκροαταῖς,
2985 1447 3259 1516 ἐπιμὸνως
3290 1445 3574 1517 ξητήσατε,
3602 1447 3759 1516 φησιν,

2206 1535 2274 1588 ὲκ
2301 1535 2458 1602 Θεοῦ,
2496 1539 2591 1591 καὶ
2621 1537 3065 1593 ἀποκαλύπτεται
3090 1539 3218 1608 ὑμῖν
3245 1538 3441 1592 πάντα..
3490 1539 3645 1610 Ἀρχὴ
3683 1539 3761 1609 μὲν

2206 1626 2316 1698 γὰρ
2349 1629 2553 1700 ἀρετῆς
2598 1629 2659 1683 τὸ
2691 1629 2759 1682 δι’
2808 1629 2974 1700 εὐχῆς
3005 1628 3208 1698 γνῶναι
3234 1629 3296 1681 τὸ
3334 1627 3554 1698 ἀγαθόν·
3582 1624 3688 1682 εἶτα
3714 1629 3762 1681 τὸ

2207 1715 2404 1769 είδέναι
2438 1718 2556 1782 πῶς
2599 1718 2682 1771 δεῖ
2719 1717 2938 1772 ὁδεῦσαι
2972 1722 3070 1791 τὴν
3117 1719 3340 1790 ἀρετήν’
3375 1719 3558 1790 τρίτον
3602 1719 3657 1772 τὸ
3692 1718 3762 1771 διὰ

2205 1806 2314 1861 τῶν
2343 1807 2518 1879 ἔργων
2541 1809 2761 1882 κρούειν
2787 1811 3071 1880 ἀνοιγῆναι
3102 1809 3250 1880 αὑτῷ
3279 1810 3378 1880 τὴν
3407 1809 3596 1881 θύραν.
3622 1809 3764 1863 Τοῦτο

515 1905 816 1976 aperiatur.
853 1904 999 1959 Istud
1030 1905 1175 1958 enim
1213 1904 1389 1957 innuit
1441 1901 1584 1958 facta
1633 1917 1732 1973 per
1761 1919 1954 1961 manus
1984 1905 2093 1976 pul-

2207 1901 2316 1974 γὰρ
2353 1903 2608 1972 σημαίνει
2662 1904 2696 1974 ἡ
2747 1902 2835 1956 διὰ
2880 1902 2989 1955 τῶν
3029 1902 3226 1974 χειρῶν
3269 1901 3514 1973 κροῦσις.
3546 1901 3763 1974 Τρισσῶς

515 1999 673 2055 satio.
701 1996 991 2054 Trifariam
1035 2011 1272 2066 namque
1312 1995 1635 2052 salutarium
1666 1996 1982 2068 dogmatuin
2007 2013 2101 2054 ve-

515 2089 652 2144 ritas
708 2087 1023 2158 accipitur:
1057 2072 1306 2157 diligenti
1359 2086 1636 2153 oratione,
1684 2097 1740 2142 et
1793 2087 1990 2143 mentis
2045 2090 2098 2144 in

513 2180 808 2250 quarendo
837 2178 1050 2233 divinas
1073 2193 1162 2233 res
1195 2179 1515 2244 stabilitate,
1533 2189 1588 2234 et
1614 2179 1890 2249 exquisito
1918 2179 2099 2236 studio

513 2274 823 2329 inveniendi
847 2288 911 2328 ex
939 2273 1274 2330 conscientia
1296 2273 1727 2342 profunditatem
1751 2274 2098 2330 certitudinis

511 2365 852 2420 occultarum
882 2366 1292 2436 Scripturaruut
1327 2383 1342 2420 :
1376 2366 1482 2421 hoc
1525 2365 1672 2421 enim
1715 2367 1877 2422 modo
1926 2368 2100 2438 inquit

513 2456 713 2524 aperiri
745 2454 1084 2525 Scripturas.

513 2545 579 2601 ν.
597 2545 652 2600 9.
678 2544 808 2610 Quis
831 2561 896 2599 ex
918 2545 1060 2599 vobis
1086 2546 1264 2602 homo.
1291 2561 1443 2612 quem
1469 2544 1516 2598 si
1537 2545 1760 2612 postulet
1793 2546 1940 2614 ﬁlius
1969 2566 2097 2604 suns

782 2633 992 2684 panem,
1039 2616 1271 2684 nunquid
1312 2617 1542 2677 lapidem
1571 2616 1832 2670 dubitet?

513 2705 580 2764 ν.
629 2706 720 2762 10.
761 2707 829 2760 Et
869 2707 916 2760 si
969 2707 1474 2830 piscetndpgtstuletr.
1521 2709 1759 2776 nunquid
1800 2723 2092 2779 serpentpm

1197 2795 1224 2828 a
1264 2788 1300 2830 tt
1357 2792 1401 2830 et

1197 2788 1300 2830 abtt
1357 2792 1401 2830 et

582 2869 718 2925 Vide
739 2883 905 2939 porro
931 2882 998 2920 an
1033 2867 1105 2920 sit
1129 2866 1372 2938 cognitio
1398 2866 1814 2933 iiutrimenunn,
1844 2868 1964 2923 sine
1989 2884 2096 2938 quo

510 2961 689 3017 salvos
716 2975 840 3016 esse
875 2975 982 3014 non
1032 2958 1197 3024 licet;
1239 2966 1365 3028 puta
1404 2973 1584 3012 sermo
1621 2959 1852 3029 diligens
1887 2961 1954 3015 de
1997 2962 2095 3015 hoc

509 3053 648 3124 ipso,
678 3050 952 3122 quomodo
979 3050 1102 3104 cibo
1139 3051 1398 3103 utendum
1434 3049 1526 3102 sit.
1568 3046 1741 3102 Piscis
1785 3059 1969 3103 autem
2012 3060 2096 3106 est

509 3147 776 3215 quasique
810 3144 1097 3200 obsonium
1130 3157 1228 3212 pro
1270 3141 1390 3195 viro
1435 3141 1676 3205 erudito,
1709 3145 1851 3196 scirc
1885 3144 2094 3197 consti-

2209 1993 2318 2067 γὰρ
2346 1997 2378 2067 ἡ
2406 1995 2514 2050 τῶν
2548 1996 2835 2066 σωτηρίων
2867 1995 3152 2064 δογμάτων
3183 1994 3408 2065 ἀλήθεια
3435 1994 3761 2066 λαμϐάνεται,

2208 2083 2460 2156 ἐπιμελεῖ
2488 2087 2644 2157 εὐχῇ,
2680 2085 2774 2138 καὶ
2806 2085 2900 2137 τοῦ
2941 2082 3274 2156 ἡγεμονικοῦ
3308 2085 3365 2136 ἐν
3404 2083 3483 2154 τῷ
3518 2084 3684 2153 ζητεῖν
3712 2081 3764 2134 τὰ

2208 2177 2327 2233 θεῖα
2371 2177 2739 2240 καταστάσει,
2771 2177 2866 2230 καὶ
2907 2177 3036 2248 περὶ
3074 2175 3167 2230 τοῦ
3203 2177 3382 2248 εὑρεῖν
3425 2174 3765 2246 συναισθήτως

2205 2271 2306 2342 τῆς
2337 2270 2445 2323 τῶν
2481 2270 2881 2343 κεκρυμμένων
2912 2267 3146 2341 Γραφῶν
3181 2269 3484 2338 ἀσφαλείας
3511 2268 3571 2321 τὸ
3609 2267 3762 2338 βάθος,

2205 2364 2427 2436 ἀκριϐεῖ
2458 2361 2979 2436 πολυπραγμοσύνῃο
3010 2361 3151 2415 οὕτω
3178 2361 3287 2435 γὰρ
3315 2361 3619 2431 ἀνοίγεσθαί
3655 2375 3764 2430 φησι

2189 2457 2304 2522 ’τὰς
2327 2459 2572 2530 Γραφάς.

2205 2553 2354 2622 Στιχ.
2388 2552 2454 2608 θ’.
2491 2553 2586 2618 Τίς
2611 2551 2680 2615 ἐξ
2708 2549 2876 2620 ὑμῶν
2907 2549 3249 2622 ἅνθρωπος,
3283 2548 3355 2622 ὅτ
3373 2546 3493 2622 ’ἐὰν
3514 2545 3715 2622 αίτήσῃ
3739 2546 3765 2598 ὀ

2275 2616 2406 2689 nith
2429 2616 2616 2676 αὑτοῦ
2644 2616 2847 2690 ἄρτον,
2883 2620 2970 2690 μὴ
3012 2616 3187 2675 λίθον
3214 2617 3496 2672 ἐπιδώσει
3531 2616 3708 2682 avrti);

2204 2714 2352 2786 Στιχ.
2383 2715 2432 2768 ι’.
2470 2715 2580 2768 Καὶ
2606 2715 2716 2768 ἐὰν
2747 2713 2926 2783 ιχοὺν
2957 2711 3199 2802 αἰτήσῃ,
3232 2711 3318 2782 μὴ
3349 2711 3493 2781 ὄφιν
3519 2707 3764 2764 ἐπιδώσει

2903 2799 3096 2845 αῡτῳ;

2903 2803 3016 2837 αυτ
3078 2803 3096 2845 ;

2278 2877 2418 2950 Ὅρα
2446 2878 2502 2931 δὲ
2537 2878 2585 2930 εί
2798 2874 2998 2944 γνῶσις
3018 2803 3245 2948 ῗροφὴ,
3273 2869 3343 2946 ἦς
3381 2874 3499 2927 ἄνω
3543 2871 3637 2924 οὐκ
3671 2868 3764 2922 ἔστι

2205 2969 2493 3036 σώζεσθαι·
2523 2963 2634 3022 οἷον
2661 2970 2691 3022 ὀ
2721 2969 2851 3039 περλ⁷
2885 2965 2977 3024 τοῦ
3013 2965 3130 3029 πῶς
3164 2964 3398 3036 βρωτέον
3432 2961 3659 3034 ἀκριϐὴς
3693 2959 3765 3012 λὸο

2201 3080 2316 3132 γος.
2358 3061 2531 3132 ’ἰχθῦς
2583 3061 2639 3114 δὲ
2673 3059 2768 3115 καὶ
2815 3054 2927 3113 οἷον
2970 3059 3100 3128 ὄψον
3151 3056 3446 3128 φιλομαθεῖ
3495 3057 3556 3110 τὺ
3596 3053 3763 3108 εἰδέναι

2203 3153 2464 3207 σύστασιν
2507 3152 2738 3222 κόσμου,
2786 3150 3068 3221 ἐνέργειαν
3122 3148 3424 3219 στοιχείων,
3481 3146 3646 3218 ἀρχὴν
3690 3142 3766 3196 καὶ

511 3239 775 3294 ιιιιίοιιειιι
805 3235 1014 3300 mundi,
1039 3235 1185 3290 vires
1215 3235 1642 3296 elementorum,
1677 3234 2005 3303 principium
2039 3245 2093 3289 et

2206 3245 2353 3308 τέλος
2403 3246 2499 3298 καὶ
2547 3243 2842 3314 μεσότητα,
2894 3241 2992 3295 καὶ
3037 3242 3139 3294 ὅσα
3192 3239 3318 3311 ἑξῆς
3356 3241 3390 3310 ἡ
3439 3239 3598 3308 σοφία
3621 3235 3762 3303 λέγει.

509 3334 671 3385 linem
696 3340 754 3386 et
782 3329 1040 3392 medium,
1079 3337 1135 3383 et
1182 3341 1302 3396 quae
1353 3327 1610 3395 deinceps
1644 3327 1986 3397 philosophia
2017 3326 2095 3380 lo-

509 3423 716 3491 quitur.
748 3420 860 3476 Nec
891 3437 1021 3491 ergo
1052 3434 1150 3490 pro
1181 3434 1319 3488 pane
1353 3417 1586 3486 lapidein
1617 3419 1710 3471 dat
1739 3419 1902 3482 Deus,
1933 3435 2090 3488 quem

507 3516 757 3570 diabolus
787 3514 996 3567 comedi
1051 3528 1081 3566 a
1122 3510 1540 3576 Jesuyolehat:
1579 3525 1754 3578 neque
1804 3525 1903 3578 pro
1947 3512 2094 3579 pisce

507 3615 842 3675 serpentem,
879 3620 1039 3674 quem
1090 3602 1381 3657 comedunt
1422 3599 1734 3669 Ethiopcs,
1764 3601 1968 3671 indigni
2001 3603 2090 3672 qui

505 3698 655 3768 pisce
703 3710 1018 3752 vescantur.
1053 3694 1337 3762 Quomodo
1389 3710 1521 3749 vero
1577 3693 1872 3763 diSt-ipulos
1923 3695 2095 3749 malos

506 3789 840 3859 appellavit?
884 3788 1020 3855 Quia
1055 3789 1309 3857 quamvis
1359 3801 1424 3842 ex
1469 3786 1754 3856 propo<ilo
1797 3785 2093 3841 voluntatis

504 3882 911 3954 sequebantur;
965 3890 1021 3934 at
1079 3882 1253 3934 inerat
1304 3880 1410 3934 illis
1459 3877 1710 3932 humana:
1765 3879 2094 3934 conditionis

504 3976 866 4032 tnutabilitas.
900 3973 1064 4028 Solus
1105 3983 1286 4026 autem
1319 3970 1684 4026 immutabilis
1722 3979 1922 4026 eratet
1955 3971 2094 4025 divi-

503 4068 675 4122 nitate
739 4076 795 4120 et
843 4065 1187 4119 humanitate
1231 4062 1329 4118 Dei
1379 4061 1570 4117 Filius.
1603 4061 1735 4115 Data
1782 4076 1913 4116 vero
1954 4063 2092 4116 bona

507 4158 745 4228 appellat
777 4159 1081 4228 spiritualia
1121 4159 1284 4213 dona.
1315 4153 1493 4208 Lucas
1525 4155 1790 4222 Spiritum
1837 4164 2090 4208 sanctum

504 4251 665 4315 dixit,
697 4265 792 4319 pro
819 4265 884 4303 eo
923 4259 980 4302 ut
1017 4249 1254 4309 diceret,
1285 4247 1452 4300 bona.
1501 4247 1571 4299 At
1611 4245 1817 4299 nullum
1852 4256 1936 4298 est
1978 4245 2090 4298 dis-

502 4342 734 4398 crimen.
765 4340 883 4410 Ipse
919 4339 1064 4394 enim
1097 4338 1337 4406 Spiritus
1383 4348 1629 4400 sanctus,
1653 4348 1739 4390 est
1772 4337 1957 4389 lumen
1995 4337 2093 4389 ho-

502 4449 631 4488 num
660 4450 672 4485 :
705 4439 991 4503 pr0pterea
1023 4430 1185 4484 etiam
1222 4428 1585 4497 participibus
1611 4427 1727 4481 suis
1755 4430 1893 4480 bona
1928 4425 2094 4496 largi-

503 4536 612 4580 tur.
658 4527 730 4579 At
756 4523 902 4578 enim
940 4523 993 4576 in
1044 4535 1256 4575 summe
1293 4519 1475 4588 pravis
1525 4527 1760 4587 propter
1811 4534 2085 4587 nunquam

2198 3337 2336 3391 Οῦτε
2369 3338 2492 3391 ἀντὶ
2523 3336 2618 3390 τοῦ
2651 3337 2818 3407 ἄρτου
2849 3333 2995 3387 λίθον
3027 3333 3238 3386 δίδωσιν
3268 3334 3297 3385 ὁ
3328 3331 3484 3395 Θεὸς,
3516 3331 3574 3383 ὃν
3610 3330 3638 3380 ὁ
3670 3326 3766 3380 διά·

2198 3427 2352 3490 ἤολος
2380 3426 2656 3480 ἐσθίεσθαι
2691 3425 2796 3478 ὑπὸ
2833 3423 2926 3476 τοῦ
2971 3422 3146 3493 Ἰησοῦ
3185 3421 3466 3475 ἐδούλετο·
3508 3419 3630 3473 οὔτε
3664 3415 3764 3470 ἀντὶ

2199 3519 2381 3590 ἰχθύος
2410 3519 2554 3586 ὄφιν,
2581 3518 2640 3570 ὃν
2668 3515 2938 3569 ἐσθίουσιν
2968 3517 3017 3567 οἱ
3047 3513 3256 3580 ἀνάξιοι
3282 3511 3375 3565 τοῦ
3409 3511 3564 3582 ἰχθὺν
3590 3507 3763 3562 ἐσθίειν

2195 3611 2472 3675 Αἰθίοπες.
2506 3611 2631 3672 Πῶς
2657 3609 2712 3662 δὲ
2743 3609 2871 3671 τοὺς
2901 3607 3149 3678 μαθητὰς
3186 3606 3461 3677 πονηροὺς
3497 3603 3760 3661 ἐκάλεσενς

2195 3704 2258 3756 Ei
2287 3703 2396 3774 γὰρ
2423 3703 2517 3756 καὶ
2547 3702 2875 3772 ἠκολούθουν
2893 3703 2956 3754 ὲκ
2981 3700 3374 3772 προαιρέσεως,
3410 3696 3527 3750 ἀλλ’
3558 3691 3691 3764 εἶχον
3714 3689 3764 3744 τὸ

2193 3795 2427 3866 τρεπτὺν
2459 3793 2553 3847 τοῦ
2589 3794 2952 3866 ἀνθρωπίνου.
2983 3793 3158 3847 Μόνον
3195 3791 3253 3844 δὲ
3296 3794 3569 3861 ἄτρεπτος
3595 3784 3656 3858 ἦν
3687 3785 3762 3838 καὶ

2195 3887 2412 3958 θεότητι
2443 3888 2536 3940 καὶ
2585 3886 2966 3958 ἀνθρωπότητι
3012 3888 3040 3939 ὁ
3079 3884 3174 3938 τοῦ
3222 3882 3359 3936 Θεοῦ
3393 3883 3545 3947 Υἱός.
3570 3880 3762 3951 Δόματα

2193 3978 2251 4032 δὲ
2301 3979 2483 4046 ἀγαθὰ
2535 3978 2689 4031 καλεῖ
2739 3978 2840 4040 τὰς
2895 3975 3273 4047 πνευματικὰς
3324 3975 3557 4046 δωρεάς.
3615 3974 3668 4024 ’0
3714 3967 3761 4020 δὲ

2194 4071 2409 4134 Λουκᾶς
2441 4069 2666 4140 Πνεῦμα
2703 4069 2858 4138 ᾶγιον
2891 4067 3062 4132 εἶπεν,
3095 4068 3217 4121 ἀντὶ
3255 4066 3349 4119 τοῦ
3379 4068 3557 4118 εἰπεῖν
3584 4058 3760 4132 ἀγαθά.

2193 4162 2306 4216 Καὶ
2349 4161 2499 4216 οὐδὲν
2543 4161 2605 4214 τὸ
2647 4160 2922 4232 διάφορον.
2972 4159 3045 4212 Τὸ
3075 4159 3185 4229 γὰρ
3214 4158 3365 4226 ἆγιον
3397 4156 3624 4226 Πνεῦμα
3651 4150 3762 4206 αὑτό

2191 4257 2309 4309 ἐστι
2356 4255 2418 4308 τὸ
2468 4255 2584 4324 φῶς
2624 4253 2849 4323 ἀγαθόν’
2899 4251 2980 4305 διὸ
3026 4253 3120 4306 καὶ
3164 4254 3276 4313 τοῖς
3325 4250 3576 4320 μετόχοις
3617 4241 3759 4300 αὑτοῦ

2191 4348 2404 4402 δίδωσιν
2445 4347 2648 4416 ἀγαθά.
2676 4348 2801 4410 Τοῖς
2832 4346 2888 4399 δὲ
2925 4347 3061 4414 ἄγαν
3093 4347 3370 4416 πονηροῖς,
3401 4342 3492 4396 διὰ
3531 4341 3592 4393 τὸ
3628 4341 3754 4392 ἀνεν·

2191 4441 2360 4505 δότως
2386 4441 2726 4512 ἁμαρτάνειν
2755 4441 2957 4509 τρόπον
2987 4439 3110 4491 τινὰ
3150 4437 3310 4506 φύσις
3342 4436 3530 4498 αὐτοῖς
3555 4436 3588 4504 ἡ
3615 4430 3760 4486 κακία

2190 4535 2417 4603 γίνεταιο
2453 4530 2565 4598 οἷός
2591 4535 2740 4586 ἐστιν
2768 4534 2796 4584 ὁ
2837 4534 3082 4592 Σατανᾶς
3121 4530 3214 4582 καὶ
3239 4529 3287 4582 oi
3315 4527 3591 4598 δαίμονες.
3614 4523 3762 4576 Δύνα-

501 4615 814 4675 iuterrnissa
838 4622 1085 4684 peccata,
1113 4612 1300 4665 vitium
1326 4609 1726 4682 quodannnodo
1756 4608 1810 4662 in
1834 4620 2084 4664 naturam

2206 4644 2280 4679 :att
2311 4626 2420 4697 γάρ
2447 4643 2532 4688 τις
2562 4626 2658 4680 καὶ
2683 4626 2908 4688 τούτους
2931 4623 3089 4692 φύσει
3119 4620 3323 4684 κακοὺς
3353 4621 3550 4680 είπείν,
3578 4617 3758 4682 καίπερ

499 4708 685 4765 evadit
717 4723 732 4761 :
758 4706 934 4777 qualis
960 4713 1045 4759 est
1067 4703 1301 4758 Satanas
1326 4711 1381 4756 et
1401 4702 1695 4756 dzcmones.
1722 4699 1906 4754 Potest
1939 4702 2082 4756 enim

498 4799 626 4869 quis
659 4797 820 4851 etiam
865 4795 962 4849 hos
993 4800 1191 4846 natura
1234 4791 1405 4845 malos
1454 4789 1659 4854 dicere,
1699 4782 1948 4860 quamvis
1975 4807 2081 4844 non

501 4899 692 4944 natura
727 4885 898 4941 malos
932 4893 1171 4948 creatos,
1202 4883 1296 4936 sed
1327 4896 1392 4936 ex
1426 4881 1714 4935 arbitraria
1744 4881 1950 4936 malitia
1983 4883 2080 4935 ele-

498 4993 778 5056 pravatos.

1125 5045 1278 5102 CAP.
1316 5045 1448 5102 VIII.

497 5145 563 5200 γ.
594 5145 682 5199 Η.
717 5141 879 5198 Multi
912 5142 977 5194 ab
1015 5140 1214 5193 oriente
1251 5151 1300 5192 et
1341 5137 1610 5192 occidente
1651 5137 1875 5198 venient,
1914 5146 1964 5190 et
1996 5153 2080 5191 re-

566 5216 808 5268 cumbent
847 5227 964 5266 cum
995 5211 1261 5264 Abraham
1285 5220 1332 5263 et
1363 5207 1524 5262 Isaac
1562 5219 1613 5262 et
1645 5207 1810 5262 Jucob
1838 5212 1891 5260 in
1921 5224 2076 5273 regno

569 5288 838 5339 rtelorum.

569 5374 625 5430 Si
659 5386 887 5446 augusta
914 5385 962 5430 et
1009 5382 1216 5428 arctata
1259 5381 1334 5426 est
1375 5371 1484 5436 via,
1520 5380 1571 5425 et
1609 5371 1766 5440 pauci
1805 5370 1895 5440 qui
1936 5370 2080 5423 inve-

495 5468 649 5522 niunt
691 5485 804 5522 eam
831 5468 874 5533 ³,
900 5467 995 5537 p'er
1015 5480 1176 5534 quam
1212 5464 1398 5534 plures
1436 5464 1841 5532 ingrcdicntur?
1870 5465 1937 5516 de
1967 5463 2074 5516 lata

497 5562 644 5615 enim
674 5570 728 5613 et
773 5560 1010 5628 spatiosa
1058 5558 1212 5624 dicit,
1247 5558 1387 5626 quod
1424 5557 1576 5610 multi
1612 5555 1989 5626 ingredientur
2019 5555 2070 5608 in

496 5668 639 5708 eam.
666 5653 909 5706 Dicimus
924 5665 1076 5721 ergo,
1104 5666 1412 5708 sermonem
1441 5649 1653 5705 Domini
1682 5649 1886 5704 dictum
1906 5647 2073 5704 fuisse

565 5767 764 5822 'Joan.
797 5789 834 5832 ι,
864 5769 950 5824 l3.
1028 5769 1050 5800 ³
1079 5767 1267 5822 Matth.
1310 5782 1406 5832 vn,
1448 5767 1538 5822 14.

565 5863 639 5934 (5)
668 5863 740 5919 Ex
781 5865 901 5920 cod.
929 5863 1120 5919 Venet.
1150 5877 1320 5929 χχι-ιι,
1359 5877 1480 5931 pag.
1513 5861 1603 5914 ‘23.

2193 4717 2268 4789 μὴ
2303 4717 2462 4786 φύσει
2492 4719 2698 4780 κακοὺς
2729 4713 3254 4787 δημιουργηθέντας,
3279 4711 3392 4765 ἀλλ’
3427 4710 3489 4775 ἐξ
3516 4710 3760 4776 αύτοπρο-

2187 4808 2404 4879 αιρέτου
2434 4808 2636 4872 κακίας
2664 4806 3103 4877 ἁπεσκληκότας.

2831 5050 2988 5104 ΚΕΦ.
3032 5049 3112 5102 ll'.

2183 5141 2334 5200 Στιγ.
2394 5148 2482 5196 ια’.
2534 5143 2758 5197 Πολλοὶ
2816 5141 2935 5196 ἀπὸ
2995 5137 3308 5194 ἀνατολῶν
3363 5137 3457 5190 καὶ
3528 5127 3759 5200 δυσμῶν

2264 5160 2278 5193 ι
2324 5184 2334 5192 .
2394 5160 2482 5196 ια’.
2534 5160 2758 5197 ιιονινιοι
2816 5160 2935 5196 asto
2995 5160 3308 5194 ανατοκων
3363 5160 3457 5190 και
3528 5160 3744 5200 υινυμιω

2257 5160 2502 5277 ἥξουσι,
2535 5214 2633 5266 καὶ
2662 5211 3174 5277 ἀνακλιθήσονται
3201 5207 3354 5276 μετὰ
3387 5204 3646 5279 Ἀϐραὰμ
3669 5197 3756 5279 θεαὶ

2270 5283 2468 5336 Ἰσαὰκ
2496 5283 2592 5336 καί
2622 5283 2822 5337 Ἰακὼό
2842 5283 2911 5335 ἐν
2932 5280 3006 5349 τῇ
3025 5280 3316 5346 ,βασιλείᾳ
3338 5277 3457 5331 τῶν
3477 5277 3754 5344 οὐρανῶν.

2256 5375 2321 5428 El
2364 5375 2552 5444 στενὴ
2602 5375 2703 5430 καὶ
2755 5373 3112 5444 τεθλιμμένη
3158 5371 3334 5425 ἐστὶν
3377 5371 3416 5438 ή
3465 5368 3637 5432 ὁδὸς,
3670 5359 3755 5414 καὶ

2184 5467 2376 5536 ὀλίγοι
2410 5469 2464 5520 οὶ
2490 5468 2884 5536 εὑρίσκοντες
2911 5465 3138 5534 αὐτὴν,
3167 5463 3254 5517 διὰ
3301 5462 3461 5523 ποίας
3498 5461 3547 5512 οἱ
3591 5451 3759 5508 πολλοὶ

2181 5557 2620 5625 είσελεύσονται;
2669 5561 2797 5631 περὶ
2847 5557 2957 5630 γὰρ
3014 5555 3272 5634 πλατείας
3320 5553 3414 5608 καὶ
3454 5545 3755 5621 εὐρυχώρου

2180 5649 2348 5722 λέγει,
2377 5653 2460 5707 ὅτι
2491 5651 2675 5707 πολλοὶ
2700 5649 3096 5705 εἰσελεύσονται
3119 5648 3188 5702 δι’
3212 5647 3402 5716 αὐτῆς.
3425 5641 3538 5696 Καί
3569 5649 3755 5710 φαμεν,
