3958 6510
222 462 311 522 997
1191 501 1201 516 κ
1388 466 1685 523 SCIIOLIA
1723 468 1792 523 IN
1832 466 2270 524 MATTHEUM.

3327 467 3430 522 298

217 587 314 640 τῶν
339 585 392 638 ἐν
437 583 738 656 ἀνθρώποις
778 588 1182 659 προαιρέσεων,
1222 590 1254 661 ἡ
1287 591 1552 644 παντοίων
1591 589 1760 644 ἐθνῶν

1874 593 2135 645 luntatum
2177 592 2231 644 in
2276 589 2608 656 hominibus,
2656 598 2712 644 et
2745 589 3018 644 variarum
3053 589 3294 660 gentium
3328 604 3424 643 vo-

218 678 406 747 κλῆσις.
449 676 715 744 Ἐργάται
752 681 991 750 σαγήνης
1009 719 1025 742 ,
1052 681 1080 732 ό
1106 680 1308 752 Κύριος
1341 682 1435 734 καὶ
1460 683 1508 734 οί
1533 684 1762 754 προσελ-

1874 681 2025 736 :atio.
2059 680 2378 748 Operatores
2412 694 2647 749 sagenze,
2693 679 2952 733 Dominus
3001 685 3107 741 est,
3160 687 3217 730 et
3247 677 3425 746 angeli

217 769 380 830 δόντες
414 766 626 836 ἄγγελοι
668 767 932 822 διακονεῖν
963 769 1128 840 αύτῷ.
1166 771 1394 842 Ἀγγεῖα
1424 773 1480 826 αἱ
1516 772 1762 842 διάφοροι

218 859 373 929 μοναί.
402 859 510 911 Ούκ
554 858 815 926 ἀνάγεται
858 861 912 914 δὲ
940 862 970 932 ἡ
1007 863 1237 934 σαγήνη,
1261 863 1372 930 ἕως
1415 860 1485 919 οὗ
1513 864 1578 917 τὸ
1609 863 1763 930 πλή-

212 965 355 1017 ρωμα
381 947 492 1002 τῶν
523 949 714 1002 ἐθνῶν
740 953 1003 1020 εἰσέλθῃ.
1031 954 1102 1005 Ἦ
1123 953 1316 1017 οὕτως·
1347 954 1585 1024 Σαγήνη
1616 957 1764 1008 ἐστὶν

215 1043 245 1111 ἡ
271 1041 578 1112 ἀποστολικὴ
600 1043 932 1107 διδασκαλία,
974 1047 1006 1116 ἡ
1033 1045 1358 1118 ἀδιακρίτως
1397 1047 1765 1118 συλλαμϐανο-

221 1132 339 1202 μένη
373 1130 651 1197 Ἰούδαίους
689 1135 783 1188 καὶ
819 1135 1103 1208 Ἕλληνας,
1147 1137 1486 1211 βαρϐάρους,
1515 1139 1760 1204 Σκύθας,

214 1221 427 1286 δούλους,
445 1223 778 1297 ἐλευθέρους,
797 1229 1062 1298 πονηροὺς
1079 1230 1170 1281 καὶ
1188 1230 1760 1298 ἁγαθούς.Θάλασσα,

215 1314 241 1365 ὁ
270 1314 366 1367 τῶν
400 1314 697 1386 ἀνθρώπων
722 1317 854 1386 βίος.
904 1319 1207 1390 Αἰγιαλὸς,
1240 1322 1298 1374 τὸ
1326 1322 1505 1392 τέρμα
1549 1321 1760 1376 τούτου.

225 1405 300 1458 Ἐν
327 1406 378 1458 δὲ
403 1409 464 1478 τῇ
492 1408 790 1480 συντελείᾳ,
826 1411 914 1463 ὅτε
958 1413 1265 1467 ἀνασπᾶται
1295 1416 1328 1484 ἡ
1359 1417 1568 1486 σαγήνη
1591 1457 1605 1481 ,
1662 1418 1765 1485 ἀερ-

212 1496 454 1568 ορίζονται
485 1498 594 1551 ἀπὸ
619 1499 725 1552 τῶν
756 1501 977 1570 φαύλων
1007 1505 1054 1556 οξ
1087 1504 1300 1573 ἀγαθοὶ,
1330 1506 1378 1557 οί
1402 1507 1498 1576 μὲν
1521 1506 1766 1577 τιμώμε-

213 1605 300 1652 νοι,
337 1590 385 1642 οί
421 1589 475 1642 δὲ
515 1590 884 1662 κολαζόμενοι.
921 1595 995 1647 υύ
1032 1594 1140 1668 γὰρ
1167 1597 1384 1650 πάντων
1421 1597 1531 1650 τῶν
1559 1599 1765 1652 πιστῶν

211 1680 372 1748 ὅμοιος
402 1681 429 1732 ό
450 1683 670 1753 τρόπος.
698 1685 811 1737 Ἵνα
843 1685 897 1737 δὲ
925 1686 998 1756 μὴ
1023 1688 1216 1758 νομίσῃ
1238 1705 1340 1751 τις,
1370 1689 1452 1741 ὅτι
1478 1688 1581 1756 ἔξω
1605 1690 1764 1760 μόνον

213 1769 470 1840 βάλλονται
501 1775 550 1826 οἰ
577 1773 794 1828 ἄπιστοι
823 1775 918 1829 καὶ
945 1777 1208 1848 πονηροὶ,
1243 1779 1548 1849 ἐσήμανεν,
1579 1782 1658 1833 ὅτι
1687 1783 1765 1844 είς

210 1866 411 1938 διηνεκῆ
464 1867 688 1921 κόλασιν
748 1868 1205 1939 παραπέμπονται
1231 1886 1245 1900 ο
1300 1870 1408 1924 Kal
1456 1871 1764 1935 ,ϐαλοῦσιν

210 1959 406 2026 αὐτοὺς
427 1963 512 2027 είς
540 1960 656 2030 τὴν
681 1960 933 2031 κάμινον
956 1961 1059 2016 τοῦ
1087 1961 1297 2029 πιφὸς,
1345 1963 1438 2016 καὶ
1461 1963 1530 2016 τὰ
1557 1963 1704 2033 ἑξῆς.

831 2053 987 2106 ΚΕΦ.
1029 2054 1138 2106 III'.

211 2143 338 2215 Στίχ.
365 2143 574 2212 ε’,ΙΚαὶ
602 2143 670 2215 oc
698 2144 805 2198 ἐὰν
843 2144 1085 2211 δέξηται
1129 2145 1368 2215 παιδίον
1402 2145 1671 2200 τοιοῦτον
1695 2146 1765 2200 ἓν

443 2215 544 2267 ἐπὶ
571 2213 649 2279 τῷ
672 2215 917 2283 ὀνόματί
931 2232 1050 2283 μου
1071 2255 1085 2279 ,
1119 2215 1224 2283 ἐμὲ
1252 2214 1504 2284 δέχεται.

272 2304 521 2375 Παραινεῖ
557 2305 806 2375 δέχεσθαι
859 2307 986 2368 τοὺς
1026 2307 1248 2369 πιστοὺς
1293 2307 1386 2359 ἐπὶ
1421 2306 1500 2378 τῷ
1545 2307 1764 2378 ὀνόματι

213 2395 354 2450 αὐτοῦ
372 2397 425 2449 ἓν
443 2396 652 2450 παιδίον
667 2396 963 2468 τοιοῦτον,ἦ
977 2398 1034 2451 ἓν
1050 2398 1304 2452 τοιούτων
1324 2399 1464 2469 (10⁸)
1481 2399 1588 2452 τῶν
1608 2418 1766 2453 πνευ-

216 2487 432 2557 ματικῶν
471 2489 570 2542 καὶ
611 2490 1058 2560 μεμορφωμένων
1099 2492 1189 2544 τὸν
1228 2490 1495 2563 Χριστὸν,
1533 2491 1674 2543 κατὰ
1705 2492 1765 2544 τὸ

213 2577 517 2632 ταπεινῶσαι
545 2578 609 2630 τὸ
648 2578 840 2632 ἑαυτοῦ
870 2580 1104 2652 πνεῦμα.
1146 2582 1301 2635 Κατὰ
1327 2581 1382 2634 δὲ
1410 2582 1502 2634 τὸν
1529 2583 1762 2644 Λουκᾶν,

213 2669 263 2720 τὸ
282 2669 620 2740 δεικνύμενον
643 2671 746 2723 ὑπὸ
777 2660 1150 2743 ’ποῦ’Σωτῆρος
1181 2672 1388 2726 παιδίον
1412 2671 1661 2742 δέχεσθαι
1687 2673 1767 2726 δεῖ

212 2761 262 2812 ὲν
281 2760 348 2831 τῷ
363 2762 592 2832 ὀνόματι
608 2762 794 2825 αὑτοῦ,
823 2763 910 2816 ἵνα
934 2764 992 2816 ἐν
1022 2763 1168 2834 αύτῷ
1191 2762 1406 2835 δέξηται
1421 2764 1511 2817 τὸν
1534 2764 1765 2835 Χριστὸν

211 2852 324 2905 ὄντα
347 2855 433 2906 καὶ
461 2856 518 2908 ὲν
559 2855 638 2925 τῷ
676 2852 972 2926 Πνεύματι.
1006 2856 1075 2907 Ἢ
1107 2854 1175 2909 ἐν·
1211 2856 1501 2918 τοιοῦτον,
1551 2857 1671 2909 ἐπεὶ
1706 2858 1766 2911 ἓν

212 2943 302 2994 είσι
326 2943 516 3008 πάντες
541 2945 595 2996 οἱ
629 2945 1004 3015 πνευματικοί.
1028 2944 1331 3017 Προτρέπει
1357 2945 1413 2997 δὲ
1439 2948 1467 2999 ό
1499 2945 1652 3014 λόγος
1674 2946 1767 3000 καὶ

213 3032 264 3083 τὺ
282 3033 512 3104 δέχεσθαι
551 3034 662 3088 τῶν
692 3034 877 3088 ἁπλῶν
903 3035 996 3089 καὶ
1041 3035 1260 3107 πραέων
1279 3039 1344 3108 τῇ
1380 3036 1575 3108 καρδίᾳ
1607 3039 1663 3089 ὲν
1689 3037 1766 3108 τῷ

211 3117 335 3190 λόγῳ
365 3122 624 3192 Χριστοῦ.
673 3123 1014 3177 ’Δνακόπτων
1056 3125 1118 3178 τὸ
1155 3125 1428 3195 φιλόνικον
1455 3126 1562 3179 τῶν
1594 3126 1768 3198 μαθη-

213 3211 303 3265 τῶν
333 3213 534 3286 (ἐπειδὴ
583 3215 671 3268 ὅτε
714 3216 762 3268 οί
787 3215 1091 3270 διδάσκαλοι
1129 3217 1423 3287 μάχονται,
1487 3218 1766 3289 σχίσματα

212 3303 425 3370 γίνονται
462 3307 677 3360 πολλῶν
719 3307 1246 3379 σκανδαλιζομένων,
1293 3308 1520 3380 βουλομέ
1534 3309 1762 3363 ιων³τῶν

213 3397 694 3470 σκανδαλιζομένων
728 3399 1059 3452 ἐπισπᾶσθαι
1089 3401 1168 3464 είς
1197 3400 1390 3463 αὐτοὺς
1422 3400 1545 3462 τοὺς
1565 3400 1766 3470 ἀκροα-

213 3489 333 3559 τὰς),
369 3493 626 3564 προλέγει
678 3492 773 3564 τὴν
810 3492 926 3564 μετ’
950 3491 1127 3546 αὐτῶν
1169 3493 1455 3563 τιμωρίαν.
1501 3491 1671 3545 Τοῦτο
1708 3492 1766 3544 δὲ

215 3583 632 3654 ὲπιτεταγμένως
667 3583 877 3655 ἐλέχθη.
901 3584 1191 3638 Τουτέστιν
1212 3582 1314 3637 κᾶν
1337 3583 1525 3655 εὐτελῆ
1555 3583 1764 3656 ἀνθρω-

215 3687 297 3724 πον
311 3675 408 3727 τῶν
424 3675 635 3729 πιστῶν
658 3675 1064 3747 σκανδαλίσητε,
1088 3675 1279 3747 βαρεῖα
1303 3677 1455 3728 ἔσται
1473 3674 1593 3728 καθ’
1613 3675 1766 3746 ὑμῶν

213 3763 243 3831 ὴ
267 3767 508 3838 τιμωρία.
546 3767 662 3839 Τὴν
687 3767 795 3840 γὰρ
826 3768 1097 3840 ἀφόρητον
1127 3767 1394 3839 τιμωρίαν
1420 3767 1509 3821 διὰ
1532 3766 1624 3820 τοῦ
1665 3766 1767 3839 μύ-

213 3850 290 3905 λου
313 3857 399 3910 καὶ
415 3857 862 3928 καταποντισμοῦ
887 3858 1162 3928 σημαίνει,
1190 3856 1288 3928 τὴν
1322 3857 1585 3928 ἐσομένην
1629 3856 1768 3928 μετὰ

213 3946 303 3998 τῶν
326 3949 443 4012 τοὺς
479 3950 757 4013 τοιούτους
799 3949 1147 4021 ὑϐριζόντων.
1186 3949 1485 4003 Σκάνδαλον
1524 3947 1633 4019 γὰρ
1681 3950 1768 4000 ὲν-

214 4036 366 4092 ταῦθα
386 4041 479 4112 τὴν
503 4041 666 4114 ὓϐριν
698 4041 871 4095 καλεῖ.
904 4040 1087 4094 Ταῦτα
1111 4041 1170 4094 δέ
1193 4059 1333 4112 φημι
1353 4081 1367 4105 ,
1403 4040 1587 4112 ἐπειδὴ
1609 4043 1658 4093 οἱ
1682 4059 1768 4111 μι-

214 4133 319 4201 κροὶ
342 4134 779 4188 εύσκανδάλιστοί
809 4137 966 4197 εἰσιν,
1001 4135 1085 4186 ἵνα
1116 4133 1189 4205 μὴ
1216 4133 1642 4206 καταφρονῶμεν
1667 4135 1765 4187 αύ-

213 4223 324 4278 τῶν.
367 4227 421 4281 Ὀ
447 4229 554 4300 γὰρ
585 4229 759 4298 μέγας
780 4229 873 4282 καὶ
891 4227 1094 4292 τέλειος
1115 4230 1170 4281 ὲν
1191 4228 1358 4299 ἀρετῇ
1383 4227 1584 4289 παντὸς
1608 4243 1768 4280 σκαν-

211 4314 350 4370 δάλου
375 4323 725 4390 καταφρονεῖ.
764 4320 852 4386 Ἐξ
874 4314 948 4374 ὧν
971 4320 1026 4374 δὲ
1048 4321 1298 4390 προλέγει
1325 4321 1419 4373 καὶ
1444 4319 1630 4391 θρηνεῖ
1641 4320 1767 4382 τοὺς

211 4410 460 4477 τοιούτους
483 4454 496 4477 ,
537 4413 757 4466 δίδωσιν
790 4413 972 4476 αὐτοῖς
1003 4413 1194 4484 καιρὸν
1233 4411 1534 4484 μετανοίας.
1583 4409 1764 4464 Εἰπὼν

209 4498 276 4562 δὲ,
305 4501 567 4572 Ἀνάγκη,
600 4503 698 4555 ούκ
722 4503 935 4572 ἀναιρεῖ
951 4503 1010 4556 τὸ
1035 4502 1392 4568 αὐτεξούσιον,
1411 4499 1544 4554 ἀλλὰ
1559 4499 1619 4552 τὸ
1635 4516 1768 4569 προ-

1861 771 1952 839 qni
1994 772 2263 825 accedunt
2310 778 2365 823 ut
2399 769 2702 823 ministrent
2731 769 2801 823 ei.
2835 767 3001 834 Vasa,
3040 777 3166 822 sunt
3201 767 3428 823 diversa:

1864 860 2197 915 mansiones.
2239 858 2354 912 Non
2388 860 2636 913 educitur
2664 867 2842 912 autem
2875 874 3097 927 sagena,
3128 861 3290 912 donec
3319 859 3430 929 ple-

1863 954 2046 1007 nitudo
2075 952 2478 1022 gentiumintret
2508 951 2629 1005 '-".
2664 951 2756 1005 Vel
2781 953 2860 1006 sic
2889 969 2904 1005 :
2936 952 3161 1021 Sagena,
3192 962 3274 1006 est
3297 965 3428 1020 apo-

1863 1043 2052 1098 stolica
2098 1043 2344 1096 doctrina
2372 1081 2388 1105 ,
2427 1055 2548 1110 quae
2603 1041 3078 1095 indiscriminatim
3137 1051 3431 1110 congregat

1861 1132 2080 1189 Judteos
2103 1144 2154 1189 et
2182 1133 2419 1199 Grazcos,
2449 1118 2760 1196 Barbaros,
2810 1132 3063 1203 Scythas,
3104 1147 3313 1196 servos,
3363 1132 3432 1186 li-

1865 1225 2046 1290 beros,
2094 1227 2266 1280 malos
2305 1233 2358 1277 et
2409 1223 2598 1278 bonos.
2643 1222 2813 1286 Mare,
2861 1233 2945 1277 est
2991 1223 3096 1276 vita
3128 1221 3428 1277 hominum.

1873 1316 2066 1382 Littus,
2102 1318 2224 1370 vitae
2249 1316 2390 1374 linis.
2430 1315 2485 1369 In
2517 1316 2979 1369 consummatione
3010 1329 3168 1376 vero,
3219 1315 3434 1382 quando

1864 1409 2115 1464 educitur
2155 1423 2376 1478 sagena,
2411 1417 2737 1478 separantur
2779 1421 2809 1459 a
2841 1406 2994 1460 malis
3025 1405 3190 1458 boni:
3240 1407 3329 1459 isti
3375 1414 3434 1458 ut

1867 1500 2224 1563 honorentur,
2279 1499 2357 1555 illi
2406 1509 2464 1551 ut
2511 1497 2821 1568 puniantur.
2873 1497 2988 1552 Non
3043 1497 3187 1552 enim
3248 1491 3433 1552 lideles

1864 1599 2054 1640 omnes
2101 1585 2262 1641 unius
2313 1586 2453 1640 modi
2495 1594 2642 1640 sunt.
2697 1585 2774 1639 Ac
2827 1599 2893 1640 ne
2941 1585 3062 1654 quis
3112 1582 3431 1650 arbitretur,

1865 1675 2009 1745 quod
2053 1673 2202 1730 foras
2250 1677 2510 1730 duntaxat
2553 1675 2840 1746 ejiciantur
2887 1677 3128 1730 inlideles
3167 1686 3224 1730 et
3267 1675 3431 1741 mali,

1865 1767 2198 1836 signiﬁcavit
2223 1781 2315 1822 eos
2346 1768 2398 1820 in
2427 1776 2685 1820 aeternam
2710 1782 2925 1836 poenam
2960 1768 3120 1834 trudi,
3149 1767 3431 1838 inquiens:

1870 1859 1937 1914 Et
1969 1861 2170 1914 mittent
2205 1877 2290 1913 eos
2320 1861 2372 1913 in
2405 1859 2675 1928 fornacem
2701 1860 2836 1930 ignis
2869 1859 2932 1925 “,
2969 1871 3077 1914 etc.

2465 2051 2614 2107 CAP.
2647 2050 2832 2106 XVIII.

1869 2146 1932 2201 V.
1961 2146 2018 2202 5.
2054 2145 2123 2201 Et
2161 2148 2453 2216 quicunque
2475 2148 2757 2215 susceperit
2787 2145 3078 2214 puellulum
3099 2144 3253 2200 talem
3271 2161 3432 2200 unum
3533 2187 3544 2194 .

2209 2234 2304 2287 pro
2336 2219 2538 2270 nomine
2565 2233 2699 2284 meo,
2736 2233 2818 2270 me
2842 2217 3081 2282 suscipit.

1943 2309 2204 2364 Hortatur
2239 2307 2445 2372 lideles,
2499 2319 2556 2360 ut
2591 2307 2891 2376 suscipiant
2927 2323 3023 2376 pro
3055 2308 3271 2363 nomine
3318 2309 3435 2376 ejus

1868 2416 2036 2454 unum
2084 2398 2320 2469 puellum
2371 2396 2719 2465 huiusmodi,
2768 2398 2852 2452 vel
2910 2415 3073 2452 unum
3128 2398 3431 2466 huiusmodi

1866 2492 2256 2562 spiritualium,
2293 2499 2348 2544 et
2381 2491 2432 2544 in
2469 2490 2663 2557 quilms
2699 2489 2966 2544 formatur
3007 2489 3252 2544 Christus
3280 2492 3432 2559 juxta

1867 2587 2115 2655 Spiritum
2153 2599 2307 2639 suum
2337 2583 2426 2651 qui
2463 2581 2824 2635 humilitatem
2871 2581 3180 2634 insinuavit.
3224 2581 3436 2635 Secuno

1867 2679 1990 2731 dum
2026 2675 2224 2730 Lucam
2259 2689 2442 2750 porrp,
2489 2673 2634 2725 illum
2687 2671 2884 2742 ipsum,
2935 2672 3024 2740 qui
3075 2689 3102 2726 a
3155 2671 3436 2726 Salt‘atore

1868 2777 2200 2824 monstratus
2229 2778 2333 2828 ρει,
2393 2763 2631 2833 puellum
2673 2764 2952 2831 suscipere
2996 2773 3212 2831 oportet
3259 2765 3310 2826 in
3342 2781 3438 2816 uo-

1869 2859 2014 2912 mine
2054 2855 2192 2922 ejus,
2227 2863 2284 2908 ut
2311 2855 2363 2908 in
2411 2853 2528 2921 ipso
2557 2852 2883 2920 suscipiatur
2922 2853 3196 2915 Christus,
3227 2853 3318 2922 qui
3354 2864 3438 2905 est

1865 2965 1920 3010 et
1965 2955 2016 3008 in
2072 2952 2302 3022 Spiritu.
2356 2948 2452 3003 Vel
2493 2965 2654 3002 unum
2703 2949 2883 3009 talem,
2932 2947 3058 3017 quia
3109 2964 3272 3001 unum
3312 2957 3438 3000 sunt

1867 3052 2178 3122 spirituales
2210 3063 2418 3103 omnes.
2451 3047 2717 3100 Admonet
2755 3054 2935 3099 autem
2976 3059 3176 3109 sermo,
3225 3052 3283 3098 ut
3311 3059 3438 3099 sus-

1867 3141 2136 3210 cipiantur
2177 3145 2232 3193 et
2282 3136 2592 3207 simplices,
2637 3145 2800 3203 atque
2859 3133 3127 3187 mansueti
3175 3134 3338 3186 corde
3383 3135 3434 3186 in

1792 3265 1834 3321 (ς
1871 3255 2126 3298 sermone
2168 3238 2396 3294 Christi.
2441 3237 2620 3304 Atque
2669 3235 2749 3290 sic
2796 3231 3086 3288 succideus
3130 3233 3437 3287 contentio-

1870 3347 1992 3387 nem
2038 3330 2420 3403 discipulorum
2491 3326 2764 3399 (quoniam
2809 3324 2902 3379 ubi
2952 3324 3202 3379 doctores
3231 3322 3439 3375 vitiliti-

1867 3432 2018 3495 gant,
2066 3422 2363 3476 schismata
2411 3421 2566 3484 liunt,
2618 3417 2999 3472 scaudalizatis
3050 3415 3255 3478 multis,
3308 3415 3435 3467 dum

1867 3515 1961 3586 qui
1991 3512 2458 3574 scandalizantur,
2490 3511 2708 3564 student
2751 3509 2974 3563 trahere
3006 3508 3058 3561 in
3097 3518 3280 3585 partes
3310 3523 3437 3561 suas

1870 3608 2192 3672 auditores),
2213 3604 2458 3674 praedicit
2477 3601 2808 3655 indicibilem
2835 3600 3093 3654 ultionem
3125 3613 3284 3667 quam
3315 3612 3437 3651 cum

1870 3716 1976 3771 illis
2014 3713 2245 3769 subituri
2295 3719 2443 3765 sunt.
2495 3709 2607 3763 IIoc
2655 3723 2785 3761 vero
2820 3721 2942 3759 cum
2993 3705 3319 3759 auctoritate
3367 3703 3440 3756 di-

1869 3819 2013 3862 ctum
2044 3812 2145 3860 est.
2173 3803 2397 3871 Nempe,
2435 3802 2478 3856 si
2516 3800 2599 3854 vel
2631 3799 2901 3854 hominem
2940 3795 3148 3850 ﬁdelem
3177 3810 3342 3849 unum
3371 3795 3438 3847 de

1873 3898 2035 3953 trivio
2065 3892 2596 3954 scandalizaveritis,
2635 3888 2817 3958 gravis
2857 3902 2953 3942 vos
2985 3896 3167 3940 manet
3202 3884 3434 3952 punitio.

1869 3987 2208 4045 Intolerabile
2268 3998 2506 4053 namque
2553 3981 2916 4051 supplicium,
2985 3993 3082 4048 per
3131 3977 3331 4031 molam
3382 3986 3431 4030 et

1867 4095 2263 4152 demersionem
2295 4089 2568 4160 signiﬁcat
2597 4102 2810 4148 eorum,
2843 4084 2934 4154 qui
2967 4083 3100 4137 tales
3133 4080 3327 4149 injuria
3359 4079 3440 4133 ala

1869 4187 2116 4243 fecerint.
2168 4181 2493 4237 Scandalnm
2529 4178 2674 4232 enim
2745 4177 2833 4230 hic
2879 4173 3135 4243 injuriam
3177 4171 3435 4240 appellat.

1872 4281 1992 4336 Haec
2026 4293 2186 4350 porro
2235 4277 2380 4338 dico,
2416 4282 2476 4326 ut
2525 4271 2650 4340 quia
2705 4266 2914 4336 parvuli
2969 4264 3127 4318 facile
3161 4262 3437 4318 scandalir

1869 4385 2081 4430 zantur.
2125 4385 2230 4423 non
2262 4377 2675 4421 contemnamus
2720 4375 2834 4415 eos.
2885 4356 2986 4424 Qui
3033 4356 3177 4410 enim
3212 4369 3439 4422 magnus

1868 4485 1931 4522 ac
1963 4465 2235 4536 perlectus
2265 4461 2317 4515 in
2358 4458 2562 4512 virtute
2587 4462 2691 4518 est,
2719 4466 2882 4508 omne
2913 4447 3255 4521 parvipendit
3279 4460 3440 4500 scan-

266 4551 364 4562 -——»
394 4551 567 4572 -νι---ιν
725 4551 930 4572 νην-τη
963 4551 1006 4556 η
1602 4551 1609 4552 κ
1681 4551 1692 4569 ι

212 4595 482 4656 γνωστικὸν
525 4593 624 4647 τοῦ
671 4594 887 4657 πάντως
932 4594 1188 4664 ἐσομένου
1231 4593 1398 4663 δηλοῖ.
1442 4591 1532 4644 Διὸ
1573 4590 1664 4644 καὶ
1704 4588 1763 4641 τὸ

1874 4574 2075 4627 dalum.
2126 4569 2202 4623 Ex
2249 4581 2314 4622 eo
2345 4577 2508 4634 porro
2555 4561 2698 4630 quod
2749 4555 3035 4628 praedicit,
3090 4565 3145 4608 et
3198 4551 3442 4620 deplorat

210 4686 324 4737 οὐαί
359 4687 540 4750 αὐτοῖς
592 4687 873 4753 ὲπιφωνεί,
926 4686 1000 4749 ὡς
1051 4687 1312 4748 ἑκουσίως
1345 4685 1618 4738 πταίουσι.
1655 4681 1763 4735 lio--

211 4775 344 4830 λασιν
369 4780 424 4832 δὲ
440 4780 591 4848 λέγει
604 4780 730 4843 τοὺς
745 4779 1013 4851 ἀσέμνους
1043 4781 1060 4844 (
1069 4781 1089 4834 ι
1105 4782 1153 4850 l)
1195 4777 1402 4843 ζῶντας
1423 4775 1760 4849 ἀνθρώπους.

1877 4664 2124 4721 homines
2170 4656 2500 4726 hujusmodi,
2552 4651 2739 4706 tribuit
2786 4649 2898 4702 illis
2933 4658 3142 4714 tempus
3170 4643 3442 4712 pomiten-

1873 4759 1978 4812 tite.
2013 4754 2146 4810 Cum
2194 4766 2324 4805 vero
2358 4748 2525 4808 dicat,
2561 4743 2780 4798 Necesse
2815 4749 2916 4805 est,
2967 4755 3072 4793 non
3129 4736 3265 4789 tollit
3298 4733 3442 4786 arbi-

215 4877 287 4932 lrii
335 4880 668 4939 libertatem,
727 4879 821 4932 sed
881 4879 1120 4935 ostendit
1184 4876 1655 4947 praecognitiouem
1687 4888 1840 4926 suam
1879 4869 1947 4924 de
1996 4868 2157 4921 rebus
2203 4861 2425 4918 omnino
2453 4853 2748 4913 eventuris.
2780 4850 3144 4947 Quamobrem
3174 4846 3340 4901 etiam
3374 4842 3440 4944 de

214 4968 306 5028 illis
344 4978 458 5031 ate!
517 4979 830 5045 exclamat,
883 4986 1138 5044 tanquam
1185 4942 1279 5041 qui
1326 4942 1516 5038 sponte
1557 4969 1833 5023 labantur.
1902 4959 2238 5031 Supplicium
2309 4964 2491 5009 autem
2527 4960 2681 5006 vocat
2735 4949 2986 5005 homines
3051 4942 3305 4997 indecore
3359 4942 3444 4986 vt-

213 5080 398 5124 ventes.

213 5156 288 5209 Στ.
312 5154 478 5240 κ⁹.-Ο.ὖ
498 5158 743 5240 γάρ-εισι
765 5158 874 5240 δύο
900 5155 1116 5240 ἣθτρεῖς
1163 5155 1177 5207 l
1196 5149 1655 5240 ι’)’συνηέλμέιῖοι
1680 5149 1765 5214 εὶς

332 5232 395 5283 τὸ
419 5223 589 5299 ἐμὸν⁷
605 5230 810 5298 ὄνομα,
836 5223 963 5280 ἐκεῖ
981 5229 1095 5296 ειμι
1124 5226 1193 5278 ἐν
1216 5223 1382 5293 μέσῳ
1406 5223 1620 5276 αὐτῶν.

213 5319 288 5373 In.
309 5331 407 5376 κα’.
437 5324 576 5379 Τότε
609 5320 959 5391 προσελθὼν
977 5317 1137 5384 αὐτῷ
1161 5321 1194 5391 ό
1220 5317 1456 5391 Πέτρος,
1473 5310 1628 5391 εἷπε·
1654 5312 1767 5365 Κῦ-

264 5409 368 5460 ριε,
395 5385 663 5458 ποσάκις(
689 5391 1020 5462 ἁμαρτήσει
1040 5389 1250 5462 εις-ἐμὲ
1270 5391 1302 5442 ὁ
1342 5385 1599 5454 ἀδελφός
1623 5400 1762 5452 μου,

269 5458 358 5517 ttat
379 5464 601 5534 ἀφήσω
631 5458 825 5528 αὺέῷξ
851 5461 961 5526 ἕως
993 5458 1272 5524 eamme,-

270 5554 366 5608 Δύο
387 5554 724 5627 συνημμένοι
762 5553 852 5606 ἐπὶ
884 5551 962 5623 τῷ
993 5551 1086 5604 τοῦ
1123 5547 1358 5619 Χριστοῦ
1391 5547 1632 5619 ὀνόματι,
1665 5543 1768 5596 σῶ-

302 5698 392 5739 ⁷-¹¹
433 5697 594 5753 Rom.
635 5713 709 5762 ιι,
749 5694 840 5749 ‘25.
917 5695 959 5725 ι’
991 5691 1180 5745 Matth.
1219 5705 1335 5754 χιιι,
1364 5687 1450 5742 50.

273 5815 398 5884 (IO‘)
433 5814 743 5884 Τοιούτων)
769 5809 930 5864 Forte
961 5805 1220 5870 τοιοῦτον,
1273 5814 1330 5862 ut
1372 5813 1424 5861 et
1491 5802 1759 5872 interpres

214 5882 389 5954 IPSiSse
424 5889 659 5942 videtur.
697 5882 855 5936 Emr.
1425 5911 1432 5916 .

551 6004 824 6066 Ρηιιοι.
867 6001 985 6063 Gn.
1034 5995 1233 6059 XVII.

1866 5141 1934 5196 V.
1979 5139 2070 5193 20.
2114 5134 2214 5189 Ubi
2249 5133 2526 5186 enimsunt
2562 5127 2666 5180 duo
2689 5124 2766 5179 vel
2804 5134 2908 5196 tres
2942 5119 3172 5186 coaptati
3193 5117 3248 5170 in
3266 5131 3436 5169 meum

2117 5221 2326 5264 nomen,
2372 5202 2444 5254 ibi
2486 5216 2601 5254 sum
2639 5198 2693 5250 in
2731 5195 2902 5247 medio
2945 5207 3149 5245 eorum.

1870 5304 1934 5358 V.
1965 5302 2055 5357 Ἡ.
2099 5297 2244 5351 Tunc
2290 5293 2539 5345 accedens
2590 5289 2657 5340 ad
2695 5301 2811 5338 eum
2856 5283 3072 5358 Petrus,
3107 5279 3277 5332 dixit:
3330 5275 3440 5358 Do-

1940 5354 2112 5431 nim,
2143 5365 2345 5436 quoties
2383 5358 2618 5436 peccabit.
2665 5358 2716 5436 in
2762 5372 2841 5408 me
2879 5354 3049 5422 frater
3079 5367 3221 5403 meus
3263 5359 3310 5402 et
3354 5354 3441 5399 die

1941 5428 2263 5495 mittam'ei?
2298 5428 2457 5501 usque
2491 5428 2716 5492 septies?

1943 5536 2059 5591 Duo
2107 5526 2344 5598 coaptati
2392 5537 2490 5594 pro
2537 5520 2739 5578 Christi
2777 5516 3022 5581 nomine,
3066 5521 3195 5568 sunt
3243 5523 3440 5580 corpus

1933 5789 2061 5860 (ιι),
2090 5784 2436 5860 ἶᾼσέμνους-
2468 5774 2928 5860 πρτιίεέιεέιξιως·
2947 5770 3356 5860 Έί,9¹ϊ;,,,,-η..τ

2002 5833 2073 5931 li)
2093 5833 2623 5926 i'JIgS‘mmsmt.
2641 5847 2737 5902 llic
2754 5833 2807 5901 et
2827 5833 3055 5906 iti'sequ.
3075 5836 3259 5894 confer
3274 5833 3439 5890 edita.

2964 5958 3035 6019 10
