3958 6530
531 488 639 545 299

1404 485 1965 543 SUPPLEMENTUM
2006 486 2100 541 AD
2135 484 2461 541 ORIGENIS
2501 483 2912 542 EXEGETICA.
3638 497 3720 553 530

533 617 589 660 et
626 596 848 676 spiritus
885 605 1112 659 invicem
1156 619 1262 660 non
1303 603 1639 676 pugnantia:
1673 606 1917 672 subjecto
1949 604 2100 659 vidc-

2214 618 2284 673 μα
2315 601 2411 655 καὶ
2438 599 2654 672 πνεῦμα
2677 641 2692 668 ,
2727 601 2800 672 μὴ
2833 601 3386 674 ἀντιστρατευόμενα·
3417 604 3723 676 ὑποταγέντος

537 698 663 753 licet
707 712 955 767 corpore,
990 696 1182 766 spiritu
1224 705 1404 750 autem
1435 697 1870 752 communicante
1918 697 1967 751 ei
2020 697 2103 750 die

535 790 718 844 vinam
762 789 929 842 vitam
965 806 981 855 ;
1028 799 1130 844 tres
1179 797 1386 854 autem,
1441 789 1582 858 quod
1613 800 1700 845 est
1743 799 1913 845 totum
1964 790 2106 843 inte-

537 897 717 952 grum,
764 881 1009 951 Spiritus,
1054 881 1269 947 anima,
1322 897 1560 952 corpus.
1610 891 1792 938 servat
1849 883 2104 938 adventui

540 970 769 1026 Christi.
807 971 904 1027 Vel
933 971 1041 1025 duo
1074 969 1278 1026 fuerint
1326 972 1431 1026 duo
1462 981 1806 1037 testamenta,
1839 987 1962 1028 cum
1993 972 2106 1028 col-

545 1063 716 1118 lector
765 1078 954 1118 eorum
1005 1063 1242 1132 Spiritus
1287 1073 1508 1118 sanctus
1554 1065 1606 1119 in
1651 1064 1783 1135 ipsis
1835 1065 1948 1130 sit;
2003 1071 2106 1118 tres

537 1167 668 1208 vero
711 1153 994 1224 (indicare
1034 1153 1294 1224 possunt)
1319 1153 1528 1224 ,legem,
1568 1155 1879 1224 prophetas,
1940 1154 2108 1208 Evan-

545 1245 744 1313 gelium
777 1259 790 1294 :
827 1245 910 1300 vel
949 1246 1214 1309 animum,
1255 1247 1769 1316 concupiscentiam,
1793 1247 2059 1300 rationem
2089 1261 2105 1310 ;

541 1336 627 1390 vel
674 1337 1048 1403 vocationem,
1099 1350 1154 1392 et
1205 1337 1549 1401 electionem,
1601 1347 1656 1392 et
1706 1338 1991 1392 nobiscum
2039 1336 2106 1390 ad

537 1427 771 1496 primum
805 1427 1066 1480 honorem
1102 1437 1411 1482 revocatum
1440 1442 1610 1496 genus
1638 1428 1958 1482 humanum.
1999 1425 2108 1480 0b-

539 1534 694 1574 serva
743 1532 930 1586 porro,
975 1532 1096 1572 eum
1144 1533 1250 1573 non
1294 1517 1512 1585 dixisse,
1561 1534 1672 1585 ero,
1720 1518 1814 1572 sed
1851 1533 1987 1572 sum.
2040 1517 2109 1572 Ut

537 1607 681 1664 Deus
711 1609 856 1663 enim
891 1609 1092 1678 ubique
1125 1611 1412 1676 exsistens,
1450 1611 1502 1665 in
1541 1611 1718 1665 medio
1749 1619 1831 1666 est
1876 1626 2062 1665 eorum
2090 1650 2106 1672 ,

535 1703 628 1770 qui
660 1717 756 1771 per
787 1702 1040 1771 pietatem
1073 1703 1498 1773 coniunguntur.
1545 1702 1792 1758 Potentia
1823 1705 1966 1759 enim
2012 1704 2107 1759 Dei

534 1795 776 1851 omnium
829 1809 1013 1848 rerum
1066 1794 1388 1865 inspectrix,
1439 1795 1668 1852 indivise
1712 1796 1883 1851 divisa
1938 1795 1998 1850 tit
2042 1796 2110 1850 iis

535 1884 624 1954 qui
659 1884 805 1954 digni
851 1895 996 1940 sunt.
1933 1877 1950 1894 ’

606 1974 1052 2046 Quandoquidem
1079 1977 1526 2034 remittendarum
1546 1979 1600 2034 in
1621 1993 1720 2035 nos
1745 1978 2105 2035 oll'ensionum

536 2083 644 2123 nos
705 2069 909 2123 domini
952 2084 1158 2139 sumus,
1195 2085 1379 2125 earnm
1410 2086 1540 2127 vero
1572 2087 1691 2142 quae
1734 2072 1787 2126 in
1828 2071 1994 2128 Deum
2028 2073 2108 2128 le-

535 2170 748 2227 runtur,
804 2176 907 2215 non
962 2161 1101 2217 alius
1151 2163 1255 2217 nisi
1303 2164 1444 2218 Deus
1495 2164 1759 2234 ipsemet;
1815 2175 2104 2236 propterea

533 2252 672 2307 dixit
718 2253 910 2309 Petrus
958 2255 1110 2318 illud,
1155 2256 1211 2308 in
1243 2271 1346 2308 me.
1389 2254 1733 2326 Interrogans
1762 2258 1932 2320 enim,
1967 2271 2107 2328 quo-

535 2361 706 2415 usque
734 2358 985 2417 oporteat
1012 2348 1329 2418 injuriarum
1361 2364 1468 2402 non
1499 2362 1620 2404 esse
1651 2363 1939 2411 memores,
1986 2357 2107 2402 tan-

533 2450 696 2505 quam
730 2437 934 2505 grande
972 2439 1098 2507 quid
1128 2439 1375 2509 apposuit
1401 2438 1532 2494 illud
1561 2438 1767 2508 septies.
1803 2439 1873 2492 At
1922 2437 2107 2492 Domi--

537 2542 638 2581 nus
682 2528 858 2582 nullos
887 2542 1009 2584 esse
1056 2529 1258 2584 debere
1296 2530 1500 2584 limites
1553 2527 1854 2584 clementiae
1891 2527 2102 2599 signifi-

537 2632 688 2683 cans,
737 2619 812 2672 ait
850 2618 1001 2685 illud,
1048 2623 1342 2692 septuagies
1375 2631 1608 2690 septem:
1658 2621 1760 2674 hoc
1813 2628 1918 2687 est,
1969 2635 2104 2689 quo-

2211 693 2308 764 μὲν
2339 693 2433 748 τοῦ
2467 691 2734 765 σώματος,
2758 693 2850 747 τοῦ
2880 694 2936 747 δὲ
2967 695 3272 766 πνεύματος
3299 696 3633 767 μεταδιδόντος
3650 703 3727 755 αὒ-

2206 785 2285 858 τῷ
2316 786 2466 851 Θείας
2499 787 2663 858 ζωῆςο
2697 787 2854 855 τρεῖς
2881 787 2938 840 δέ
2963 805 3022 840 τε
3050 788 3161 861 (15)
3189 788 3490 860 ὁλόκληρον,
3517 792 3725 862 πνεῦμα,

2205 875 2380 947 ψυχὴ,
2412 875 2591 946 σῶμα,
2620 880 2776 949 τηρεῖ
2803 879 2869 948 τῇ
2905 878 3180 950 παρουσίᾳ
3218 878 3469 951 Χριστοῦ·
3507 881 3570 934 Ἤ
3592 883 3729 938 αἱδύο

2206 968 2480 1040 διαθῆκαι,
2514 970 2641 1022 ὅταν
2685 972 2714 1024 6
2748 971 3094 1039 συναγωγεὺς
3134 971 3314 1025 αὐτῶν
3359 972 3419 1025 τό
3462 973 3657 1044 Πνεῦμα
3683 976 3731 1030 τδ

2208 1060 2364 1130 ἅγιον
2386 1063 2444 1114 ἐν
2471 1062 2662 1126 αὐταῖς
2745 1081 2758 1093 ο
2785 1063 2943 1132 τρεῖς
2967 1063 3043 1130 δὲ,
3073 1065 3255 1136 νόμον,
3286 1067 3574 1137 προφήτας,
3591 1067 3732 1136 Εὐαγο

2207 1152 2386 1221 γέλιον
2405 1168 2418 1181 ⁸
2451 1154 2484 1226 ἢ
2507 1153 2673 1224 θυμὸν
2701 1157 2795 1208 καὶ
2822 1153 3132 1225 ἐπιθυμίαν,
3157 1156 3249 1208 καὶ
3277 1155 3527 1226 λογισμόν
3552 1172 3564 1184 ·
3605 1155 3729 1228 ἢτὴν

2209 1243 2401 1314 κλῆσιν
2443 1246 2536 1298 καὶ
2570 1246 2798 1318 ἐκλογὴν
2818 1289 2832 1314 ,
2865 1248 2960 1300 καὶ
3003 1246 3064 1300 τὸ
3096 1248 3176 1310 εἰς
3206 1246 3426 1318 πρώτην
3457 1247 3603 1319 τιμὴν
3627 1265 3733 1302 τασ-

2211 1335 2435 1405 σόμενον
2463 1335 2618 1404 γένος
2650 1338 2768 1408 μεθ’
2789 1338 2965 1410 ἡμῶν.
2985 1340 3060 1411 Τή
3071 1356 3149 1410 ρει
3173 1339 3249 1403 δὲ,
3267 1339 3458 1392 ὅτιούκ
3473 1335 3608 1392 εἶπεν
3626 1341 3737 1394 ἔσο·

2203 1442 2310 1494 μαι
2331 1466 2346 1492 ,
2385 1426 2497 1480 ἀλλ’
2524 1430 2660 1497 εἰμί.
2679 1430 2766 1493 Ὠς
2792 1429 2922 1494 Θεὸς
2955 1430 3064 1502 γὰρ
3095 1429 3366 1500 πανταχοῦ
3406 1429 3499 1497 ὢν,
3541 1434 3592 1484 ἐν
3616 1432 3737 1502 μέσῳ

2209 1518 2324 1570 ἐστὶ
2367 1519 2472 1571 τῶν
2504 1511 2872 1584 δι⁴εὺσε6είας
2914 1521 3352 1593 συναπτομένων.
3389 1523 3453 1575 Ἣ
3491 1521 3590 1594 γὰρ
3623 1540 3737 1576 παν-

2210 1607 2507 1673 επίσκοπος
2528 1610 2621 1663 τοῦ
2652 1611 2786 1665 Θεοῦ
2809 1611 3035 1684 δύναμις
3063 1613 3355 1684 ἀμέριστος
3383 1616 3598 1686 μεριστὴ
3621 1615 3741 1684 γίνε-

2207 1716 2298 1753 ται
2328 1702 2440 1766 τοῖς
2472 1700 2662 1768 ἀξίοις.

2295 1977 2510 2049 Ἐπειδὴ
2554 1975 2664 2031 τῶν
2701 1979 2779 2041 είς
2822 1979 2967 2049 ἡμᾶς
3005 1979 3356 2049 πταισμάτων
3400 1980 3558 2049 ἡμεῖς
3597 1977 3746 2051 κύριοί

2141 2037 2184 2092 Β
2211 2071 2376 2141 ἐσμεν
2393 2069 2484 2122 τοῦ
2498 2037 2825 2143 συγχωρεῖν,
2843 2037 2902 2124 66
3020 2069 3133 2142 (14)
3152 2037 3255 2123 τῶν
3288 2072 3367 2134 εἰς
3403 2037 3748 2140 Θεὸν-φθανόν-

2211 2178 2318 2214 των
2338 2163 2385 2214 εἰ
2416 2162 2490 2233 μὴ
2513 2162 2674 2226 αὐτὸς
2698 2163 2726 2214 6
2746 2164 2878 2226 Θεός
2897 2179 2912 2194 ·
2940 2162 3026 2215 διὰ
3051 2162 3209 2214 τοῦτο
3231 2157 3382 2215 εἶπεν
3414 2163 3445 2214 6
3476 2162 3661 2232 Πέτρος
3679 2161 3746 2224 τὺ,

2210 2257 2298 2320 εις
2309 2253 2431 2324 ἐμέ.
2452 2255 2505 2307 Ἐ
2514 2255 2696 2327 ρωτῶν
2712 2254 2840 2326 γὰρ,
2857 2254 2960 2317 ’ἐως
2974 2254 3118 2316 τίνος
3133 2253 3289 2325 χρεία
3309 2252 3382 2324 μὴ
3403 2253 3747 2325 μνησικακεῖν,

2210 2345 2286 2409 ὼς
2322 2345 2463 2416 μέγα
2503 2345 2809 2418 προσέθηκε
2854 2343 2936 2409 τὸ,
2972 2343 3236 2410 ἑπτάκις.
3287 2345 3343 2396 '0
3370 2345 3426 2398 δὲ
3455 2344 3674 2416 Κύριος,
3701 2341 3750 2393 τὸ

2212 2435 2435 2506 ἄπέιρον
2461 2436 2739 2508 σημαίνων
2774 2437 2876 2507 τῆς
2911 2435 3259 2502 ἀνεξικακίας
3278 2475 3292 2498 ,
3325 2431 3480 2490 εἶπεν
3511 2437 3588 2497 τὸ,
3613 2433 3750 2488 ἑϐδο-

2203 2527 2573 2597 μηκοντάκις
2622 2528 2805 2582 ἑπτά·
2844 2527 3153 2581 τουτέστιν·
3198 2528 3416 2592 Ὁσάκις
3451 2528 3656 2599 ἁμάρτῃ
3688 2525 3751 2586 εἰς

2213 2620 2304 2686 σέ,
2336 2619 2434 2673 ἐὰν
2464 2623 2696 2692 μετανοῇ
2718 2660 2733 2686 ,
2761 2621 2895 2690 ἄφες
2920 2618 3086 2690 αὐτῷ.

539 2710 862 2780 tiescunque
921 2719 1108 2781 peccet
1160 2712 1210 2765 in
1273 2720 1365 2780 te,
1424 2712 1468 2768 si
1523 2717 1644 2766 eum
1698 2711 1966 2781 paenitet,
2023 2711 2234 2764 dimitte
2265 2711 2338 2764 ei.

605 2807 868 2875 Quoniam
920 2807 973 2861 in
1023 2807 1511 2862 excommunicatis
1562 2821 1872 2862 mensuram
1925 2808 2101 2861 deter-

536 2897 764 2952 minavit
804 2896 1054 2952 Christus
1085 2897 1222 2968 (12),
1257 2912 1363 2952 non
1388 2898 1516 2952 item
1546 2897 1710 2950 etiam
1743 2897 1796 2951 in
1845 2897 2103 2968 paeniten-

536 2987 698 3053 tibus,
731 2987 924 3041 merito
958 2988 1258 3056 interrogat
1287 2987 1496 3050 Petrus,
1540 3002 1824 3058 quousque
1852 2995 2104 3056 oporteat

537 3079 811 3147 suscipere
849 3079 1226 3146 poenitentem.
1279 3079 1513 3148 Attende
1560 3095 1745 3148 porro,
1779 3080 1821 3134 si
1860 3079 1975 3134 lieri
2008 3093 2103 3149 po-

527 3177 670 3223 test:
715 3168 980 3236 Quoniam
1037 3184 1295 3226 numerus
1349 3170 1600 3224 senarius
1644 3171 1988 3239 operatorius
2020 3176 2102 3224 est

2295 2805 2508 2877 Ἐπειδὴ
2550 2807 2642 2860 ἐπὶ
2684 2806 2793 2860 τῶν
2827 2801 3237 2878 ἀφοριζομένων
3274 2807 3474 2878 μέτρον
3516 2807 3698 2880 ὥρισεν
3731 2806 3756 2858 6

2207 2898 2441 2970 Χριστὸς
2460 2939 2474 2962 ,
2507 2897 2568 2950 οὐ
2606 2897 2711 2969 μὴν
2746 2898 2840 2951 καὶ
2867 2899 2960 2950 ἐπὶ
2982 2897 3089 2950 τῶν
3118 2897 3540 2969 μετανοούντων,
3564 2896 3757 2957 εἰκότως

2209 2988 2387 3061 ἐρωτᾷ
2419 2989 2448 3041 6
2485 2987 2691 3059 Πέτρος
2738 2987 2830 3040 τόο
2869 2987 3015 3050 Ἕως
3063 2987 3230 3039 πόσου
3277 2986 3358 3038 δεῖ
3385 2985 3641 3058 ,δέχεσθαι
3683 2984 3760 3035 τὸν

2212 3080 2611 3154 μετανοοῦντα;
2655 3081 2796 3152 Ὅρα
2830 3080 2889 3134 δὲ
2925 3081 2973 3133 εί
3020 3079 3240 3132 δύναται
3265 3094 3279 3109 ’
3333 3080 3489 3134 Ἐπεὶ
3527 3081 3555 3132 6
3596 3078 3685 3148 μὲν
3710 3075 3758 3140 ἒξ

2207 3172 2439 3245 ἀριθμὸς
2470 3172 2758 3244 ἐργατικὸς
2791 3173 2884 3226 καὶ
2909 3172 2966 3224 ἐν
3000 3171 3208 3240 γενέσει
3243 3173 3476 3246 κόσμου,
3517 3175 3545 3226 6
3567 3173 3620 3225 δὲ
3640 3169 3760 3224 ἑπτὰ

535 3262 700 3317 etiam
733 3262 784 3315 in
817 3261 1174 3331 productione
1202 3261 1413 3325 mundi,
1454 3260 1802 3330 septenarius
1847 3275 1976 3313 vero
2015 3275 2100 3316 re-

2214 3265 2564 3328 άναπαύσεως
2589 3282 2601 3294 ο
2637 3267 2665 3318 6
2715 3265 2814 3335 μὲν
2857 3263 2927 3317 τά
2971 3263 3064 3318 τοῦ
3099 3265 3302 3336 κόσμου
3335 3265 3429 3318 καὶ
3463 3263 3620 3318 ὑλικὰ
3645 3264 3760 3330 ἁγα-

528 3353 771 3422 qniet'em
806 3353 1012 3418 habet;
1062 3353 1108 3408 is
1144 3352 1236 3421 qui
1285 3353 1554 3406 mundana
1595 3361 1649 3406 et
1693 3352 1993 3407 materialia
2029 3354 2105 3408 di-

531 3446 674 3516 ligit,
729 3459 976 3514 peccans,
1049 3443 1210 3498 linem
1270 3443 1436 3498 habet
1489 3444 1878 3497 hebdomadam
1916 3445 2102 3513 :‘quod

538 3536 842 3605 recogitans
877 3534 1090 3600 Petrus,
1124 3535 1402 3604 indulgere
1451 3534 1563 3588 vult
1613 3536 1840 3602 septies.
1893 3536 1962 3587 At
1999 3536 2104 3590 Do-

538 3626 713 3680 minus
762 3625 1005 3680 extendit
1049 3624 1154 3678 hoc
1204 3626 1393 3679 eodem
1451 3625 1630 3686 modo,
1682 3625 1851 3678 relata
1897 3626 2104 3678 unitate

538 3733 661 3773 cum
698 3719 1048 3787 proportione
1077 3718 1143 3771 ad
1180 3715 1412 3773 decadas
1442 3724 1498 3770 et
1533 3716 1845 3770 centurias:
1880 3717 2015 3772 adeo
2047 3727 2106 3770 ut

536 3811 626 3882 qui
677 3812 951 3866 mundana
1014 3811 1390 3872 transcendit,
1467 3824 1572 3863 non
1628 3807 1858 3880 amplius
1909 3809 2107 3864 habeat

539 3904 912 3960 remissionem
964 3914 1333 3974 peccatorum.
1381 3901 1655 3958 Remissio
1692 3901 1835 3956 enim
1873 3900 1964 3957 hic
2018 3900 2100 3965 fit,

533 3999 647 4054 sive
680 4000 858 4054 serius
888 3999 1002 4054 sive
1030 3998 1194 4054 citius
1230 3997 1390 4069 (ιε’).

1142 4088 1294 4144 CAP.
1339 4087 1478 4142 XXI.

477 4209 481 4216 ο
539 4181 600 4234 ν.
633 4181 721 4236 53.
756 4181 928 4234 Homo
970 4190 1081 4234 erat
1124 4178 1544 4260 paterfamilias,
1575 4179 1680 4260 ,ηιιὶ
1721 4178 1976 4260 plantavit
2029 4177 2106 4232 vi-

609 4268 780 4313 neam,
829 4261 876 4304 et
925 4267 1094 4318 sepem
1151 4250 1197 4303 ei
1237 4249 1644 4315 circumposuit,
1683 4261 1730 4302 et
1771 4249 1910 4318 fodit
1944 4250 2000 4300 in
2043 4265 2104 4301 ea

605 4322 861 4382 torcular,
894 4331 943 4374 et
982 4319 1262 4386 mdiﬁcarit
1306 4319 1515 4380 turrim,
1551 4330 1598 4372 et
1631 4318 1818 4373 locavit
1861 4335 1976 4372 eam
2011 4334 2102 4372 co-

604 4391 765 4458 lonis,
805 4401 852 4444 et
885 4406 1096 4460 peregre
1141 4389 1404 4458 profectus
1439 4397 1539 4452 est,
1571 4397 1680 4442 etc.

605 4551 734 4606 Hmc
771 4550 1028 4620 parabola
1060 4548 1498 4619 patremfamilias
1536 4556 1812 4616 nuncupat
1847 4547 2012 4601 Deum
2051 4555 2105 4599 et

2210 3357 2348 3422 πῶν,
2383 3357 2772 3429 ἐξαμαρτάνων
2811 3357 2962 3420 τέλος
3008 3356 3120 3426 ἔχει
3159 3357 3256 3428 τὴν
3299 3357 3604 3427 ἑϐδομάδαο
3646 3356 3762 3422 ὅπερ

2209 3452 2405 3521 νοήσας
2431 3451 2460 3503 6
2490 3449 2714 3520 Πέτρος,
2747 3452 3045 3520 συγχωρεῖν
3074 3449 3218 3503 θέλει
3251 3450 3309 3501 ἐν
3335 3448 3412 3520 τῷ
3440 3448 3598 3503 ἑπτά.
3642 3447 3694 3498 '0
3713 3444 3759 3497 δὲ

2209 3541 2410 3612 Κύριος
2435 3540 2690 3594 ἐπιτείνει
2715 3539 2871 3593 τοῦτο
2899 3541 2955 3593 ἐν
2985 3539 3062 3610 τῷ
3087 3539 3234 3610 αὐτῷ
3259 3539 3446 3612 τρόπῳ
3464 3582 3480 3605 ,
3511 3537 3764 3604 ἀναλόγως

2209 3633 2316 3704 γὰρ
2350 3631 2573 3702 μονάδος
2601 3631 2736 3702 πρὸς
2767 3631 2996 3696 δεκάδας
3035 3631 3128 3685 καὶ
3168 3633 3554 3696 ἑκατοντάδας,
3585 3631 3656 3693 ὼς
3686 3628 3761 3680 τὸν

2210 3723 2522 3795 ὑπερϐάντα
2562 3722 2632 3776 τά
2702 3722 2942 3793 κοσμικά
2997 3721 3192 3793 μηκέτι
3238 3722 3387 3792 ,ἔχειν
3435 3724 3629 3792 ἄφεσιν
3669 3719 3762 3771 τῶν

2211 3815 2623 3888 ἁμαρτημάτων
2642 3831 2656 3844 ·
2689 3817 2723 3886 ἡ
2750 3814 2859 3887 γὰρ
2891 3814 3083 3884 ἄφεσις
3106 3814 3198 3867 ἐπὶ
3237 3815 3306 3867 τά
3334 3813 3462 3885 τῇδε
3490 3812 3602 3866 εἴτε
3647 3810 3761 3882 ppa-

2209 3906 2270 3960 δὺ
2302 3906 2448 3978 (15),
2477 3905 2587 3959 εἴτε
2622 3905 2827 3977 τάχιον.
2944 3930 2955 3933 -

2827 4088 2984 4142 ΚΕΦ.
3021 4086 3149 4142 KA'.

2212 4181 2468 4252 Στίχ.λγ’.
2494 4182 2834 4257 ’ᾼνθρωαξος
2862 4175 2940 4250 ἦν
2966 4177 3416 4257 οικοδωεξότης,
3453 4176 3625 4257 ῥ’στις
3645 4171 3770 4257 6,556-

2281 4239 2500 4306 τ’ἑυοίεν
2526 4239 2867 4319 ἁμᾶελῶνὶῑ,
2884 4239 3301 4319 ’καὶᾼφραγμὸν
3323 4239 3488 4319 αὐτῷ
3521 4239 3772 4319 περιέθη-

2280 4339 2374 4382 κε,
2408 4321 2504 4374 καὶ
2531 4315 2758 4388 ὤρυξεν
2783 4321 2852 4372 ἐν
2877 4315 3041 4382 αὑτῷ
3059 4315 3273 4388 ληνὸν,
3313 4316 3423 4388 real
3437 4315 3773 4388 ᾠκοδρμησε

2280 4392 2527 4460 πύργον,
2560 4383 2921 4453 ἇιαὶὲξέδοτο
2958 4383 3146 4443 αὐτὸν
3175 4385 3454 4457 γεωργοῖς
3475 4427 3490 4451 ,
3524 4385 3624 4440 καὶ
3672 4383 3772 4437 άπ-

2280 4460 2564 4513 εδήιιπσε.
2592 4478 2647 4513 κ.
2680 4476 2732 4513 τ.
2760 4460 2808 4511 λ.

2280 4476 2564 4530 εσημησε,
2592 4478 2647 4513 κ.
2680 4476 2732 4514 τ.
2761 4476 2808 4511 Α.

2290 4554 2356 4606 Ἡ
2397 4550 2677 4623 παραϐολὴ
2711 4549 3142 4617 οἰκοδεσπότην
3178 4547 3324 4617 λέγει
3373 4548 3464 4602 τὸν
3516 4546 3651 4599 Θεὸν
3692 4539 3776 4596 καὶ

530 4653 767 4712 patrem,
809 4643 900 4711 qui
937 4641 1159 4694 multam
1190 4639 1587 4709 providentiam
1618 4639 1687 4694 ab
1737 4637 1893 4692 initio
1925 4636 1978 4690 in
2009 4635 2101 4690 Ju-

2214 4644 2446 4714 πατέρα,
2477 4643 2569 4695 τὸν
2603 4641 2800 4712 πολλὴν
2827 4639 3080 4712 πρόνοιαν
3099 4637 3159 4703 ἐξ
3184 4639 3358 4709 ἀρχῆς
3382 4640 3463 4701 εις
3495 4638 3625 4699 τοὺς
3663 4634 3779 4686 ’1ου-

531 4735 679 4789 deos
725 4733 984 4788 ostendit.
1014 4730 1202 4795 Vinea,
1227 4730 1549 4800 simpliciter
1585 4730 1802 4798 quidem
1835 4736 1918 4782 est
1959 4729 2105 4796 prior

534 4828 787 4897 populus,
821 4824 984 4880 lsrael
1022 4824 1293 4888 videlicet,
1317 4825 1600 4894 plantatus
1644 4836 1675 4875 a
1723 4820 1830 4876 Deo
1871 4821 1923 4874 in
1962 4830 2102 4874 terra

535 4915 932 4986 promissionis.
982 4912 1159 4980 Sepes,
1209 4923 1295 4967 est
1343 4914 1426 4966 lex
1473 4929 1593 4982 qua:
1635 4926 1742 4964 non
1774 4911 1985 4964 sinebat
2013 4927 2106 4965 eos

535 5007 879 5064 commisceri
928 5007 1200 5075 gentibus.
1259 5003 1550 5066 Torcular,
1599 5014 1685 5058 est
1743 5003 1935 5066 altare,
1989 5002 2107 5058 sive

533 5099 688 5154 locus
735 5097 1079 5154 libaminum.
1137 5094 1344 5158 Turris,
1399 5103 1484 5148 est
1529 5093 1683 5157 Sion,
1742 5093 1826 5147 vel
1883 5095 2102 5148 cmlum.

534 5190 744 5255 Coloni,
799 5201 927 5246 sunt
977 5190 1222 5244 seniores
1272 5187 1452 5256 populi
1496 5197 1545 5240 et
1584 5188 1881 5254 sapientes,
1917 5197 1970 5240 et
2013 5187 2104 5255 qui

535 5300 633 5352 per
664 5296 906 5354 tempora
960 5281 1113 5335 fuere
1159 5281 1436 5334 doctores.
1477 5276 1700 5347 Peregre
1731 5277 1995 5345 profectus
2031 5287 2105 5330 est

535 5387 716 5431 autem
745 5374 1157 5446 paterfamilias,
1212 5374 1430 5440 quando
1462 5386 1566 5425 non
1605 5370 1840 5439 amplius
1870 5368 2104 5422 interdiu

537 5469 592 5522 in
627 5468 874 5523 columna
912 5468 1088 5534 nubis,
1131 5475 1185 5520 et
1217 5475 1377 5520 noctu
1427 5466 1559 5534 ipsis
1587 5464 1638 5517 in
1689 5463 1936 5518 columna
1965 5459 2106 5529 ignis

538 5561 808 5629 apparuit.
855 5559 952 5615 Vel
1000 5561 1245 5614 inuuitur
1275 5559 1368 5615 Dei
1410 5557 1814 5627 longanimitas,
1854 5568 1973 5624 quae
1996 5568 2105 5608 non

604 5719 717 5789 (12)
738 5720 962 5775 Videtur
989 5721 1177 5775 referri
1207 5721 1271 5774 ad
1306 5720 1496 5773 Matth.
1521 5736 1672 5780 xvttt,
1717 5719 1810 5772 Π.

607 5787 745 5860 (12')
775 5789 888 5844 Non
926 5792 1175 5844 munibus
1203 5793 1348 5844 eititu
1374 5791 1634 5857 arqualcut
1670 5804 1975 5860 mensuram
2007 5787 2106 5839 tui-

534 5859 834 5914 scricordia
871 5861 1132 5930 assignat,
1179 5875 1344 5928 quant
1397 5861 1440 5914 si
1489 5861 1613 5928 quis
1657 5859 2104 5930 supergrcdiatur

540 5931 800 5987 Deusnon
829 5928 1058 6001 amplius
1087 5931 1348 6000 indulget,
1387 5931 1480 5986 sed
1503 5933 1554 5985 in
1595 5928 1953 5998 peccato‘suo
2003 5928 2101 5982 ho-

2210 4736 2389 4798 δαίους
2407 4733 2826 4804 ἐπιδειξάμενον.
2857 4731 3163 4802 Ἀμπελὼν
3181 4730 3236 4785 δὲ
3260 4730 3444 4794 ἁπλῶς
3471 4729 3575 4800 μὲν
3595 4731 3622 4781 6
3645 4723 3780 4796 πρῶ-

2208 4843 2299 4888 τος
2314 4825 2461 4889 λαὸς,
2482 4823 2757 4877 τουτέστιν
2782 4825 2811 4876 6
2837 4821 3068 4894 Ἰσραὴλ,
3091 4821 3374 4891 φυτευθεὶς
3395 4821 3504 4873 ὑπὸ
3529 4817 3626 4872 τοῦ
3656 4809 3779 4868 Θεοῦ

2210 4921 2267 4970 ἐν
2299 4919 2364 4988 τῇ
2403 4918 2472 4988 γῇ
2512 4915 2611 4985 τῆς
2640 4913 2984 4983 ἐπαγγελίας.
3026 4913 3298 4982 Φραγμός
3323 4912 3379 4964 δέ
3409 4913 3439 4963 6
3468 4912 3660 4981 νόμος,
3693 4906 3782 4958 οὐκ

2211 5009 2314 5062 ἐῶν
2365 5008 2560 5070 αὐτοὺς
2616 5005 2840 5076 μιγῆναι
2883 5006 2994 5068 τοῖς
3034 5003 3230 5057 ἔθνεσι.
3273 5002 3468 5070 Ληνὸς
3501 5002 3566 5054 τὸ
3610 4999 3782 5052 θυσια-

2214 5101 2454 5172 στήριον,
2481 5099 2598 5170 ἦτοι
2626 5100 2654 5151 6
2679 5097 2840 5160 τόπος
2861 5095 2970 5148 τῶν
3003 5095 3265 5150 σπονδῶν.
3296 5095 3527 5164 Πύργος
3565 5095 3598 5162 ἡ
3633 5088 3780 5148 Σιὼν,

2213 5193 2244 5264 ἦ
2279 5194 2308 5245 6
2339 5191 2585 5263 οὐρανός.
2626 5187 2882 5257 Γεωργοὶ
2925 5188 2975 5239 οἱ
3017 5186 3373 5258 πρεσϐύτεροι
3403 5184 3498 5238 τοῦ
3535 5181 3666 5236 λαοῦ
3700 5178 3784 5233 καὶ

2212 5285 2260 5334 οἱ
2292 5284 2464 5353 σοφοὶ,
2499 5283 2592 5336 καὶ
2637 5283 2686 5334 οἱ
2729 5279 2869 5334 κατὰ
2904 5281 3128 5351 καιροὺς
3162 5277 3491 5333 διδάσκαλοι.
3545 5271 3786 5339 24.1861}-

2207 5388 2366 5442 μησε
2397 5373 2452 5426 δὲ
2483 5376 2512 5427 6
2541 5372 2950 5441 οἰκοδεσπότης,
2991 5372 3076 5424 ὅτε
3103 5371 3283 5424 οὐκέτι
3312 5370 3496 5440 ἡμέρᾳ
3527 5369 3589 5421 ἐν
3621 5363 3788 5431 στόλῳ

2214 5465 2439 5536 νεφέλης
2467 5465 2561 5518 καὶ
2589 5464 2778 5526 νυκτὸς
2807 5464 2996 5526 αὐτοῖς
3023 5464 3078 5514 ἐν
3109 5461 3284 5533 στύλῳ
3316 5462 3484 5531 πυρὸς
3511 5456 3790 5526 ἐπιφαίνε-

2212 5573 2319 5610 ται.
2352 5559 2423 5610 Ἢ
2451 5559 2484 5628 ἡ
2517 5556 2608 5610 τοῦ
2643 5555 2778 5609 Θεοῦ
2813 5555 3163 5627 μακροθυμία
3186 5593 3201 5618 ,
3244 5556 3276 5625 ἡ
3316 5553 3390 5624 μὴ
3431 5551 3592 5622 παρὰ
3631 5545 3790 5607 πόδας

2215 5719 2391 5772 mines
2422 5719 2743 5771 moriuntur.

2283 5789 2394 5853 (l5)
2435 5788 2595 5842 Forte
2615 5787 2669 5839 δὲ
2711 5785 2770 5838 τό

2286 5849 2395 5928 (ll)
2428 5857 2545 5928 Μή.
2578 5856 2736 5928 Forte
2776 5857 2902 5927 μήν,
2943 5865 3003 5910 ιιι
3037 5853 3196 5926 paulo
3228 5851 3386 5909 infra.
3424 5849 3599 5904 Ευιτ.

2283 5925 2393 6000 (15)
2425 5927 2585 5984 Forte
2613 5925 2848 5998 βράδιονζ
