3958 6512
274 415 366 470 301
1473 408 1763 467 SCHOLIA
1803 407 1870 464 IN
1913 409 2357 468 MATTHASUM.

3420 417 3528 471 302

271 527 573 583 ἀπαιτοῦσα
605 529 732 592 τοὺς
777 528 1064 592 Ἰουδαίους
1101 527 1198 599 τὴν
1221 527 1330 581 τῶν
1371 527 1728 598 πταισμάτων
1764 543 1842 578 τι-

1953 527 2136 581 statim
2168 528 2352 597 exegit
2379 529 2446 581 ah
2481 526 2682 584 ludatis
2713 528 3007 585 criminum
3055 545 3264 601 poenas.
3298 529 3526 618 Exaefio

272 621 503 692 μωρίαν.
545 620 892 688 Ἀπαίτησις
911 620 968 674 δὲ
991 618 1238 688 καρπῶν
1253 621 1280 673 ό
1301 618 1522 690 ἔννομος
1544 618 1655 689 βίος
1676 634 1689 648 ·
1716 620 1850 671 Και-

263 711 372 780 ρὸς
401 710 661 782 αὐτῶνή
692 712 1002 783 προφητικὴ
1036 711 1352 782 ἀπαίτησιςο
1395 709 1608 764 Δοῦλοι
1643 707 1847 781 πρῶτοι

270 804 362 857 καὶ
382 803 626 876 δεύτεροι
647 804 912 867 παθόντες
935 803 1154 867 ἄτοπον,
1171 804 1220 855 οἱ
1245 802 1382 856 κατὰ
1410 802 1700 875 διαφόρους
1723 818 1846 855 και-

271 899 398 968 ροὺς
413 897 810 961 ἀποσταλέντες
828 897 1126 969 προφῆται,
1144 891 1224 960 οἷς
1245 896 1380 964 (15⁴)
1397 895 1491 948 τὸν
1513 895 1608 965 μὲν
1619 894 1707 965 ἕδη
1716 911 1836 965 ραν,

267 989 342 1053 ὡς
368 990 630 1060 Μιχαίαν,
653 989 992 1056 πατάξαντος
1009 990 1100 1042 ἐπὶ
1127 988 1353 1056 σιαγόνα
1377 987 1624 1040 Σεδεκίου
1642 1001 1655 1014 ·
1685 986 1775 1038 τὸν
1790 985 1847 1038 δὲ

266 1081 615 1144 ἀπέκτειναν,
650 1079 727 1143 ὡς
764 1080 1070 1151 Ζαχαρίαν,
1110 1077 1310 1149 μεταξὺ
1342 1077 1434 1130 τοῦ
1469 1075 1598 1130 ναοῦ
1632 1077 1725 1129 καὶ
1751 1074 1844 1127 τοῦ

266 1169 656 1242 θυσιαστηρίου
677 1189 690 1202 ο
731 1171 822 1223 τὸν
847 1171 906 1223 δὲ
951 1169 1331 1240 ἐλιθοϐόλησαν
1351 1211 1366 1235 ,
1397 1168 1473 1233 ὡς
1507 1170 1707 1240 Ζαριοὺ
1732 1167 1846 1220 υἱὸν

275 1262 460 1318 Ἰωδδὲ
498 1263 588 1316 τὸν
627 1263 799 1335 ἱερέα.
836 1262 988 1333 Τάχα
1015 1263 1071 1316 δὲ
1089 1263 1394 1332 ἁμπελὼν,
1424 1261 1456 1333 ἦ
1485 1261 1597 1332 (16)
1631 1263 1664 1332 ὴ
1693 1259 1846 1330 βασι-

264 1355 387 1408 λεία
411 1355 504 1408 τοῦ
532 1355 668 1408 Θεοῦ
689 1395 704 1419 ,
738 1357 831 1409 καὶ
869 1356 936 1409 τὰ
972 1359 1245 1428 μυστήρια
1279 1355 1444 1410 αὐτοῦ
1484 1357 1540 1408 ὲν
1573 1355 1724 1426 νόμῳ
1755 1355 1848 1407 καὶ

263 1449 598 1521 προφήταις,
623 1448 719 1502 καὶ
749 1452 814 1520 τῇ
839 1448 974 1523 ἄλλῃ
1017 1449 1355 1519 φυσιολογίᾳ.
1383 1447 1612 1516 Κίιρποὶ
1630 1447 1690 1500 δὲ
1711 1449 1740 1500 ὁ
1763 1448 1849 1500 ὲν-

259 1541 458 1612 άρετος
491 1544 546 1594 ὲν
580 1540 734 1612 ἤθεσι
763 1539 896 1610 βίος.
934 1539 1205 1610 Φραγμός
1229 1543 1257 1594 ὁ
1279 1540 1496 1608 λογικὸς
1522 1539 1684 1602 τόπος
1703 1579 1718 1603 ,
1753 1539 1849 1592 καὶ

258 1632 320 1684 τὸ
341 1632 604 1704 γράμμα,
631 1634 706 1697 ὡς
739 1632 814 1704 μὴ
843 1632 1232 1686 κατοπτεύοιτο
1251 1635 1362 1696 τοῖς
1392 1630 1496 1698 ἔξω
1519 1631 1587 1684 τὰ
1605 1647 1848 1701 κεκρυμ-

261 1727 405 1797 μένα
441 1727 736 1798 μυστήρια.
771 1725 970 1794 Arn-dc
998 1725 1059 1778 τὸ
1092 1724 1380 1796 βάθοςτῆς
1405 1723 1700 1794 δεχομένης
1722 1724 1848 1785 τοὺς

259 1820 515 1887 καρποὺς
552 1819 678 1881 τοὺς
715 1820 814 1889 τῆς
852 1817 1029 1889 ψυχῆς
1051 1860 1064 1883 ,
1099 1818 1206 1870 πᾶν
1239 1816 1332 1869 ἐπὶ
1360 1815 1595 1886 πόλεμον
1621 1813 1845 1867 ἐπιϐαλ-

257 1907 481 1979 λούσης.
531 1887 778 1978 Πύργοςὴ
803 1909 896 1961 καὶ
931 1887 1272 1980 διῃρημένος
1321 1906 1449 1978 περὶ
1489 1904 1624 1958 Θεοῦ
1667 1903 1841 1973 λόγος.
1876 1887 1921 1943 Β

256 1999 408 2063 Ναὸς
445 1999 544 2070 μὲν
571 2001 604 2070 ὴ
634 1999 728 2052 τοῦ
759 2000 815 2051 ἐν
850 1997 999 2068 αύτῷ
1029 1998 1172 2052 θείου
1209 1995 1338 2052 ναοῦ
1357 1992 1761 2066 (Π).Γεωργοὶ
1793 1994 1843 2046 οἱ

256 2092 470 2162 πρῶτοι
499 2089 879 2154 πιστευθέντες
907 2090 978 2144 τὰ
1007 2089 1166 2159 λόγια
1197 2089 1290 2143 τοῦ
1325 2087 1462 2142 Θεοῦ
1483 2106 1495 2118 ·
1531 2083 1612 2152 οἷς
1641 2087 1843 2159 ἀποδη-

257 2184 351 2252 μεῖ
378 2183 462 2245 εἰς
494 2181 592 2252 τὴν
626 2180 791 2236 αὑτοῦ
836 2184 1120 2253 περισπεῖν
1151 2181 1286 2252 (18),
1329 2179 1452 2244 δοὺς
1480 2177 1753 2251 ἀφορμὴν,
1785 2175 1846 2242 ἐξ

251 2269 328 2332 ὧν
370 2277 541 2341 αὐτὸς
585 2278 884 2348 ἐφύτευσε,
932 2276 1186 2350 φραγμόν
1235 2293 1292 2329 τε
1343 2275 1572 2347 ἔθηκεν,
1607 2273 1844 2346 ὤρυξεν,

252 2370 601 2443 ᾠκοδόμησε,
631 2371 723 2424 τοῦ
754 2372 940 2444 φέρειν
976 2371 1210 2444 καρπόν.
1243 2370 1460 2438 Καιρός
1491 2367 1754 2438 καρπῶν,
1784 2367 1844 2422 δν

252 2457 401 2514 οἶδεν
429 2461 846 2533 οἰκοδεσπότης,
881 2461 1021 2530 τάχα
1057 2461 1156 2530 οὐχ
1193 2459 1274 2512 ὅτι
1315 2457 1536 2528 ἐκφύειν
1567 2454 1770 2526 φύλλα,
1806 2455 1840 2526 ἦ

253 2555 571 2626 κυπρίζειν,
594 2553 627 2624 ἢ
650 2551 1049 2624 όμφακίζειν,ῆ
1074 2550 1399 2624 τρυγᾶσθαι·
1426 2543 1536 2603 οἷον
1551 2549 1601 2602 oi
1623 2550 1721 2620 τῆς
1747 2564 1844 2618 νη-

251 2645 540 2715 πιότητος,
577 2643 610 2714 ἦ
641 2643 742 2714 τῆς
778 2641 1226 2713 συμπληρώσεως
1253 2639 1346 2693 τοῦ
1375 2639 1566 2708 λόγου,
1598 2637 1632 2709 ἢ
1665 2639 1715 2691 οἱ
1746 2637 1842 2708 τῆς

251 2739 311 2790 ὲν
339 2739 520 2809 ἀρετῇ
547 2735 854 2808 προκοπῆς,
890 2733 922 2806 ἢ
955 2735 1128 2806 ἀρχῆς
1151 2750 1162 2764 ’
1198 2735 1246 2786 οἱ
1273 2733 1328 2787 δὲ
1358 2733 1457 2803 τῆς
1481 2731 1720 2803 ἀγάπης,
1749 2731 1845 2785 καὶ

250 2831 456 2902 χαρᾶς,
493 2828 590 2882 καὶ
621 2828 864 2899 εἰρήνης,
899 2827 1121 2881 καὶτῶν
1150 2825 1372 2880 λοιπῶν.
1401 2825 1613 2880 Δοῦλοι
1633 2826 1682 2877 oi
1713 2840 1846 2896 προ-

251 2918 429 2988 φῆται
448 2917 520 2971 τὰ
552 2917 896 2989 πνευματικὰ
917 2915 1266 2990 καρπώματα
1297 2917 1650 2981 ἀπαιτοῦντες
1679 2932 1845 2987 προσ-

249 3009 411 3078 άγειν
442 3010 522 3073 ὡς
555 3011 720 3080 ἱερεῖς
752 3009 830 3078 τῷ
860 3007 1000 3080 Θεῷ.

892 3283 1049 3336 ΚΕΦ.
1090 3284 1216 3336 ΚΔ’.

249 3375 407 3447 Στίχ.
440 3374 546 3447 με’.
585 3375 680 3441 Τίς
701 3373 816 3447 ἄρα
837 3375 1011 3429 ἐστὶν
1047 3377 1080 3428 ό
1102 3372 1317 3447 πιστὸς
1337 3371 1564 3447 δοῦλος
1580 3373 1684 3447 καὶΔ
1703 3374 1845 3447 φρέ-

318 3443 525 3525 φξὶμος,
556 3447 631 3525 δν
657 3443 1032 3525 κατέστησεν
1059 3448 1094 3499 ὁ
1142 3445 1344 3513 κύριος
1381 3443 1567 3498 αὐτοῦ
1593 3444 1691 3497 ἐπὶ
1733 3443 1844 3514 τῆς

319 3518 648 3584 θεραπείας
679 3518 866 3570 αὐτοῦ
882 3532 901 3580 ;

321 3609 447 3677 (19)
465 3607 621 3678 Τάχα
646 3607 961 3679 παροξύνων
992 3608 1072 3670 είς
1093 3606 1151 3660 τὸ
1179 3605 1413 3678 ζητῆσαι
1436 3607 1533 3661 ἕνα
1561 3606 1678 3662 τινὰ
1702 3606 1842 3661 σπά-

248 3719 384 3757 νιον.
422 3702 502 3772 Τῇ
533 3699 645 3772 γὰρ
675 3699 769 3753 τοῦ
802 3699 918 3768 ἄρα
957 3698 1260 3770 ἀμφιϐολίᾳ
1304 3700 1365 3752 τὸ
1414 3699 1638 3752 σπάνιον
1670 3695 1842 3764 ἔδειξε

246 3792 345 3846 τοῦ
376 3789 630 3844 τοιούτου
659 3791 966 3861 οἰκονόμου,
999 3790 1094 3843 καὶ
1119 3790 1218 3842 ούκ
1247 3789 1406 3843 ἄλλον
1439 3789 1603 3843 αὑτοῦ
1631 3790 1722 3843 τὸν
1749 3807 1842 3842 πι-

249 3876 376 3931 στὸν
436 3877 534 3930 καὶ
573 3877 834 3948 φρόνιμον
870 3877 1153 3948 οἰκονόμον
1177 3877 1364 3941 εἰδὼς,
1396 3877 1844 3949 κατασταθμαζό-

253 3986 421 4038 μενον
465 3969 562 4022 ἐπὶ
597 3971 710 4032 τοῖς
748 3967 841 4022 τοῦ
885 3969 1098 4040 Πατρὸς
1129 3968 1344 4041 ἔργοις,
1381 3969 1524 4038 λέγω
1563 3970 1620 4042 δὲ
1658 3970 1749 4023 ἐπὶ
1774 3972 1840 4042 τῇ

247 4061 663 4132 ἀνθρωπότητι.
703 4062 789 4126 Ὠς
811 4061 920 4134 γὰρ
939 4039 1070 4132 περὶ
1093 4039 1282 4132 ἑτερου
1311 4061 1478 4130 λέγει,
1512 4039 1842 4125 ἐπισκιάζων

248 4154 384 4208 αὐτὸ
417 4156 489 4225 τῇ
529 4154 800 4226 ὑπερϐολῇ
832 4154 930 4225 τῆς
962 4153 1174 4222 σοφίας.
1206 4153 1401 4208 Δοῦλον
1422 4154 1478 4208 δὲ
1507 4153 1697 4207 ἑαυτὸν
1720 4148 1842 4206 εἷπε

247 4243 336 4299 διὰ
371 4245 435 4296 τὸ
473 4245 691 4314 μορφὴν
717 4243 1140 4302 δούλουςλαϐεῖν.
1175 4243 1318 4314 Ὅρα
1349 4245 1406 4298 δὲ
1437 4245 1484 4297 εί
1514 4243 1588 4315 μὴ
1619 4243 1844 4298 τοιαῦτα

247 4339 699 4412 ὲηειρισθέντας
738 4328 1068 4402 ἐπισκόπους
1103 4339 1196 4392 καὶ
1222 4339 1572 4402 διδασκάλους
1603 4338 1844 4392 δυσωπεῖ

245 4435 275 4488 ὁ
306 4433 473 4502 λόγος
501 4433 778 4504 φρονίμως
805 4432 1021 4502 ἑκάστῳ
1039 4431 1108 4484 τὰ
1133 4435 1254 4487 κατ’
1279 4432 1433 4497 ἀξίαν
1462 4432 1719 4504 χρῆσθαι,
1748 4433 1842 4485 καὶ

245 4525 640 4596 ἐπιστημόνως
696 4523 795 4587 τὰς
855 4523 1230 4594 πνευματικὰς
1279 4523 1590 4578 διατάσσειν
1636 4523 1842 4595 τροφὰς

1869 3258 1916 3319 C

1949 617 2239 686 fructuum,
2276 628 2357 674 est
2416 621 2527 674 vita
2581 621 2841 691 legitima.
2898 621 3121 692 Tempus
3163 639 3346 679 eorum
3378 663 3394 690 ,
3443 617 3528 679 est

1950 712 2264 781 prophetica
2324 714 2560 768 exactio.
2628 714 2779 769 Servi
2829 715 2988 785 primi
3049 727 3104 771 et
3155 717 3378 786 secundi
3435 717 3524 782 qui

1948 804 2341 858 contumeliose
2381 803 2595 872 excepti
2648 802 2888 869 fuerunt,
2933 815 3060 860 sunt
3105 807 3384 875 propheta:
3432 809 3522 875 qui

1950 894 2076 949 aliis
2108 906 2272 964 atque
2321 895 2442 950 aliis
2475 896 2814 964 temporibus
2848 898 2999 952 missi
3050 898 3240 954 fuere:
3291 915 3356 953 ex
3404 898 3526 968 qui-

1950 987 2050 1042 bus
2098 986 2262 1042 alium
2296 987 2630 1055 ceciderunt,
2663 999 2722 1044 ut
2768 989 3072 1054 Miclneam,
3121 1007 3282 1060 quem
3327 992 3382 1046 in
3434 1007 3526 1060 ge-

1951 1094 2072 1135 nam
2117 1082 2387 1150 percussit
2421 1081 2719 1137 Sedecias:
2757 1082 2922 1136 alium
2954 1083 3296 1149 occiderunt,
3338 1093 3397 1138 ut
3424 1083 3526 1138 Za-

1949 1174 2214 1236 chariam,
2267 1174 2410 1226 inter
2439 1174 2698 1241 templum
2747 1185 2802 1229 et
2849 1173 3061 1240 altare;
3107 1175 3271 1229 alium
3319 1176 3524 1246 lapida-

1950 1276 2163 1330 Verunt,
2215 1276 2273 1320 ut
2324 1264 2488 1320 Zariu
2541 1267 2707 1321 tilium
2748 1265 2897 1322 Joda:
2943 1269 3301 1324 sacerdotem.
3344 1269 3526 1325 Facile

1949 1358 2112 1412 etiam
2160 1357 2326 1412 Vinea
2363 1359 2424 1414 fit
2474 1373 2698 1430 regnum
2739 1360 2868 1424 Dei,
2912 1371 2966 1414 et
3025 1362 3282 1431 mysteria
3321 1363 3436 1432 ejus
3471 1363 3523 1420 in

1949 1450 2066 1521 lege
2094 1460 2147 1505 et
2178 1451 2482 1521 pr0phetis,
2515 1467 2577 1508 ac
2610 1453 2817 1523 reliqua
2848 1463 3054 1508 natura:
3078 1454 3344 1508 doctrina.
3385 1453 3526 1508 Fru-

1949 1551 2088 1606 ctus,
2125 1543 2368 1596 virtnosa
2412 1544 2656 1598 moribus
2692 1545 2828 1598 vita.
2873 1544 3058 1614 Sepes,
3101 1545 3254 1600 locus
3285 1547 3526 1600 rationa-

1949 1634 2016 1688 lis
2059 1643 2111 1687 et
2163 1633 2396 1704 ipsautet
2428 1637 2633 1702 littera,
2671 1645 2731 1690 ut
2772 1651 2880 1691 non
2909 1646 3156 1705 paterent
3200 1638 3265 1692 iis
3303 1639 3398 1707 qui
3429 1653 3525 1693 ex-

1951 1725 2092 1780 terni
2125 1734 2303 1791 crant,
2340 1725 2554 1780 occulta
2601 1728 2880 1796 mysteria.
2933 1726 3214 1794 Toreular,
3247 1729 3525 1799 profundi-

1953 1825 2035 1870 tas
2063 1817 2260 1870 anima:
2305 1816 2514 1872 fructus
2559 1819 2942 1886 suscipientis,
2990 1821 3172 1874 omnia
3222 1821 3274 1876 in
3322 1822 3522 1878 bellum

1949 1905 2298 1962 eﬂ‘undentis.
2333 1907 2519 1962 Turris
2557 1908 2723 1963 etiam
2753 1909 3040 1965 distinctus
3068 1911 3136 1965 de
3174 1911 3286 1966 Deo
3317 1928 3521 1968 sermo.

1948 2000 2230 2072 Templum
2281 2002 2538 2072 quidem,
2602 2017 2722 2072 quae
2751 1995 2804 2056 in
2836 2003 2954 2073 ipso
3001 2002 3279 2077 ["stelletta
3333 2006 3521 2078 senta]

1947 2105 2074 2151 nota
2119 2095 2283 2151 divini
2327 2095 2527 2163 templi.
2575 2095 2782 2161 Coloni,
2822 2098 2980 2166 primi
3032 2100 3105 2154 illi
3157 2099 3353 2170 quibus
3404 2117 3525 2158 cre-

1948 2187 2058 2244 dita
2097 2196 2224 2242 sunt
2268 2187 2481 2257 eloquia
2530 2188 2669 2244 Dei:
2716 2189 2913 2260 quibus
2950 2206 3175 2261 peregre
3223 2194 3523 2262 proﬁcisci-

1947 2288 2036 2334 tur
2066 2280 2118 2334 in
2151 2280 2427 2349 speculam
2478 2297 2659 2347 suam,
2693 2298 2878 2338 ansam
2910 2284 3178 2354 praebens,
3215 2302 3278 2340 ex
3311 2286 3378 2341 iis
3403 2303 3524 2357 qua:

1948 2369 2063 2440 ipse
2101 2371 2466 2440 plantaverat,
2495 2387 2678 2443 sepem
2707 2375 3194 2444 circumposuerat,
3231 2376 3520 2443 etl‘oderat,

1945 2462 2335 2527 aedificaverat.
2383 2464 2620 2519 fructum
2674 2464 2910 2521 ferendi.
2956 2466 3178 2539 Tempus
3228 2468 3520 2539 fructuum,

1946 2570 2105 2624 quem
2141 2557 2360 2611 notavit
2388 2558 2808 2627 paterfamilias,
2839 2559 2956 2615 sine
2987 2560 3150 2616 dubio
3177 2577 3283 2618 non
3313 2573 3435 2618 erat
3465 2573 3525 2617 ut

1947 2647 2070 2700 folia
2118 2647 2450 2715 produceret
2499 2647 2586 2704 vel
2633 2649 2815 2714 ﬂores,
2873 2661 2963 2705 aut
3005 2660 3249 2720 turgeret
3299 2654 3351 2708 in
3407 2668 3523 2707 om-

1946 2736 2222 2805 phacium.
2278 2747 2370 2791 aut
2415 2737 2896 2794 vindemiaretur:
2947 2741 3074 2810 quin
3119 2743 3297 2809 potius
3366 2753 3523 2798 erant

1946 2831 2157 2883 fructus
2210 2829 2600 2900 simplicitatis,
2633 2831 3039 2901 adimpletionis
3071 2834 3244 2900 verbi,
3277 2844 3368 2889 aut
3398 2850 3524 2905 pro-

1945 2920 2120 2976 fectus
2168 2921 2218 2974 in
2253 2922 2552 2977 virtutibus
2583 2921 2670 2976 vel
2702 2923 2841 2976 initii
2869 2939 2884 2977 :
2917 2922 3124 2980 fructus
3163 2925 3292 2980 item
3335 2927 3520 2985 chari-

1897 3051 1901 3060 .
1947 3013 2096 3075 tatis,
2145 3013 2368 3084 gaudii,
2417 3014 2588 3084 pacis,
2631 3024 2687 3070 ct
2731 3015 2946 3085 reliqui.
2998 3015 3182 3083 Servi,
3232 3028 3359 3073 sunt
3400 3035 3523 3090 pro-

1899 3093 2144 3174 ‘phetae,
2183 3106 2273 3175 qui
2329 3105 2642 3175 spirituales
2701 3106 2911 3162 fructus
2984 3108 3275 3180 exigebant
3325 3110 3523 3170 oﬂ‘crre

1949 3206 2204 3268 tanquam
2257 3199 2570 3254 sacerdotes
2604 3198 2731 3254 Deo.

2543 3286 2696 3341 CAP.
2728 3287 2919 3346 XXIV.

1947 3380 2015 3439 ν.
2042 3382 2132 3436 45.
2166 3381 2303 3462 Quis
2327 3398 2451 3462 ergo
2484 3392 2562 3462 est
2591 3383 2766 3462 ﬁdelis
2791 3401 2969 3441 seruus
2999 3397 3047 3441 et
3081 3390 3334 3462 prudens,
3368 3407 3520 3462 quem

2057 3453 2328 3507 constituit
2351 3453 2598 3507 dominus
2626 3454 2740 3522 ejus
2778 3473 2936 3525 super
2957 3453 3168 3512 servitio
3200 3475 3296 3514 suo
3320 3462 3346 3515 .9

2013 3569 2177 3624 Forte
2216 3568 2340 3641 (hoc
2373 3571 2699 3643 interrogat)
2733 3573 3020 3628 stimulans
3056 3575 3121 3628 ad
3169 3577 3521 3643 quaerendum

1943 3679 2107 3718 unum
2138 3663 2374 3734 aliquem
2395 3679 2579 3720 rarum
2612 3665 2906 3723 hominem.
2933 3666 3198 3737 Ambigua
3222 3669 3368 3723 enim
3397 3684 3522 3739 par-

1945 3756 2106 3811 ticula
2135 3773 2278 3827 ergo,
2307 3760 2593 3814 raritatem
2621 3761 2858 3816 ostendit
2882 3761 3156 3816 mconomi
3185 3759 3521 3830 huiusmodi,

1943 3864 2044 3904 nec
2066 3849 2228 3904 alium
2279 3866 2439 3920 quam
2485 3868 2544 3906 se
2592 3850 2803 3906 ﬁdelem
2841 3867 2904 3906 ac
2951 3854 3268 3921 prudentem
3300 3866 3524 3909 oecono-

1944 3957 2090 3995 mum
2117 3943 2313 4008 sciens,
2346 3941 2660 4013 prtefectum
2687 3944 2942 4014 operibus
2965 3943 3163 4010 Patris,
3194 3945 3521 4001 humanitati

1944 4033 2185 4104 inquam.
2237 4033 2518 4105 Tanquam
2549 4037 2696 4090 enim
2750 4036 2816 4090 de
2845 4036 3016 4092 altero
3051 4036 3310 4106 loquitur,
3339 4037 3524 4092 obum-

1943 4129 2110 4184 brans
2145 4129 2197 4184 id
2249 4129 2450 4185 eximia
2505 4131 2794 4200 sapientia.
2829 4129 3059 4186 Vocavit
3093 4147 3255 4201 porro
3302 4147 3521 4188 servum

1942 4235 2064 4277 sese
2095 4232 2316 4291 pr0pter
2336 4233 2671 4292 assumptam
2703 4224 2844 4278 servi
2872 4223 3126 4280 formam.
3151 4223 3285 4280 Vide
3314 4240 3446 4280 vero
3473 4226 3522 4281 si

1945 4331 2049 4369 non
2093 4316 2381 4386 episcopos
2416 4326 2472 4370 et
2501 4317 2754 4370 doctores
2785 4315 2984 4384 quibus
3038 4315 3167 4370 talia
3205 4318 3521 4372 concredita

1944 4418 2090 4474 sunt,
2131 4418 2350 4463 moneat
2380 4409 2574 4473 oratio,
2611 4419 2667 4463 ut
2711 4409 3009 4480 prudenter
3037 4411 3162 4480 quis
3188 4426 3286 4481 pro
3337 4411 3520 4482 cujus-

1943 4511 2046 4565 que
2076 4498 2341 4566 dignitate
2381 4507 2586 4563 utatur,
2638 4513 2703 4553 ac
2733 4500 2869 4554 scite
2911 4499 3223 4570 spirituales
3264 4501 3522 4572 disponat

246 4591 786 4690 καιρῷ-ποσότητος,
823 4591 1124 4687 ποιότητος.
1161 4615 1234 4668 Τὸ
1257 4615 1336 4679 δὲ,
1379 4615 1475 4681 Τίς
1500 4614 1646 4684 ἆρα,’
1667 4591 1840 4682 εἶπεν,

1948 4591 2100 4646 cibos
2127 4591 2447 4660 tempestiva
2478 4593 2780 4661 quantitate
2795 4601 2851 4647 et
2877 4592 3166 4663 qualitate.
3195 4592 3354 4660 Illud,
3385 4593 3520 4660 Quis

242 4709 345 4779 οὐχ
374 4707 455 4770 ὡς
489 4704 721 4773 ἀγνοῶν,
752 4702 866 4757 ἀλλ’
900 4705 988 4757 ἵνα
1019 4703 1094 4775 μὴ
1123 4703 1612 4775 περιεργάζωνται.
1649 4705 1818 4776 Ἀρμό

246 4800 329 4866 ζει
376 4799 438 4852 δὲ
473 4799 503 4850 ὁ
535 4797 694 4864 λόγος
724 4797 816 4852 καὶ
853 4795 995 4851 κατὰ
1022 4797 1222 4860 παντὸς
1259 4795 1352 4850 τοῦ
1391 4796 1844 4866 ὲμπιστευθέντος

243 4908 299 4943 τι
328 4887 487 4961 παρὰ
534 4886 628 4941 τοῦ
662 4887 797 4940 Θεοῦ
821 4927 836 4951 ,
875 4888 983 4940 εῐτε
1011 4888 1270 4958 χρήματα
1294 4925 1309 4950 ,
1350 4887 1460 4940 εἴτε
1495 4887 1702 4958 ἀρχὴν,
1734 4888 1842 4940 εἴτε

242 4982 576 5036 δυναστείαν
611 4981 776 5052 ἄλλην
803 4980 942 5034 τινά.
985 4979 1247 5050 Δεύτερον
1275 4977 1331 5031 δὲ
1365 4979 1673 5033 ἀπαιτεῖται
1705 4982 1733 5033 ό
1764 4982 1842 5033 οἰ-

247 5076 490 5146 κονόμος
524 5074 704 5126 πίστιν
736 5073 830 5127 καὶ
855 5073 1146 5143 φρόνησιν,
1182 5073 1268 5125 ἵνα
1299 5072 1435 5142 μήτε
1464 5070 1636 5145 κλέψῃ
1658 5071 1729 5124 τὰ
1752 5072 1836 5125 δε-

246 5167 514 5231 σποτικὰ,
546 5166 682 5221 ἀλλὰ
715 5167 810 5220 καὶ
841 5165 1071 5228 δεόντως
1105 5164 1244 5222 αὐτὰ
1275 5166 1628 5237 οίκονομήσῃ.
1653 5167 1722 5218 Ἦ
1747 5167 1837 5220 τὸν

243 5260 448 5332 ἔχοντα
496 5259 633 5329 πρὸς
675 5257 809 5311 Θεὸν
857 5255 1064 5327 ἀγαθὴν
1101 5256 1424 5327 συνείδησιν,
1488 5258 1581 5310 καὶ
1619 5257 1694 5328 μὴ
1735 5258 1838 5326 ἀφ-

245 5352 545 5423 ιστάμενόν
579 5368 723 5413 τινος
746 5348 856 5402 τῶν
899 5349 1144 5403 δεόντων.
1195 5351 1304 5404 Καὶ
1348 5351 1439 5403 τὸν
1484 5349 1657 5421 ὀρθῶς
1695 5350 1838 5405 διδά-

247 5461 460 5499 σκοντα
489 5443 636 5512 λέγει
677 5442 889 5496 πιστόν.
923 5442 1188 5512 Φρόνιμον
1221 5441 1277 5494 δὲ
1317 5442 1406 5496 τὸν
1434 5443 1507 5515 μὴ
1525 5444 1837 5516 παραφερό-

249 5558 420 5610 μενον
450 5543 572 5602 ταῖς
603 5537 712 5591 τῶν
740 5536 1028 5609 αἱρετικῶν
1067 5537 1444 5606 μωρολογίαις,
1469 5539 1602 5593 ἀλλὰ
1629 5539 1837 5610 διακρίο

243 5650 413 5687 νοντα
459 5630 520 5684 τὸ
567 5629 792 5702 ἀκριϐὲς
835 5628 929 5682 τοῦ
973 5627 1168 5698 λόγου,
1196 5629 1236 5700 ἢ
1279 5630 1368 5684 τὸν
1411 5629 1484 5702 μὴ
1515 5633 1834 5704 πειρόμενον

319 5753 467 5822 (15⁸)
500 5747 620 5818 Οἷς.
655 5751 816 5822 [ᾗσι-ιο
845 5743 940 5814 ὧν,
980 5749 1061 5804 vel
1092 5746 1279 5813 ὲνιοῖς.
1312 5749 1468 5808 Ευιτ.

323 5818 457 5896 (ιιξ)
487 5823 647 5896 Forte

324 5892 452 5966 (t7)
485 5892 659 5951 Locus
680 5892 993 5965 impeditus.

1947 4701 2091 4754 ergo,
2122 4686 2260 4740 dixit
2298 4703 2403 4741 non
2437 4695 2694 4754 tanquam
2743 4686 3019 4756 ignorans,
3058 4691 3152 4744 sed
3197 4697 3258 4743 ut
3283 4703 3386 4743 non
3417 4703 3520 4744 cu-

1947 4781 2091 4835 riose
2117 4780 2487 4834 sciscitentur.
2513 4781 2774 4849 Congruit
2805 4780 2968 4834 etiam
2999 4781 3175 4836 oratio
3213 4791 3267 4835 et
3294 4781 3520 4837 cuicun-

1944 4887 2049 4942 que
2076 4873 2340 4927 creditum
2364 4882 2448 4926 est
2469 4873 2746 4943 quidpiam
2779 4888 2808 4926 a
2833 4871 2964 4936 Deo,
2998 4873 3112 4929 sive
3133 4887 3265 4942 opes
3295 4872 3515 4938 fuerint,

1945 4964 2059 5018 sive
2091 4964 2462 5035 magistratus,
2503 4965 2617 5018 sive
2651 4972 2891 5031 potestas
2944 4963 3126 5034 aliqua
3160 4965 3285 5018 alia.
3317 4963 3518 5018 Deinde

1946 5057 2179 5127 exigitur
2211 5056 2278 5110 ab
2308 5071 2593 5112 (Bconomo
2624 5057 2760 5111 lides
2791 5067 2846 5112 et
2870 5056 3173 5126 prudentia,
3213 5067 3271 5109 ut
3297 5069 3395 5110 nec
3427 5055 3518 5109 iu-

1943 5163 2095 5208 retur
2121 5151 2334 5213 herilia,
2357 5152 2484 5220 quin
2515 5151 2778 5219 potius,ut
2803 5149 3122 5218 parest,illa
3151 5148 3513 5203 administret.

1943 5243 2040 5300 Vel
2074 5243 2284 5298 Iidelem
2313 5244 2445 5297 dicit
2478 5259 2625 5306 eum,
2651 5243 2742 5312 qui
2787 5243 2853 5296 ad
2895 5241 3060 5295 Deum
3096 5241 3294 5293 bonam
3351 5240 3516 5294 habet

1943 5338 2354 5402 conscientiam,
2391 5351 2491 5391 nec
2521 5335 3298 5405 disceditaquaqnamcarum
3335 5347 3516 5386 rerum

1943 5450 2078 5502 quas
2106 5431 2220 5486 ﬁeri
2254 5441 2489 5499 Oportet,
2554 5430 2791 5498 itemque
2820 5427 2942 5482 eum
2969 5427 3061 5495 qui
3095 5434 3244 5480 recte
3299 5424 3513 5479 doceat.

1941 5526 2271 5584 Prudentem
2293 5539 2422 5580 vero
2444 5523 2596 5586 dicit,
2623 5523 2713 5592 qui
2747 5536 2852 5575 non
2878 5531 3221 5574 transversus
3242 5518 3424 5589 agitur
3451 5516 3520 5569 ab

1943 5623 2322 5683 haereticorum
2391 5617 2556 5672 fatuis
2616 5615 3032 5685 assertionibus,
3096 5616 3191 5672 sed
3254 5612 3512 5686 diiudicat

2013 5746 2124 5820 (ιε)
2152 5745 2311 5820 Forte
2335 5739 2673 5820 περιωπῄν..

2021 5811 2134 5890 (19)
2162 5814 2364 5872 Confer
2386 5811 2529 5870 edita
2559 5811 2768 5865 Latina.
