3958 6580
498 481 605 538 303
1421 477 1985 537 SUPPLEMENTUM
2024 479 2116 535 AD
2154 476 2478 534 ORIGENIS
2515 475 2926 532 EXEGETlCA.
3594 478 3679 533 304

496 597 760 669 quidquid
788 604 1036 652 exactum
1068 596 1120 650 in
1140 610 1396 652 sermone
1427 605 1531 651 est.
1560 594 1654 650 Vel
1680 611 1804 651 eum
1833 598 1926 667 qui
1961 614 2028 651 no

2129 626 2140 658 ι
2172 595 2489 667 ἁμαρτίαις,
2507 592 2595 647 διά
2640 591 2700 646 τὸ
2736 590 2811 664 μὴ
2849 588 2963 662 (20)
2992 587 3236 643 ποικίλον
3264 588 3356 643 καὶ
3391 585 3680 661 πολύτροπον

496 691 973 745 transverberatur
1007 687 1269 756 peccatis,
1299 696 1527 758 propter
1552 689 1738 742 varios
1768 702 1832 743 ac
1874 687 2026 742 multi

2163 686 2269 740 τῶν
2294 683 2390 740 ἀνθ
2400 683 2725 757 ρώπων.Τὸν
2749 682 2927 736 είδότα
2956 681 3087 735 πότε
3114 680 3197 734 δεῖ
3222 678 3457 748 ἐλέγξαι,
3482 680 3512 752 ἢ
3535 683 3681 736 ἐπιτι-

496 780 683 836 modos
735 779 1017 834 hominum
1074 792 1272 833 mores.
1310 776 1472 842 Eum,
1532 776 1625 846 qui
1673 776 1809 831 sciat
1844 780 2028 848 quand

2167 779 2358 851 μῆσαι,
2391 777 2425 849 ἢ
2461 775 2910 850 παρακαλέσαι,ἢ
2929 774 3156 842 διδάξαι·
3176 774 3271 828 καὶ
3290 775 3435 840 τίνας
3454 775 3543 846 μὲν
3557 774 3684 829 ποτί-

493 879 742 939 oporteat
769 884 1020 939 arguere,
1049 870 1136 924 vel
1172 869 1495 940 increpare,
1525 867 1610 923 vel
1639 868 1940 934 adhortari,
1974 885 2028 923 ve

2164 886 2254 922 σαι
2276 868 2358 922 δεῖ
2379 867 2540 939 γάλα,
2556 866 2667 920 τίσι
2684 866 2740 920 δέ
2777 865 3098 938 μεταδοῦναι
3122 866 3220 937 τῆς
3251 868 3466 938 στερεᾶς
3491 868 3682 940 τροφῆς.

491 966 689 1022 docere
721 981 737 1019 :
767 973 825 1018 et
848 977 987 1033 quos
1020 963 1241 1034 quidem
1275 963 1469 1017 deceat
1498 961 1638 1017 lacte
1682 972 1906 1033 potare,
1937 962 2135 1033 quibus
2169 977 2297 1019 vero
2327 961 2543 1017 tradere
2572 959 2803 1016 solidum
2835 960 3038 1013 cibum.
3384 986 3388 995 -

1084 1053 1238 1110 CAP.
1278 1052 1447 1111 XXV.

2779 1047 2938 1101 ΚΕΦ.
2977 1046 3106 1101 κε’.

490 1146 555 1201 ν.
584 1147 635 1202 Ι.
672 1144 716 1200 Τ
719 1163 820 1200 unc
851 1146 1021 1201 simile
1044 1146 1146 1200 erit
1177 1163 1391 1216 regnum
1418 1147 1667 1202 malorum
1690 1148 1865 1202 decem
1895 1148 2027 1216 virgi

2162 1140 2310 1211 Στίχ.
2341 1139 2411 1216 a_'.
2448 1140 2585 1216 τότε
2615 1138 3123 1216 ὁμοιωᾷήσεταιηή
3160 1137 3580 1216 βασιᾷεζα-τῶν
3603 1140 3689 1216 od-

561 1218 737 1280 nibus,
778 1232 896 1284 qum
927 1208 1257 1293 accipiente;
1273 1216 1541 1287 lampades
1567 1236 1715 1283 suas,
1738 1208 2028 1272 exierunt'it

2451 1209 2607 1293 δέκα
2628 1208 2988 1293 ,παρθένρέςκ
3002 1208 3227 1293 αἳτινες
3245 1251 3260 1274 ,
3275 1210 3575 1293 ιλαόοῦσαι
3601 1209 3692 1292 τὰς

558 1279 839 1341 occursum
869 1279 1072 1355 sponsi.
1380 1279 1390 1287 ”
1702 1279 1711 1283 ’

2232 1279 2551 1355 λαμπάδας
2575 1279 2792 1345 αὐτῶν,
2838 1279 3103 1348 ἐξῆλθον
3138 1284 3226 1347 εις
3255 1279 3582 1347 ἀπάντησιν
3603 1280 3691 1334 τοῦ

1962 1413 1969 1420 ,
2231 1352 2513 1419 νυμφίου.

558 1444 756 1500 Decem
784 1444 1026 1514 virgines
1053 1460 1175 1501 esse
1201 1445 1389 1500 dicunt
1425 1459 1619 1501 sensus
1648 1443 1910 1516 cujusque
1936 1444 2025 1500 ani

2230 1442 2372 1495 Δέκα
2404 1441 2658 1514 παρθένοι
2690 1436 2829 1495 εἷναί
2858 1459 2990 1511 φασι
3018 1440 3118 1507 τὰς
3156 1440 3213 1495 ἐν
3246 1441 3449 1514 ἑκάστῃ
3472 1440 3604 1512 ψυχῇ
3625 1441 3689 1493 ai-

489 1553 589 1593 πται
612 1539 893 1594 interioris
919 1547 1079 1609 atque
1104 1539 1393 1594 exterioris
1414 1540 1781 1610 hominis,qui
1808 1542 2028 1596 nuntiun

2161 1534 2382 1606 σθήσεις
2408 1534 2502 1588 τοῦ
2533 1533 2742 1588 ἔνδοθεν
2771 1536 2865 1589 καὶ
2908 1533 3104 1603 ἔξωθεν
3137 1534 3423 1608 ἀνθρώπου
3442 1574 3457 1599 ,
3486 1532 3695 1588 ἀποστά-

494 1629 823 1685 remiserunt
849 1629 1016 1684 cultui
1047 1629 1311 1685 idolorum
1330 1641 1386 1686 et
1419 1631 1712 1686 mundanis
1739 1631 2028 1700 cupiditati

2161 1643 2260 1691 σας
2284 1625 2722 1700 είδωλολατρείας
2745 1627 2838 1680 καὶ
2868 1626 2976 1681 τῶν
2999 1625 3277 1697 κοσμικῶν
3297 1625 3608 1697 ἐπιθυμιῶν,
3630 1623 3697 1695 τῷ

484 1720 606 1782 bus.
631 1719 999 1788 suscipiendo,
1029 1719 1145 1775 sive
1172 1728 1503 1790 apparenter
1531 1722 1652 1776 sive
1685 1736 1835 1785 vere,
1858 1737 2028 1791 pnrun

2159 1717 2585 1790 παραδέξασθαι,
2613 1720 2723 1772 εἴτε
2752 1719 3040 1792 προφάσει,
3075 1718 3187 1772 εἴτε
3224 1717 3451 1790 ἀληθεία
3468 1758 3483 1782 ,
3506 1717 3588 1770 τὸν
3614 1715 3695 1770 τοῦ

487 1808 579 1864 Dei
619 1809 870 1874 verbum,
907 1826 1017 1880 quo
1049 1810 1116 1865 ad
1150 1812 1477 1883 virginitatis
1504 1813 1768 1867 rationem
1806 1813 2028 1868 translat

2157 1808 2292 1863 Θεοῦ
2320 1809 2559 1881 καθαρὸν
2587 1810 2765 1878 λόγον,
2799 1810 2893 1865 καὶ
2919 1810 3449 1883 παρθενοποιηθῆναι
3466 1810 3698 1884 (21).Είσὶ

483 1909 632 1956 sunt.
662 1901 799 1956 Sunt
819 1909 997 1955 autem
1026 1909 1082 1956 et
1105 1916 1226 1971 quae
1255 1902 1622 1957 communiter
1654 1902 2028 1973 intelliguntur

2153 1901 2211 1955 δέ
2241 1902 2302 1955 αἴ
2325 1919 2386 1955 τε
2413 1902 2611 1967 κοινῶς
2634 1902 2941 1974 νοούμεναι,
2975 1903 3070 1957 καὶ
3095 1906 3150 1958 αἱ
3188 1905 3246 1958 ἐν
3271 1904 3583 1977 παροιμίαις
3608 1901 3699 1956 κεί-

479 2003 535 2047 et
572 2006 693 2063 qua:
713 1992 766 2048 in
789 1993 1093 2063 proverbiis
1119 1994 1306 2062 posita
1328 2002 1474 2057 sunt,
1499 2002 1554 2049 et
1570 2009 1688 2063 quae
1711 2009 2028 2065 consequun

2153 2010 2332 2066 μεναι,
2359 1994 2417 2047 αἱ
2442 1996 2546 2051 καὶ
2558 1994 3036 2061 ἀνακολουθοῦσαι,
3061 1995 3137 2061 ὡς
3165 1998 3221 2050 αἰ
3250 1996 3444 2068 ἀρεταὶ
3472 1995 3566 2065 τῆς
3587 1995 3700 2048 ὑπο-

478 2094 612 2150 tur.
671 2095 750 2164 ιιι(
770 2087 1004 2143 virtutes
1062 2087 1367 2158 hypostasis
1405 2085 1631 2142 Christi.
1684 2087 2028 2154 Quamobren

2152 2085 2392 2150 στάσεως
2420 2087 2680 2157 Χριστοῦ.
2710 2089 2801 2143 Διδ
2829 2090 2925 2144 καὶ
2950 2089 3265 2144 ἐντοπειατ’.
3293 2088 3407 2163 (2‘2)
3421 2089 3518 2160 οὐχ
3540 2091 3592 2141 αἱ
3616 2086 3698 2157 μὲν

392 2241 400 2247 ,
476 2179 638 2234 etiam
665 2180 831 2249 quino
856 2195 1084 2236 numero
1115 2180 1505 2249 exprimuntur
1537 2197 1551 2234 :
1589 2195 1657 2236 ex
1691 2182 1891 2250 quibus
1931 2182 2028 2237 alia

2152 2180 2352 2249 μωραὶ,
2383 2181 2439 2233 αἱ
2470 2180 2527 2233 δὲ
2559 2180 2830 2252 φρόνιμοι.
2849 2182 3008 2237 Ἀλλά
3031 2182 3129 2251 μία
3158 2180 3269 2252 (25)
3299 2180 3398 2235 καὶ
3426 2182 3591 2234 πᾶσαι
3621 2179 3699 2244 ἐξ·-

475 2270 798 2335 suntl'atuae,
829 2272 948 2327 alia:
977 2273 1291 2341 prudentes.
1313 2271 1421 2326 Sed
1446 2280 1630 2341 postea
1663 2273 1829 2327 etiam
1857 2288 2049 2329 omnes

473 2362 726 2418 exierunt
766 2363 819 2418 in
865 2378 1176 2430 occursum,
1222 2375 1556 2434 susceptura:
1603 2364 1812 2421 Christi
1840 2376 2044 2437 myste-

474 2459 637 2513 rium.
670 2458 886 2513 Exeunt
920 2458 1065 2512 enim
1123 2457 1192 2511 ab
1241 2471 1430 2512 errore
1477 2457 1686 2525 mundi,
1722 2455 2045 2514 festinantes

472 2551 542 2605 ad
566 2563 690 2603 eum
720 2549 812 2617 qui
839 2558 1067 2620 paratus
1085 2557 1173 2604 est
1198 2549 1386 2603 videre
1411 2547 1555 2603 illas.

540 2641 702 2694 Aliud
730 2638 994 2711 Origenis.
1025 2640 1182 2695 Aliud
1211 2650 1296 2696 est
1352 2642 1643 2712 virginitas
1681 2655 1842 2704 quam
1874 2640 2042 2696 mise-

470 2733 726 2796 ricordia,
757 2742 812 2788 et
839 2732 980 2787 aliud
1017 2748 1171 2789 mens
1200 2748 1361 2803 quam
1398 2748 1599 2804 corpus
1626 2752 1642 2789 :
1672 2745 1730 2789 et
1756 2733 1860 2789 hoc
1889 2749 2042 2788 assu-

470 2834 587 2877 mes
636 2820 689 2875 in
726 2821 913 2877 decem
963 2822 1291 2892 virginibus.
1348 2821 1642 2878 Prudenles
1676 2823 1859 2893 igitur,
1912 2834 2042 2879 sunt

467 2924 661 2966 sensus
704 2911 822 2982 ejus
853 2912 951 2982 qui
986 2913 1285 2968 secundum
1323 2914 1592 2970 rationem
1624 2915 1755 2969 vivit
1784 2932 1799 2970 :
1847 2914 2039 2972 Fatua:

466 3012 617 3064 vero,
648 3012 844 3054 sensus
863 2997 980 3067 ejus
1011 2999 1104 3070 qui
1154 3003 1433 3056 contrario
1476 3005 1635 3057 modo
1676 3005 2036 3075 oppositoque

466 3099 628 3145 rectae
652 3091 848 3145 rationi
880 3091 1048 3145 vitam
1083 3093 1343 3148 traducit.
1376 3093 1708 3164 Lampadas,
1761 3106 1844 3153 est
1888 3099 2036 3152 actio

2147 2270 2307 2341 ἦλθον
2335 2272 2415 2336 είς
2446 2272 2771 2343 ἀπάντησιν,
2803 2274 2859 2326 αἱ
2886 2270 3326 2345 παραδεξάμεναι
3352 2272 3413 2326 τὸ
3444 2270 3700 2343 περἰΧρι-

2147 2362 2274 2416 στοῦ
2315 2366 2633 2435 μυστήριον.
2681 2364 2886 2431 Ἐξίασι
2933 2365 3040 2437 γὰρ
3080 2364 3188 2419 ἀπὸ
3234 2364 3336 2435 τῆς
3379 2362 3475 2417 τοῦ
3514 2362 3700 2433 κόσμου

2145 2451 2374 2524 πλάνης,
2404 2453 2727 2508 σπεύδουσαι
2751 2453 2888 2525 πρὸς
2911 2452 3002 2508 τὸν
3027 2454 3260 2525 ἑτοίμως
3295 2452 3551 2526 ὁρμῶντα
3581 2447 3702 2520 πρὸς

2146 2544 2335 2608 αὐτάς.

2219 2638 2408 2692 ’Ἄλλο
2450 2638 2799 2709 Ὡριγένους.
2832 2639 3058 2712 Ἕτερον
3092 2639 3126 2711 ἡ
3154 2637 3421 2711 παρθενία
3449 2636 3595 2709 παρά
3616 2634 3701 2706 τὴν

2141 2726 2510 2802 ἐλεημοσύνην
2529 2770 2544 2793 ,
2571 2732 2665 2785 καὶ
2690 2730 2875 2803 ἕτερον
2901 2733 2929 2785 ὀ
2956 2730 3081 2795 νοῦς
3110 2731 3262 2801 παρά
3290 2731 3355 2785 τὸ
3389 2731 3580 2802 σῶμα·
3620 2725 3704 2781 καὶ

2140 2816 2296 2872 τοῦτο
2336 2818 2496 2891 λήψει
2542 2823 2620 2884 εἰς
2660 2821 2759 2886 τὰς
2790 2821 2922 2876 δέκα
2942 2821 3263 2896 παρθένους.
3306 2822 3586 2891 Φρόνιμοι
3617 2816 3705 2889 μὲν

2138 2902 2231 2962 οῦν
2257 2910 2313 2961 αί
2340 2909 2434 2962 τοῦ
2462 2909 2602 2964 κατὰ
2620 2910 2776 2980 λόγον
2811 2910 3052 2982 βιοῦντος
3082 2911 3368 2983 αίσθήσεις
3390 2929 3406 2944 ·
3441 2908 3625 2982 μωραὶ
3651 2907 3705 2962 δέ

2137 3002 2192 3053 αἱ
2229 2998 2324 3053 τοῦ
2348 3000 2604 3065 ἐναντίως
2629 3002 2721 3055 καὶ
2761 3002 2913 3074 παρά
2937 3003 3028 3056 τὸν
3055 3002 3211 3073 ὀρθὸν
3245 3003 3408 3071 λόγον
3439 3002 3705 3056 πολιτευο-

2141 3092 2322 3163 μένου.
2349 3090 2668 3161 Λαμπάδες
2700 3094 2734 3164 ἡ
2774 3098 3076 3165 πανάρετος
3103 3092 3300 3165 πρᾶξις
3316 3104 3335 3124 ·“
3365 3093 3579 3148 ἔλαιον
3604 3091 3656 3145 δέ
3679 3091 3706 3143 ό

462 3182 608 3237 omni
663 3183 866 3238 virtute
906 3184 1170 3254 prmdita:
1223 3187 1421 3251 oleum,
1473 3197 1557 3243 est
1606 3190 1698 3258 qui
1735 3189 2028 3245 effunditur

2136 3182 2487 3255 ἐπιχεόμενος
2512 3183 2669 3253 λόγος
2691 3183 2786 3238 τοῦ
2813 3184 3068 3257 ψυχικοῦ,
3093 3186 3188 3240 τοῦ
3210 3186 3309 3258 τὴν
3337 3185 3555 3257 ἀγαθὴν
3579 3184 3708 3257 πρᾶ-

462 3286 643 3328 sermo
660 3274 896 3329 hominis
921 3274 1244 3344 spiritualis,
1263 3277 1356 3347 qui
1387 3279 1582 3333 bonam
1607 3281 1876 3337 actionem
1900 3298 2032 3351 ope-

463 3372 635 3419 ratur.
662 3363 965 3432 Dormiunt,
1000 3367 1091 3435 qui
1126 3369 1400 3424 absistunt
1430 3386 1459 3423 a
1493 3371 1616 3426 vitae
1648 3381 1855 3427 tenore.
1914 3373 2028 3429 Non

460 3454 689 3523 perdunt
715 3455 879 3524 igitur
907 3456 1187 3526 lampadas
1208 3461 1522 3529 prudentes,
1553 3479 1730 3532 neque
1752 3466 2031 3537 negliguut

457 3547 563 3603 olei
585 3550 1077 3607 conservationem.
1105 3552 1403 3608 lnclamant
1427 3557 1605 3627 angeli
1632 3559 1698 3613 ad
1733 3559 2031 3613 dormitan-

461 3651 542 3694 tes
569 3655 784 3704 sensus.
834 3643 1139 3699 excitantes
1198 3644 1360 3700 illos:
1400 3646 1503 3701 hoc
1536 3657 1638 3710 est.
1684 3650 2030 3703 administra-

458 3731 580 3784 torii
610 3730 831 3800 spiritus
862 3732 915 3787 in
944 3734 1292 3789 ministerium
1324 3736 1470 3789 missi
1490 3747 1696 3806 propter
1715 3756 1804 3794 eos
1832 3741 1921 3811 qui
1949 3744 2030 3810 [u-

457 3822 566 3877 turi
596 3831 718 3877 sunt
740 3822 1051 3879 hwredilare
1084 3826 1306 3881 salutem
1330 3826 1652 3885 ".Ornatus
1702 3830 2024 3900 lampadum,

456 3920 541 3967 est
573 3912 885 3984 quisensus
913 3914 1130 3984 attingit
1158 3916 1503 3988 evangelicus
1535 3934 1697 3985 usus;
1729 3920 2023 3986 oculorum,

454 4019 562 4073 quo
581 4005 920 4062 admirentur
934 4009 1292 4076 conditorem,
1310 4019 1364 4064 et
1380 4009 1701 4066 claudantur
1721 4027 1790 4068 ne
1808 4012 2026 4068 videant

456 4094 782 4166 injustitiam
815 4116 828 4153 :
862 4099 1100 4164 auditus,
1144 4115 1211 4156 ne
1257 4102 1518 4172 suscipiat
1546 4103 1861 4168 vanitatem,
1922 4118 2023 4159 nec

446 4187 711 4256 judicium
750 4189 1054 4256 sanguinis,
1117 4191 1215 4245 sed
1261 4192 1396 4262 justi
1454 4194 1765 4249 sermonis:
1798 4203 2019 4264 gustus,

450 4279 783 4335 comedentis
841 4280 1118 4336 Christum
1150 4284 1437 4339 Dominum
1469 4304 1482 4340 :
1519 4286 1768 4355 olfactus,
1818 4285 2018 4341 Christi

452 4365 748 4438 fragrantia
786 4368 1040 4435 (ruentis,
1070 4381 1126 4425 et
1156 4371 1323 4427 effuso
1347 4382 1621 4443 unguento
1653 4391 1667 4428 :
1700 4384 1890 4440 tactus,
1933 4383 2018 4428 at-

448 4458 734 4539 trectantis
768 4460 1027 4527 Verbum,
1062 4472 1117 4517 ut
1141 4460 1378 4520 Joannes
1406 4464 1674 4534 loquitur:
1710 4463 1901 4519 Manus
1923 4482 2017 4519 no-

2134 3273 2215 3338 ξιν
2240 3274 2625 3345 ἐργαζομένου.
2653 3275 3065 3332 Καθεύδουσιν
3084 3279 3132 3331 οἱ
3164 3278 3598 3350 ἀπανιστάμενοι
3619 3274 3705 3329 τοῦ

2133 3363 2363 3430 ζωτικοῦ
2402 3364 2577 3419 τόνου.
2604 3366 2719 3419 Οὐκ
2752 3364 3109 3420 ἀπολλύουσιν
3147 3362 3238 3420 οὖν
3282 3366 3385 3433 τὰς
3426 3366 3708 3440 λαμπάδας

2130 3457 2186 3508 αἱ
2213 3456 2486 3527 φρόνιμοι,
2514 3456 2635 3509 οὺδέ
2659 3456 3057 3529 ἀπροσεκτοῦσι
3083 3460 3211 3531 περὶ
3234 3458 3331 3530 τὴν
3363 3462 3601 3531 τήρησιν
3620 3455 3705 3510 τοῦ

2130 3545 2330 3600 ἐλαίου.
2378 3545 2677 3617 Ἐμὸοῶσιν
2711 3550 2760 3602 οἱ
2801 3549 3024 3618 ἄγγελοι
3061 3553 3183 3614 ταῖς
3211 3554 3594 3623 κοιμωμέναις
3626 3551 3707 3602 ai-

2131 3636 2377 3708 σθήσεσι,
2408 3638 2763 3714 διεγείροντες
2788 3634 2988 3706 αὐτάςτ
3035 3642 3280 3697 τουτέστι
3325 3644 3403 3698 τὰ
3446 3647 3709 3709 λειτουρ-

2129 3730 2263 3797 γικὰ
2295 3730 2603 3799 πνεύματα
2632 3733 2719 3798 εὶς
2745 3730 3058 3786 διακονίαν
3083 3733 3597 3803 ἀποστελλόμενα
3620 3730 3710 3783 διὰ

2126 3819 2269 3885 τοὺς
2312 3821 2651 3889 μέλλοντας
2689 3824 3087 3893 κληρονομεῖν
3108 3825 3433 3893 σωτηρίαν.
3472 3827 3708 3892 Κόσμος

2123 3905 2453 3973 λαμπάδων
2480 3909 2512 3975 ή
2538 3908 2679 3963 κατὰ
2704 3908 2801 3975 τάς
2823 3910 3104 3983 αἰσθήσεις
3125 3912 3463 3985 εύαγγελικὴ
3486 3912 3706 3985 χρῆσις’

2125 3995 2448 4066 ὀφθαλμῶν
2474 3998 2566 4052 ἐπὶ
2594 3998 2688 4054 τοῦ
2728 3999 3026 4073 θαυμάζειν
3068 4002 3158 4056 τὸν
3203 4005 3585 4075 πεποιηκότα,
3621 4000 3709 4056 καὶ

2126 4086 2282 4157 μύειν
2316 4089 2403 4144 ῐνα
2429 4090 2503 4162 μὴ
2533 4090 2713 4146 ἴδωσιν
2745 4093 2961 4148 ἀδικίαν
2983 4111 2996 4125 ’
3029 4092 3217 4162 ἀκοῆς
3247 4094 3358 4165 (24)
3395 4096 3500 4150 καὶ
3531 4112 3709 4167 παρα-

2120 4179 2414 4255 δεχομένης
2442 4186 2688 4254 μάταιον,
2721 4187 2857 4256 μήτε
2889 4186 3071 4258 κρίσιν
3100 4187 3349 4258 αἵματος,
3374 4188 3480 4242 τοῦ
3510 4188 3571 4241 δέ
3597 4188 3706 4240 ἴσου

2119 4270 2298 4340 λόγου·
2327 4275 2587 4344 γεύσεως
2611 4268 2924 4348 αίσθιούσης
2949 4278 3061 4350 (25)
3084 4279 3315 4351 Χριστὸν
3341 4280 3440 4333 τὸν
3477 4280 3704 4351 Κύριον·

2120 4363 2717 4436 ὀσφρήσεωςλριστοῦ
2742 4368 2941 4441 εὐωδίᾳ
2956 4369 3350 4440 ἀπολαυούσης,
3375 4371 3478 4425 καὶ
3493 4371 3593 4425 τοῦ
3616 4373 3706 4423 ἐκ·

2117 4455 2443 4528 κενωθέντος
2474 4457 2645 4531 μύρου
2669 4477 2683 4490 ο
2725 4459 2889 4531 ἁφῆς
2919 4463 3231 4535 ἁπτομένης
3256 4463 3352 4516 τοῦ
3387 4464 3600 4534 Λόγου,
3635 4462 3708 4526 ὡς

445 4558 570 4603 stne
601 4560 1048 4606 contrectaverunt
1080 4554 1143 4606 de
1186 4552 1352 4609 Verbo
1388 4556 1507 4611 vita:
1535 4555 1598 4610 ¹⁸.
1644 4554 1814 4611 Porro
1841 4557 2013 4610 media

2129 4546 2378 4619 Ἰωάννης
2403 4550 2572 4619 λέγει·
2605 4554 2674 4606 Αἱ
2700 4551 2893 4621 χεῖρες
2918 4552 3088 4622 ἡμῶν
3114 4553 3545 4623 ἐψηλάφησαν
3572 4554 3707 4623 περὶ

447 4649 597 4695 nocte
635 4642 699 4709 fit
751 4642 995 4699 clamor:
1058 4644 1149 4698 illa
1183 4646 1435 4701 videlicet
1459 4647 1612 4710 hora,
1644 4662 1750 4717 qua
1805 4648 2011 4717 egressi

2129 4637 2218 4691 τοῦ
2255 4640 2449 4710 Λόγου
2495 4641 2606 4710 τῆς
2644 4641 2812 4710 ζωῆς.
2854 4645 3268 4699 Μεσονύκτιον
3301 4644 3359 4698 δὲ
3394 4646 3637 4716 γίνεται
3668 4643 3706 4711 ἡ

445 4743 575 4786 sunt
606 4732 701 4787 lllii
733 4734 898 4789 Israel
925 4736 991 4791 de
1011 4737 1274 4807 .Egypto,
1323 4738 1377 4792 in
1411 4754 1518 4808 qua
1547 4738 1710 4793 etiam
1760 4737 2014 4795 Christus

2129 4728 2281 4795 ρωνή
2307 4747 2319 4760 ·
2356 4731 2540 4805 ἐκείνῃ
2568 4736 2634 4805 τῇ
2667 4732 2785 4805 ὥρᾳ
2805 4773 2820 4797 ,
2912 4734 3132 4806 ἐξῆλθον
3160 4736 3209 4788 οἱ
3243 4736 3348 4789 υίοὶ
3383 4736 3617 4809 Ἰσραὴλ
3650 4735 3710 4800 ἐξ

444 4825 684 4879 surrexit
715 4840 781 4880 ex
816 4829 1067 4886 mortuis.
1100 4827 1332 4890 Clamor.
1354 4838 1438 4884 est
1460 4830 1589 4883 tuba
1615 4844 1733 4895 qua:
1773 4839 2012 4886 mortuos

2129 4823 2383 4891 λίγύπτου
2401 4863 2415 4888 ,
2445 4825 2503 4877 ἐν
2587 4825 2679 4878 καὶ
2701 4827 2731 4878 ό
2758 4826 2990 4897 Χριστὸς
3010 4826 3205 4899 ἀνέστη
3235 4829 3302 4881 ἐκ
3322 4828 3437 4882 τῶν
3462 4828 3705 4901 νεκρῶν.

442 4916 665 4985 excitat,
693 4928 750 4973 et
775 4930 966 4975 evocat
1015 4921 1083 4976 de
1140 4921 1421 4990 sepulcris.
1475 4920 1650 4976 Habet
1688 4922 1854 4975 etiam
1890 4937 2008 4993 my-

424 5008 636 5062 sticam
661 5007 1067 5079 intelligentiam
1110 5010 1259 5074 illud,
1284 5012 1437 5067 exite.
1473 5011 1528 5065 Si
1550 5012 1693 5065 cnim
1717 5027 1822 5066 non
1846 5025 2010 5066 exea-

2108 4915 2279 4985 Φωνή
2318 4916 2464 4970 ἐστιν
2512 4917 2545 4987 ἡ
2580 4916 2844 4987 σάλπιγξ,
2884 4920 2919 4989 ἡ
2949 4920 3076 4982 τοὺς
3117 4921 3344 4991 νεκροὺς
3375 4922 3705 4993 ἐγείρουσα,

2114 5003 2209 5058 καὶ
2245 5004 2512 5074 ἐξάγουσα
2547 5006 2612 5060 ἐκ
2653 5007 2759 5061 τῶν
2793 5007 2999 5077 τάφων.
3033 5011 3186 5080 Ἔχει
3209 5010 3265 5063 δέ
3298 5011 3391 5064 καὶ
3423 5012 3706 5082 μυστικὸν

441 5113 584 5163 nitus,
613 5114 813 5169 sponso
858 5117 1146 5157 occurrere
1192 5118 1295 5157 non
1346 5118 1652 5174 possumus.
1719 5102 2009 5174 Lampadas

2129 5095 2237 5149 θοῦν
2262 5097 2322 5151 τὸ
2349 5097 2640 5163 ἐξέλθετε.
2684 5099 2806 5153 Ἐὰν
2828 5100 2934 5173 γὰρ
2960 5103 3032 5172 μὴ
3057 5100 3387 5174 ἐξέλθωμεν,
3424 5104 3531 5158 τὸν
3563 5122 3707 5175 νυμ-

441 5190 797 5261 virginitatis,
832 5203 913 5248 est
939 5195 1263 5264 cognitionis
1292 5195 1622 5250 illuminatio
1650 5213 1663 5249 :
1707 5197 1875 5249 oleum
1907 5212 2006 5266 pro

2129 5188 2233 5257 plov
2259 5190 2562 5262 ἀπαντῆσαι
2590 5192 2651 5244 ού
2676 5191 2967 5263 δυνάμεθα.
2999 5193 3289 5263 Λαμπάδα
3306 5194 3417 5265 (26)
3436 5198 3550 5269 τῆς
3561 5214 3706 5269 νεαρ⁹

439 5277 798 5350 lampadibus,
867 5284 1047 5342 fervor
1078 5286 1130 5341 in
1184 5288 1505 5356 cognitione.
1542 5298 1597 5343 et
1627 5289 2004 5344 mandatorum

2129 5281 2289 5345 levia;
2317 5284 2347 5335 ὁ
2376 5283 2478 5352 τῆς
2520 5283 2769 5353 γνώσεως
2819 5286 3126 5357 φωτισμός·
3164 5285 3339 5341 ἔλαιον
3374 5286 3433 5340 δέ
3480 5291 3571 5353 εἰς
3604 5289 3707 5352 τὰς

440 5376 739 5431 exsecutio.
781 5376 905 5433 llam
929 5379 1073 5432 enim
1112 5378 1290 5433 lumen
1332 5388 1620 5434 conserVat
1646 5380 1788 5450 quod
1815 5380 1869 5434 in
1903 5394 2003 5435 no-

2106 5371 2392 5444 λαμπάδας
2424 5378 2458 5447 ἠ
2493 5377 2551 5430 ἐν
2590 5376 2880 5446 ἐπιγνώσει
2926 5377 3160 5449 σπουδὴ,
3190 5378 3285 5431 καί
3317 5379 3426 5433 τῶν
3452 5380 3704 5434 ἐντολῶν

436 5462 522 5517 his
553 5474 656 5533 est,
697 5468 995 5538 simplicem
1027 5471 1239 5525 oculum
1277 5472 1625 5539 custodiens,
1664 5481 1721 5526 ut
1766 5470 2002 5527 lucidum

2129 5469 2356 5538 ργασία.
2410 5469 2558 5541 Αὕτη
2606 5469 2714 5544 γὰρ
2738 5472 2801 5525 τὺ
2843 5473 2902 5526 ἐν
2953 5474 3087 5546 ἡμῖν
3129 5472 3486 5544 διαφυλάττει
3540 5475 3703 5546 φῶς,

404 5632 411 5639 ,
507 5574 554 5606 ¹³
585 5574 747 5632 llchr.
783 5593 823 5643 ι,
860 5578 948 5634 14.
1023 5581 1066 5611 ¹⁸
1095 5579 1289 5636 lJoan.
1318 5598 1357 5647 ι,
1388 5583 1436 5637 1.

640 5664 872 5740 Eidem?
893 5670 969 5740 μή
1009 5671 1327 5740 redundare.

527 5686 619 5727 zu;
657 5686 872 5721 Vltlellll'
938 5686 969 5740 η
1009 5686 1327 5725 redundare.

523 5732 614 5855 2η
639 5733 738 5787 Ms.
767 5686 1187 5823 παρθενοποιθη.
1222 5741 1287 5794 Et
1322 5759 1444 5799 mox
1473 5742 1788 5798 ἀνακολουθ.

523 5802 585 5855 Β
647 5804 734 5855 Ἐν
764 5822 842 5855 τω
873 5808 1191 5855 πενταδικω-
1229 5812 1304 5855 αἱ-

647 5804 734 5880 Ἐν
764 5802 1193 5880 τῷ’πενταδικῷ,
1229 5812 1304 5865 αἱ.

502 5872 613 5946 (25)
651 5872 824 5931 Forte'
842 5872 1155 5948 μετέπειτα.

2174 5672 2288 5737 (24)
2320 5671 2490 5727 Locus
2519 5672 2791 5729 deficiens.

2175 5743 2287 5814 (‘25)
2314 5743 2475 5814 forte
2498 5744 2808 5814 ἐσθιούσης.

2168 5813 2278 5884 426)
2310 5813 2468 5868 Forte
2495 5813 2793 5885 λαμπάδες.
