3958 6514
305 425 414 479 305

1500 428 1790 484 SCHOLIA
1835 430 1902 484 IN
1940 431 2376 492 MATTHJ‘IUM.

3438 448 3539 506 30“

301 538 512 592 ἁπλοῦν
560 539 650 592 τὸν
691 538 964 610 ὀφθαλμὸν
995 538 1345 611 διατηροῦσα,
1381 539 1520 594 ὥστε
1551 541 1854 610 φωτίζεσθα

1984 543 2073 598 fiat
2102 555 2270 601 totum
2298 563 2495 618 corpus
2515 560 2778 619 nostrum,
2802 553 2953 623 juxta
2977 557 3184 613 Domini
3212 571 3536 617 sermonem.

295 629 422 683 ὅλον
450 629 606 700 ἡμῶν
630 629 691 683 τὸ
726 630 884 701 σῶμα
903 671 918 694 ,
947 630 1086 684 κατά
1114 631 1207 684 τὸν
1231 630 1326 684 τοῦ
1361 633 1566 704 Κυρίου
1603 633 1781 703 λόγον.
1815 636 1878 687 Αἱ

302 721 406 789 μὲν
439 715 533 773 οὖν
563 719 825 772 λαϐοῦσαι
852 721 952 792 τὴν
973 721 1208 792 ἐπιμελῆ
1236 721 1468 793 σπουδὴν
1490 722 1624 794 πρὸς
1644 723 1741 795 τὴν
1770 723 1879 778 τῶν

298 809 535 863 ἐντολῶν
573 810 835 882 ἐργασίαν
880 812 1186 880 φρόνιμοι·
1225 813 1282 864 αἱ
1315 811 1371 865 δὲ
1406 813 1628 883 ἀμελεῖς
1654 813 1876 882 μωραὶ,

295 900 392 953 τὸν
421 901 769 970 προσήκοντα
796 901 987 971 καιρὸν
1010 901 1355 956 ἀναλώσασαι
1378 905 1458 966 είς
1487 904 1586 974 τὴν
1625 903 1732 956 τῶν
1771 922 1875 975 μα-

296 991 470 1044 ταίων
527 990 780 1062 σπουδήν.
827 991 901 1045 Τὸ
939 992 1026 1055 δὲ,
1074 992 1417 1053 ἐκάθευδον,
1471 995 1569 1066 τὴν
1622 995 1876 1067 κοίμησιν

296 1084 393 1137 τοῦ
449 1083 676 1138 Θανάτου
727 1083 910 1153 λέγει·
966 1084 1028 1138 τὸ
1089 1086 1435 1156 μεσονύκτιον
1485 1088 1562 1153 δὲ,
1596 1088 1655 1142 τὸ
1697 1089 1876 1158 αἰφνί-

292 1177 416 1230 διον
431 1177 582 1248 δηλοῖ
605 1178 700 1231 καὶ
727 1177 787 1230 τὸ
821 1176 1246 1248 ἀπροσδόκητον,
1270 1177 1386 1248 ἃμα
1421 1180 1515 1232 καὶ
1546 1179 1606 1233 τὸ
1628 1179 1872 1251 φοϐερόν.

293 1270 410 1324 Καὶ
438 1269 568 1335 ταῖς
599 1269 700 1339 μὲν
737 1267 1184 1336 ἐξαναστάσαις
1217 1270 1478 1340 πάρεστιν
1512 1271 1548 1324 ἃ
1580 1272 1840 1325 ἐπόνεσαν
1859 1290 1873 1305 ο

291 1359 395 1431 τὴν
418 1361 477 1413 δὲ
504 1359 774 1431 ῥαθυμίαν
799 1360 910 1431 (27)
934 1361 1058 1431 περὶ
1080 1360 1176 1431 τὴν
1192 1361 1470 1416 εὐσέϐειαν
1503 1362 1665 1434 μηδὲν
1688 1364 1874 1432 ἐπιφεο

295 1449 543 1521 ρομένων
568 1451 793 1522 ἄρχεται
817 1450 1140 1520 στυγνάζειν
1161 1453 1193 1522 ἠ
1221 1451 1386 1522 ψυχὴ,
1415 1453 1511 1506 καὶ
1530 1453 1689 1506 οἱονεὶ
1716 1471 1875 1508 κατα-

293 1536 641 1602 σϐέννυσθαι,
665 1540 760 1593 καὶ
787 1541 866 1603 είς
891 1539 1318 1611 παραφροσύνην
1346 1543 1563 1612 χωρεῖν,
1590 1540 1730 1595 ὥστε
1755 1545 1871 1614 οίη-

291 1629 457 1699 θῆναι
487 1630 657 1694 αύτάς
681 1631 768 1684 διὰ
798 1631 898 1702 τῆς
927 1631 1126 1702 ἐτέρων
1168 1632 1386 1703 ἀρετῆς.
1424 1633 1513 1686 Διὸ
1545 1633 1874 1705 ἀποδοκιμά-

291 1719 501 1785 ζονται,
517 1721 782 1789 λεγόντων
809 1722 1054 1784 ἐκείνων,
1071 1721 1314 1788 Μήποτε
1337 1725 1447 1778 οὐκ
1469 1724 1712 1792 ἀρκέσει
1732 1724 1874 1795 ἡμῖν

289 1808 393 1860 καὶ
423 1809 583 1878 ὑμῖν.
615 1810 893 1865 Πωλοῦσι
925 1811 984 1864 δὲ
1014 1812 1075 1866 τὸ
1103 1812 1279 1867 ἔλαιον
1304 1813 1353 1866 οἱ
1396 1813 1734 1880 διδάσκοντες
1777 1835 1868 1887 μι-

1980 638 2106 701 Quae
2136 639 2298 708 igitur
2322 642 2559 711 virgines
2603 645 2848 716 diligenti
2891 649 3074 703 studio
3105 666 3215 707 usae
3267 662 3395 708 sunt
3443 669 3542 723 pro

1977 730 2330 786 exsecutione
2385 737 2805 801 mandatorum,
2872 740 3159 805 prudentes
3221 753 3542 814 suntzquae

1978 830 2110 871 vero
2151 818 2439 877 incuriosa:
2472 823 2711 891 fuerunt,
2741 827 2905 896 fatua:
2927 870 2940 893 ,
2973 846 3270 899 congruum
3329 843 3541 905 tempus

1978 905 2351 974 impendentes
2393 914 2444 966 in
2471 916 2707 970 studium
2749 933 2932 972 rerum
2962 921 3228 977 inanium.
3262 923 3394 978 Illud
3416 925 3541 978 dor-

1976 1000 2222 1069 mierunt,
2257 1003 2638 1061 dormitionem
2667 1010 2859 1064 mortis
2891 1010 3067 1066 innuit
3096 1031 3110 1067 :
3149 1015 3533 1092 medinoctium

1978 1107 2126 1156 vero,
2168 1097 2507 1165 repentinum
2540 1107 2750 1169 tempus
2780 1101 3046 1168 declarat,
3099 1119 3163 1160 ac
3193 1107 3535 1178 inexspecta—

1979 1195 2113 1252 tum,
2135 1187 2402 1257 simulque
2436 1190 2695 1246 terribile.
2724 1193 2802 1246 Ac
2823 1196 3156 1263 surgentibus
3181 1198 3396 1265 quidem
3424 1199 3538 1252 fru-

1975 1286 2094 1330 etus
2120 1278 2276 1333 adest
2305 1278 2548 1335 laborum
2575 1297 2796 1337 suorum
2819 1302 2832 1336 :
2870 1287 3178 1342 socordium
3205 1304 3353 1354 vero,
3375 1291 3537 1345 nihil-

1975 1381 2082 1436 que
2102 1368 2246 1424 circa
2272 1371 2530 1438 pietatem
2561 1386 2970 1444 occupatarum,
3010 1377 3210 1448 incipit
3243 1379 3537 1435 dormitare

1974 1462 2172 1525 anima,
2206 1471 2262 1516 et
2293 1464 2690 1532 quodammodo
2734 1469 3007 1540 exstingui
3037 1483 3102 1525 ac
3156 1471 3210 1524 in
3263 1471 3537 1542 desipien—

1974 1551 2102 1605 tiam
2133 1555 2338 1619 venire,
2366 1557 2500 1611 adeo
2524 1565 2583 1610 ut
2613 1558 3000 1628 suspicandum
3032 1561 3099 1617 de
3126 1561 3232 1618 illis
3258 1564 3536 1620 videretur

1972 1651 2194 1710 propter
2216 1643 2444 1700 aliarum
2471 1646 2749 1701 virtutem.
2781 1646 2961 1715 Quare
2996 1652 3394 1720 reprobantur,
3453 1655 3536 1707 di-

1972 1731 2220 1787 centibus
2240 1732 2380 1788 illis:
2408 1733 2492 1789 Ne
2512 1736 2652 1805 forte
2683 1753 2789 1792 non
2805 1739 3025 1809 sufficiat
3054 1741 3204 1795 nobis
3232 1752 3280 1795 et
3305 1742 3446 1800 vobis
3466 1743 3531 1799 “'.

1976 1821 2143 1876 Porro
2159 1825 2384 1878 vendunt
2411 1825 2588 1880 oleum
2621 1827 2681 1892 ii,
2707 1829 2798 1899 qui
2841 1829 3040 1885 docent
3085 1832 3154 1888 ob
3217 1835 3524 1888 mercedem

290 1900 425 1954 σθοῦ
444 1903 787 1976 προσεδρείᾳ,
819 1906 1094 1976 προσοχῆς
1117 1945 1132 1970 ,
1161 1906 1512 1977 φιλομαθίας,
1535 1886 1858 1978 φιλοπονίας.

1970 1913 2319 1982 ρι’ωίιιιίοηίε,
2357 1919 2695 1986 attentionis,
2723 1886 3068 1987 eruditionis,
3089 1923 3394 1979 industriae.
3421 1928 3531 1982 Aut

289 1991 366 2043 ’Ἠ
391 1993 735 2059 πωλοῦντές
759 1996 865 2047 εἰσι
888 1995 1161 2066 προφῆται
1186 2037 1201 2063 ,
1225 1997 1512 2052 ἀπόστολοι
1532 2039 1546 2063 ,
1584 1999 1867 2068 εὐαγγελι-

290 2083 448 2147 σταὶ,
490 2085 558 2138 δι’
580 2079 654 2159 ὧν
670 2104 754 2150 τις
773 2087 1130 2158 μαθητευθεὶς
1146 2089 1242 2160 τὴν
1265 2090 1464 2162 ἀρετὴν
1497 2091 1804 2164 ἐργάζεται.

926 2180 1084 2234 ΚΕΦ.
1126 2181 1232 2235 ΚΖ¹

287 2266 439 2337 Στίχ.
479 2268 567 2321 ια’.
607 2267 718 2344 Καί
760 2269 1145 2344 ἐξτηρῴτησενζ
1183 2270 1437 2344 αὐτὸν-,ό
1465 2274 1717 2344 ἡγεμὼν,
1761 2275 1864 2330 λέ-

458 2357 580 2404 γων
598 2357 610 2368 ο
639 2338 722 2392 Σὺ
754 2336 812 2392 εἷ
840 2336 1189 2407 όξβαοέιλεὺς
1220 2338 1338 2395 τῶν
1377 2336 1701 2407 Ἰουδαῖωνς

369 2429 458 2493 Ὠς
511 2429 604 2482 ἐπὶ
638 2430 880 2502 δημοσίῳ
923 2433 1227 2504 ἐγκλήματι
1270 2436 1666 2506 κατακριθέντα
1705 2437 1865 2492 αὐτὸν

284 2519 471 2592 ἐρωτᾷ
501 2520 731 2584 Πιλάτος
759 2521 933 2591 λέγων
957 2542 969 2554 ·
1007 2525 1090 2578 Σὺ
1122 2521 1182 2578 εἴ
1199 2528 1231 2580 ὁ
1253 2527 1553 2593 βασιλεὺς
1578 2528 1698 2582 τῶν
1730 2531 1866 2585 Ἰου-

284 2612 512 2676 datm;
564 2615 729 2685 Ζητεῖ
788 2615 1169 2687 μυκτηρίξων,
1221 2617 1254 2688 ἢ
1297 2619 1647 2689 ἀμφιϐάλλων
1693 2621 1863 2686 οὕτως

283 2705 490 2776 ἐρωτᾷ.
539 2704 597 2756 Ὅ
623 2705 680 2758 δὲ
718 2704 922 2775 Ἰησοῦς
943 2706 1156 2778 ἠρέμα,
1184 2707 1626 2780 ὑπαινιττόμενος
1652 2711 1713 2764 τὸ
1739 2713 1826 2765 ναὶ
1845 2753 1860 2778 ,

280 2795 359 2859 ὡς
388 2797 611 2850 πάντων
644 2796 943 2870 ἀνθρώπων
980 2798 1250 2868 βασιλεὺς,
1285 2799 1388 2873 ἔφη
1419 2801 1500 2864 τὸ,
1535 2802 1618 2856 Σὺ
1644 2802 1858 2873 λέγεις.

293 2888 454 2941 Ἐπεὶ
499 2891 527 2942 ό
576 2889 674 2958 μὲν
718 2890 1006 2960 ἀρχιερεὺς
1047 2891 1375 2957 δικαστικῶς
1430 2892 1617 2964 ἠρώτα
1663 2894 1857 2963 λέγων’

281 2978 436 3033 Εἰπὲ
479 2979 626 3049 ἡμῖν
665 2982 717 3034 εί
757 2981 838 3035 σὺ
870 2977 929 3035 εἴ
959 2984 992 3036 ὁ
1017 2983 1317 3050 ,βασιλεὺς
1337 3023 1351 3047 ,
1386 2984 1615 3048 Πιλάτος
1640 2985 1696 3038 δὲ
1726 2987 1861 3040 ἀπο-

281 3071 586 3140 φαπικῶς.
629 3073 772 3143 Ὅρα
820 3071 876 3125 δέ
927 3074 975 3126 εί
1014 3073 1088 3145 μὴ
1133 3075 1193 3128 τὸ
1240 3076 1369 3146 μὲν,
1410 3076 1494 3129 Σὺ
1529 3077 1732 3143 εἶπας,
1784 3076 1862 3148 τῷ

281 3161 533 3233 ἀρχιερεῖ
576 3161 900 3233 λεγόμενον,
941 3164 1032 3218 τὸν
1075 3165 1367 3236 δισταγμὸν
1411 3167 1574 3221 αὑτοῦ
1601 3167 1861 3240 λεληθότα

253 3218 536 3322 iié‘n'st-
585 3218 662 3306 τέ
685 3218 770 3318 ἑὲ,
799 3218 900 3308 Σὺ,
916 3253 1143 3324 λέγεις,
1173 3218 1860 3330 gs‘naestaizai
1886 3218 1934 3282 ο

279 3362 448 3413 φασιν
474 3345 638 3398 αὑτοῦ
678 3349 856 3418 κυροῖ.
894 3342 1002 3400 Ἦν
1032 3347 1142 3419 γάρ
1177 3347 1428 3418 βασιλεὺς
1467 3348 1562 3403 τοῦ
1608 3350 1853 3422 Ἰσραὴλ,

282 3436 428 3506 μήτε
453 3434 624 3489 εἰπὼν
652 3437 740 3490 ναὶ
760 3478 773 3500 ,
811 3437 896 3491 ἵνα
926 3437 1000 3510 μὴ
1028 3438 1102 3510 δῷ
1130 3438 1346 3509 εὔλογον
1372 3440 1624 3514 ἀφορμὴν
1655 3443 1732 3514 τῷ
1755 3445 1853 3497 Πι-

277 3524 431 3592 λάτῳ
465 3525 864 3591 καταδικάζειν.

355 3616 471 3687 (28)
517 3617 617 3671 Διά
647 3617 708 3672 τὸ
744 3620 1154 3691 ἀμετάτρεπτον
1187 3622 1370 3676 αὐτῶν
1401 3624 1518 3678 οὐδὲ
1545 3625 1725 3690 αὐτοῖς
1757 3627 1850 3680 ἀν-

272 3708 654 3777 τιφθέγγεται.
697 3710 892 3776 Καλῶς
923 3712 979 3765 δὲ
1026 3713 1146 3766 οὐδέ
1183 3713 1260 3784 τῷ
1302 3715 1517 3787 Πιλάτῳ
1555 3717 1847 3790 ἀπεκρίθη,

267 3801 367 3852 ὅτι
399 3799 724 3868 ἀμφιϐάλλει
759 3803 808 3854 εί
836 3803 940 3873 χρὴ
969 3803 1130 3857 αὑτὸν
1155 3805 1290 3877 πρὸς
1321 3806 1418 3870 τὰς
1445 3807 1659 3871 ἀδίκους
1687 3826 1852 3880 κατη-

265 3891 478 3960 γορίας
509 3891 916 3960 ἀπολογεῖσθαι,
946 3894 1042 3948 καὶ
1069 3897 1149 3948 ὅτι
1190 3897 1539 3969 διχογνωμῶν
1576 3902 1690 3954 ἐστι
1724 3901 1850 3972 περὶ

266 3982 486 4036 αὐτῶν.
525 3983 690 4054 Δῆλον
727 3985 835 4057 γὰρ
872 3981 970 4057 ἦν,
1013 3988 1120 4053 ὅτι,
1149 3991 1196 4042 εἰ
1222 3990 1593 4061 ἀπελογήσατο
1623 3993 1715 4046 καὶ
1748 4010 1853 4047 πα-

266 4075 548 4146 ρέστησεν
583 4076 769 4128 ἑαυτὸν
791 4077 962 4132 οὐδενὶ
981 4078 1089 4150 (Ξ9)
1123 4079 1302 4151 ἔνοχον
1337 4081 1702 4153 ἐγκλήματος,
1742 4085 1850 4136 ἀπ-

265 4168 475 4222 έλυσεν
515 4168 582 4222 ἂν
613 4171 642 4222 ὁ
677 4169 933 4242 δικαστὴς
964 4172 1142 4236 αὑτὸν,
1187 4172 1362 4228 λαϐὼν
1387 4174 1501 4228 ὁδὸν
1523 4174 1616 4228 τοῦ
1643 4174 1852 4247 χρηστά

264 4258 413 4328 περὶ
436 4258 600 4312 αὑτοῦ
632 4260 1026 4332 ἀποφήνασθαι.
1062 4257 1219 4318 ’⁸0θὼ
1251 4265 1344 4318 καὶ
1384 4266 1412 4319 ὁ
1439 4265 1661 4336 ἡγεμὼν
1687 4265 1849 4319 ἐθαύ-

269 4349 458 4419 μαζεν
490 4349 670 4415 αὑτὸν,
705 4352 823 4415 πῶς
845 4393 859 4416 ,
895 4352 1187 4424 δυνάμενος
1214 4357 1388 4408 εἰπεῖν
1419 4355 1618 4420 πολλὰς
1652 4356 1848 4410 ἀπολο-

262 4437 443 4505 γίας,
494 4437 719 4492 ἐσιώπα.
769 4441 859 4494 Διὸ
892 4443 985 4494 καὶ
1021 4443 1096 4506 ὡς
1138 4442 1304 4497 θέλων
1353 4444 1514 4499 αὑτὸν
1557 4444 1844 4509 ἀπολῦσαι,

1967 2006 2259 2061 venditores
2286 2017 2410 2062 sunt
2443 2011 2735 2080 prophetae.
2761 2013 3010 2082 apostoli,
3033 2015 3405 2086 evangelista,
3437 2032 3532 2087 per

1966 2110 2100 2166 quos
2124 2097 2248 2166 quis
2279 2100 2526 2156 eruditus
2558 2102 2814 2158 virtutem
2846 2117 3083 2161 exercet.

2545 2192 2695 2249 CAP.
2723 2194 2938 2250 XXVII.

1966 2278 2030 2337 ν.
2067 2282 2152 2337 Η.
2188 2280 2256 2335 Et
2291 2283 2775 2355 interrogavitieum
2827 2305 3037 2355 praeses,
3087 2291 3303 2347 dicens:
3364 2291 3442 2346 Tu
3474 2309 3527 2348 es

2513 2370 2605 2408 rex
2622 2354 2928 2412 Iudaeorum
2947 2359 2973 2412 ?

2041 2439 2324 2512 Tanquam
2370 2443 2437 2498 de
2465 2445 2696 2502 crimine
2742 2448 2962 2516 publico
3007 2451 3316 2508 damnatum
3349 2454 3522 2509 inter-

1963 2544 2118 2606 rogat
2153 2549 2275 2589 eum
2316 2533 2546 2604 Pilatus,
2572 2537 2756 2593 dicens
2787 2557 2801 2595 :
2833 2539 2911 2595 Tu
2955 2558 3009 2597 es
3040 2559 3133 2598 rex
3167 2543 3479 2600 ludworum
3503 2549 3529 2601 ?

1963 2622 2167 2690 Quaerit
2197 2625 2558 2690 subsannans,
2585 2628 2671 2681 vel
2697 2627 2952 2686 dubitans
2984 2631 3064 2686 sic
3092 2633 3406 2704 interrogat.
3430 2633 3524 2692 Je-

1964 2727 2057 2769 sus
2083 2728 2214 2770 vero
2244 2717 2531 2786 tranquille
2561 2717 2893 2774 subinnuens
2915 2721 3354 2789 aliirmationem,
3399 2735 3524 2780 tan-

1925 2803 1929 2806 ’
1963 2819 2124 2874 quam
2147 2807 2389 2862 omnium
2418 2807 2694 2863 hominum
2729 2825 2847 2877 rex,
2876 2811 2989 2868 ait:
3025 2811 3103 2867 Tu
3131 2814 3288 2869 dicis.
3340 2813 3526 2885 Siqui-

1962 2896 2083 2951 dem
2112 2897 2354 2967 pontifex
2405 2897 2640 2968 juridico
2683 2915 2831 2956 more
2870 2903 3258 2974 interrogabat,
3290 2907 3476 2963 dicens
3506 2925 3521 2962 :

1968 2983 2062 3042 Dic
2085 2989 2254 3056 nobis,
2282 2991 2328 3043 si
2351 2999 2405 3044 tu
2422 3007 2476 3044 es
2497 3007 2589 3045 rea:
2616 2990 2660 3022 “
2686 3007 2703 3057 ;
2737 3002 2793 3047 at
2815 2992 3021 3050 Pilatus
3065 3012 3162 3066 pcr
3217 2997 3521 3067 simplicem

1961 3079 2406 3135 enuntiationem.
2458 3081 2592 3138 Vide
2627 3097 2826 3152 porro.
2881 3085 2926 3140 si
2963 3101 3069 3140 non
3106 3087 3249 3142 aliud
3283 3101 3337 3141 tu
3382 3090 3524 3143 dixi-

1962 3171 2031 3225 sti
2063 3171 2128 3236 ",
2165 3172 2304 3240 quod
2330 3173 2575 3241 pontifici
2619 3189 2936 3243 responsum
2983 3187 3088 3244 est,
3125 3179 3518 3234 dubitationem

1962 3257 2078 3327 ejus
2114 3259 2431 3316 obliviosam
2457 3244 2736 3333 coarguii:
2768 3263 2900 3319 illud
2923 3279 3072 3331 vero,
3101 3265 3178 3319 Tu
3204 3268 3358 3332 dicis,
3375 3271 3519 3338 quod

1962 3348 2138 3403 Pilato
2155 3350 2454 3420 respondit,
2478 3351 2908 3406 enuntiationem
2931 3351 3048 3420 ejus
3065 3354 3370 3408 conlirmat.
3392 3354 3521 3408 Erat

1962 3453 2199 3506 namque
2220 3454 2314 3493 rex
2352 3439 2515 3494 Israel
2543 3457 2556 3494 :
2592 3448 2646 3494 et
2668 3455 2772 3493 non
2795 3440 2931 3494 dixit
2955 3457 3056 3508 nte,
3089 3453 3148 3496 ut
3177 3457 3282 3497 non
3316 3445 3520 3512 praebe-

1965 3536 2051 3583 ret
2083 3528 2254 3584 Pilato
2278 3530 2582 3598 Speciosam
2604 3541 2789 3581 ausam
2819 3527 2966 3582 illum
2996 3529 3314 3584 damnandi.

2033 3616 2326 3687 Propterea
2360 3619 2501 3687 quod
2534 3619 2796 3688 ejusmodi
2829 3628 2985 3675 erant
3010 3621 3100 3690 qui
3128 3621 3368 3676 converti
3403 3621 3515 3675 nol-

1961 3710 2094 3774 lent,
2124 3710 2257 3765 nihil
2286 3711 2416 3780 ipsis
2446 3712 2745 3780 respondit.
2768 3710 2999 3766 Pulchre
3044 3721 3225 3767 autem
3254 3728 3320 3769 ne
3346 3713 3518 3768 Pilato

1961 3802 2176 3872 quidem
2211 3803 2506 3871 respondit,
2552 3803 2678 3872 quia
2729 3803 2942 3859 dubitat
2977 3807 3020 3859 si
3055 3812 3304 3874 oporteat
3343 3807 3514 3875 ipsum

1960 3907 2148 3949 contra
2171 3894 2398 3962 injustas
2422 3896 2794 3950 accusationes
2823 3911 2882 3950 se
2903 3911 3158 3966 purgare,
3186 3906 3240 3952 et
3269 3897 3392 3965 quia
3419 3911 3507 3950 an-

1955 4004 2084 4058 ceps
2113 3999 2197 4044 est
2253 3989 2323 4045 de
2377 3987 2506 4044 illis.
2541 3988 2888 4044 Manifestum
2940 3991 3083 4046 enim
3120 4001 3259 4056 erat,
3290 3990 3415 4060 quia
3467 3993 3509 4046 si

1952 4089 2238 4150 purgasset
2275 4095 2356 4144 se,
2392 4094 2558 4149 seque
2611 4081 2864 4136 evicisset
2909 4079 3042 4134 nulli
3077 4080 3370 4135 obnoxium
3404 4081 3509 4136 cri-

1958 4170 2110 4236 mini,
2141 4170 2436 4224 dimisisset
2456 4170 2639 4238 utique
2669 4169 2816 4224 illum
2837 4168 3026 4238 judex,
3060 4171 3203 4223 viam
3236 4169 3501 4241 arripiens

1951 4259 2144 4315 bonam
2183 4259 2250 4315 de
2304 4259 2397 4315 illo
2447 4261 2594 4315 ferre
2660 4261 3009 4316 sententiam.
3055 4261 3418 4328 Quamobrem
3451 4275 3504 4317 et

1951 4365 2150 4420 praeses
2179 4351 2555 4406 admirabatur
2577 4365 2724 4414 eum,
2757 4351 3030 4420 quomodo
3053 4366 3176 4407 cum
3201 4361 3384 4421 posset
3412 4367 3510 4421 pro

1951 4459 2011 4500 se
2035 4443 2228 4498 multas
2280 4440 2473 4497 afferre
2525 4442 2790 4506 rationes,
2828 4450 3054 4496 taceret.
3093 4442 3299 4497 Idcirco
3347 4442 3507 4498 etiam

263 4532 362 4592 ei;
385 4530 542 4584 τοῦτο
565 4532 724 4586 αὑτὸν
738 4533 1100 4607 προετρέπετο
1117 4535 1248 4604 (50)·
1273 4535 1354 4588 ὅτι
1379 4533 1487 4606 γάρ
1507 4535 1684 4607 φθόνῳ
1709 4552 1848 4606 παρ-

1963 4532 2104 4602 quasi
2137 4532 2322 4587 volens
2352 4531 2499 4586 illum
2535 4530 2834 4595 absolvere,
2870 4530 2938 4584 ad
2969 4531 3074 4584 hoc
3120 4530 3270 4584 illum
3315 4547 3510 4601 provo-

263 4621 437 4692 εδόθη
457 4661 473 4685 ,
529 4624 623 4676 καὶ
661 4623 878 4695 Πιλάτῳ
913 4624 1068 4696 δῆλον
1098 4622 1186 4697 ἦν.
1242 4627 1353 4696 Οὐχ
1393 4626 1576 4692 ἁπλῶς
1609 4627 1667 4680 δὲ
1714 4627 1844 4681 θαυ-

267 4711 481 4785 μάζει,
525 4712 660 4768 ἀλλά
699 4717 792 4769 καὶ
827 4715 976 4770 λίαν·
1020 4716 1161 4788 τάχα
1205 4719 1303 4788 μὲν
1345 4717 1434 4771 διά
1477 4718 1538 4771 τὸ
1583 4718 1848 4790 ἄτρεπτον

263 4803 380 4859 καὶ
403 4803 675 4876 ἀτάραχον
706 4807 869 4860 αὑτοῦ
893 4814 1030 4880 πρὸς
1049 4809 1294 4873 θάνατον,
1324 4810 1416 4862 καὶ
1438 4811 1495 4863 ἐν
1525 4808 1733 4873 τούτοις
1753 4827 1849 4877 γα-

267 4897 445 4968 ληνὸν
468 4898 560 4951 τοῦ
588 4899 880 4969 προσώπου
903 4919 917 4932 ⁸
953 4901 987 4971 ἢ
1012 4901 1106 4955 καὶ
1136 4900 1234 4973 τὴν
1273 4901 1410 4972 ὑπὲρ
1434 4901 1714 4973 ἄνθρωπον
1747 4902 1845 4954 αύ-

264 4988 374 5045 τειῧ
406 4990 784 5062 μακροθυμίαν
814 4991 1144 5063 ἐθαύμαζεν.

343 5166 509 5231 Εἰκὸς
538 5168 662 5238 ἄρτι
689 5168 1037 5223 ὑποσπόνδων
1063 5170 1366 5239 γενομένων
1401 5168 1690 5239 Ῥωμαίοις
1724 5170 1853 5220 ’1ου-

264 5255 477 5321 δαιων,
525 5258 586 5312 τὸ
631 5261 1024 5332 κεχαρισμένον
1064 5260 1246 5323 αὐτοῖς
1291 5259 1455 5330 ᾤοντο
1488 5261 1546 5312 ἐν
1589 5263 1654 5330 τῇ
1690 5260 1849 5330 ἑορτῇ

269 5351 699 5420 συγχωρεῖσθαι.
745 5353 852 5405 Καὶ
889 5351 1060 5405 Σαοὺλ
1099 5352 1188 5415 δὲ,
1222 5352 1580 5422 συγχωρήσας
1620 5350 1699 5419 τῷ
1738 5349 1851 5420 λαῷ

265 5437 373 5492 τὸν
409 5440 686 5506 Ἰωνάθαν,
714 5442 862 5515 δηλοῖ
886 5444 1014 5516 πρὶν
1033 5444 1214 5506 αὐτοῖς
1237 5443 1329 5495 καὶ
1355 5442 1614 5495 τοιοῦτον.
1656 5441 1742 5504 Ὠς
1763 5457 1848 5493 νο-

349 5600 394 5632 ¹⁸
416 5599 604 5656 Matth.
627 5616 756 5665 xxv,
774 5601 830 5657 9.
906 5601 948 5632 “
970 5599 1158 5656 Matth.
1185 5617 1331 5670 τινι,
1359 5601 1446 5658 65.

348 5715 466 5783 (27)
499 5715 677 5770 Locus
699 5715 974 5774 deﬁciens.

345 5786 460 5848 (28)
499 5785 714 5840 Nullum
791 5788 1077 5844 ascribitur
1124 5792 1130 5796 "
1150 5789 1388 5844 auctoris
1449 5803 1662 5845 nomen.
1716 5787 1837 5845 lla‘c

271 5858 425 5913 refer
453 5857 520 5912 ad
546 5872 690 5913 vers.
724 5855 811 5911 12.

1552 5603 1594 5633 "
1641 5602 1769 5658 ibid.
1797 5602 1887 5657 (Η.

1949 4625 2130 4680 cabat.
2177 4623 2314 4690 Quia
2349 4625 2494 4679 enim
2526 4622 2727 4677 invidia
2763 4622 2995 4676 traditus
3019 4621 3217 4690 fuerat,
3253 4625 3302 4676 id
3335 4623 3504 4678 Pilato

1949 4714 2297 4770 manifestum
2342 4723 2479 4770 erat.
2511 4712 2625 4768 Non
2661 4713 2980 4782 simpliciter
3007 4729 3138 4767 vero
3187 4713 3507 4777 mirabatur,

1949 4805 2040 4860 sed
2069 4813 2122 4859 ct
2152 4809 2496 4859 vehementer.
2529 4802 2760 4859 Forteau
2794 4815 3022 4872 propter
3054 4804 3418 4858 constantiam
3454 4815 3507 4857 et

1949 4895 2544 4965 imperturbabilitatem
2584 4894 2702 4962 ejus
2729 4896 2992 4952 adversus
3018 4905 3270 4961 mortem,
3298 4911 3361 4950 ac
3383 4910 3508 4965 pro-

1949 4996 2134 5054 pterea
2161 4987 2230 5042 ob
2255 4985 2602 5041 serenitatem
2639 4986 2842 5042 vultus.
2872 4986 2966 5041 Vel
2995 4986 3156 5040 etiam
3184 4985 3507 5054 longanimi-

1951 5085 2115 5131 tatem
2148 5075 2266 5144 ejus
2293 5075 2572 5144 plusquam
2603 5075 2892 5130 humanam
2928 5076 3318 5131 admirabatur.
3607 5065 3612 5070 ’

2019 5165 2233 5230 Merito,
2261 5180 2382 5218 cum
2409 5179 2601 5220 recens
2629 5165 2884 5221 Romanis
2903 5166 3105 5222 findere
3129 5167 3301 5236 juncti
3324 5178 3506 5222 esseut

1949 5255 2140 5317 Judazi,
2173 5255 2314 5323 quod
2345 5265 2557 5324 gratum
2592 5255 2722 5325 ipsis
2767 5265 2949 5323 esset,
2985 5257 3247 5326 putabant
3278 5256 3330 5309 in
3367 5257 3506 5310 festo

1949 5344 2366 5402 concedendum.
2394 5344 2519 5399 Saul
2554 5346 2716 5400 etiam
2763 5348 3065 5401 concedens
3095 5348 3289 5417 pupulo
3342 5347 3505 5402 Jona-

1950 5440 2100 5502 than,
2135 5438 2243 5507 jam
2276 5435 2479 5507 pridem
2509 5437 2712 5504 aliquid
2746 5438 3050 5507 hujusmodi
3075 5439 3253 5492 innuit
3282 5439 3410 5494 illis.
3435 5437 3504 5493 Ut

2034 5717 2124 5782 29)
2164 5717 2244 5771 An
2278 5716 2510 5780 οὐδενός.

2034 5717 2124 5782 29)
2164 5717 2244 5771 An
2278 5717 2510 5780 οὐδενός.

2013 5717 2134 5858 ίὸυ)
2159 5787 2255 5841 Hic
2281 5798 2334 5841 et
2365 5786 2505 5862 infra
2535 5785 2722 5862 confer
2754 5789 2895 5845 edita
2935 5789 3148 5858 Latina,
3172 5801 3223 5846 et
3255 5789 3496 5862 quedam

1947 5857 2108 5914 etiam
2143 5858 2410 5914 contraria
2445 5857 2527 5914 bis
2549 5859 2808 5929 reperies.
