3926 6516
450 437 550 493 ειη

1329 426 1886 483 SUPPLEMENTUM
1923 424 2013 478 AD
2051 421 2372 480 ORIGENIS
2404 421 2813 478 EXEGETICA.

3573 421 3677 476 308

449 547 540 617 qui
569 545 732 617 igitur
762 545 998 601 futurum
1028 543 1278 612 putabat,
1317 552 1377 597 ut
1405 545 1752 597 innocentem
1787 539 1967 610 potius
1993 579 2010 604 ,
2040 589 2044 598 .

2139 533 2286 598 ιίξων
2315 534 2372 586 δὲ
2391 575 2406 599 ,
2440 535 2520 587 ὅτι
2550 533 2640 588 τόν
2675 534 2910 589 ἀναίτιον
2929 576 2946 600 ,
2975 535 3007 606 ἦ
3041 536 3133 588 τὸν
3159 533 3376 606 μυρίοις
3400 534 3678 606 ἐγκλημακ

449 653 612 708 quam
649 637 880 692 infinitis
913 635 1233 690 criminibus
1275 649 1428 688 reum
1465 633 1824 704 postularent,
1875 630 2013 686 dixit

450 729 552 783 hoc
576 727 813 793 Pilatus,
844 737 1099 796 tanquam
1132 725 1202 778 iis
1221 722 1600 793 quijustitiam
1634 723 2010 778 sectabantur.

451 821 671 875 Sciebat
704 819 845 873 enim
873 818 1000 886 quia
1031 815 1230 871 nullum
1265 815 1482 871 evidens
1511 825 1890 884 argumentum
1918 814 2014 869 ha-

450 909 614 963 bebat
633 918 819 966 contra
852 906 1020 961 illum.

525 996 901 1053 Vetustissima
963 999 1147 1069 legens
1186 997 1536 1066 exemplaria.
1573 995 1779 1060 inveni,
1839 995 2012 1063 ipsum

452 1101 664 1155 quoque
689 1087 990 1142 Barabbam
1024 1096 1274 1142 vocatum
1311 1085 1480 1141 fuisse
1504 1083 1708 1140 Jesum.
1738 1085 1828 1138 Sic
1853 1084 2018 1153 igitur

455 1191 517 1232 se
549 1179 624 1233 ibi
651 1179 885 1232 habebat
919 1176 1073 1231 Pilati
1110 1175 1464 1245 interrogatio
1501 1195 1512 1228 :
1549 1174 1714 1240 Quem
1767 1172 1924 1228 vultis
1953 1173 2017 1225 de

453 1271 536 1325 Itis
567 1271 768 1323 duobus
787 1270 1048 1322 dimittam
1083 1269 1224 1322 vobis
1243 1265 1459 1320 Nasum
1478 1265 1795 1326 Barabbam,
1822 1263 1897 1317 vel
1923 1263 2018 1318 Je-

455 1377 571 1414 sum
602 1361 690 1427 qui
715 1360 910 1413 dicitur
932 1357 1172 1413 Christus
1197 1358 1277 1410 ‘3?
1309 1356 1380 1412 Ut
1401 1355 1543 1410 enim
1577 1355 1790 1408 videtur
1820 1395 1836 1420 ,
1883 1355 2020 1408 latro

456 1451 826 1520 patronymice
854 1450 1150 1504 vocabatur
1197 1447 1492 1512 Barabbas,
1522 1445 1664 1514 quod
1700 1447 2022 1515 interpreta-

458 1551 544 1592 tur
595 1541 828 1594 doctoris
871 1540 1036 1608 ﬁlius.
1077 1538 1447 1606 Compositum
1503 1537 1668 1607 igitur
1697 1552 1888 1592 nomen
1917 1537 2021 1591 Ba-

458 1631 722 1692 ramhan,
777 1630 982 1685 indicat
1039 1627 1210 1682 Filius
1251 1629 1482 1682 doctoris
1523 1629 1708 1682 nostri.
1739 1628 1808 1680 At
1838 1629 2022 1696 cujus-

459 1739 582 1776 nam
614 1723 752 1776 alius
779 1722 1024 1778 doctoris
1051 1721 1215 1775 filium
1239 1730 1455 1790 Oportet
1482 1732 1736 1789 reputare
1754 1721 2020 1775 latronem

461 1814 752 1882 insignem,
790 1830 950 1884 quam
989 1815 1088 1868 viri
1122 1813 1473 1882 sanguinum,
1507 1827 1668 1881 quam
1710 1811 1826 1880 ejus
1852 1815 1940 1882 qui
1958 1815 2022 1866 ab

460 1907 612 1962 initio
640 1915 718 1960 est
752 1905 1014 1959 homicida
1043 1906 1086 1937 ¹⁹
1121 1923 1136 1959 :
1164 1919 1325 1974 quem
1363 1917 1532 1972 usque
1564 1904 1616 1958 in
1662 1903 1802 1958 hanc
1830 1905 1972 1959 diem
2004 1942 2020 1966 ,
2055 1891 2097 1944 Β

459 1997 552 2066 qui
585 1996 654 2050 ab
685 1993 802 2066 ipso
834 1996 1048 2050 discunt
1081 1994 1261 2052 facere
1295 1993 1913 2065 homicidia,pr:eferunt
1943 1995 2024 2048 vi-

462 2088 728 2142 vificatori
761 2088 1040 2144 hominum
1065 2086 1292 2142 Domino
1325 2097 1512 2142 nostro
1534 2086 1660 2143 Jesu
1687 2086 1905 2142 Christo
1931 2087 1955 2140 ?

535 2180 669 2233 Dum
709 2179 1045 2248 judicaretur
1074 2195 1102 2233 a
1125 2179 1322 2243 Pilato,
1356 2180 1574 2234 oracula
1626 2181 1883 2235 reddebat
1908 2181 2026 2250 ejus

463 2269 648 2332 uxori;
678 2281 734 2325 ut
766 2271 980 2326 silentio
1005 2272 1224 2342 quidem
1259 2270 1327 2324 ad
1359 2270 1730 2326 fortitudinem
1760 2281 2024 2342 stuperet,

463 2373 517 2415 at
544 2361 796 2416 vaticinio
812 2371 1185 2433 cognosceret,
1213 2364 1354 2432 quod
1381 2378 1484 2417 non
1521 2363 1572 2417 in
1607 2363 1898 2426 hominem,
1929 2362 2027 2418 sed

465 2453 632 2506 Deum
662 2453 985 2508 sententiam
1023 2453 1151 2509 fert.
1185 2455 1474 2524 Propterea
1514 2470 1644 2510 vero
1672 2456 1786 2525 ipse
1817 2471 1921 2509 non
1947 2457 2028 2510 vi-

471 2543 572 2608 dit,
621 2544 794 2599 velut
834 2545 921 2599 illa
960 2561 1064 2601 non
1097 2557 1306 2602 taceret
1335 2550 1628 2612 somnium,
1660 2549 1742 2602 vel
1787 2553 1914 2618 quia
1951 2549 2025 2604 illi

467 2652 572 2690 non
601 2637 948 2700 credebatur,
970 2639 1054 2692 vel
1095 2639 1348 2708 indignus
1403 2649 1542 2704 erat,
1591 2639 1672 2692 vel
1702 2650 1758 2694 ut
1805 2640 2030 2694 audiens

466 2741 586 2796 qua:
633 2743 772 2780 uxor
801 2741 962 2794 passa
1002 2729 1198 2795 fuerat,
1245 2739 1670 2799 compateretur.
1731 2729 1848 2785 Non
1883 2730 2027 2785 enim

469 2821 627 2874 modo
649 2821 917 2875 somnium
960 2821 1117 2886 vidit,
1141 2824 1234 2876 sed
1266 2831 1321 2877 et
1343 2823 1508 2877 multa
1539 2838 1697 2892 passa
1724 2833 1828 2888 cst,
1878 2833 1932 2880 et
1973 2824 2027 2879 in

469 2925 625 2967 nocte
669 2912 722 2966 id
773 2913 840 2967 ad
871 2912 1126 2981 majorem
1174 2914 1422 2968 timorem
1475 2916 1719 2985 contigit.
1758 2915 2027 2970 Caeterum

469 3001 824 3058 Providentia:
844 3018 977 3073 opus
1002 3004 1128 3058 illud
1151 3005 1418 3058 somnium
1446 3004 1562 3070 fuit,
1588 3004 1652 3058 de
1684 3019 1790 3074 quo
1811 3005 2028 3074 quidem

470 3110 574 3149 non
612 3095 811 3151 dicitur
862 3094 989 3163 quid
1023 3104 1193 3159 esset,
1229 3093 1544 3150 manifestat
1593 3103 1772 3150 tamen
1803 3095 2028 3150 demon-

474 3202 703 3246 stratmn
737 3190 926 3255 fuisse,
951 3207 1057 3246 non
1087 3199 1146 3245 ut
1177 3191 1426 3245 Christus
1461 3205 1566 3244 non
1605 3201 1902 3260 pateretur,
1935 3190 2030 3245 sed

470 3295 527 3338 ut
554 3285 747 3338 mulier
771 3285 917 3339 salva
951 3283 1122 3339 ﬁeret.
1150 3281 1312 3336 Beata
1335 3298 1462 3337 vero
1485 3257 1620 3347 hate,
1636 3298 1752 3352 qua:
1776 3298 1869 3352 per
1891 3298 2033 3336 som-
2059 3257 2102 3314 δ

469 3372 557 3427 nia
596 3373 804 3438 habuit,
835 3383 892 3426 ut
923 3381 1221 3441 pateretur,
1257 3380 1314 3424 ut
1343 3387 1448 3425 non
1479 3371 1633 3442 longe
1657 3373 1906 3442 graviora
1940 3387 2033 3441 pa-

471 3473 694 3517 teretur.
731 3463 898 3529 Quasi
937 3475 1114 3518 autem
1161 3465 1463 3535 symbolum
1511 3478 1575 3518 ea
1627 3471 1710 3518 est
1753 3462 2029 3525 Ecclesiae,

468 3569 589 3623 qua:
613 3555 882 3623 Quondam
915 3555 1083 3610 Pilato
1105 3557 1342 3621 suberat,
1380 3557 1472 3612 sed
1512 3571 1634 3610 nom
1675 3555 1906 3625 amplius
1935 3555 2036 3609 ob-

472 3646 632 3700 noxia
664 3656 745 3699 est
771 3646 820 3700 ei
865 3655 1083 3718 propter
1118 3648 1275 3703 fidem
1307 3650 1360 3703 in
1407 3646 1792 3704 Christunt.....
1841 3648 2036 3703 mulier

473 3737 616 3792 enim
653 3737 948 3808 alienigena
981 3746 1118 3794 erat.

479 3830 540 3887 ν.
577 3832 668 3890 45.
700 3837 739 3887 Α
773 3844 920 3887 sexta
954 3846 1126 3889 autem
1179 3836 1308 3888 hora
1343 3835 1566 3889 tenebrat
1613 3836 1826 3904 fuerunt
1883 3853 2040 3901 super

665 3921 867 3958 omnem
889 3915 1108 3970 terram,
1135 3921 1297 3974 usque
1318 3906 1386 3958 ad
1419 3905 1604 3992 horam
1635 3922 1846 3959 nonam.

546 3995 621 4051 De
652 3997 754 4052 hac
789 3997 975 4068 eclipsi
1019 4005 1072 4050 et
1109 3999 1368 4067 propheta
1411 3998 1707 4052 Zacharias
1745 3998 1924 4052 dixit:
1973 3998 2040 4053 In

475 4089 570 4144 illa
597 4089 700 4153 die,
729 4090 923 4159 inquit,
961 4107 1065 4145 non
1111 4093 1206 4144 erit
1241 4091 1354 4146 lux.
1382 4090 1446 4144 Et
1478 4092 1644 4162 frigus
1689 4101 1736 4144 et
1786 4092 1903 4161 gelu
1941 4094 2040 4145 erit

477 4199 636 4236 unum
669 4183 829 4239 diem.
864 4182 930 4236 Et
968 4184 1081 4237 dies
1118 4183 1212 4237 illa
1243 4193 1365 4236 nota
1397 4183 1639 4236 Domino.
1668 4181 1735 4234 Et
1771 4199 1872 4236 non
1904 4185 2038 4249 dies,

477 4284 524 4326 et
556 4289 658 4326 non
675 4290 812 4340 nox;
837 4285 886 4328 et
915 4277 982 4328 ad
1011 4291 1274 4342 vesperam
1299 4275 1395 4328 erit
1428 4273 1522 4329 (ua:
1550 4275 1616 4328 ὀ.
1656 4273 1787 4339 Dum
1817 4276 1945 4330 dicit
1968 4287 2043 4330 te.-

479 4364 668 4422 nebrw.
719 4365 955 4419 ostendit
998 4364 1380 4418 obteuebratos
1433 4365 1599 4418 fuisse
1632 4364 1722 4433 qui
1779 4365 1832 4420 in
1866 4365 2039 4420 lucem

482 4469 674 4509 manus
706 4454 1019 4522 injecerant.
1051 4455 1370 4510 Sicutenim
1392 4454 1667 4527 Egyptiis
1704 4455 1920 4510 fuerunt
1959 4466 2041 4511 te-

482 4546 680 4613 ncbrzr,
704 4546 864 4599 atlux
901 4546 1236 4614 ﬁliislsrael;
1269 4547 1340 4601 ita
1371 4557 1426 4602 et
1453 4563 1614 4611 nunc,
1649 4547 1903 4604 Ecclesia:
1925 4549 2043 4618 qui-

481 4637 600 4692 dem
632 4645 716 4692 est
742 4637 831 4690 lux
857 4654 871 4700 ;
901 4647 956 4691 at
990 4637 1190 4692 Judazis
1221 4647 1346 4692 sunt
1381 4638 1615 4692 tenebrae
1647 4639 1930 4706 triduana,
1962 4640 2042 4693 lu-

479 4727 641 4782 minis
673 4742 864 4797 nempe
917 4729 1149 4796 paterni,
1183 4727 1488 4796 sltlendoris
1543 4728 1771 4794 Christi,
1813 4728 2042 4798 fulgoris

483 4817 719 4888 Spiritus
741 4819 938 4872 sancti.
973 4815 1036 4871 Et
1067 4818 1191 4887 quia
1241 4817 1329 4872 die
1356 4827 1504 4872 sexta
1534 4817 1712 4873 factus
1748 4829 1830 4872 est
1859 4820 2041 4883 homo,

482 4924 545 4964 ac
567 4909 880 4964 verosimile
907 4918 988 4963 est
1018 4907 1165 4962 illum
1198 4909 1332 4963 hora
1361 4920 1514 4964 sexta
1543 4909 1708 4965 fuisse
1736 4910 2041 4978 deceptum,

482 5010 765 5072 prepterea
801 5001 1033 5055 fortasse
1063 5001 1154 5070 qui
1184 5016 1281 5071 pro
1324 5002 1498 5055 salute
1534 5002 1816 5056 hominum
1850 5015 2046 5072 passus

481 5101 584 5158 est,
616 5092 747 5148 hora
771 5103 922 5146 sexta
946 5106 1238 5162 suspensus
1270 5091 1390 5146 fuit.
1422 5092 1532 5147 Hoc
1559 5103 1643 5147 cst
1665 5093 1874 5162 signum
1899 5093 2043 5162 quod

483 5193 639 5239 antea
684 5185 994 5253 petentibus
1023 5199 1083 5238 se
1109 5185 1366 5238 daturum
1394 5185 1718 5253 promiserat
1749 5185 1997 5252 inquiens
2027 5199 2039 5235 :

481 5274 759 5329 Ceneratio
791 5292 951 5343 prava
982 5286 1028 5328 et
1061 5274 1302 5329 adultera
1345 5277 1549 5344 signum
1583 5276 1799 5344 requirit
1825 5276 1890 5340 “,
1934 5288 2039 5332 etC.

481 5367 568 5429 Et,
597 5367 806 5435 quando
826 5368 1177 5421 exaltaueritis
1209 5365 1410 5418 Filium
1433 5366 1684 5428 hominis,
1713 5377 1834 5420 tunc
1857 5383 2043 5433 cogno-

2115 644 2198 679 σιν
2237 626 2482 680 ὑπαίτιον
2529 628 2873 699 αἰτήσονται,
2906 625 3026 681 εἷπε
3061 628 3220 680 τοῦτο
3249 629 3277 679 6
3309 627 3536 691 Πιλᾶτος
3557 667 3571 688 ,
3605 628 3680 690 ὡς

2111 719 2339 782 δικαίοις
2371 715 2540 772 οὖσιν.
2586 720 2739 791 ᾟδει
2771 719 2911 791 γὰρ,
2959 721 3041 775 ὃτι
3077 721 3234 774 οὐδὲν
3279 720 3420 791 σαφῆ
3463 719 3683 789 ἔλεγχον

2113 805 2256 880 εἶχον
2283 812 2400 863 κατ’
2428 808 2628 880 αὑτοῦ.)

2188 1010 2437 1073 Παλαιοῖς
2462 1009 2518 1063 δέ
2557 1009 2694 1062 πάνυ
2718 1009 3066 1081 ἀντιγράφοις
3093 1007 3330 1080 ἐντυχὼν
3348 1052 3362 1074 ,
3397 1002 3554 1081 εὗρον
3592 1010 3686 1064 καὶ

2117 1101 2276 1156 αὑτὸν
2306 1101 2397 1154 τὸν
2430 1099 2715 1172 Βαραϐϐᾶν
2755 1099 2961 1172 Ἰησοῦν
2993 1100 3302 1171 λεγόμενον.
3345 1099 3533 1165 Οὕτως
3556 1101 3688 1170 γοῦν

2117 1192 2259 1267 εἶχεν
2291 1197 2324 1266 ὴ
2362 1194 2454 1248 τοῦ
2494 1193 2723 1249 Πιλάτου
2763 1193 2954 1258 πεῦσις
2988 1195 3119 1248 ἐκεῖ·
3166 1195 3306 1248 Τίνα
3337 1194 3538 1248 θέλετε
3565 1193 3687 1248 ἀπὸ

2117 1285 2236 1340 τῶν
2257 1285 2366 1340 δύο
2396 1287 2684 1340 ἀπολύσω
2710 1284 2888 1354 ﬁgite;
2932 1285 3172 1352 Ἰησοῦν
3203 1284 3310 1338 τόν
3353 1283 3684 1353 Βαραϐϐᾶν,

2120 1382 2159 1448 ἢ
2205 1380 2445 1448 Ἰησοῦν
2466 1379 2572 1433 τὸν
2602 1379 2932 1448 λεγόμενον
2958 1379 3245 1446 Χριστόν;
3280 1378 3368 1442 Ὡς
3387 1377 3496 1449 γὰρ
3524 1377 3692 1441 ἔοικε,

2121 1473 2478 1546 πατρωνυμία
2503 1468 2572 1543 ἦν
2597 1471 2691 1525 τοῦ
2719 1469 2916 1543 λῃστοῦ
2953 1473 2981 1524 6
3013 1470 3321 1542 Βαραϐϐᾶς,
3357 1472 3494 1542 ὅπερ
3520 1471 3696 1541 ἐρμη-

2121 1567 2330 1620 νεύεται
2369 1565 2740 1620 διδασκάλου
2769 1565 2898 1630 υἱός
2933 1563 3062 1633 (51).
3098 1563 3480 1634 Συντιθὲμενον
3507 1558 3601 1615 οὖν
3632 1560 3698 1615 τδ

2122 1658 2216 1729 τοῦ
2255 1658 2553 1729 Βαραμϐἄν
2589 1658 2758 1728 ὄνομα
2803 1655 3056 1727 σημαίνει
3093 1654 3225 1720 υἱὸς
3264 1655 3369 1709 τοῦ
3407 1653 3699 1707 διδασκά-

2123 1724 2234 1804 λου
2264 1724 2450 1817 mica.
2478 1750 2584 1802 Καὶ
2607 1724 2748 1812 τίνος
2774 1724 2889 1819 ἄρα.
2914 1747 3230 1801 διδασκάλου
3267 1747 3380 1800 υίδν
3407 1745 3511 1816 χρὴ
3537 1745 3697 1815 νομί-

2127 1838 2239 1904 ζειν
2269 1840 2359 1893 τὸν
2403 1839 2668 1909 ἐπίσημον
2707 1838 2928 1908 λῃστὴν,
2973 1837 3006 1907 ἢ
3052 1836 3144 1889 τοῦ
3186 1836 3376 1908 ἀνδρὸς
3409 1835 3698 1906 αἱμάτων,

2125 1932 2231 1986 τοῦ
2258 1931 2327 1996 ἐξ
2359 1930 2553 2000 ἀρχῆς
2600 1929 3112 1999 ἁνθρωποκτόνου,
3151 1928 3209 1982 ὃν
3258 1928 3351 1982 καὶ
3381 1928 3544 1998 μέχρι
3597 1925 3701 1994 τῆς

2122 2024 2280 2096 δεῦρο
2336 2024 2535 2094 μᾶλλον
2580 2021 2857 2094 αἱροῦνται
2915 2023 2965 2074 oi
3025 2021 3283 2092 μαθόντες
3345 2020 3473 2090 παρ’
3533 2015 3700 2071 αὑτοῦ

2125 2113 2659 2186 ἀνθρωποκτονείν,ἢ
2701 2110 2790 2164 τόν
2824 2110 3186 2176 ζωοποιοῦντα
3205 2111 3330 2173 τοὺς
3355 2107 3701 2180 ἀνθρώπους,

2123 2205 2214 2259 τὸν
2258 2204 2460 2276 Κύριον
2493 2203 2646 2276 ἡμῶν
2686 2202 2891 2273 Ἰησοῦν
2922 2201 3192 2274 Χριστόν;

2195 2297 2529 2367 Κρινόμενος
2558 2294 2664 2348 ὑπὸ
2697 2293 2790 2348 τοῦ
2830 2293 3083 2357 Πιλάτου,
3112 2289 3440 2363 ἐχρημάτιζε
3471 2292 3538 2362 τῇ
3573 2288 3706 2342 τού-

2125 2404 2218 2440 του
2258 2388 2508 2457 γυναικί,
2553 2388 2639 2440 ἵνα
2671 2390 2738 2458 τῇ
2779 2386 2876 2458 μέν
2909 2387 3082 2454 σιωπῇ
3126 2383 3223 2454 τὴν
3263 2382 3510 2453 ἀνδρείαν
3533 2399 3706 2435 κατα-

2128 2477 2308 2548 πλαγῇ
2328 2517 2343 2541 ,
2367 2477 2445 2548 τῷ
2476 2477 2533 2530 δέ
2571 2475 2937 2549 χρηματισμῷ
2982 2473 3094 2544 γνῴ
3114 2514 3127 2538 ,
3155 2474 3236 2526 ὅτι
3264 2474 3364 2526 οὐκ
3392 2472 3707 2545 ἄνθρωπον,

2129 2570 2265 2623 ἀλλά
2288 2570 2419 2623 Θεὸν
2445 2569 2639 2642 κρίνει.
2666 2570 2764 2624 Διὰ
2796 2569 2854 2622 δὲ
2887 2567 3043 2622 τοῦτο
3075 2565 3237 2628 αὐτός
3265 2565 3364 2618 οὐκ
3388 2559 3528 2618 εἶδεν
3554 2565 3588 2635 ἦ
3618 2565 3714 2618 ἵνα

2131 2659 2204 2730 μὴ
2240 2660 2490 2730 σιωπήσῃ
2509 2659 2586 2728 τῷ
2624 2658 2732 2730 (52)
2779 2658 2941 2728 όναρ,
2993 2655 3027 2726 ἢ
3086 2654 3165 2707 ὅτι
3215 2655 3312 2708 οὐκ
3367 2653 3708 2719 ἐπιστεύετο,

2141 2750 2174 2820 ἢ
2213 2751 2294 2802 ὅτι
2346 2749 2564 2814 ἀνάξιος
2609 2752 2697 2820 ἦν,
2757 2748 2788 2818 ἢ
2849 2749 2932 2800 ἵνα
2987 2741 3223 2810 ἀκούσας
3267 2746 3301 2800 ἃ
3348 2746 3638 2816 ὑπέμεινεν
3672 2746 3712 2813 ἡ

2127 2841 2296 2914 γυνὴ,
2357 2842 2704 2914 συμπαθήσῃ.
2770 2841 2844 2892 Ού
2895 2839 3002 2911 γὰρ
3053 2840 3208 2910 μόνον
3263 2835 3368 2892 εἶδε
3420 2839 3482 2892 τὸ
3541 2840 3713 2892 ἐνύπ-

2127 2951 2264 2996 νιον,
2322 2933 2456 2986 ἀλλὰ
2507 2934 2597 2985 καὶ
2652 2931 2821 2985 πολλὰ
2856 2930 3044 2996 ἔπαθε,
3093 2931 3184 2983 καὶ
3213 2932 3268 2982 ἐν
3296 2931 3450 2983 νυκτὶ
3485 2931 3624 3002 πρὸς
3647 2930 3714 2983 τὸ

2131 3024 2498 3098 φοϐερώτερον
2529 3025 2789 3094 γίνεσθαι.
2829 3024 3036 3086 Ἀλλως
3076 3040 3134 3075 τε
3161 3023 3215 3076 δέ
3245 3023 3508 3094 Προνοίας
3548 3022 3716 3094 ἔργον

2128 3116 2188 3170 τὸ
2211 3115 2364 3186 ὄναρ,
2395 3118 2456 3169 ού
2484 3116 2773 3186 λεγόμενον
2810 3113 2908 3184 μὲν
2937 3113 2988 3165 τί
3015 3108 3101 3183 ἦν,
3128 3111 3367 3165 δεικνύον
3394 3111 3472 3172 δὲ,
3501 3111 3584 3164 ὅτι
3612 3111 3716 3182 οὐχ

2135 3210 2222 3264 ἵνα
2269 3209 2341 3279 μὴ
2388 3205 2534 3276 πάθῃ
2584 3207 2613 3258 6
2668 3202 2872 3274 Ἰησοῦς
2918 3202 3162 3273 ἐδείχθη,
3207 3199 3318 3253 ἀλλ’
3365 3200 3451 3254 ἶνα
3487 3199 3635 3270 σωθῇ
3677 3201 3716 3270 ἡ

2139 3302 2294 3370 γυνή.
2311 3297 2638 3370 Μακαρίαδέ
2667 3298 2699 3367 ἡ
2722 3296 2945 3349 τοιαῦτα
2971 3297 3081 3365 (35)
3103 3296 3376 3366 ἀπέχουσα
3403 3296 3459 3346 ἐν
3479 3292 3717 3364 ὀνείροις

2141 3388 2202 3441 τὸ
2230 3387 2453 3448 παθεῖν,
2501 3385 2586 3438 ἵνα
2633 3385 2706 3456 μὴ
2748 3385 3056 3458 ὑπερ-πάθῃ.
3080 3387 3141 3438 Εἰ
3178 3385 3290 3455 (54)
3333 3383 3388 3436 δέ
3439 3382 3717 3454 σύμϐολόν

2142 3479 2287 3530 ἐστιν
2321 3476 2456 3548 αῦτη
2487 3475 2586 3546 τῆς
2615 3493 2741 3529 ποτε
2761 3476 2866 3529 ὑπὸ
2899 3476 3128 3530 Πιλάτου
3154 3475 3546 3546 κυριευομένης
3591 3475 3718 3526 Ἐκ-

2142 3569 2388 3642 κλησίας,
2425 3569 2518 3623 καὶ
2553 3570 2735 3622 οὐκέτι
2773 3568 2939 3641 οὔσης
2971 3569 3118 3639 αύτῷ
3153 3568 3460 3642 ὑποχειρίου
3489 3567 3577 3620 διὰ
3611 3568 3717 3638 τὴν

2142 3664 2220 3724 εἰς
2246 3661 2478 3732 Χριστὸν
2505 3662 2842 3716 πίστιν.......
2882 3660 3009 3731 γὰρ,
3034 3659 3324 3730 ἀλλόφυλος
3347 3657 3456 3730 γὰρ
3489 3660 3522 3728 ἡ
3549 3658 3714 3728 γυνή.

2140 3839 2284 3910 Στίχ.
2315 3840 2586 3911 με’.)Λπὸ
2723 3840 2902 3911 ἕκτης
2921 3837 3086 3911 ᾢρας
3102 3835 3579 3911 σκότος-ἐγένετο
3612 3833 3714 3888 ἐπὶ

2369 3909 2574 3964 πᾶσαν
2602 3910 2714 3978 τὴν
2749 3905 2868 3979 γῆν
2909 3905 3020 3974 ἕως
3053 3907 3208 3976 ὥρας
3236 3905 3472 3973 ἐνάτης.

2216 4002 2329 4072 (55)
2368 4003 2501 4074 Περί
2533 4003 2736 4072 ταύτης
2773 4001 2872 4072 τῆς
2897 3999 3188 4068 ἐκλείψεως
3227 3997 3319 4051 καὶ
3365 3998 3393 4049 6
3426 3995 3720 4067 προφήτης

2140 4094 2411 4166 Ζαχαρίας
2437 4094 2621 4147 εἰπών’
2663 4085 2986 4166 Ἐνᾼέκείνῃ
3015 4091 3088 4159 τῇ
3111 4089 3298 4159 ἡμέρᾳ
3317 4131 3330 4151 ,
3358 4090 3522 4159 φησὶν
3542 4128 3556 4151 ,
3601 4089 3719 4140 οὐκ

2141 4163 2310 4238 ἔσται
2335 4183 2479 4253 φῶς.
2504 4183 2616 4236 Καὶ
2638 4163 2838 4252 ψῦχος
2869 4180 2965 4234 καὶ
2989 4179 3179 4250 πάγος
3208 4181 3375 4233 ἔσται
3402 4178 3551 4247 μίαν
3572 4173 3722 4246 ἠμέ-

2133 4294 2271 4346 ραν.
2307 4275 2415 4330 Καὶ
2444 4278 2481 4344 ἡ
2510 4273 2700 4344 ἡμέρα
2729 4263 2930 4340 ἐκείνη
2964 4270 3200 4341 γνωστὴ
3236 4270 3315 4335 τῷ
3352 4271 3565 4336 Kvpt'tp.
3602 4269 3719 4321 Kal

2142 4371 2254 4438 οὐχ
2284 4367 2494 4436 ἡμέρα,
2529 4367 2626 4420 καὶ
2659 4369 2729 4420 οὺ
2765 4366 2879 4430 νύξ
2900 4383 2912 4396 ⁸
2947 4365 3044 4418 καὶ
3078 4364 3227 4432 πρὸς
3254 4363 3521 4430 ἑσπέραν
3543 4363 3721 4416 ἔσται

2128 4459 2282 4534 φῶς.
2316 4457 2501 4513 Εἰπὼν
2532 4458 2588 4537 δὲ
2619 4457 2687 4510 τὸ
2717 4459 2938 4522 σκότος
2970 4456 3030 4508 τὸ
3062 4454 3371 4507 ἐσκοτίσθαι
3407 4455 3535 4516 τοὺς
3584 4453 3723 4522 βάλ-

2143 4552 2329 4614 λοντας
2361 4553 2546 4621 χεῖρας
2574 4549 2652 4620 τῷ
2679 4550 2835 4618 φωτί.
2888 4549 2974 4611 Ὠς
3007 4546 3116 4617 γὰρ
3143 4546 3458 4615 Αἰγυπτίοις
3483 4547 3680 4608 σκότος
3706 4586 3722 4603 ,

2144 4643 2238 4695 καὶ
2270 4645 2379 4706 τοῖς
2410 4642 2542 4704 υἰοῖς
2579 4641 2793 4712 Ἰσραὴλ
2821 4640 2934 4708 φῶς
2957 4655 2973 4671 ⁸
3018 4639 3188 4702 οὕτως
3227 4638 3320 4691 καὶ
3352 4636 3446 4689 νῦν
3493 4639 3560 4707 τῇ
3619 4637 3724 4707 μὲν

2156 4732 2447 4804 Ἐκκλησία⁵
2474 4732 2606 4802 φῶς,
2636 4736 2748 4796 τοῖς
2771 4731 2828 4785 δὲ
2867 4731 3136 4795 Ἰουδαίοις
3167 4731 3355 4793 σκότος
3381 4729 3549 4800 τριῶν
3579 4731 3611 4798 ἡ
3622 4744 3726 4797 με-

2148 4823 2276 4894 ρῶν,
2300 4811 2476 4892 φ’ωτὸς
2496 4820 2785 4894 πατρικοῦ,
2800 4822 3228 4890 ἀπαυγάσματος
3241 4818 3496 4890 Χριστοῦ,
3519 4819 3728 4888 ἐκλάμο

2143 4913 2288 4983 ψεως
2323 4915 2477 4983 ἁγίου
2511 4915 2844 4985 Πνεύματος.
2883 4912 2992 4966 Καὶ
3026 4912 3147 4965 ἐπεὶ
3181 4913 3237 4964 ἐν
3256 4913 3321 4981 τῇ
3365 4911 3500 4983 ἕκτῃ
3535 4909 3726 4982 ἡμέρᾳ

2146 5005 2434 5074 γεγένηται
2459 5007 2486 5056 6
2514 5004 2608 5058 ἄνθ
2619 5021 2815 5076 ρωπος,
2849 5005 2994 5068 εἰκὸς
3018 5003 3072 5056 δὲ
3104 5002 3262 5056 αὑτὸν
3285 5003 3341 5054 ἐν
3361 5004 3425 5072 τῇ
3447 5001 3581 5073 ἕκτῃ
3597 5001 3726 5072 ᾦρᾳ.

2147 5094 2442 5163 ἐσφάλθαιο
2472 5095 2608 5165 τάχα
2649 5094 2738 5148 διὰ
2772 5094 2931 5147 τοῦτο
2954 5096 2982 5148 6
3018 5095 3156 5166 ὑπὲρ
3187 5093 3456 5163 σωτηρίας
3503 5091 3726 5163 ἀνθρὼ-

2153 5203 2267 5239 πων
2301 5187 2520 5256 πάσχων
2562 5185 2678 5258 ὥρᾳ
2722 5181 2862 5258 ἕκτῂ
2894 5184 3225 5256 ἐκρεμάσθη.
3273 5183 3443 5235 Τοῦτό
3485 5184 3601 5234 ἐστι
3654 5183 3727 5235 τὸ

2153 5281 2395 5348 σημεῖον,
2421 5279 2556 5350 ὅπερ
2583 5277 2886 5352 ἔμπροσθεν
2929 5276 3167 5329 αἰτοῦσιν
3206 5275 3470 5344 ὑπέσχετο
3500 5273 3723 5336 δώσειν,

2149 5370 2346 5439 λέγων·
2384 5369 2571 5424 Γενεὰ
2617 5371 2846 5438 πονηρὰ
2886 5370 2982 5424 τσιαί
3011 5369 3290 5439 μοιχαλὶς
3316 5368 3568 5438 σημεῖον
3599 5367 3730 5420 ἐπι-

553 5505 601 5538 ¹⁸
653 5506 840 5560 Matth.
883 5521 1056 5570 xxvtt,
1085 5507 1169 5562 17.
1252 5505 1296 5538 ¹⁹
1328 5502 1486 5560 Joan.
1514 5522 1630 5572 vttt,
1678 5505 1766 5560 M.
1841 5508 1887 5540 ¹⁰
1917 5507 2044 5562 Zacl

2148 5524 2220 5573 tv,
2250 5507 2300 5570 6,
2331 5507 2384 5561 7.
2460 5505 2504 5537 “
2532 5504 2723 5559 Matth.
2761 5521 2857 5568 xu,
2881 5504 2968 5559 59.
3048 5503 3092 5535 ³³
3123 5501 3276 5556 Joan.
3307 5515 3424 5566 VIII,
3455 5499 3544 5555 28.

483 5620 836 5760 pagstzsl‘ligc
871 5626 1118 5694 quaedam
1176 5629 1391 5683 videtur
1445 5627 1687 5683 hausisse
1744 5629 2045 5701 TheOphyl.

583 5761 673 5829 52)
706 5762 864 5817 Forte
883 5763 964 5816 1:6.

550 5831 661 5901 (55)
688 5833 767 5884 An
800 5833 1039 5905 τοιαύτη.

2225 5629 2334 5706 et.)
2370 5627 2732 5706 ξονιοοεφνείο
3046 5693 3113 5706 .,
3293 5693 3393 5706 ,.
3603 5692 3616 5704 .

2227 5701 2338 5769 (55)
2368 5700 2718 5769 Subjungitur
2748 5711 2852 5753 non
2893 5700 3153 5766 asscripto
3192 5700 3428 5752 auctoris
3473 5700 3722 5749 nomine.

2155 5766 2376 5825 Confer.
2407 5770 2551 5824 edita
2581 5766 2740 5838 ’Orig.
