3958 6556
327 397 438 452 509

1533 396 1822 454 SCHOLlA
1864 395 1930 450 ΙΝ
1968 396 2404 458 ΜΑΤἸῊᾸΕΗΜ.

3481 405 3586 460 510

329 519 512 590 ζητεῖ,
539 521 631 574 καὶ
673 519 802 590 ἑξῆς
819 533 834 548 ·
862 521 976 586 καὶ,
1006 520 1192 574 Ὅταν
1216 520 1502 591 ὑψώσητε
1521 522 1629 576 τὸν
1647 522 1782 577 flor
1800 522 1895 577 τοί

2010 526 2182 590 acetis,
2213 527 2336 595 quia
2378 541 2471 596 ego
2505 541 2623 580 sum
2665 527 2732 576 ²’.
2770 525 2908 581 Erat
2945 523 3144 594 quippe
3168 523 3326 594 longe
3353 524 3585 578 admira-

328 609 649 682 ἀνθρώπου
682 613 818 665 τότε
845 612 1184 682 γνώσεσθε,
1216 613 1304 667 ὅτι
1332 613 1445 684 ἐγώ
1481 617 1620 685 ειμι.
1652 615 1761 668 Καὶ
1805 615 1914 688 γὰρ

329 704 514 775 πολλῷ
539 703 977 776 θαυμαστότερον
1005 704 1097 756 ὲπὶ
1123 704 1217 758 τοῦ
1260 705 1494 778 σταυροῦ
1538 706 1914 778 προσηλουμέ-

327 815 425 852 νου
449 797 623 852 ταῦτα
655 797 909 868 γενέσθαι
935 797 968 869 ἢ
998 800 1091 852 ἐπὶ
1118 799 1222 869 γῆς
1265 799 1586 870 βαδίζοντος.
1634 801 1708 854 Ού
1742 801 1915 876 ταύτῃ

327 889 388 942 δὲ
429 890 588 960 μόνον
612 889 674 943 τὸ
698 889 995 960 παράδοξον
1020 885 1108 962 ἦν,
1139 889 1252 944 ἀλλ’
1278 891 1359 944 ὃτι
1389 891 1485 945 καὶ
1533 894 1598 946 ὲκ
1625 892 1720 946 τοῦ
1747 894 1913 965 ούρα-

327 981 426 1036 νοῦ
467 982 690 1052 γέγονεν
729 983 868 1055 ὅπερ
897 982 1122 1056 ἐζήτουν
1142 1025 1158 1051 ,
1196 984 1295 1038 καὶ
1325 985 1423 1038 ἐπὶ
1453 983 1660 1040 πᾶσαν
1685 985 1800 1055 τὴν
1825 989 1912 1040 ol-

327 1073 660 1143 κουμένην,
684 1076 822 1148 ὅπερ
847 1075 968 1128 οὐδὲ
999 1075 1264 1148 πρότερον
1291 1077 1512 1149 συνέϐη,
1535 1077 1650 1133 ἀλλ’
1667 1079 1724 1132 ὲν
1745 1077 1911 1146 Αίγύ-

328 1180 454 1236 πτῳ
503 1165 662 1236 μόνον
685 1207 701 1231 ,
743 1167 833 1220 ὅτε
860 1167 956 1221 καὶ
1009 1168 1069 1222 τὺ
1112 1167 1306 1238 Πάσχα
1356 1169 1615 1224 ἐτελεῖτο⁹
1671 1171 1766 1224 καὶ
1804 1171 1912 1242 γὰρ

328 1257 519 1310 ἐκεῖνα
548 1258 717 1321 τύπος
751 1255 820 1330 ἦν
841 1259 1065 1316 τούτων.
1093 1262 1209 1314 Ἵνα
1233 1261 1341 1333 γὰρ
1383 1262 1458 1332 μὴ
1489 1263 1714 1316 εἴπωσιν
1741 1262 1913 1316 ἐκλει-

324 1348 425 1417 ψιν
451 1344 674 1402 εἶναιτὸ
719 1351 1105 1422 γεγενημένον,
1137 1351 1223 1404 διὰ
1257 1352 1414 1406 τοῦτο
1457 1355 1523 1423 τῇ
1567 1353 1628 1406 ιδ’
1668 1354 1908 1422 γίνεται,

324 1441 421 1494 ὅτε
442 1440 681 1510 ἔκλειψιν
710 1441 982 1514 συμϐῆναι
1006 1442 1306 1514 ἀμήχανον.
1346 1445 1433 1498 Ἐν
1461 1444 1601 1516 μέση
1625 1445 1682 1498 δὲ
1706 1445 1906 1517 ἡμέρᾳ,

326 1533 421 1586 ἶνα
449 1534 649 1597 πάντες
675 1535 725 1587 οἱ
749 1534 850 1606 τὴν
875 1535 978 1606 γῆν
1011 1535 1284 1600 οἰκοῦντες
1312 1535 1573 1607 μάθωσιν,
1603 1537 1683 1589 ὅτι
1709 1554 1910 1590 παντα-

324 1625 428 1695 χοῦ
464 1626 566 1696 τῆς
597 1628 922 1698 οἰκουμένης
969 1627 1150 1700 ἡμέρα
1194 1623 1281 1700 ἦν,
1324 1629 1433 1681 Καὶ
1470 1627 1684 1696 Φλέγων
1724 1629 1781 1682 δέ
1823 1646 1907 1693 τις

326 1717 463 1787 παρ’
516 1717 740 1788 Ἕλλησι
777 1717 1064 1790 φιλόσοφος
1101 1719 1368 1790 μέμνηται
1407 1717 1598 1772 τούτου
1641 1718 1734 1772 τοῦ
1776 1721 1900 1774 σκό-

322 1823 488 1871 τους,
530 1808 606 1872 ὡς
637 1809 954 1881 παραδόξως
992 1810 1358 1884 γεγενημένου
1385 1813 1443 1864 ὲν
1483 1813 1549 1882 τῇ
1587 1811 1647 1864 ιδ’
1672 1811 1773 1882 τῆς
1820 1829 1905 1864 σε-

2019 615 2180 671 bilius
2205 616 2249 671 si
2290 615 2404 670 haec
2439 615 2634 672 tierent
2655 630 2720 671 eo
2747 616 2897 671 cruci
2948 615 3162 680 suﬂixo,
3205 630 3367 685 quam
3420 627 3582 684 super

2019 719 2162 763 terra
2191 707 2498 763 incedente.
2526 705 2643 762 Non
2677 707 2780 762 hac
2811 716 3020 762 tantum
3057 708 3267 762 ratione
3307 720 3434 760 vero
3466 714 3582 759 stu-

2013 801 2246 869 pendum
2276 810 2414 861 erat,
2447 801 2541 854 sed
2565 800 2689 869 quia
2715 801 2878 854 etiam
2907 800 2972 856 de
2992 800 3134 856 caelo
3155 799 3411 870 fuitquod
3442 814 3581 868 qua:-

2015 893 2229 956 rebaut,
2261 902 2307 944 et
2338 907 2494 960 super
2516 894 2810 946 universam
2839 904 3059 958 terram,
3090 891 3237 962 quod
3301 905 3577 960 nunquam

2015 994 2174 1037 antea
2209 983 2468 1054 contigit;
2502 984 2597 1038 sed
2644 983 2698 1038 in
2733 981 2973 1054 Egypto
3027 986 3313 1048 duntaxat,
3363 983 3581 1053 quando

2012 1084 2067 1130 et
2090 1075 2291 1144 pascha
2321 1076 2719 1130 celebrabatur.
2751 1076 2843 1131 llla
2892 1076 3034 1131 enim
3087 1084 3242 1146 typus
3271 1084 3424 1131 erant
3482 1077 3582 1130 ho-

2014 1180 2156 1220 rum.
2192 1164 2263 1220 Ut
2287 1181 2354 1221 ne
2375 1167 2519 1221 enim
2557 1167 2800 1222 dicerent
2845 1166 3070 1236 eclipsin
3113 1166 3278 1222 fuisse
3318 1167 3463 1236 quod
3487 1182 3580 1221 ac-

2011 1257 2238 1322 ciderat,
2265 1268 2555 1327 propterea
2595 1259 2808 1314 decima
2855 1269 3045 1328 quarta
3078 1258 3328 1327 contigit,
3359 1259 3582 1326 quando

2011 1347 2141 1402 solis
2181 1348 2471 1418 deliquium
2517 1350 2834 1420 contingere
2886 1349 3221 1420 impossibile
3274 1361 3376 1404 est.
3400 1349 3576 1404 Media

2011 1438 2136 1492 item
2176 1439 2300 1505 die,
2342 1450 2611 1495 utomnes
2651 1442 2838 1496 orbem
2873 1441 3239 1496 inhabitantes
3263 1441 3578 1508 discerent,

2010 1531 2212 1601 ubique
2239 1539 2508 1585 terrarum
2536 1531 2678 1587 diem
2713 1530 2904 1587 fuisse.
2939 1531 3169 1598 Quidam
3207 1531 3370 1584 etiam
3416 1527 3576 1584 Phle-

2008 1637 2110 1690 gon
2139 1621 2354 1692 gentilis
2375 1620 2730 1694 philosophus
2754 1623 2949 1676 harum
2975 1623 3323 1677 tenebrarum
3349 1623 3578 1676 mentio-

2007 1729 2130 1770 nem
2163 1714 2314 1779 tacit,
2357 1725 2613 1786 tanquam
2667 1731 2787 1786 quae
2849 1727 3043 1786 prazter
3072 1716 3233 1772 ﬁdem
3278 1717 3578 1771 acciderint

2006 1803 2131 1858 luna
2155 1806 2363 1859 decima
2382 1813 2598 1874 quarta,
2624 1806 2850 1876 quando
2878 1816 3076 1861 natura
3106 1821 3213 1860 non
3243 1805 3348 1860 fert
3373 1817 3431 1860 ut
3453 1822 3576 1861 con-

323 1897 532 1970 λήνηςσ
571 1901 660 1953 ὅτε
697 1901 758 1954 ού
782 1901 1026 1970 πέφυκεν
1069 1901 1310 1973 ἔκλειψις
1338 1903 1600 1970 γίνεσθαι,
1640 1903 1728 1956 ὅτε
1770 1903 1895 1957 πολὺ

2009 1895 2178 1966 tingat
2196 1896 2326 1952 solis
2343 1896 2641 1967 deliquium
2667 1913 2685 1964 ;
2719 1899 2938 1966 quando
2966 1897 3123 1966 longe
3156 1899 3308 1953 abest
3337 1898 3466 1952 solis
3493 1899 3575 1952 di-

323 1991 524 2061 ἀτέχει
560 1991 620 2045 τό
652 1992 747 2046 τοῦ
791 1992 945 2064 ἡλίου
988 1972 1295 2067 διάστημα,
1328 1995 1449 2049 ὅσον
1481 1996 1576 2050 ἀπ’
1613 1995 1788 2067 ἀρχῆς
1809 1996 1895 2049 τοῦ

2007 1989 2228 2054 stantia,
2259 1999 2520 2058 quantum
2549 1989 2618 2044 ab
2637 1989 2792 2045 initio
2825 1991 2893 2045 ad
2922 1991 3214 2046 terminum
3248 1989 3396 2044 coeli.
3419 1987 3570 2044 Tunc

322 2085 560 2157 ούρανοῦ
593 2087 699 2152 ἕως
736 2088 941 2154 τέλους.
986 2089 1120 2143 Τότε
1163 2089 1272 2161 γὰρ
1318 2089 1556 2159 γίνονται
1599 2089 1901 2159 ἐκλείψεις,

322 2177 456 2232 ὅταν
499 2179 870 2251 πλησιάσωσιν
909 2181 1156 2253 ἀλλήλοις
1201 2182 1250 2235 ot
1277 2181 1371 2235 δύο
1408 2175 1552 2234 οὗτοι
1597 2181 1899 2252 φωστῆρες.

319 2269 544 2324 Γίνεται
563 2271 672 2344 γὰρ
693 2272 932 2344 ἔκλειψις
961 2273 1110 2345 ἡλίου
1154 2274 1447 2338 συνοδικῶς
1487 2274 1904 2347 ὑποδραμούσης

318 2363 490 2417 αὐτὸν
518 2364 774 2437 σελήνης,
809 2367 871 2420 οὐ
905 2367 1242 2439 πανσελήνῳ,
1266 2369 1354 2421 ὅτε
1379 2367 1668 2439 διάμετρός
1690 2369 1803 2420 ἐστι
1832 2370 1898 2439 τῇ

321 2453 549 2525 σελήνῃ.
578 2454 748 2510 Τοῦτο
773 2457 829 2510 δὲ
849 2457 1096 2527 γέγονεν,
1119 2459 1196 2522 ὡς
1221 2458 1519 2523 πενθούσης
1544 2458 1645 2530 τῆς
1671 2459 1899 2524 κτίσεως

318 2544 416 2598 ἐπὶ
446 2546 526 2616 τῷ
556 2548 837 2616 γεγονότι,
878 2549 974 2624 καὶ
1004 2549 1092 2604 διὰ
1131 2548 1292 2603 τοῦτο
1329 2549 1622 2621 δηλούσης,
1652 2550 1734 2604 ὅτι
1753 2591 1766 2614 ,
1802 2550 1900 2621 τῆς

316 2636 610 2708 παροινίας
640 2640 844 2716 ταύτης
883 2641 1218 2713 πραχθείσης
1253 2640 1313 2707 ἐξ
1355 2641 1653 2708 Ἰουδαίων,
1688 2642 1899 2695 ἐσκοτί-

317 2728 422 2798 σθη
468 2729 648 2784 αὐτῶν
686 2733 714 2786 6
758 2731 912 2797 νοῦς,
942 2734 1036 2787 καὶ
1078 2733 1286 2806 ἀπέστη
1320 2733 1413 2786 ἀπ’
1438 2732 1616 2786 αὐτῶν
1650 2734 1678 2786 6
1711 2734 1900 2804 νοητὸς

311 2819 491 2890 ἥλιος.
539 2821 665 2875 Εἴτε
706 2821 816 2895 γὰρ
859 2825 1021 2878 αὐτὸν
1061 2825 1307 2895 ἐνόμιζον
1338 2821 1494 2876 τοῦτο
1521 2825 1895 2895 πεποιηκέναι,

313 2911 426 2965 ἔδει
461 2912 751 2968 πιστεῦσαι
774 2915 868 2968 καὶ
891 2915 1220 2987 φοόηθῆναν
1256 2914 1365 2968 εἴτε
1403 2915 1501 2968 οὐκ
1535 2914 1726 2980 αὑτὸν,
1763 2915 1897 2969 ἀλλὰ

311 3006 407 3059 τὸν
438 3006 683 3078 Πατέρα,
718 3007 816 3061 καὶ
843 3009 908 3062 ὲκ
930 3008 1119 3064 τούτου
1151 3010 1261 3063 ἔδει
1287 3011 1678 3082 κατανυγῆναι.
1721 3010 1899 3080 Ὀργι-

313 3097 550 3168 ζομένου
572 3098 680 3170 γὰρ
700 3095 768 3170 ἦν
793 3101 854 3154 τὸ
878 3101 1064 3165 σκότος
1091 3102 1291 3164 έκεῖνο,
1313 3101 1407 3154 καὶ
1433 3101 1630 3172 δεῖγμα
1648 3098 1742 3153 τοῦ
1766 3099 1895 3170 μέλ-

311 3189 502 3254 λοντος
531 3189 713 3245 λαϐεῖν
736 3193 863 3256 τοὺς
890 3192 1190 3264 Θεομάχους
1211 3210 1270 3246 τε
1297 3193 1389 3246 καὶ
1427 3193 1760 3264 μιαιφόνους.
1798 3191 1895 3245 Διὰ

310 3280 475 3335 τοῦτο
500 3281 609 3354 γὰρ
633 3284 769 3353 μετὰ
796 3283 1010 3338 πάντων
1031 3285 1129 3356 τῆς
1159 3284 1268 3356 (56)
1293 3286 1579 3356 παροινίας
1618 3284 1775 3338 τοῦτο
1805 3285 1893 3353 γί-
1921 3320 1966 3377 C

310 3389 494 3436 νεται,
527 3374 615 3426 ὅτε
640 3374 798 3445 κόρος
819 3375 976 3429 ἔλαϐε
995 3375 1102 3430 τῶν
1139 3379 1504 3447 σκωμμάτων,
1543 3377 1637 3430 καὶ
1678 3376 1893 3431 πάντων

309 3464 647 3533 ἐφθέγξαντο
674 3466 775 3521 ὅσα
807 3467 973 3540 ηθέλη
982 3485 1101 3526 σαν.

937 3561 1094 3613 ΚΕΦ.
1133 3561 1264 3615 ΚΗ⁹.

307 3643 466 3717 Στίχ.
522 3655 610 3719 ιη’.
666 3647 874 3718 Ἐδόθη
901 3668 1004 3773 £2;
1033 3650 1516 3792 ἐῑξστιᾷςέξουσία
1549 3655 1618 3709 ἐν
1657 3655 1890 3724 οὐρανῷ

1219 3759 1230 3791 ε
1277 3762 1292 3776 .

1219 3759 1292 3791 ιιι

387 3809 483 3873 T6,
527 3811 728 3880 Ἐδόθη
749 3830 850 3883 μοι
877 3811 1044 3868 πᾶσα
1085 3814 1358 3881 ἐξουσία,
1381 3816 1476 3871 καὶ
1502 3816 1649 3888 ἑξῆς,
1683 3818 1763 3882 είς
1790 3819 1889 3890 τὴν

305 3902 729 3974 ὲνανθρώπησιν
771 3905 901 3960 νόει.
942 3907 1004 3959 Εἰ
1047 3906 1104 3959 δὲ
1139 3908 1232 3962 καὶ
1272 3909 1353 3972 είς
1390 3909 1488 3980 τὴν
1521 3908 1884 3980 θεότητα......

304 3996 543 4067 Θεωρεῖν
561 3996 698 4067 (57),
728 3999 822 4051 καὶ
853 3996 994 4050 οὕτω
1022 3998 1167 4071 λήψῃ
1188 3999 1470 4068 τδἘδόθη
1489 4003 1589 4070 μοι
1614 4001 1884 4064 ἐξουσία,

303 4088 437 4141 ἀντὶ
489 4086 584 4140 τοῦ
625 4088 942 4156 Ἐχωρήθη.
980 4088 1188 4158 Ἐδόθη
1209 4130 1224 4156 ,
1258 4090 1458 4163 ἠνέχθη
1493 4109 1602 4162 μοι,
1633 4091 1761 4162 περὶ
1792 4089 1886 4144 τοῦ

301 4179 660 4246 αὐτεξουσίου
693 4180 1041 4251 ἐπιστεύθην.
1081 4179 1279 4253 Χώραν
1321 4182 1478 4252 ἔσχεν
1520 4183 1555 4252 ὴ
1585 4181 1696 4254 ζωὴ
1738 4181 1888 4253 πρῶ-

299 4286 402 4322 τον
434 4271 532 4340 μὲν
565 4272 620 4323 ὲν
645 4272 758 4334 τοῖς
789 4271 922 4334 ἄνω,
946 4265 1066 4324 εἶτα
1093 4269 1188 4324 νῦν
1220 4271 1314 4324 καὶ
1337 4274 1393 4325 ὲν
1445 4274 1559 4335 τοῖς
1601 4273 1770 4326 κάτω·
1794 4271 1886 4335 οὓς

300 4361 642 4434 θαρροῦντες
672 4363 970 4434 βαπτίσατε
1004 4364 1085 4428 είς
1115 4362 1176 4418 τὸ
1203 4363 1373 4434 ὄνομα
1401 4363 1494 4417 τοῦ
1523 4363 1763 4435 Πατρὸς,
1792 4364 1886 4418 καὶ

297 4455 406 4508 τοῦ
441 4453 572 4508 Υἱοῦ
592 4495 608 4518 ,
643 4455 740 4508 καὶ
772 4455 867 4508 τοῦ
915 4455 1073 4524 ἁγίου
1107 4454 1443 4526 Πνεύματος.
1479 4449 1576 4518 Εἷς
1614 4455 1644 4507 6
1676 4453 1882 4518 σώζων.

302 4547 410 4620 μία
453 4547 487 4618 ή
529 4547 790 4618 σωτηρία.
829 4542 926 4610 Εἷς
968 4548 997 4600 6
1039 4545 1146 4624 ζῶν
1179 4546 1399 4618 Πατὴρ,
1434 4547 1463 4599 6
1505 4545 1665 4611 Υἱὸς,
1700 4545 1885 4600 καὶτὸ

297 4637 465 4703 ἅγιον
492 4635 735 4705 Πνεῦμα.
779 4631 875 4699 Εἷς
921 4639 1066 4690 ἐστιν
1109 4635 1170 4688 ού
1212 4636 1502 4706 συναλοιφῇ
1543 4635 1650 4688 τῶν
1677 4637 1878 4708 τριῶν,
1911 4655 1956 4710 D

295 4726 422 4780 ἀλλ’
455 4727 612 4799 οὐσίᾳ
637 4729 766 4798 μιᾷ·
800 4730 947 4798 τρεῖς
971 4727 1028 4781 δὲ
1057 4728 1379 4791 ὑποστάσεις
1401 4728 1603 4781 τέλειαι
1637 4729 1694 4780 ὲν
1719 4729 1873 4796 πᾶσι,

295 4822 401 4876 καί
435 4820 781 4891 κατάλληλοι.
819 4819 976 4874 Κατὰ
1025 4819 1187 4890 φύσιν
1235 4819 1524 4890 ἐγέννησεν
1567 4821 1596 4872 ὁ
1646 4819 1870 4891 Πατήρ.

293 4914 492 4984 διόπερ
535 4913 819 4984 ὁμοούσιος
865 4911 1148 4983 ἐγεννήθη.
1205 4911 1279 4966 Οὐ
1332 4910 1492 4982 σῶμα
1543 4911 1572 4964 6
1617 4909 1767 4974 Θεός⁶
1785 4910 1874 4964 διὰ

291 5005 460 5058 τοῦτο
489 5006 587 5058 οὐκ
601 5003 928 5075 ἀσταρεῦσιν
954 5003 1066 5075 (58)
1093 5003 1126 5074 ἢ
1159 5003 1389 5073 κίνησιν,
1418 5002 1451 5073 ἦ
1479 5019 1532 5055 τι
1563 5001 1672 5054 τῶν
1696 5001 1872 5070 τοιού-

291 5112 429 5159 των,
454 5094 490 5149 ἃ
517 5096 575 5148 έν
606 5096 720 5158 τοῖς
753 5092 967 5163 σώμασι
1005 5092 1308 5162 Θεωρείται,
1355 5091 1382 5143 6
1424 5088 1556 5152 Θεὸς
1586 5089 1614 5140 6
1647 5087 1872 5159 ἀσώμα-

289 5203 386 5250 τος
425 5185 733 5255 ἐγέννησεν.
783 5184 1173 5244 Ἐνυπόστατος
1213 5183 1246 5253 ὴ
1283 5181 1565 5252 γέννησις·
1595 5178 1867 5252 ἅπετέχθη

287 5277 363 5331 ὲκ
392 5276 492 5346 τῆς
525 5275 713 5340 οὐσίας
740 5275 831 5329 τοῦ
865 5275 1075 5348 [ἰατρὸς
1101 5276 1130 5327 6
1159 5274 1305 5336 Υἱός.

357 5503 472 5571 (⁸56)
506 5505 670 5559 Forte
692 5505 811 5568 τάς.

357 5575 474 5646 (57)
510 5576 609 5630 Ms.
643 5576 848 5647 χώρης.

2005 2081 2148 2137 enim
2184 2081 2319 2135 nunt
2347 2081 2604 2151 eclipses,
2632 2081 2853 2151 quando
2887 2083 2956 2136 ad
2989 2097 3048 2137 se
3075 2095 3264 2138 mutuo
3311 2082 3574 2137 accedant

2005 2173 2118 2228 haec
2143 2172 2248 2227 duo
2280 2172 2588 2228 luminaria.
2616 2173 2702 2228 Fit
2728 2175 2870 2228 enim
2906 2173 3036 2229 solis
3059 2174 3292 2251 eclipsis,
3331 2173 3454 2228 luna
3505 2174 3573 2228 il-

2003 2264 2111 2318 lum
2141 2264 2400 2335 synodice
2430 2265 2718 2329 subeunte,
2753 2282 2860 2320 non
2893 2265 2948 2319 in
2991 2265 3308 2336 plenilunio,
3353 2266 3572 2335 quando

2002 2355 2078 2411 sol
2114 2371 2144 2410 e
2183 2357 2448 2412 diametro
2506 2358 2726 2428 respicit
2765 2358 2972 2429 lunam.
3006 2358 3119 2414 Hoc
3159 2373 3324 2428 porro
3355 2359 3567 2414 factum

2002 2460 2107 2515 est,
2132 2465 2229 2503 ceu
2263 2449 2648 2519 ingemiscente
2674 2461 2922 2506 creatura
2951 2452 3020 2506 oh
3045 2451 3096 2506 id
3119 2452 3264 2522 quod
3291 2462 3570 2521 evenerat,

1999 2555 2065 2594 ac
2101 2552 2384 2612 propterea
2417 2543 2759 2608 ostendente,
2797 2543 2938 2612 quod
2962 2552 3271 2612 perpetrato
3298 2543 3402 2598 hoc
3439 2559 3570 2599 con-

2004 2632 2290 2688 tumelioso
2313 2633 2557 2689 facinore
2593 2637 2661 2689 ab
2690 2633 2910 2702 Iudaeis,
2932 2634 3288 2692 obtenebrata
3306 2645 3389 2692 est
3416 2653 3569 2693 mens

2001 2724 2241 2791 illorum,
2273 2733 2328 2780 et
2357 2728 2580 2782 recessit
2604 2728 2672 2782 ab
2707 2728 2785 2784 eis
2818 2727 3232 2797 solspiritualis.
3267 2729 3392 2784 Sive
3420 2731 3564 2784 enim

2000 2818 2150 2873 illum
2198 2828 2538 2889 reputassent
2587 2821 2692 2875 hoc
2728 2819 2942 2882 fecisse.
2971 2832 3026 2875 et
3082 2821 3411 2877 credendum
3446 2830 3568 2875 erat

1999 2913 2104 2969 illis
2126 2921 2287 2982 atque
2301 2913 2644 2967 metuendum
2676 2932 2691 2967 :
2725 2912 2838 2968 sive
2861 2927 2967 2966 non
2997 2912 3168 2978 illum,
3188 2912 3282 2968 sed
3310 2911 3562 2978 Patrem;

1998 3013 2051 3056 et
2075 3004 2160 3058 vel
2184 3019 2251 3058 ex
2291 3003 2393 3057 hoc
2425 3003 2714 3072 compuugi
2749 3003 3036 3060 debebant.
3083 3004 3374 3061 Irascentis
3404 3016 3567 3062 erant

2000 3097 2234 3150 tenebrae
2268 3095 2392 3163 illze,
2419 3103 2473 3148 et
2499 3095 2776 3162 specimen
2807 3099 2924 3164 ejus
2942 3096 3082 3164 quod
3109 3108 3566 3165 superventurum

1997 3196 2114 3241 erat
2145 3186 2298 3241 hisce
2329 3186 2420 3240 Dei
2436 3187 2682 3240 hostibus
2697 3195 2750 3240 et
2770 3186 3074 3243 homicidis.
3096 3186 3390 3258 Propterea
3416 3190 3564 3244 enim

1997 3288 2116 3349 post
2142 3280 2383 3333 omnium
2411 3278 2639 3334 insultus
2668 3280 2808 3334 istud
2835 3280 3082 3349 contigit,
3108 3291 3392 3351 postquam
3416 3295 3566 3336 satu-

1997 3371 2098 3424 rati
2134 3379 2259 3425 sunt
2287 3370 2610 3440 opprobriis,
2647 3379 2702 3426 et
2741 3372 2999 3427 universa
3042 3371 3357 3428 eﬂ’utierunt
3405 3390 3562 3443 qua:-

1992 3478 2205 3534 cunque
2227 3462 2499 3518 volebant.

2563 3556 2714 3612 CAP.
2757 3557 2993 3616 XXVIII.

1995 3646 2180 3703 v.18.
2234 3646 2376 3702 Data
2424 3657 2500 3703 est
2548 3651 2678 3703 mihi
2733 3651 2899 3704 omnis
2944 3658 3177 3719 potestas
3231 3651 3287 3704 in
3333 3650 3562 3718 calo,“

2597 3736 2756 3790 super
2787 3731 2949 3775 terra.

2059 3808 2175 3865 Hoc
2215 3812 2342 3864 data
2393 3820 2466 3865 est
2507 3813 2636 3865 mihi
2681 3815 2847 3867 omnis
2891 3821 3143 3882 potestas,
3172 3821 3303 3878 etc.,
3348 3813 3414 3868 de
3462 3813 3563 3868 hu-

1991 3899 2251 3954 manitate
2279 3900 2536 3971 intelligo.
2563 3900 2717 3968 Quod
2749 3904 2793 3958 si
2827 3903 2990 3958 etiam
3020 3905 3086 3958 de
3113 3904 3396 3958 divinitate
3423 3906 3557 3960 velis

1988 3991 2362 4057 considerare,
2417 3993 2501 4046 vel
2555 3994 2635 4048 sic
2682 3995 2918 4063 accipies
2949 3995 3282 4050 illudzData
3319 4007 3392 4050 est
3429 3999 3557 4051 mihi

1985 4091 2238 4150 potestas,
2274 4096 2370 4150 pro
2388 4099 2633 4138 concessa
2659 4095 2754 4141 est.
2781 4085 2920 4140 Data
2943 4098 3019 4140 est
3042 4105 3062 4144 :
3092 4088 3266 4142 delata
3294 4101 3377 4144 est
3400 4089 3554 4153 mihi,

1988 4190 2052 4228 ex
2093 4175 2267 4230 libero
2299 4175 2528 4231 arbitrio
2556 4178 2763 4233 credita
2811 4191 2896 4234 εει
2927 4178 3080 4234 mihi.
3113 4180 3317 4235 Locum
3364 4181 3557 4235 habuit

1989 4267 2119 4330 vita,
2149 4268 2384 4336 primum
2426 4270 2645 4339 quidem
2690 4269 2742 4323 in
2784 4271 3052 4339 supernis,
3085 4271 3278 4326 deinde
3309 4288 3453 4327 nunc
3501 4281 3557 4326 et

1988 4357 2041 4411 in
2079 4357 2462 4416 inferioribus:
2491 4377 2628 4430 quos
2653 4360 2986 4417 conﬁdentes
3010 4364 3294 4433 baptizare
3346 4364 3401 4418 in
3461 4380 3555 4419 no-

1987 4446 2132 4501 mine
2161 4446 2362 4514 Patris,
2387 4457 2443 4504 et
2465 4448 2588 4506 Filii
2610 4461 2664 4506 et
2691 4451 2928 4521 Spiritus
2963 4453 3158 4506 sancti.
3187 4451 3333 4509 Unus
3351 4465 3436 4509 est
3457 4456 3553 4525 qui

1985 4537 2179 4601 salvat,
2216 4554 2322 4592 una
2353 4549 2439 4596 est
2467 4541 2634 4596 salus.
2669 4540 2816 4598 Unus
2852 4543 3040 4598 vivens
3083 4543 3267 4608 Pater,
3300 4545 3471 4601 Filius
3497 4557 3554 4600 et

1986 4627 2223 4695 Spiritus
2248 4639 2488 4686 sanctus.
2519 4630 2667 4687 Unus
2695 4643 2779 4688 est
2811 4648 2914 4687 non
2966 4633 3200 4689 coitione
3232 4636 3414 4698 trium,
3455 4637 3551 4690 sed

1987 4722 2146 4776 unica
2192 4725 2476 4781 essentia:
2509 4734 2620 4781 tres
2661 4741 2792 4782 vero
2833 4728 3155 4798 hypostases
3204 4731 3454 4799 perfectae
3492 4731 3547 4784 iu

1982 4814 2235 4870 omnibus
2263 4825 2320 4871 et
2349 4817 2416 4872 ad
2444 4832 2504 4872 se
2533 4819 2763 4874 invicem
2798 4821 3001 4874 relatua.
3033 4820 3339 4875 Secundum
3392 4831 3550 4876 natu-

1982 4923 2097 4962 ratn
2162 4909 2348 4977 genuit
2394 4909 2574 4976 Pater,
2623 4923 3016 4982 proptereaque
3071 4912 3546 4967 consubstantialis

1981 4996 2202 5064 genitus
2231 5006 2334 5052 est.
2363 4997 2479 5052 Non
2528 5007 2612 5054 est
2644 5011 2844 5069 corpus
2877 5002 3056 5056 Deus:
3088 5013 3376 5071 pr0pterea
3415 5017 3545 5071 ergo

1981 5103 2084 5142 non
2117 5087 2506 5155 deﬂuxionem,
2539 5107 2644 5145 non
2681 5101 2884 5146 motum
2920 5092 3004 5147 vel
3049 5093 3322 5164 quidpiam
3354 5093 3546 5163 hujus-

1979 5176 2142 5244 modi,
2177 5193 2295 5246 quae
2327 5179 2377 5232 in
2412 5183 2735 5250 corporibus
2763 5193 3080 5251 cernuntur,
3113 5183 3255 5240 Deus
3290 5185 3542 5255 incorpo-

1978 5283 2102 5323 reus
2130 5271 2334 5336 genuit.
2366 5270 2676 5329 Personalis
2729 5285 2814 5332 est
2866 5276 3144 5334 nativilas.
3179 5277 3256 5332 De
3303 5278 3542 5334 essentia

1975 5360 2154 5418 Patris
2185 5371 2346 5418 natus
2371 5373 2455 5420 est
2484 5365 2674 5422 Filius.

2040 5498 2151 5572 (58)
2186 5501 2348 5561 Forte
2374 5503 2480 5576 ἄρα
2504 5503 2708 5575 ρεῦσιν.
