3926 6518
430 348 528 416 5H

1290 352 1862 409 SU’PPLEMENTUM
1899 353 1993 408 AD
2027 353 2355 410 ORIGENIS
2394 353 2812 412 EXEGETICA.

471 477 3692 517 πεψὲ

921 913 1092 1000 ΕΙΣ
1167 915 1315 999 ΤΟ
1391 909 1688 1000 ΚΑΤΑ
1761 910 2222 1000 ΛΟΥΚΑΝ
2297 913 2996 1000 ΕΥΑΓΓΕΛΙΟΝ
3034 932 3178 1004 (39).

1589 1251 1810 1374 EX
1884 1250 2510 1367 ORIGENE

957 1497 1084 1586 IN
1159 1494 1952 1589 EVANGELIUM
2027 1491 2672 1583 SECUNDUM
2752 1493 3186 1594 LUCAM.

1349 1684 1704 1760 (Bibliotheca
1737 1683 2112 1751 Gallandiana,
2149 1701 2215 1742 ex
2251 1687 2372 1743 cod.
2410 1687 2602 1745 Venet.
2633 1687 2750 1759 28.)

1093 1955 1245 2014 CAP.
1291 1959 1334 2010 l.

436 2051 497 2106 Υ,
540 2051 592 2105 l.
629 2049 896 2118 Quoniam
926 2048 1080 2104 multi
1114 2051 1351 2120 aggressi
1381 2057 1502 2103 sunt
1536 2048 1845 2120 reordinare
1882 2064 2010 2120 uar-

472 2124 733 2177 ratiouem
758 2123 823 2176 de
846 2121 1020 2185 rebus,
1053 2118 1244 2191 quibus
1282 2129 1424 2173 certa
1453 2130 1528 2174 est
1557 2121 1707 2172 nobis
1729 2118 1970 2172 scientia.

509 2277 782 2345 Quoniam
839 2277 1030 2348 ingens
1076 2283 1196 2332 erat
1255 2283 1552 2338 tentamen,
1589 2283 1647 2328 ut
1695 2274 1787 2343 qui
1846 2273 2013 2328 homo

435 2378 580 2424 esset
614 2368 708 2423 Dei
760 2368 1064 2423 doctrinam
1118 2381 1179 2420 ae
1228 2365 1396 2420 verba
1450 2365 1841 2427 conscriberet,
1889 2365 2013 2435 jure

434 2473 663 2518 excusat
691 2463 744 2518 in
790 2463 1077 2532 promtnio.
1108 2460 1580 2529 Quemadmodum
1615 2471 1794 2514 autem
1828 2459 1882 2513 itt
1915 2473 2013 2515 ve-

440 2553 544 2610 teri
580 2555 778 2626 populo
811 2553 963 2607 multi
1011 2554 1352 2624 prophetiam
1401 2552 1828 2623 proﬁtebantur,
1859 2562 1915 2607 at
1945 2567 2012 2608 ex

440 2647 530 2701 his
573 2647 795 2716 quidam
835 2655 991 2701 erant
1035 2643 1158 2699 falsi
1217 2645 1518 2715 prophetae,
1550 2643 1771 2714 quidam
1822 2658 2011 2700 revera

439 2740 755 2808 prophetae;
785 2751 840 2794 et
876 2749 996 2794 erat
1027 2740 1228 2793 donum
1278 2738 1544 2794 discretio
1599 2738 1915 2806 spirituum,
1942 2751 2008 2792 ex

437 2847 546 2902 quo
577 2831 722 2887 dono
746 2832 1158 2887 discernebatur
1201 2847 1362 2886 verus
1406 2830 1672 2902 propheta
1721 2839 1773 2884 et
1810 2828 2010 2895 falsus;

439 2924 581 2978 haud
605 2938 766 2978 secus
789 2934 840 2980 et
869 2939 1014 2979 nunc
1045 2924 1098 2978 in
1132 2938 1271 2978 novo
1300 2923 1529 2988 laedere,
1553 2923 1832 2990 evangelia
1857 2924 2012 2978 multi

439 3017 682 3074 scribere
732 3022 1040 3073 voluerunt.
1098 3019 1169 3072 At
1221 3018 1431 3088 probati
1499 3018 1846 3072 nurnmularii
1910 3033 2014 3072 non

441 3108 623 3161 omnia
645 3107 1036 3178 approbarunt,
1067 3107 1160 3164 sed
1191 3109 1437 3176 quzcdam
1463 3124 1529 3162 ex
1555 3109 1686 3179 ipsis
1713 3109 2013 3179 elegerunt.

438 3198 604 3255 Forte
651 3201 814 3255 etiam
875 3200 1003 3266 hoc,
1057 3201 1290 3271 aggressi
1341 3210 1486 3266 sunt,
1537 3200 1794 3256 latentem
1854 3200 2018 3256 habet

2035 1960 2082 2017 Α

2774 1953 2933 2008 ΚΕΦ.
2973 1951 3051 2006 A'.

2112 2049 2262 2119 Στίχ.
2300 2048 2369 2102 α’.
2391 2117 2402 2119 ῃ
2424 2045 2659 2119 Ἐπειδὴ
2706 2043 3359 2119 πολλοὶρὲπεχείρησαν
3392 2044 3702 2119 ανατᾴξα-

2183 2112 2324 2173 ἁΰαι
2375 2112 2658 2185 διήγησιν
2715 2117 2847 2184 περὶ
2897 2112 3015 2168 τῶν
3067 2112 3703 2184 πεπληροφορημένων

2184 2189 2329 2258 ἡμῖν
2364 2186 2745 2257 πραγμάτων.

2197 2279 2413 2350 Ἐπειδὴ
2452 2279 2756 2350 ὑπέρογκον
2787 2272 2854 2348 ῆν
2888 2275 2949 2329 τὸ
2990 2276 3362 2348 ἐπιχείρημα,
3407 2272 3702 2347 ἄνθρωπον

2113 2374 2276 2439 ὄντα,
2331 2370 2467 2424 Θεοῦ
2513 2368 2865 2423 διδασκαλίαν
2910 2368 3004 2422 καὶ
3055 2369 3274 2440 ῥήματα
3331 2369 3700 2441 συγγράφειν,

2113 2467 2337 2530 εἰκότως
2387 2465 2732 2533 ἀπολογεῖται
2780 2466 2838 2517 ὲν
2866 2463 2942 2534 τῷ
2985 2464 3272 2540 προοιμίῳ.
3309 2465 3520 2535 Ὠσπερ
3548 2465 3613 2517 δὲε
3641 2466 3703 2517 ἐν

2113 2556 2191 2628 τῷ
2235 2556 2403 2610 πάλαι
2458 2555 2570 2627 λαῷ
2632 2553 2816 2610 πολ)οὶ
2870 2555 3209 2626 προφητείαν
3260 2553 3701 2626 ἐπηγγέλλοντο,

2116 2649 2250 2702 ἀλλὰ
2287 2647 2493 2702 τούτων
2535 2648 2681 2712 τινὲς
2729 2647 2828 2717 μὲν
2859 2641 3002 2719 ἦσαν
3044 2646 3520 2718 ψευδοπροφῆται,
3557 2647 3703 2710 τινὲς

2114 2741 2172 2796 δὲ
2219 2740 2436 2813 άληθῶς
2481 2741 2788 2813 προφῆται·
2843 2741 2938 2793 καὶ
2986 2735 3054 2812 ἦν
3114 2740 3360 2812 χάρισμα
3424 2739 3704 2811 διάκρισις

2117 2835 2480 2904 πνευμάτων,
2524 2831 2616 2901 ἀφ’
2652 2827 2712 2885 οὗ
2755 2832 3088 2903 χαρίσματος
3127 2831 3372 2902 ἐκρίνετο
3414 2831 3444 2882 ὁ
3493 2829 3704 2901 ἀληθὴς

2117 2925 2401 2997 προφήτης
2434 2924 2526 2976 καὶ
2558 2925 2586 2976 ὁ
2614 2921 3059 2994 ψευδοπροφήτης
3080 2939 3092 2951 ·
3127 2920 3267 2975 οὕτω
3294 2921 3389 2975 καὶ
3423 2921 3519 2975 νῦν
3547 2921 3607 2975 ὲν
3632 2923 3704 2992 τῇ

2118 3021 2277 3089 καινῇ
2327 3017 2576 3088 διαθήκῃ,
2608 3017 2677 3071 τά
2712 3017 3021 3085 Εὑαγγέλια
3049 3015 3232 3070 πολλοὶ
3263 3016 3535 3086 ἠθέλησαν
3566 3017 3706 3088 γρά-

2117 3111 2235 3181 ψαι.
2293 3110 2429 3163 Ἀλλ’
2457 3111 2505 3163 οἱ
2538 3109 2750 3180 δόκιμοι
2789 3106 3111 3180 τραπεζῖται
3145 3107 3204 3160 οὐ
3240 3109 3420 3161 πάντα
3454 3107 3705 3179 ἔκριναν,

2119 3202 2254 3256 ἀλλά
2277 3220 2395 3255 τινα
2439 3199 2498 3265 ἐξ
2545 3200 2724 3254 αὐτῶν
2774 3198 3103 3264 ἐξελέξαντο.
3162 3197 3315 3270 Τάχα
3359 3198 3415 3252 δὲ
3471 3198 3568 3252 καὶ
3616 3197 3704 3263 τὸ,

439 3293 843 3347 accusationem
875 3308 1088 3358 eorum,
1121 3295 1210 3362 qui
1239 3304 1443 3349 temere
1465 3304 1520 3350 et
1546 3295 1666 3350 sine
1690 3295 2018 3350 charismate

2122 3295 2540 3364 ἐπεχείρησαν,
2575 3291 2858 3363 λεληθυῖαν
2897 3290 3011 3362 ἔχει
3039 3291 3376 3362 κατηγορίαν
3419 3291 3529 3344 τῶν
3564 3308 3707 3362 προ-

441 3393 792 3440 accesserunt
819 3385 885 3439 ad
913 3386 1197 3441 scribenda
1225 3386 1538 3459 Evangelia.
1561 3387 1847 3444 Matthaaus
1871 3389 2016 3444 enim

443 3487 552 3525 non
583 3481 666 3526 est
687 3476 1102 3544 aggressus.sed
1131 3477 1350 3547 scripsit
1377 3487 1555 3532 motus
1587 3492 1616 3530 a
1650 3475 1856 3541 Spiritu
1888 3494 2016 3533 san-

442 3570 553 3614 cto.
589 3561 855 3617 Similiter
880 3571 937 3618 et
967 3563 1199 3625 Marcus.
1230 3575 1285 3620 et
1310 3565 1552 3622 Joannes
1581 3567 1724 3624 haud
1754 3569 1934 3635 aliter,
1964 3579 2021 3625 et

442 3648 639 3706 Lucas.
671 3653 744 3707 At
782 3652 924 3723 quod
967 3655 1286 3710 inscribitur
1327 3656 1680 3730 Evangelium
1717 3663 2016 3716 secundum

443 3740 745 3812 .‘Egyptios,
783 3754 838 3799 et
888 3747 1032 3815 quod
1088 3747 1218 3801 item
1295 3749 1610 3804 inscribitur
1666 3750 2017 3822 Evangelium

446 3833 856 3902 duodenorum,
907 3839 944 3893 ii
981 3840 1074 3910 qui
1131 3851 1498 3896 exaraverunt
1545 3841 1732 3912 utique
1775 3845 2016 3913 aggressi

441 3935 588 3981 sunt.
621 3927 1018 3986 Circumfertur
1047 3946 1266 4002 quoque
1311 3931 1662 4004 Evangelium
1719 3934 2018 3990 secundum

445 4015 733 4074 Thomam.
761 4019 880 4076 Jam
914 4037 1076 4089 porro
1102 4039 1268 4079 ausus
1297 4032 1384 4079 est
1406 4026 1571 4078 etiam
1595 4024 1863 4080 Basilides
1882 4027 2019 4080 scri-

447 4113 572 4167 bere
598 4111 944 4185 Evangelitun
972 4116 1267 4178 secundmn
1295 4114 1764 4174 BasilidemJlulti
1793 4127 2018 4186 praeter-

443 4220 509 4260 ea
545 4207 785 4277 aggressi
844 4218 972 4262 sunt
996 4206 1344 4279 Evangelium
1374 4208 1670 4264 secundum
1714 4209 2019 4274 Matthiam,

445 4306 500 4350 et
533 4295 636 4350 alia
669 4297 842 4368 plura.
896 4297 1002 4354 Sed
1033 4289 1177 4354 enim
1206 4309 1444 4370 quatuor
1479 4309 1687 4354 tantum
1735 4299 1891 4371 eligit
1925 4301 2019 4355 Dei

447 4386 712 4444 Ecclesia.
757 4389 873 4445 Non
919 4392 1240 4461 simpliciter
1272 4400 1453 4446 autem
1505 4392 1693 4448 dicens
1745 4393 1813 4448 de
1859 4394 2020 4448 rebus

444 4478 688 4540 creditis.
715 4479 810 4534 sed
839 4482 906 4535 de
935 4481 1098 4536 rebus
1123 4480 1320 4550 quibus
1342 4492 1495 4537 certa
1540 4491 1624 4538 est
1657 4482 1812 4539 nobis
1838 4483 2022 4538 scien-

447 4573 541 4635 tia,
571 4573 944 4629 testimonium
978 4577 1228 4644 perhibet
1264 4575 1504 4632 narratis
1556 4577 1741 4642 rebus,
1783 4592 1892 4646 quo
1931 4578 2018 4631 in-

2121 3387 2302 3451 πετῶς
2354 3388 2449 3440 καὶ
2503 3387 2672 3458 χωρὶς
2731 3385 3067 3457 χαρίσματος
3123 3383 3386 3438 ἐλθόντων
3453 3384 3549 3438 ἐπὶ
3604 3381 3708 3454 τὴν

2119 3481 2443 3553 ἀναγραφὴν
2502 3481 2611 3533 τῶν
2656 3477 3022 3548 Εὐαγγελίων.
3087 3477 3364 3540 Ματθαῖος
3425 3476 3538 3548 γὰρ
3603 3477 3710 3529 οὐκ

2120 3572 2496 3644 ἐπεχείρησεν,
2528 3571 2640 3624 ἀλλ’
2665 3570 2903 3642 ἔγραψεν
2925 3567 2985 3634 ἐξ
3009 3569 3164 3637 ἁγίου
3187 3568 3508 3638 κινούμενος
3529 3567 3708 3621 Πνεῦ-

2121 3683 2317 3737 ματοςο
2349 3666 2551 3736 ὁμοίως
2573 3665 2667 3718 καὶ
2694 3665 2918 3736 Μάρκος
2938 3707 2953 3731 ,
2992 3663 3085 3717 καὶ
3126 3661 3379 3730 Ἰωάννης
3412 3660 3710 3739 παραπλη-

2121 3757 2272 3821 σίως,
2303 3757 2398 3810 καὶ
2442 3757 2675 3819 Λουκᾶς.
2705 3755 2778 3808 Τὸ
2826 3755 3006 3826 μέντοι
3045 3751 3524 3822 ἐπιγεγραμμένον
3563 3749 3710 3804 κατὰ

2119 3848 2448 3918 Αἰγυπτίους
2477 3846 2832 3915 Εὑαγγέλιον,
2872 3844 2968 3899 καὶ
2998 3843 3060 3897 τὸ
3086 3839 3572 3912 ἐπιγεγραμμένον
3596 3837 3709 3892 τῶν

2118 3941 2326 3996 δώδεκα
2366 3937 2731 4007 Εὑαγγέλιον,
2772 3938 2822 3990 οἱ
2858 3933 3272 4008 συγγράψαντες
3314 3933 3706 4004 ἐπεχείρησαν.

2117 4031 2346 4103 Φέρεται
2375 4029 2431 4083 δὲ
2461 4029 2556 4082 καὶ
2587 4029 2648 4082 τὸ
2675 4028 2818 4082 κατὰ
2851 4027 3053 4097 Θωμᾶν
3084 4024 3433 4094 Εὐαγγέλιον.
3477 4023 3618 4095 Ἤδη
3649 4024 3710 4076 δὲ

2119 4123 2385 4195 ἐτόλμησε
2430 4124 2523 4176 καὶ
2565 4120 2881 4191 Βασιλείδης
2915 4119 3224 4190 συγγράψαι
3271 4117 3417 4173 κατὰ
3453 4117 3711 4171 Βασιλεί-

2119 4215 2215 4286 δην
2240 4213 2591 4284 Εὑαγγέλιον.
2625 4212 2816 4266 Πολλοὶ
2843 4212 2942 4283 μὲν
2966 4209 3058 4265 οὖν
3091 4211 3456 4282 ἐπεχείρησαν
3504 4211 3602 4263 καὶ
3647 4209 3714 4262 τὸ

2121 4304 2261 4359 κατὰ
2285 4303 2555 4368 Ματθίαν,
2591 4303 2683 4358 καὶ
2722 4303 2858 4358 ἄλλα
2887 4301 3125 4357 πλείονα.
3175 4300 3336 4354 Ἀλλὰ
3374 4299 3444 4354 τὰ
3465 4300 3712 4371 τέσσαρα

2124 4399 2262 4469 μόνα
2293 4397 2575 4469 προκρίνει
2600 4394 2743 4468 ήτοῦ
2774 4393 2908 4449 Θεοῦ
2948 4393 3262 4465 Ἐκκλησία.
3287 4393 3398 4464 Οὐχ
3431 4393 3620 4456 ἁπλῶς
3651 4392 3712 4446 δὲ

2121 4481 2245 4545 εἷπε
2301 4489 2782 4560 πεπιστευμένων,
2835 4487 2972 4541 ἀλλὰ
3004 4485 3614 4556 πεπληροφορημένων,
3649 4484 3714 4538 τὸ

2121 4583 2472 4654 ἀπαράϐατον
2498 4585 2609 4644 τοῖς
2640 4580 2952 4652 λεγομένοις
2988 4577 3304 4650 μαρτυρῶν.
3339 4575 3714 4646 Πραγμάτων

444 4681 725 4722 ροηουεειο
747 4679 896 4722 stent
926 4671 1231 4725 certissima
1261 4673 1515 4729 veritate.
1556 4671 1635 4727 De
1672 4672 1824 4726 rebus
1853 4688 2017 4742 porro

2122 4677 2175 4729 δὲ
2199 4672 2370 4739 εἶπεν,
2413 4673 2648 4746 ἀναιρῶν
2693 4673 2790 4743 τὴν
2825 4673 3032 4743 αἵρεσιν
3063 4671 3172 4724 τῶν
3213 4670 3358 4724 κατὰ
3403 4667 3712 4738 φαντασίαν

446 4759 601 4822 dixit,
654 4776 764 4830 quo
813 4761 1028 4831 jugulat
1083 4761 1334 4818 lueresim
1404 4764 1642 4830 illorum,
1677 4765 1768 4832 qui
1830 4764 2016 4817 dicunt

443 4854 784 4921 phantastice
813 4863 964 4923 gesta
990 4855 1191 4910 Christi
1223 4856 1538 4926 contigisse,
1569 4858 1678 4910 imo
1732 4868 1787 4911 et
1839 4858 2020 4911 incar-

449 4944 725 4998 nationem
770 4945 910 5012 ejus.
968 4944 1164 5001 Dicens
1217 4961 1368 5013 vero,
1414 4949 1478 5000 de
1524 4949 1711 5017 quibus
1750 4960 1894 5002 certa
1941 4960 2016 5002 est

445 5038 592 5091 nobis
637 5037 879 5104 scientia,
921 5053 1027 5108 quo
1057 5040 1217 5094 modo
1247 5041 1459 5095 animus
1505 5041 1620 5107 ejus
1667 5051 2019 5110 comparatus

444 5140 610 5195 esset,
635 5133 893 5188 ostendit.
923 5133 1238 5188 Certissime
1287 5135 1430 5188 enim
1479 5150 1799 5206 persuasum
1851 5137 2016 5191 habe-

445 5227 558 5290 bat,
587 5226 828 5296 nihilque
856 5226 1161 5288 dubitabat.
1195 5234 1376 5280 utrum
1410 5229 1482 5280 ita
1516 5243 1574 5282 se
1608 5243 1694 5282 res
1725 5227 2014 5295 haberent,

449 5334 639 5373 necne.
674 5318 826 5385 Quod
862 5329 1045 5374 autem
1099 5321 1166 5374 ab
1200 5319 1432 5375 oculatis
1477 5321 1708 5376 testibus
1736 5321 2012 5386 didicerit,

451 5413 737 5466 manifeste
767 5413 1055 5467 conﬁtetur
1083 5412 1336 5480 inquiens
1362 5427 1376 5463 :
1405 5411 1860 5476 Quemadmodum
1907 5427 2018 5466 tra-

445 5505 692 5557 diderunt
728 5505 876 5558 nobis
910 5506 1000 5574 qui
1041 5505 1104 5557 ab
1140 5506 1291 5557 initio
1345 5504 1544 5558 oculati
1574 5512 1749 5569 testes,
1775 5515 1822 5558 et
1858 5506 2018 5557 mini-

2121 4768 2388 4836 λεγόντων
2433 4766 2501 4819 τὰ
2534 4765 2622 4818 διὰ
2665 4764 2759 4818 τοῦ
2793 4765 3042 4835 Σωτῆρος
3079 4760 3443 4833 γεγενῆσθαι,
3484 4760 3582 4814 καὶ
3607 4757 3711 4829 τὴν

2121 4860 2396 4931 σάρκωσιν
2423 4857 2606 4910 αὑτοῦ.
2642 4858 2780 4926 Περὶ
2825 4855 2945 4910 τῶν
2984 4851 3612 4924 πεπληροφορημέναηο
3650 4851 3711 4904 δὲ

2121 4950 2289 5026 εἰπὼν
2307 4992 2321 5016 ,
2348 4950 2449 5022 τὴν
2478 4950 2715 5003 διάθεσιν
2741 4949 2904 5003 αὐτοῦ
2933 4948 3201 5019 ἐμφαίνει.
3243 4943 3712 5015 Πεπληροφόρητο

2121 5043 2250 5116 γάρ,
2281 5045 2375 5098 καὶ
2412 5043 2563 5096 οὐδὲν
2595 5040 2875 5104 ὲδίσταζε,
2913 5039 3137 5110 πότερον
3166 5036 3342 5100 οὕτως
3381 5035 3516 5105 ἔχει,
3551 5033 3585 5105 ῆ
3619 5032 3706 5088 οὔ.

2125 5134 2263 5204 ὈτιΙ
2292 5134 2350 5187 δὲ
2406 5129 2560 5205 παρὰ
2597 5132 2706 5184 τῶν
2754 5130 2986 5200 αὐτοψίᾳ
3035 5128 3388 5198 θεασαμένων
3433 5129 3530 5179 καὶ
3577 5126 3711 5180 αὐτ-

2119 5226 2298 5296 ηκόων
2334 5223 2636 5296 παρέλαϐε,
2683 5223 2869 5292 σαφῶς
2895 5220 3243 5293 ὡμολόγησεν
3275 5218 3464 5272 εἰπών·
3496 5219 3708 5285 Καθὼς

2121 5317 2466 5387 παρέδοσαν
2511 5317 2654 5386 ἡμῖν
2682 5320 2734 5370 ot
2764 5317 2860 5370 ἀπ’
2889 5312 3081 5384 ἀρχῆς
3104 5313 3396 5365 αὐτόπται
3437 5311 3535 5364 καὶ
3589 5313 3692 5363 ὑπι-

2119 5408 2321 5476 ηρέται
2351 5407 2655 5476 γενόμενοι
2679 5405 2784 5459 τοῦ
2813 5405 3024 5473 Λόγου.
3061 5401 3476 5454 Διαϐεϐαιοῦται
3505 5400 3584 5464 δὲ,
3621 5400 3707 5452 ὅτι

2125 5499 2326 5554 ἄνωθεν
2349 5498 2843 5571 παρηκολούθησεν,
2870 5495 2929 5548 οὔ
2949 5512 3054 5548 τισι
3078 5493 3186 5546 τῶν
3214 5496 3336 5565 είρη
3347 5493 3546 5563 μένων,
3568 5487 3707 5543 ἀλλὰ

446 5594 540 5645 sm’
569 5593 780 5655 fuerunt
830 5593 1066 5647 Verbi“.
1098 5593 1468 5649 Conlirmatur
1523 5603 1727 5662 autem,
1760 5595 1889 5666 quia
1935 5611 2024 5652 res

2127 5595 2280 5648 πᾶσι.
2317 5593 2475 5656 Εἰκὸς
2501 5592 2556 5645 δὲ
2583 5589 2984 5662 ὑπολαμϐάνειν
3008 5585 3176 5649 τινὰς,
3213 5586 3296 5638 ὅτι
3325 5582 3568 5653 Θεοφίλῳ
3599 5581 3708 5634 τινὶ

519 5706 564 5737 ’³
591 5707 718 5758 Luc.
759 5724 798 5768 ι,
830 5708 883 5765 2.

532 5799 644 5869 (59)
685 5801 757 5855 lix
790 5805 909 5858 cod.
942 5801 1145 5859 \‘cncto
1174 5802 1264 5858 ‘28.
