3958 6528
231 369 326 425 515

1495 367 1788 425 SCHOLIA
1831 369 1897 425 IN
1937 372 2196 432 LUCAM.

3370 375 3476 431 ’514

229 486 418 559 ἔγραψε
450 486 513 541 τὸ
539 484 890 556 Εὐαγγέλιον,
915 488 974 553 ὃς
1000 480 1080 554 εἷς
1103 483 1173 559 ἦν
1195 487 1304 542 τῶν
1326 491 1772 544 πεπιστευκότων

1905 497 1972 549 ab
2018 499 2247 552 exordio
2282 499 2584 555 continenti
2635 498 2779 554 serie
2820 498 3022 569 attigit,
3054 511 3160 550 non
3212 499 3470 566 quasdam

225 575 384 644 ὤτως
404 578 537 645 ζέων
551 579 626 650 τῷ
647 579 938 651 πνεύματι,
956 583 1049 634 καὶ
1069 581 1358 653 ἀπλήστως
1380 582 1520 652 ἔχων
1547 585 1673 655 περὶ
1696 584 1791 648 τὰς

226 672 309 726 τοῦ
353 674 554 744 Κυρίου
602 672 830 745 πράξεις
877 691 938 728 τε
983 675 1079 730 καὶ
1124 674 1352 745 λόγους’
1401 677 1571 747 ὅνπερ
1617 677 1790 730 ἐποίει

225 764 610 836 ἀσφαλέστερον
641 767 738 820 καὶ
769 766 837 820 τὰ
860 767 954 820 νῦν
982 769 1322 840 γραφόμενα.
1356 768 1550 833 ’Δλλος
1590 769 1648 823 δέ
1682 787 1789 840 φη·-

228 873 331 910 σινο
365 858 596 912 Ὀτιὲὰν
629 861 829 924 πάντες
875 860 1106 914 τοιοῦτοι
1154 855 1334 932 ὦμεν,
1373 861 1448 926 ὡς
1472 862 1790 930 ἀγαπᾶσθαι

226 950 318 1004 ὑπὸ
341 949 432 1004 τοῦ
458 950 714 1004 Θεοῦ-καὶ
747 950 1049 1022 φιλεῖσθαι,
1079 951 1327 1022 Θεόφιλοί
1361 953 1550 1024 ἐσμεν.
1587 953 1701 1006 Οὐκ
1723 952 1790 1006 ἂν

224 1042 273 1095 δέ
301 1059 377 1106 τις
401 1041 488 1114 εἴη
514 1044 772 1112 Θεόφιλος
809 1043 1040 1116 ἀσθενής
1057 1062 1070 1074 ·
1103 1047 1212 1107 πᾶς
1236 1044 1344 1116 γὰρ
1366 1044 1624 1115 Θεόφιλος
1649 1047 1787 1117 κρά-

222 1135 383 1199 τιστός
410 1138 558 1189 ἐστιν
588 1137 727 1208 ἔχων
755 1137 816 1191 τὸ
839 1137 1040 1209 κράτος
1061 1139 1154 1190 καὶ
1174 1137 1272 1209 τὴν
1293 1138 1427 1220 ῥύνα
1439 1155 1530 1209 μιν
1555 1137 1654 1210 τὴν
1679 1137 1788 1191 ἀπὸ

221 1227 301 1283 τοῦ
330 1227 459 1281 Θεοῦ
498 1229 704 1282 καὶτοῦ
737 1229 910 1298 Λόγου
949 1228 1133 1294 αὐτοῦ,
1165 1232 1260 1284 καὶ
1287 1229 1458 1294 οὕτως
1485 1229 1784 1298 ἐπιγνώσε-

219 1333 298 1370 ται
341 1319 417 1382 εἰς
453 1318 552 1388 τὴν
601 1319 726 1389 περὶ
775 1311 849 1372 ὧν
898 1318 1181 1388 κατηχήθη
1234 1317 1410 1386 λόγων
1461 1317 1780 1385 ἀσφάλειαν.

230 1408 636 1478 Ἐπαγγέλλεται
675 1410 851 1464 τοίνυν
901 1410 1000 1480 τῆς
1040 1409 1291 1478 γνώσεως
1327 1410 1388 1462 τὸ
1425 1409 1660 1479 βέϐαιον,
1695 1409 1782 1461 ἵνα

219 1502 345 1572 ᾶπερ
375 1504 581 1566 ἐκεῖνος
606 1503 742 1574 ἀκοῇ
780 1501 1079 1573 παρέλαϐε,
1127 1501 1297 1554 ταῦτα
1327 1502 1422 1554 καὶ
1459 1502 1782 1573 γράμμασιν

217 1592 538 1662 ἐντυγχάνων
564 1592 971 1666 ἀσφαλέστερον
1000 1591 1099 1664 τὴν
1132 1594 1314 1647 πίστιν
1348 1593 1599 1665 διατηρῇ.

276 1684 378 1755 (40)
446 1684 535 1736 Ἐν
595 1687 660 1756 τῇ
717 1684 916 1755 Ἐξόδῳ
962 1683 1296 1756 γέγραπται,
1373 1685 1491 1738 Ὅτι
1547 1689 1579 1738 ό
1629 1684 1780 1751 λαὸς

213 1775 410 1844 ἑώρακε
443 1776 561 1845 τὴν
594 1776 805 1847 φωνὴν·
841 1776 946 1831 τοῦ
989 1765 1232 1845 Κυρίου,
1257 1777 1501 1845 καίτοιγε
1545 1777 1694 1846 φωνὴ
1715 1777 1776 1829 οὐ

1896 591 2054 646 modo
2087 606 2153 644 ex
2194 591 2259 644 iis
2285 606 2404 659 quae
2433 592 2592 646 dictae
2621 598 2766 654 sunt,
2804 589 2896 643 sed
2929 589 3234 643 universas.
3264 586 3472 642 Forsan

1894 682 2058 750 aliqui
2106 683 2506 751 respoadebunt
2542 681 2691 736 illum
2731 680 3029 749 'l‘heophilo
3061 680 3270 734 cuidam
3297 677 3474 733 Evan-v

1893 773 2089 843 gelium
2151 773 2440 842 scripsisse
2475 813 2491 838 ,
2539 775 2630 842 qui
2711 788 2848 827 unus
2906 781 3025 826 eral.
3094 771 3468 835 credentium,

1893 865 2035 920 idem
2078 865 2272 934 spiritu
2307 864 2545 930 fervens,
2575 882 2642 920 ac
2677 865 2742 920 de
2785 865 2994 920 Domini
3037 865 3207 934 gestis
3240 862 3471 918 dictisve

1893 957 2267 1024 insatiabilis;
2309 958 2512 1028 quippe
2560 975 2721 1028 quem
2778 961 2890 1014 hate
2925 959 3126 1028 scripta
3171 957 3467 1010 lirtniorem

1889 1046 2214 1102 eﬂiciebant.
2255 1046 2400 1104 Dicit
2445 1063 2578 1103 vero
2620 1049 2862 1117 aliquis:
2893 1047 3048 1115 Quod
3104 1046 3151 1100 si
3213 1060 3405 1100 omnes
3431 1044 3467 1097 ii

1890 1153 2100 1206 sumus,
2139 1140 2233 1209 qui
2287 1155 2318 1194 a
2373 1141 2484 1195 Deo
2527 1149 2778 1196 amentur
2825 1151 2881 1196 et
2935 1141 3252 1210 diligantur,
3289 1137 3469 1194 Theo-

1887 1233 2022 1302 phili
2068 1247 2278 1288 sumus.
2330 1232 2472 1288 Num
2519 1235 2646 1302 quis
2693 1233 3032 1304 Theophilus
3063 1231 3314 1287 inﬁrmus
3345 1243 3470 1286 esse

1888 1323 2323 1393 potest?0mnis
2378 1325 2524 1380 enim
2578 1325 2916 1396 Theophilus
2976 1325 3308 1380 fortissimus
3359 1328 3468 1387 est,

1887 1418 2097 1473 habens
2130 1420 2238 1472 vim
2294 1431 2347 1473 et
2388 1419 2688 1489 potentiam
2742 1435 2772 1472 a
2826 1421 2960 1484 Deo,
3009 1417 3301 1488 Verboque
3349 1416 3469 1486 ejus

1884 1510 2296 1579 procedentem.

1957 1687 2011 1742 in
2047 1687 2233 1743 Exodo
2263 1688 2524 1758 scriptum
2559 1695 2669 1753 est,
2702 1686 2843 1753 Quia
2886 1688 3113 1758 papulus
3136 1687 3265 1741 vidit
3291 1701 3467 1740 vocem

1884 1777 2102 1832 Domini
2123 1781 2190 1847 ",
2227 1781 2447 1835 tametsi
2479 1795 2582 1834 vox
2612 1796 2721 1836 non
2755 1780 3026 1845 videatur,
3062 1779 3158 1834 sed
3188 1780 3463 1833 audiatur.

214 1866 476 1937 βλέπεται,
518 1868 637 1923 ἀλλ’
659 1869 943 1923 ἀκούεται’
978 1869 1066 1924 ἴνα
1093 1868 1304 1942 δηλωθῇ
1337 1867 1674 1942 παραδόξως,
1703 1869 1772 1921 ὅτι

1887 1871 2004 1936 Ouo
2049 1871 2304 1928 videlicet
2351 1873 2620 1941 stupende
2675 1873 3162 1936 demonstraretur,
3195 1874 3320 1940 quia
3371 1871 3464 1925 Dei

212 1962 240 2029 ἡ
273 1958 358 2012 τοῦ
407 1959 543 2014 Θεοῦ
605 1961 756 2033 φωνὴ
791 1961 1046 2032 βλέπεται
1072 1957 1154 2026 οἷς
1189 1961 1462 2032 βλέπεται.
1511 1962 1600 2015 Ἐν
1632 1961 1781 2031 δὲτῷ

212 2052 503 2120 Εὑαγγελίῳ
554 2054 655 2123 οὐχ
702 2056 737 2124 ἡ
796 2053 949 2126 φωνὴ
1009 2054 1300 2125 βλέπεται,
1368 2054 1479 2108 ἀλλ’
1516 2055 1545 2106 ὁ
1597 2052 1779 2123 κρείτ-

211 2148 304 2196 των
324 2143 419 2214 τῆς
443 2144 633 2216 φωνῆς
656 2145 848 2213 Λόγος.
875 2145 974 2198 Διὰ
996 2144 1176 2206 τοῦτο,
1207 2143 1416 2211 Καθὼς
1434 2145 1781 2213 παρέδοσαν

212 2235 336 2306 ἡμῖν
364 2240 416 2290 οί
444 2239 546 2292 ἀπ’
575 2237 770 2307 ἀρχῆς
808 2240 1098 2292 αὐτόπται
1142 2238 1241 2292 καί
1281 2237 1571 2306 ὑπηρέται
1613 2241 1778 2308 γενό-

206 2345 353 2397 μενοι
377 2329 478 2383 τοῦ
510 2331 731 2400 Λόγου.
774 2331 838 2384 Εί
877 2331 987 2400 γὰρ
1017 2330 1079 2384 τὸ
1105 2330 1407 2402 ἑωρακέναι
1439 2331 1530 2384 τὸν
1571 2330 1776 2403 Κύριον

211 2420 333 2474 κατὰ
354 2421 510 2493 σῶμα
543 2423 826 2494 αὐτόπτην
853 2421 1045 2477 τούτου
1067 2423 1327 2492 γενέσθαι
1354 2419 1422 2494 ἧν
1441 2440 1454 2454 ·
1492 2425 1586 2478 καὶ
1609 2425 1776 2478 Πιλὰ-

208 2529 286 2576 της
309 2514 582 2586 αὐτόπτης
603 2510 673 2586 ἦν
696 2514 792 2568 τοῦ
823 2515 997 2583 Λόγου
1021 2554 1036 2579 ,
1071 2514 1446 2580 καταδικάξων
1472 2516 1653 2581 αὐτὸν,
1681 2518 1776 2571 καὶ

219 2603 392 2669 Ἰούδας
433 2607 462 2659 ό
504 2607 812 2678 προδότης,
846 2609 941 2661 καὶ
983 2607 1186 2672 πάντες
1216 2609 1266 2660 oi
1291 2607 1559 2678 λέγοντες·
1588 2613 1775 2664 Σταύ-

204 2712 397 2762 ρωσον,
430 2699 793 2766 σταύρωσον
826 2701 1032 2754 αὐτόν.
1070 2699 1143 2752 Τὸ
1175 2695 1268 2752 οὖν
1310 2699 1507 2754 εἰδέναι
1541 2701 1631 2754 τὸν
1669 2702 1772 2755 Λό-

207 2802 287 2853 γον
311 2789 419 2841 ἐκεῖ
442 2790 669 2854 ὲνοεῖτο,
695 2791 826 2844 ὃπου
863 2789 1046 2858 ἔλεγεν
1073 2793 1101 2845 ὁ
1129 2791 1320 2869 Σωτήρ
1343 2809 1356 2822 ·
1401 2793 1464 2845 '0
1498 2793 1771 2862 ἑωρακὼς

205 2878 311 2947 ἐμὲ,
339 2881 555 2949 ἑώρακε
585 2882 693 2936 τὸν
729 2882 992 2952 Πατέρα,
1034 2882 1141 2938 τὸν
1171 2885 1494 2955 πέμψαντά
1515 2904 1611 2956 με.
1660 2889 1770 2941 Καὶ

206 2969 480 3040 λεληθότως
505 2974 569 3028 δὲ
603 2974 768 3029 καλὸν
799 2976 1030 3048 μάθημα
1055 2977 1295 3032 διδάσκει
1317 2980 1462 3049 ἡμᾶς
1490 2979 1518 3030 ὁ
1554 2981 1770 3043 Λουκᾶς

206 3062 432 3130 ἐνταῦθα,
462 3067 548 3120 ὅτι
579 3067 741 3120 τινῶν
772 3068 869 3138 μὲν
895 3068 1269 3140 θεωρημάτων
1312 3071 1372 3124 τὸ
1401 3070 1606 3143 τέλοςή
1636 3072 1770 3124 θεω-

209 3156 284 3227 ρία
297 3157 403 3210 ἐστί
421 3175 435 3188 ·
458 3159 627 3212 τινῶν
646 3159 702 3213 δὲ
719 3158 1090 3232 θεωρημάτων
1106 3162 1166 3215 τὸ
1181 3162 1333 3227 τέλος
1354 3166 1387 3234 η
1410 3163 1606 3235 πρᾶξίς
1627 3167 1765 3219 ἐστι.

1883 1978 1985 2017 vox
2016 1963 2228 2018 videtur
2276 1964 2474 2034 quibus
2517 1965 2750 2021 videtur.
2801 1963 2859 2017 In
2913 1963 3206 2032 Evangelia
3257 1971 3463 2024 autent,

1883 2071 1990 2109 non
2042 2069 2146 2108 vox
2193 2055 2430 2118 videtur,
2475 2065 2530 2108 at
2561 2055 2705 2125 quod
2765 2069 2900 2110 voce
2941 2054 3298 2124 praestantius
3353 2063 3463 2116 est,

1857 2128 1860 2130 Ὺ
1884 2145 2140 2199 Verbum.
2169 2143 2466 2214 Propterea
2494 2146 2570 2199 ait
2599 2162 2613 2201 :
2636 2144 3095 2211 Quemadmodum
3123 2145 3463 2198 tradiderunt

1879 2239 2053 2302 nobis,
2087 2237 2178 2306 qui
2209 2237 2274 2290 ab
2298 2238 2452 2291 initio
2484 2239 2685 2292 oculati
2713 2247 2870 2292 tcstes
2900 2248 2948 2292 et
2985 2238 3216 2291 ministri
3246 2238 3462 2305 fuerunt

1889 2327 2062 2383 Verbi.
2091 2328 2150 2382 Si
2182 2329 2328 2382 enim
2355 2328 2558 2383 vidisse
2587 2329 2874 2384 Dominum
2900 2331 3200 2384 secundum
3239 2345 3457 2400 corpus,

1875 2418 2126 2487 eratejus
2149 2419 2320 2473 fuisse
2339 2419 2611 2472 oculatum
2633 2429 2824 2475 testem
2850 2439 2862 2473 :
2893 2430 2948 2475 et
2977 2419 3185 2474 Pilatus
3213 2422 3462 2474 oculatus

1877 2515 2035 2568 testis
2059 2512 2254 2567 fuisset
2285 2510 2467 2574 Verbi,
2491 2512 2582 2582 qui
2615 2526 2740 2565 eum
2775 2513 3184 2579 condemnavit,
3209 2523 3265 2569 et
3289 2514 3462 2568 Judas

1874 2608 2140 2676 proditor,
2185 2617 2239 2662 et
2288 2607 2602 2676 quicunque
2649 2606 2928 2672 dicebant,
2970 2605 3251 2676 Cruciﬁge,
3283 2608 3461 2660 cruci-

1871 2700 1972 2770 ﬁge
1997 2715 2115 2753 eum
2139 2699 2207 2751 ”.
2240 2697 2426 2768 Itaque
2457 2699 2659 2754 vidisse
2682 2697 2922 2754 Verbum
2953 2713 3020 2752 eo
3055 2699 3158 2754 loci
3187 2699 3460 2768 intellige-

1871 2793 2053 2854 batur,
2079 2790 2169 2845 ubi
2205 2791 2418 2846 dicebat
2443 2789 2696 2845 Salvator
2724 2808 2738 2844 :
2767 2789 2871 2856 Qui
2903 2791 3029 2846 vidit
3056 2807 3158 2856 me,
3183 2792 3311 2845 vidit
3345 2788 3460 2845 Pa-

1873 2895 2006 2938 trem
2034 2900 2206 2938 meum
2235 2885 2324 2954 qui
2355 2884 2496 2937 misit
2531 2900 2611 2938 me
2630 2885 2696 2937 “.
2727 2885 2804 2938 Ac
2841 2885 3006 2939 tacite
3037 2885 3457 2953 pulcherrimam

1873 2978 2179 3031 doctrinam
2211 2977 2405 3031 edocet
2433 2976 2522 3031 hic
2554 2991 2656 3030 nos
2687 2975 2884 3041 Lucas,
2919 2978 3047 3045 quia
3099 2992 3295 3046 nempe
3325 2993 3461 3046 quo-

1873 3070 2121 3124 rumdam
2156 3080 2554 3139 praeceptorum
2581 3070 2704 3123 linis
2747 3077 2830 3123 est
2868 3069 3102 3137 ipsamet
3139 3069 3456 3138 speculatio,

1871 3165 2233 3232 quorumdam
2265 3178 2396 3218 vero
2425 3173 2823 3233 praceptorum
2854 3161 2980 3216 linis
3022 3171 3106 3216 cst
3136 3163 3303 3216 actio.
3355 3162 3458 3217 Per

206 3249 288 3302 Διὰ
305 3249 405 3322 γὰρ
429 3250 523 3304 τοῦ
545 3293 561 3316 ,
593 3253 881 3306 αὐτόπται
901 3292 914 3317 ,
949 3252 1100 3323 δηλοῖ
1122 3254 1182 3306 τὸ
1202 3255 1535 3328 θεωρητικὸν
1555 3297 1569 3320 ,
1594 3257 1681 3311 διὰ
1712 3258 1768 3311 δὲ

1879 3256 2004 3311 illud
2031 3255 2201 3319 enim,
2233 3256 2436 3310 oculati
2486 3265 2640 3308 testes
2689 3253 2863 3307 innuit
2904 3253 3358 3322 speculationem,
3399 3265 3456 3308 at

205 3341 282 3394 τοῦ
335 3343 655 3412 ὑπηρέται,
698 3345 760 3398 τὸ
807 3347 1213 3416 πραγματικόν.
1288 3347 1524 3401 Δύνασαι
1566 3349 1623 3403 δὲ
1676 3351 1770 3403 καὶ

205 3434 379 3506 ἑτέρως
411 3435 668 3490 ἐκλαϐεῖν
706 3437 802 3502 τὸ,
842 3439 1135 3509 ὑπηρέται
1168 3443 1477 3510 γενόμενοι
1519 3440 1626 3495 τοῦ
1655 3444 1791 3496 Λό--

206 3543 328 3594 rov‘
361 3529 476 3599 ἦτοι
510 3527 610 3582 τοῦ
653 3528 1037 3584 διδασκαλικοῦ
1082 3531 1274 3601 λόγου,
1320 3532 1379 3585 ὃν
1422 3532 1709 3602 παρεδίδου
1741 3537 1772 3589 ό

207 3617 369 3691 Σωτήρ
387 3637 399 3650 ·
427 3619 459 3692 ἢ
487 3621 590 3674 καὶ
620 3620 785 3676 αὑτοῦ
814 3622 908 3680 τοῦ
933 3623 1068 3681 Θεοῦ
1093 3624 1290 3695 Λόγου,
1314 3617 1359 3694 ᾧ
1380 3628 1476 3681 καὶ
1499 3626 1671 3699 ἐξυπη
1682 3627 1770 3698 ρέ-

205 3725 354 3777 τησαν
377 3713 650 3784 παρόντες
677 3714 726 3766 οἱ
764 3714 1024 3786 μαθηταί.

260 3802 359 3873 Τὴν
384 3803 630 3859 διάθεσιν
665 3806 860 3860 ἑαυτοῦ
903 3809 932 3861 ό
967 3807 1183 3871 Λουκᾶς
1227 3808 1504 3880 ἐμφαίνει.
1545 3810 1765 3882 Πεπλη-

205 3893 442 3965 ροφόρητο
466 3897 602 3968 γὰρ,
634 3898 730 3951 καὶ
749 3900 807 3950 ὲν
837 3899 1013 3952 οὐδενὶ
1040 3898 1306 3965 ὲδίσταζε,
1332 3901 1560 3974 πότερον
1593 3901 1768 3967 οῦτως

202 3983 314 4053 ἔχει,
343 3987 478 4057 ῆοῦ.
515 3989 692 4042 Τοῦτο
729 3990 788 4043 δὲ
826 3991 1036 4059 γίνεται
1085 3991 1213 4063 περὶ
1247 3993 1374 4056 τοὺς
1417 3993 1648 4064 βεϐαίως
1679 4013 1766 4049 πι-

203 4077 479 4143 στεύοντας.
520 4081 638 4134 Καὶ
682 4080 792 4153 γὰρ
816 4085 857 4136 ό.
881 4083 1206 4148 ’Λπόστολος
1239 4085 1368 4157 περὶ
1396 4085 1506 4140 τῶν
1531 4086 1764 4158 βεϐαίων

203 4169 371 4239 φησίν·
408 4173 544 4228 Ἵνα
587 4170 693 4244 ἦτε
733 4173 1103 4244 ἐρριζωμένοι
1144 4177 1246 4233 καὶ
1277 4179 1763 4248 τεθεμελιωμένοι

201 4259 264 4327 τῇ
285 4259 493 4319 πίστει.
525 4266 694 4320 Οὐδὲν
725 4266 835 4338 γὰρ
857 4265 999 4320 οὕτω
1033 4267 1396 4340 πληροφορεῖ,
1421 4272 1497 4334 ὡς
1521 4271 1645 4336 νοῦς
1669 4273 1764 4326 καὶ

200 4349 347 4420 λόγος,
383 4358 545 4428 Ὀψις
579 4358 688 4429 γὰρ
715 4359 776 4411 οὑ
803 4357 1168 4431 πληροφορεί·
1207 4362 1328 4414 ἐπεὶ
1375 4363 1474 4416 οὐκ
1515 4363 1622 4416 ἀπὸ
1662 4383 1761 4436 ση-

203 4445 366 4513 μείων·
390 4450 485 4504 καὶ
529 4451 779 4520 τεράτων
810 4451 1023 4520 ὁρατῶν
1057 4452 1300 4522 κρίνεται
1326 4453 1395 4508 τὰ
1424 4455 1725 4527 πράγματα
1744 4473 1759 4488 ο

201 4537 314 4592 ἀλλὰ
337 4540 475 4613 λόγῳ
502 4543 774 4614 κρίνεται,
799 4546 930 4598 ποῖα
953 4543 1186 4615 τάληθῆ,
1209 4547 1304 4600 καὶ
1325 4549 1452 4600 ποῖα
1476 4547 1545 4601 τὰ
1564 4548 1757 4621 ψευδῆ.

200 4630 534 4701 Hpantdrm'
569 4633 626 4686 δέ
660 4651 843 4706 φησιν,
867 4635 1166 4708 ἐπειδήπερ
1188 4638 1249 4690 οὐ
1275 4638 1416 4692 κατὰ
1437 4642 1757 4709 φαντασίαν,

201 4722 316 4776 κατὰ
360 4724 480 4788 τοὺς
525 4724 638 4778 τῶν
689 4725 984 4796 αἱρετικῶν
1035 4728 1263 4793 παῖδας,
1313 4731 1760 4808 ἐδραματούργηέ

202 4828 276 4865 σεν
312 4814 510 4886 Ἰησοῦς
560 4815 660 4887 τὴν
710 4815 972 4889 ἔνσαρκον
1021 4820 1187 4873 αὑτοῦ
1240 4825 1569 4893 παρουσίαν·
1621 4828 1759 4883 ἀλλὰ

200 4908 452 4977 τυγχάνων
503 4911 774 4982 ἀλήθεια,
839 4913 976 4984 πρὸς
1033 4913 1291 4985 ἀλήθειαν
1358 4917 1629 4992 ἐνήργησε
1687 4920 1756 4976 τὰ

203 5000 492 5072 πράγματα.

201 5089 323 5163 Στίχ.
339 5095 405 5164 γ’.
423 5096 698 5165 Καθεξῆς
714 5111 811 5150 σοι
834 5096 1079 5167 γράψαι,
1104 5100 1382 5169 κράτιστε
1404 5106 1678 5174 Θεόφιλε.

201 5177 322 5256 Στίχ.
360 5188 400 5241 δ’
407 5231 421 5246 ,
453 5190 590 5246 Ἵνα
623 5187 881 5269 ἐπιγνῷς
905 5190 1150 5269 περίλῶν
1183 5195 1530 5265 κατηχήθης
1557 5200 1756 5269 λόγων

701 5259 818 5328 τὴν
849 5260 1211 5329 ἀσφάλειαν.

203 5339 324 5425 Erl}.
355 5347 412 5401 ε’.
448 5350 757 5425 ΑἘτέηετο-
777 5351 859 5425 έν⁸
890 5352 1020 5425 ταῖς
1056 5353 1304 5424 ἡμέραις
1343 5356 1593 5425 Ἡρώδου
1644 5361 1752 5415 τοῦ

251 5416 549 5497 βασιλέωςξ
567 5421 677 5497 τῆς
718 5416 1218 5497 Ἰουδαίαόᾲὶεῇεὗς
1241 5416 1332 5492 τις
1367 5416 1610 5497 όῖρόματι
1642 5434 1754 5483 Ζα-

258 5491 451 5569 ζαρίεις
477 5492 547 5569 ἐξ
578 5491 904 5569 ἐφημερίας
939 5493 1121 5569 Ἀβιά·
1165 5491 1260 5569 καὶ
1290 5491 1328 5565 ἡ
1365 5491 1520 5568 mit;
1556 5502 1743 5556 αὐτοῦ

255 5555 314 5609 ἐκ
338 5557 450 5612 τῶν
476 5555 811 5630 amamur
845 5555 1086 5631 Ἀαρὼν,
1115 5568 1211 5619 καὶ
1247 5555 1324 5621 τό
1342 5555 1528 5638 ὅὶηομα
1552 5555 1742 5640 αὐτῆς

267 5625 584 5684 Ἕλισάόετ.

363 5647 584 5685 ισασετ.

329 5737 489 5794 Exod.
522 5757 611 5805 xx,
652 5744 737 5800 18.
816 5745 862 5777 ²¹
890 5743 1044 5802 Joan.
1083 5763 1195 5816 xix,
1234 5748 1285 5807 6.
1366 5750 1586 5809 "Joan.
1637 5771 1747 5825 xw,
1787 5759 1837 5815 9.

261 5822 360 5895 (60)
399 5828 637 5898 ’Δνεπιγ.

1873 3359 1969 3413 per
2001 3343 2255 3408 ministri,
2303 3345 2574 3398 actionem
2629 3351 2685 3397 et
2739 3343 2956 3411 praxin.
2989 3340 3152 3397 Potes
3195 3356 3252 3398 et
3296 3343 3456 3398 aliter

1871 3437 2123 3506 accipere
2151 3437 2303 3502 illud,
2331 3437 2424 3507 qui
2466 3436 2697 3488 ministri
2722 3434 2936 3505 fuerunt
2976 3432 3128 3489 Verbi
3157 3450 3176 3488 :
3199 3435 3314 3488 sive
3364 3437 3456 3489 do-

1870 3528 2116 3584 ctrinalis
2157 3528 2328 3593 verbi,
2361 3529 2502 3606 quod
2536 3527 2781 3581 tradebat
2820 3527 3111 3581 Salvator:
3143 3528 3225 3582 vel
3256 3528 3454 3598 ipsius-

1869 3632 1981 3676 tnet
2013 3621 2107 3675 Dei
2141 3619 2321 3687 Verbi,
2360 3621 2450 3678 cui
2473 3619 2640 3675 etiam
2675 3617 3130 3675 ministraverunt
3157 3630 3453 3690 praesentes

1868 3713 2150 3783 discipuli.
2263 3731 2267 3735 ‘
2490 3721 2493 3724 ’

1939 3807 2058 3872 Quo
2083 3805 2243 3861 modo
2269 3807 2340 3860 sit
2373 3803 2600 3861 allectus
2636 3804 3099 3860 Lucas-ostendit.
3134 3803 3454 3860 Certissime

1867 3900 2012 3956 enim
2044 3913 2338 3969 persuasus
2365 3908 2510 3962 erat,
2541 3906 2595 3954 et
2622 3897 2672 3952 in
2705 3897 2852 3951 nullo
2883 3896 3186 3961 dubitabat,
3215 3914 3342 3951 num
3371 3898 3452 3952 sic

1866 4006 1924 4045 se
1949 4006 2036 4046 res
2071 3991 2318 4055 haberet,
2355 4005 2545 4045 necne.
2581 3989 2697 4043 Hoc
2752 4001 2934 4044 autem
2971 3991 3241 4059 c0utingit
3273 3990 3326 4042 in
3361 3990 3449 4054 iis,

1865 4084 1953 4151 qui
1993 4083 2224 4138 ﬁrmiter
2275 4083 2526 4137 credunt.
2581 4082 2870 4152 Apostolus
2914 4083 3058 4136 enim
3123 4083 3190 4136 de
3237 4082 3305 4136 iis
3355 4082 3448 4152 qui

1866 4174 2006 4237 ﬁrmi
2038 4184 2185 4238 sunt,
2217 4173 2352 4229 dicit
2381 4191 2395 4227 :
2428 4172 2495 4226 Ut
2523 4173 2640 4227 sitis
2674 4173 2902 4227 radicati
2929 4183 2979 4227 et
3010 4173 3223 4242 fundati
3249 4174 3354 4242 [ide
3378 4175 3446 4227 ’⁷.

1864 4265 2006 4319 Nihil
2042 4265 2188 4319 enim
2225 4267 2363 4322 adeo
2419 4275 2630 4322 certum
2684 4282 2750 4321 ac
2799 4281 3118 4336 persuasum
3165 4267 3365 4328 reddit,
3393 4276 3452 4321 ut

1863 4371 2020 4411 mens
2075 4364 2131 4411 et
2192 4359 2352 4412 ratio.
2417 4357 2579 4413 Visus
2639 4347 2785 4413 enim
2836 4368 3043 4412 certum
3081 4372 3188 4411 non
3225 4359 3445 4412 reddit:

1862 4452 2064 4521 quippe
2093 4452 2219 4522 quia
2277 4467 2385 4507 non
2430 4468 2493 4507 ex
2541 4452 2711 4524 signis
2744 4462 2800 4506 et
2838 4451 3104 4522 prodigiis
3138 4451 3450 4506 visibilibus

1865 4557 1954 4598 res
1991 4542 2324 4614 iudicantur.
2380 4543 2486 4599 Sed
2544 4545 2757 4600 ratione
2805 4544 3111 4615 judicatur,
3163 4559 3288 4614 qua:
3341 4545 3452 4599 sint

1867 4653 2018 4702 vera,
2050 4653 2239 4708 quave
2278 4637 2434 4697 falsa.
2473 4639 2548 4694 De
2578 4640 2732 4694 rebus
2770 4648 2950 4693 autem
2975 4639 3108 4694 dicit
3140 4655 3154 4692 :
3191 4639 3315 4708 quia
3342 4653 3447 4691 non

1866 4734 2234 4803 phantastice,
2284 4734 2437 4804 juxta
2494 4734 2812 4797 hwreticos,
2868 4743 3127 4802 Operatus
3167 4729 3450 4786 est‘Jesus

1864 4827 2157 4879 adventum
2211 4841 2368 4881 suum
2413 4825 2467 4880 in
2500 4839 2686 4881 carne.
2739 4825 2844 4880 Sed
2893 4840 3015 4879 cum
3051 4825 3256 4879 veritas
3301 4831 3445 4876 esset

1865 4920 2002 4991 ipse,
2036 4921 2091 4975 in
2121 4921 2348 4976 veritate
2373 4931 2628 4990 operatus
2650 4928 2734 4975 est
2756 4933 2876 4990 quac
2897 4919 3086 4988 gessit.

1944 5109 2006 5163 V.
2028 5111 2082 5165 '5.
2117 5109 2419 5166 Ordinatim
2453 5109 2545 5163 tibi
2573 5109 2818 5171 scribere,
2847 5111 3038 5171 optime
3069 5101 3370 5170 ΤΙιεορΙιὶίε.

1864 5204 1929 5260 V.
1958 5203 2014 5259 4.
2037 5201 2104 5257 Ut
2133 5221 2391 5275 agnoscas
2420 5203 2486 5256 de
2514 5204 2716 5275 quibus
2735 5203 3026 5254 instructus
3061 5196 3216 5264 fuisti
3242 5209 3444 5248 sermo-

2395 5275 2567 5338 nibus,
2610 5273 2898 5326 veritatem.

1865 5363 1928 5420 γ.
1956 5365 2010 5420 5.
2051 5363 2177 5418 Fuit
2200 5365 2255 5418 in
2290 5365 2473 5418 diebus
2508 5364 2734 5417 Ilerodis
2767 5364 2902 5432 regis
2931 5359 3162 5432 Judu'u’,
3193 5356 3442 5410 sacerdos

1933 5437 2150 5506 quidam
2200 5433 2769 5506 nomiueJZucltarias,
2801 5431 2866 5484 de
2895 5433 3002 5506 vice
3035 5431 3165 5506 Attia
3186 5436 3280 5506 :_el
3303 5441 3442 5506 uxor

1924 5497 2037 5576 ejus
2065 5506 2130 5559 de
2150 5506 2360 5574 ﬁliabus
2390 5505 2593 5572 Aaron,
2616 5516 2661 5560 et
2695 5519 2881 5559 nomen
2909 5503 3023 5570 ejus
3058 5497 3349 5554 Elisubetlt.

1943 5761 1982 5792 "
2016 5760 2224 5818 Coloss.
2260 5778 2317 5830 ιι,
2350 5761 2403 5816 7.
