3958 6514
508 365 619 426 διδ
1389 356 1942 416 SUPPLEMENTUM
1980 355 2072 410 AD
2109 351 2429 411 ORIGENIS
2463 349 2873 405 EXEGETICA.
3309 311 3312 316 ’
3628 355 3714 410 διδ

660 490 722 546 V.
759 488 813 545 6.
853 486 1018 541 Erant
1043 493 1218 538 autem
1251 481 1389 552 justi
1419 483 1572 536 ambo
1605 496 1784 534 coram
1809 479 1941 535 Deo.

583 649 689 706 Par
716 658 800 704 est
833 659 1158 717 supponere,
1194 643 1340 712 quod
1374 639 1682 710 TheOphilo
1709 639 1925 694 cuidam
1949 638 2090 692 scri-

512 743 682 813 pserit
713 738 1080 806 Evaiigelium,
1105 737 1199 806 qui
1246 751 1386 790 unus
1423 733 1589 788 fuerit
1631 746 1818 792 eorum
1843 730 1942 799 qui
1964 744 2087 784 cre-

513 834 792 895 diderunt,
819 829 914 898 qui
966 828 1128 882 valde
1182 825 1420 880 ferveret
1468 823 1678 892 spiritu,
1708 836 1809 876 nec
1850 835 2086 890 unquam

513 925 701 980 satiari
740 933 924 991 posset
954 920 1104 975 circa
1128 917 1269 972 facta
1297 926 1352 970 et
1383 915 1525 970 dicta
1562 913 1808 969 Domini:
1842 927 2002 981 quem
2034 919 2090 964 et

512 1026 764 1068 securum
809 1011 982 1081 magis
1037 1010 1412 1073 reddiderunt,
1445 1021 1567 1076 qua:
1597 1019 1740 1058 nunc
1771 1003 2088 1058 describun-

514 1113 622 1158 tur.
653 1103 712 1159 Si
755 1118 946 1159 omnes
980 1103 1115 1157 tales
1156 1115 1422 1164 essemus,
1454 1099 1547 1169 qui
1578 1097 1911 1166 diligeremur
1936 1111 2087 1149 ama-

513 1211 791 1265 remurque
817 1212 850 1248 a
889 1193 1000 1248 Deo
1035 1192 1146 1263 (4|)
1177 1190 1459 1260 Theophili
1495 1203 1756 1244 essemus.
1798 1187 1868 1240 At
1915 1187 2088 1240 nullus

513 1297 636 1338 esse
669 1291 847 1352 potest
881 1279 1238 1348 Theophilus,
1275 1278 1366 1346 qui
1410 1276 1660 1330 inﬁrmus
1706 1276 1798 1328 sit.
1829 1271 1899 1327 Ut
1943 1274 2086 1327 enim

514 1373 778 1441 scriptum
810 1379 894 1425 est
944 1371 1010 1424 de
1058 1368 1258 1437 populo
1283 1375 1515 1420 exeunte
1548 1364 1616 1417 ab
1649 1361 1929 1432 Egypto:
1962 1361 2088 1415 Non

513 1471 627 1517 erat
666 1464 719 1515 in
747 1462 984 1514 tribubus
1015 1475 1197 1514 eorum
1232 1456 1481 1525 inﬁrmus
1503 1455 1548 1487 ’⁸
1578 1471 1591 1507 :
1622 1456 1701 1508 sic
1744 1455 1934 1508 dicere
1979 1467 2086 1508 non

514 1552 996 1615 duhitem,omnem
1016 1546 1375 1617 Theophilum
1404 1545 1655 1613 optimum
1680 1543 1795 1613 (όῖ)
1813 1559 2084 1609 esse,cum

514 1643 710 1697 habeat
745 1641 1116 1696 fortitudinem
1143 1648 1197 1692 et
1223 1637 1480 1692 virtutem
1513 1637 1626 1702 Dei,
1658 1651 1721 1690 ac
1758 1637 1917 1691 Verbi
1945 1636 2084 1703 ejus.

511 1737 690 1804 Atque
724 1733 804 1788 sic
832 1742 1090 1803 agnoscet
1134 1733 1257 1801 quis
1299 1730 1368 1784 de
1422 1730 1620 1799 quibus
1654 1729 1814 1783 rebus
1849 1728 2086 1782 imbutus

2113 484 2157 538 Α
2186 475 2335 545 Στίχ.
2369 473 2444 540 ς’.
2474 469 2670 529 Ἦσαν
2695 472 2764 526 δὲ
2791 471 3348 553 δίκιιιοιὺἀμφότεροι
3375 472 3615 528 ἐνώπιον
3631 478 3715 532 τοῦ

2889 545 3057 596 Θεοῦ.

2258 636 2420 699 Εἰκὸς
2458 633 2892 704 ὑπολαμϐάνειν,
2935 634 3016 686 ὅτι
3048 633 3292 704 Θεοφίλῳ
3325 634 3432 686 τινὶ
3458 634 3640 706 ἔγραψε
3670 639 3720 690 τὸ

2187 726 2536 796 Εὑαγγέλιον,
2561 726 2619 789 ὃς
2642 720 2722 788 εἷς
2743 721 2810 796 ἦν
2839 724 2944 778 τῶν
2971 725 3429 788 πεπιστευκότων,
3456 725 3588 779 οὓτω
3606 727 3720 791 ζέων

2185 819 2264 890 τῷ
2296 819 2582 888 πνεύματι,
2616 817 2709 870 καὶ
2741 815 3032 886 ἀπλήστως
3061 815 3199 885 ἔχων
3231 815 3358 886 περὶ
3381 815 3478 879 τὰς
3508 817 3594 869 τοῦ
3627 819 3722 870 Ku-

2189 912 2305 984 ρίου
2337 907 2565 981 πράξεις
2590 925 2650 960 τε
2671 908 2764 961 καὶ
2787 906 2976 976 λόγους
2993 923 3006 936 ο
3037 907 3204 977 ὅνπερ
3229 906 3398 959 ἐποίει
3425 907 3725 976 ἀσφαλέστε-

2192 1019 2282 1074 ρον
2305 1002 2397 1054 καὶ
2423 999 2491 1052 τὰ
2517 998 2610 1052 νῦν
2636 999 2976 1069 γραφόμενα.
3000 997 3206 1059 Πάντες
3223 997 3316 1050 ἐὰν
3339 997 3559 1050 τοιοῦτοι
3578 991 3724 1068 ὦμεν,

2186 1094 2266 1158 ὡς
2295 1089 2633 1160 ἀγαπᾶσθαι
2665 1087 2780 1143 ὑπὸ
2814 1087 2918 1142 τοῦ
2945 1087 3091 1142 Θεοῦ
3121 1088 3220 1140 καὶ
3251 1087 3548 1156 φιλεῖσθαι
3567 1126 3581 1150 ,
3612 1087 3723 1140 Θεό-

2188 1185 2332 1254 φιλοί
2380 1185 2565 1254 ἐσμεν.
2609 1183 2718 1235 Καὶ
2752 1182 2852 1234 οὐκ
2886 1180 2951 1234 ἄν
2982 1199 3064 1244 τις
3098 1181 3184 1253 εἴη
3217 1181 3473 1248 Θεόφιλος
3503 1181 3724 1253 ἀσθενής.

2191 1276 2400 1345 ’Ὠσπερ
2428 1272 2535 1344 γὰρ
2565 1272 2873 1342 γέγραπται
2897 1271 2989 1324 ἐπὶ
3025 1270 3118 1324 τοῦ
3148 1271 3276 1324 λαοῦ
3308 1270 3646 1342 ὲξερχομένου
3676 1274 3728 1324 ὲκ

2191 1368 2290 1436 τῆς
2317 1365 2614 1434 Αἰγύπτου·
2641 1367 2760 1418 Οὐκ
2785 1360 2944 1433 ἦνὲν
2970 1365 3099 1430 ταῖς
3115 1363 3334 1432 φυλαῖς
3361 1363 3556 1417 αὐτῶν
3573 1365 3726 1420 ἀσθε-

2185 1459 2340 1512 νών“
2373 1457 2546 1521 οὕτως
2577 1457 2788 1528 εἴποιμι
2814 1457 2902 1522 ἂν,
2925 1458 3006 1510 ὃτι
3034 1459 3141 1520 πᾶς
3156 1455 3412 1525 Θεόφιλος
3441 1454 3730 1526 κράτιστός

2189 1553 2356 1617 ἐστιν,
2387 1551 2525 1621 ἔχων
2553 1550 2613 1602 τὸ
2645 1551 2844 1621 κράτος
2867 1549 2961 1602 καὶ
2992 1547 3089 1620 τὴν
3113 1547 3340 1619 δύναμιν
3359 1587 3374 1611 ,
3407 1548 3507 1618 τὴν
3532 1549 3630 1602 ἀπὸ
3649 1548 3729 1602 τοῦ

2187 1642 2322 1696 Θεοῦ
2369 1643 2462 1695 καὶ
2489 1639 2580 1694 τοῦ
2623 1641 2798 1710 Λόγου
2829 1640 2994 1694 αὑτοῦ
3019 1678 3032 1694 .
3063 1641 3172 1694 Καὶ
3203 1639 3373 1702 οὓτως
3402 1638 3732 1708 ὲπιγνώσεταί

2185 1751 2268 1796 τις
2297 1734 2425 1805 περὶ
2450 1726 2523 1786 ὧν
2551 1731 2830 1804 κατηχήθη
2857 1732 3030 1800 λόγων
3057 1731 3157 1802 τὴν
3203 1730 3500 1800 ἀσφάλειαν
3518 1771 3532 1795 ,
3580 1731 3733 1795 συνεὶς

514 1826 618 1881 fuit
658 1827 966 1891 veritatem,
1031 1824 1339 1894 intelligens
1411 1836 1720 1877 sermonem
1779 1819 2080 1890 Evangelii.

2192 1825 2272 1878 τὸν
2304 1824 2458 1894 λόγον
2488 1822 2582 1877 τοῦ
2623 1823 2972 1892 Εὐαγγελίου.
3010 1823 3431 1893 Ἐπαγγέλλεται
3465 1823 3629 1877 τοίνυν
3651 1825 3734 1894 τῆς

514 1917 756 1984 Spondet
799 1930 934 1986 ergo
991 1914 1362 1970 ﬁrmissimam
1425 1913 1814 1984 cognitionem,
1865 1922 1926 1966 ut
1961 1927 2083 1980 qua:

514 2007 606 2063 ille
636 2007 822 2060 auditu
855 2017 1167 2074 acceperat.
1213 2004 1339 2058 llaec
1386 2004 1550 2058 etiam
1604 2004 1801 2058 litteris
1859 2011 2082 2057 exarata

515 2098 700 2168 legens
720 2098 966 2153 securius
991 2098 1242 2162 retineat,
1287 2095 1556 2164 ﬁdemque
1590 2106 1894 2151 conservet.

585 2191 797 2246 Justum
832 2205 954 2244 esse
1005 2205 1186 2244 coram
1225 2190 1358 2255 Deo,
1389 2190 1510 2246 laus
1542 2200 1624 2244 est
1659 2188 2083 2242 absolutissima.

517 2281 608 2337 Ille
632 2281 777 2336 enim
817 2282 968 2336 novit
1029 2278 1196 2336 Corda
1256 2282 1537 2336 hominum
1590 2280 2081 2350 siugularissimus.

515 2374 663 2429 Fieri
697 2375 842 2430 enim
875 2383 1074 2443 potest,
1102 2383 1160 2428 ut
1177 2374 1334 2443 juxta
1364 2375 1508 2443 quod
1539 2376 1880 2428 extrinsecus
1909 2380 2084 2441 paret,

511 2465 690 2534 justus
725 2467 848 2536 quis
901 2449 973 2520 sit
1016 2481 1202 2521 coram
1254 2466 1610 2520 hominibus:
1643 2475 1698 2518 at
1752 2479 1884 2518 vero
1930 2464 2085 2534 juxta

515 2565 787 2611 secretum
832 2556 1012 2611 cordis
1054 2571 1396 2625 nequaquam
1431 2557 1501 2612 sit
1531 2557 1674 2620 talis,
1713 2557 1865 2624 quasi
1916 2555 1968 2608 in
2001 2555 2086 2607 lu-

517 2647 648 2700 stris
677 2646 1002 2714 quibusdam
1059 2645 1333 2699 latitantes
1381 2645 1588 2699 habens
1639 2657 1833 2711 pravas
1885 2642 2089 2711 cogita-

518 2738 714 2790 tiones.
751 2736 942 2791 Simile
987 2745 1072 2791 est
1119 2735 1266 2808 quod
1292 2735 1533 2790 occurrit
1561 2735 1700 2805 apud
1728 2733 2042 2802 Apostolum
2069 2749 2084 2786 :

518 2827 756 2893 Quorum
784 2827 900 2881 laus
928 2845 1030 2881 non
1061 2843 1125 2881 ea:
1157 2826 1474 2893 hominibus,
1511 2828 1601 2881 sed
1630 2843 1695 2880 ea:
1729 2825 1840 2879 Deo
1863 2826 1934 2878 ³⁸.
1969 2824 2081 2879 llo-

521 2919 694 2974 mines
727 2921 872 2973 enim
916 2934 1258 2988 nequaquam
1309 2928 1488 2988 utpar
1539 2927 1627 2973 est
1668 2917 1911 2981 laudant,
1945 2917 2088 2986 quod

518 3019 671 3079 paret
722 3011 881 3064 modo
935 3010 1304 3066 videnteszat
1354 3011 1496 3064 Deus
1540 3010 1692 3065 etde
1744 3007 2088 3078 vituperabili

515 3101 795 3170 iudicium,
821 3110 876 3155 et
895 3101 962 3156 de
981 3101 1400 3157 commendabili
1430 3101 1638 3156 laudem
1663 3099 1908 3170 apposite
1935 3097 2084 3155 facit.

2186 1917 2438 1986 γνώσεως
2458 1918 2518 1970 τὸ
2543 1915 2778 1986 βέϐαιον,
2801 1917 2886 1970 ἴνα
2912 1917 3055 1990 ἅπερ
3069 1918 3275 1982 ἐκεῖνος
3299 1918 3440 1988 ἀκοῇ
3465 1917 3733 1988 παρέλαϐε,

2184 2009 2355 2063 ταῦτα
2386 2009 2479 2062 καὶ
2511 2009 2830 2082 γράμμασιν
2858 2009 3197 2080 ἐντυγχάνων
3218 2011 3610 2082 ἀσφαλέστερον
3628 2025 3738 2063 κατ-

2187 2101 2319 2174 έχῃ,
2351 2102 2446 2154 καὶ
2476 2102 2573 2173 τὴν
2606 2101 2786 2154 πίστιν
2811 2101 3060 2173 διατηρῇ.

2259 2192 2333 2245 Τὸ
2374 2188 2512 2246 εἶναι
2546 2193 2752 2247 δίκαιον
2781 2192 3009 2247 ἐνώπιον
3051 2193 3144 2248 τοῦ
3181 2192 3338 2257 Θεοῦ,
3383 2194 3601 2257 ἔπαινός
3631 2195 3737 2246 ἐστι

2188 2281 2413 2346 τέλειος.
2450 2283 2622 2346 Αὐτὸς
2659 2282 2768 2354 γὰρ
2801 2282 3088 2337 ἐπίσταται
3125 2283 3224 2347 τὰς
3265 2284 3501 2356 καρδίας
3525 2284 3628 2337 τῶν
3656 2285 3738 2337 ἀν-

2188 2370 2420 2446 θρώπων
2453 2371 2776 2444 μονώτατος.
2809 2373 3114 2444 Ἐνδὲχεται
3141 2373 3250 2446 γὰρ
3275 2373 3418 2428 κατὰ
3447 2374 3546 2444 μὲν
3563 2375 3620 2428 τὸ
3636 2391 3740 2442 φαι-

2189 2464 2410 2534 νόμενον
2442 2464 2648 2518 δίκαιον
2681 2460 2820 2518 εἷναί
2858 2482 2980 2517 τινα
3015 2464 3245 2520 ἐνώπιον
3276 2465 3384 2518 τῶν
3427 2463 3738 2537 ἀνθρώπων,

2189 2553 2331 2606 κατὰ
2361 2552 2418 2606 δὲ
2449 2551 2510 2605 τὸ
2545 2552 2786 2625 κρυπτὸν
2826 2553 2926 2622 τῆς
2955 2552 3182 2623 καρδίας
3227 2553 3300 2624 μὴ
3334 2547 3474 2605 εἶναι
3503 2551 3739 2610 τοιοῦτον,

2189 2627 2603 2717 ὲμφωλεὺόντας
2617 2664 2786 2717 κεκτη
2796 2647 2953 2718 μένος
2967 2648 3118 2716 λογιο
3127 2647 3260 2717 μοὺς
3281 2662 3419 2716 πονη
3427 2644 3570 2717 ρούς.
3586 2641 3741 2696 Τοιοῦ-

2189 2755 2279 2790 τον
2304 2737 2476 2791 καὶτὸ
2503 2739 2652 2810 παρὰ
2677 2739 2754 2808 τῷ
2800 2737 3104 2808 Ἀποστόλῳ
3123 2754 3135 2767 ·
3166 2732 3280 2792 τΩν·
3303 2739 3336 2790 ὁ
3369 2735 3614 2801 ἔπαινος
3644 2736 3738 2787 οὐκ

2191 2830 2259 2894 ἐξ
2287 2829 2631 2898 ἀνθρώπων,
2666 2831 2804 2884 ἀλλ’
2834 2830 2903 2884 ἐκ
2940 2829 3105 2884 Θεοῦ.
3135 2830 3196 2882 Οἱ
3223 2829 3332 2900 γὰρ
3358 2829 3630 2900 ἄνθρωποι
3656 2825 3740 2878 οὐκ

2191 2916 2356 2981 ἀξίως
2384 2917 2684 2980 ἐπαινοῦσι,
2731 2918 2790 2970 τὸ
2823 2918 3143 2990 φαινόμενον
3176 2917 3337 2988 μόνον
3379 2917 3682 2988 βλέποντες
3710 2916 3734 2966 ὁ

2189 3008 2246 3062 δὲ
2274 3008 2404 3071 Θεὸς
2434 3009 2529 3061 καὶ
2566 3008 2659 3061 τοῦ
2690 3008 2891 3080 ψεκτοῦ
2923 3009 3022 3080 τὴν
3061 3009 3260 3081 κρίσιν,
3297 3008 3512 3063 καὶτοῦ
3548 3010 3742 3061 ἐπαινεο

2191 3099 2284 3152 τοῦ
2322 3099 2414 3153 τὸν
2443 3099 2662 3155 ἔπαινον
2684 3101 2852 3166 ἀξίως
2878 3103 3042 3155 ποιεῖ.

520 3164 586 3248 Ϋ.
616 3193 670 3249 6.
715 3164 1020 3248 Incedentes
1074 3195 1129 3246 in
1180 3196 1417 3247 omnibus
1469 3164 1749 3263 prwceptis
1791 3203 1840 3248 et
1869 3192 2084 3262 juribus

2192 3191 2334 3262 Στίχ.
2375 3164 2876 3263 ςἠῌορευόμενοι
2916 3193 2988 3245 ἐν
3036 3191 3259 3259 πάσαις
3293 3190 3445 3263 ταῖς
3491 3187 3743 3253 ἐντολαῖς

1014 3264 1257 3324 Domini,
1291 3265 1570 3332 inculpati.

519 3334 582 3387 γ.
616 3335 671 3390 7.
705 3335 770 3389 Et
805 3353 905 3389 non
934 3345 1044 3389 eral
1065 3337 1190 3402 ipsis
1223 3336 1368 3402 ﬁlius
1399 3350 1418 3388 :
1447 3345 1720 3402 propterea
1753 3334 1890 3399 quod
1910 3332 2089 3386 Elisa-

589 3407 702 3458 belli
755 3417 864 3460 erat
887 3405 1169 3467 sterilis,et
1197 3406 1347 3457 ambo
1373 3407 1599 3474 provecti
1618 3406 1675 3458 in
1697 3406 1877 3458 diebus
1908 3420 2088 3457 eorum

521 3485 905 3600 Vfgmkccidit
947 3557 1121 3597 autem
1151 3544 1278 3596 dum
1307 3543 1604 3596 sacerdotio
1635 3543 2086 3612 fungereturipse,

843 3617 900 3668 in
935 3614 1118 3668 ordine
1142 3615 1269 3666 uicis
1296 3629 1428 3678 suas,
1459 3629 1636 3666 coram
1665 3613 1795 3678 Deo,

520 3741 586 3800 ν.
616 3744 672 3818 9..
709 3742 1010 3818 Secundum
1033 3761 1227 3818 morem
1257 3745 1579 3818 sacerdotii:
1607 3744 1826 3818 sortitus
1859 3755 1937 3818 est
1956 3745 2088 3818 thy-

589 3815 1055 3884 miamaﬁradolere,
1085 3813 1350 3884 ingressus
1393 3815 1446 3867 in
1478 3813 1724 3882 templum
1755 3814 1984 3869 Domini.

523 3884 588 3938 V.
634 3885 718 3938 10.
767 3883 838 3937 Et
875 3894 984 3938 tota
1030 3883 1311 3954 multitudo
1355 3895 1467 3937 erat
1512 3885 1693 3954 populi
1726 3899 1884 3938 orans
1919 3885 2091 3953 foris,

1037 3952 1166 4006 hora
1193 3955 1566 4023 thymiamatis.

591 4044 820 4100 Fortean
906 4045 1049 4100 dicet
1119 4046 1316 4115 aliquis
1353 4063 1368 4100 :
1401 4045 1603 4116 thuid
1656 4045 1963 4116 appositum
2012 4054 2097 4101 est

520 4136 642 4190 istis
679 4137 830 4201 illud,
857 4138 1164 4207 inculpati?
1195 4139 1329 4193 satis
1361 4138 1507 4193 enim
1539 4147 1658 4192 erat
1702 4138 1810 4193 illis
1858 4138 2094 4192 incedere

518 4227 574 4280 i'n
604 4228 839 4281 omnibus
866 4227 960 4282 viis
1007 4228 1102 4282 Dei
1131 4238 1178 4282 et
1199 4226 1414 4297 juribus
1440 4243 1458 4280 .'
1495 4228 1598 4282 nisi
1644 4227 1788 4284 forte
1836 4230 2094 4298 possibile

519 4318 592 4372 sit
619 4319 865 4373 incedere
901 4320 952 4372 in
975 4320 1226 4375 omnibus
1259 4321 1546 4386 mandatis,
1575 4339 1679 4376 non
1708 4321 1977 4392 inculpate
2010 4331 2090 4374 ta-

520 4423 666 4462 men.
703 4408 832 4464 Dico
881 4410 1045 4480 igitur
1096 4410 1163 4463 ad
1212 4410 1314 4465 hoc
1338 4451 1354 4476 ,
1385 4413 1512 4482 quia
1543 4413 1586 4467 si
1618 4427 1723 4466 non
1749 4421 1895 4467 esset
1923 4412 2086 4479 istud,

2380 3261 2476 3314 καί
2497 3261 2845 3332 δικαιώμασι
2877 3263 2983 3316 τοῦ
3013 3263 3232 3330 Κυρίου
3265 3261 3574 3332 ἄμεμπτοι.

2188 3329 2335 3403 Στίχ.
2365 3329 2428 3394 ζ’.
2460 3333 2567 3403 Καὶ
2593 3329 2707 3386 οὐκ
2746 3329 2822 3403 ἦν
2858 3332 3062 3397 αὐτοῖς
3086 3329 3330 3385 τέκνον·
3367 3329 3574 3386 ἆιαθότι
3602 3331 3742 3382 Ἕλι-

2177 3452 2188 3462 ,
2257 3397 2549 3480 auceps):
2586 3397 2810 3480 στείρα,
2842 3403 2946 3480 καὶ
2983 3403 3301 3480 ἀμφότεροι
3333 3403 3746 3470 προϐεϐηκότες

2260 3470 2330 3523 ἐν
2361 3470 2489 3536 ταῖς
2518 3473 2764 3540 ἡμέραις
2788 3472 2985 3527 αὐτῶν
3008 3470 3189 3540 ἦσαν.

2190 3540 2336 3620 Στίη
2385 3539 2862 3620 η’λἘγένετσδὲ
2893 3544 2964 3596 ἐν
2994 3539 3073 3620 τῷ
3115 3542 3440 3620 ἱερατεύειν
3481 3543 3658 3597 αὐτὸν
3689 3539 3748 3618 ἐζ

2259 3607 2333 3733 ἓῇ
2380 3607 2708 3692 έάξείτῆς
2759 3607 3080 3683 ἐφημερίας
3131 3607 3346 3678 αὑτοῦ,
3400 3614 3605 3669 ἔναντι
3656 3607 3750 3664 τοῦ

2305 3698 2431 3733 εου.

2305 3698 2431 3744 εου,

2192 3751 2338 3820 Στίχ.
2374 3751 2439 3804 ϐ’.
2490 3752 2650 3806 Κατὰ
2677 3753 2742 3806 τὸ
2767 3753 2905 3819 ἔθος
2933 3751 3045 3820 τῆς
3080 3753 3404 3820 ἱερατείας·
3439 3753 3623 3821 ἔλαχε
3657 3747 3748 3803 τοῦ

2254 3821 2556 3891 θυμιᾶσαι,
2589 3822 2879 3876 εἰσελθὼν
2906 3824 2992 3888 εὶς
3013 3821 3300 3891 τὸν-ναὸν
3325 3823 3434 3877 τοῦ
3459 3823 3693 3891 Κυρίου.

2191 3888 2340 3961 Στίχ.
2374 3897 2424 3944 ι’.
2455 3892 2566 3946 Καὶ
2592 3892 2715 3946 πᾶν
2745 3892 2811 3945 τὸ
2844 3891 3077 3962 πλῆθος
3114 3888 3192 3962 ἦν
3229 3893 3334 3947 τοῦ
3375 3888 3556 3947 λαοῦ
3582 3903 3745 3959 προσ·

2348 3963 2681 4032 ευχόμενον
2706 3962 2822 4027 ἔξω
2843 3961 2916 4031 τῇ
2939 3961 3059 4031 ὥρᾳ
3080 3961 3187 4016 τοῦ
3219 3963 3600 4033 θυμιάματος.

2269 4052 2430 4117 Ἴσως
2466 4054 2581 4125 ὲρεί
2623 4069 2728 4118 τιςο
2752 4054 2852 4108 Διὰ
2873 4055 2925 4107 τί
2953 4054 3234 4125 πρόκειται
3259 4055 3472 4119 τούτοις
3495 4055 3754 4123 τὺ,ιῖμεμ-

2196 4154 2364 4204 πτει;
2384 4141 2540 4213 ἤρκει
2569 4141 2676 4216 γὰρ
2703 4143 2884 4206 αὐτοῖς
2913 4145 3268 4211 πορεύεσθαι
3287 4146 3362 4210 ,ἐν
3393 4145 3618 4209 πάσαις
3638 4141 3752 4206 ταῖς

2201 4233 2362 4300 ὁδοῖς
2387 4233 2496 4288 τοῦ
2543 4235 2689 4289 Θεοῦ
2715 4234 2814 4287 καί
2851 4233 3240 4304 δικαιώμασιν
3264 4255 3277 4266 ·
3319 4239 3367 4290 εί
3401 4237 3478 4308 μὴ
3515 4235 3620 4307 ἄρα
3651 4234 3753 4287 ἐστὶ

2206 4325 2528 4397 πορεύεσθαι
2555 4329 2612 4380 ὲν
2643 4327 2844 4390 πάσαις
2879 4329 2999 4391 ταῖς
3031 4327 3299 4391 ἐντολαῖς,
3333 4328 3434 4381 οὐκ
3468 4328 3750 4398 ἀμέμπτως

2203 4416 2282 4472 δέ.
2307 4417 2454 4488 Φημὶ
2471 4417 2528 4470 δὲ
2559 4413 2650 4470 οὖν
2690 4417 2826 4490 πρὸς
2859 4418 3041 4482 αὑτὸν,
3065 4419 3168 4483 ὃτι,
3197 4421 3244 4472 εί
3273 4419 3347 4490 μὴ
3375 4415 3444 4490 ἦν
3470 4419 3644 4482 τοῦτο,
3666 4417 3753 4470 οὐκ

521 4499 711 4568 utique
742 4515 845 4554 non
875 4500 1070 4556 fuisset
1101 4503 1304 4557 dictum
1341 4521 1354 4556 :
1384 4503 1539 4556 Juste
1557 4503 1824 4573 justitiam
1855 4505 2088 4558 sectabe-

2195 4507 2260 4560 ἂν
2284 4507 2520 4578 ἐλέγετο”
2551 4510 2798 4577 Δικαίως
2829 4511 2895 4564 τὸ
2933 4509 3167 4564 δίκαιον
3186 4509 3440 4578 διώξεις.
3490 4511 3654 4564 Ἐπὰν
3673 4504 3752 4561 οὖν

523 4592 597 4646 ris
619 4591 686 4646 ⁸⁸.
722 4592 946 4660 Quando
978 4595 1142 4665 igitur
1167 4609 1486 4651 exercemus
1513 4598 1764 4658 virtutes,
1800 4595 1880 4651 sic
1911 4606 2090 4651 tamen

523 4696 581 4741 ut
627 4688 1051 4745 in-conscientia
1081 4690 1380 4746 habeamus
1410 4691 1671 4760 quasdam
1709 4691 1896 4745 sordes
1941 4705 2092 4746 vana:

522 4779 730 4846 gloria,
763 4791 855 4835 aut
890 4782 1204 4838 hominibus
1235 4781 1503 4852 placendi,
1535 4791 1630 4836 aut
1668 4781 1891 4837 alterius
1919 4781 2090 4836 alicu-

518 4870 607 4939 jus
640 4872 966 4941 hujusmodi,
1000 4889 1106 4928 non
1137 4889 1231 4929 eas
1263 4875 1535 4936 inculpate
1559 4888 1904 4928 exercemus.

528 4963 590 5017 V.
627 4963 714 5017 11.
743 4966 999 5034 Apparuit
1053 4978 1221 5019 autem
1262 4967 1310 5019 ei
1332 4965 1547 5035 angelus
1581 4965 1832 5029 Domini,
1869 4973 2016 5018 stans
2063 4980 2096 5016 a

874 5037 1072 5089 dextris
1109 5037 1294 5090 altaris
1325 5035 1706 5105 thymiamatis.
1804 5091 1812 5105 ,

874 5053 1072 5089 acaum
1109 5053 1294 5090 auaris
1325 5053 1376 5091 ιιι
1422 5053 1706 5088 miamaus.

527 5101 589 5159 V.
624 5104 708 5158 12.
755 5105 821 5159 Et
874 5107 1112 5159 turbatus
1161 5118 1235 5160 est
1275 5053 1564 5161 Zaczarias
1608 5091 1909 5159 videns':et
1939 5104 2098 5157 timor

1087 5177 1269 5229 cecidit
1300 5180 1352 5230 in
1377 5194 1514 5231 eum.

526 5241 714 5316 V._15.
755 5247 900 5302 Dixit
933 5256 1108 5299 autem
1143 5247 1212 5299 ad
1261 5247 1410 5300 illum
1453 5245 1670 5316 angelus
1701 5260 1719 5299 :
1760 5243 1843 5300 Nc
1871 5243 2093 5316 time”.

593 5313 882 5382 Zacliaria,
923 5327 1195 5386 propterea
1235 5320 1372 5386 quod
1409 5312 1661 5371 exaudita
1696 5324 1772 5369 est
1801 5312 2093 5386 postulatio

594 5398 686 5438 tua
718 5383 935 5454 supplet
957 5431 970 5448 ,
1002 5399 1049 5440 et
1099 5383 1361 5442 uxor'tua
1405 5386 1678 5440 Elisabetli
1707 5389 1872 5450 pariet
1924 5383 2095 5452 ﬁlium

596 5458 714 5522 tibi,
740 5469 786 5510 et
823 5459 1029 5511 vocabis
1057 5473 1244 5512 nomen
1272 5459 1388 5527 ejus
1413 5457 1690 5511 Joannem.

597 5615 805 5672 “Psal.
833 5634 942 5683 Civ,
968 5621 1058 5675 57.
1160 5621 1206 5654 ”
1236 5619 1395 5676 Rom.
1427 5636 1482 5685 ιι,
1513 5618 1602 5674 29.

589 5738 703 5812 (tl)
739 5740 966 5812 Etymon
998 5742 1302 5812 Theophili.

599 5811 710 5883 (i2)
737 5810 1013 5880 Cralistos,
1045 5810 1196 5885 quaSi
1229 5815 1566 5882 fortissimum
1600 5813 1767 5869 dicas.

1706 5619 1748 5650 '°
1783 5617 1938 5673 Deut.
1967 5629 2078 5680 tm,
2103 5612 2192 5673 ‘30.

2192 4600 2433 4671 ποιῶμεν
2464 4600 2562 4664 τὰς
2597 4601 2994 4665 ὲντολὰς,ὤστε
3023 4603 3118 4656 καὶ
3140 4603 3197 4656 ὲν
3227 4603 3303 4674 τῷ
3325 4604 3585 4657 συνειδότι
3604 4602 3755 4675 ῥύπον

2195 4690 2521 4757 κενοδοξίας,
2543 4691 2575 4762 ἢ
2601 4692 3141 4765 ἀνθρωπαρεσκείας,
3168 4693 3200 4766 ἧ
3226 4693 3412 4766 ἐτέρου
3434 4695 3578 4757 τινὸς
3598 4689 3756 4746 τοιού-

2194 4799 2285 4834 του
2313 4779 2497 4852 ἔχειν,.
2516 4779 2628 4853 (45)
2665 4781 2934 4853 ποιοῦμεν
2967 4783 3065 4847 τὰς
3097 4783 3316 4848 ἐντολὰς
3342 4783 3664 4856 ἀμέμπτως.

2194 4975 2342 5049 Στᾼίχ.
2361 4981 2462 5049 ἰαί.
2492 4977 2696 5049 ΑὨφθη
2740 4977 2809 5031 δὲ
2853 4978 3013 5046 αὐτῷ
3033 4977 3284 5049 ἅγγελος
3315 4979 3540 5049 Κυρίου
3575 4975 3755 5038 ἑστὼς

2349 5044 2566 5133 δεξιῶς
2580 5044 2706 5133 ’τοᾷ
2736 5044 3172 5133 θυσιαστηρίου
3198 5044 3305 5133 τοῦ
3330 5044 3711 5133 θυμιάμαζοςο

2197 5117 2347 5187 Στίχ.
2388 5116 2475 5170 ιδ’.
2513 5117 2621 5171 Καὶ
2657 5118 2952 5188 ἐταράχθη
2987 5114 3285 5188 Ζαχαρίας
3325 5114 3622 5172 ιδώνοήκαὶ
3657 5114 3752 5186 φό-

2591 5190 2692 5254 6ος
2715 5189 3013 5243 ἐπέπεσεν
3045 5191 3138 5243 ἐπ’
3164 5191 3371 5245 αὐτόν.

2199 5255 2470 5330 Στίχζιγῖ
2498 5255 2646 5330 Elite
2673 5258 2759 5330 δὲῃ
2773 5259 2922 5326 πρὸς
2959 5259 3144 5314 αὑτὸν
3169 5263 3201 5314 ὁ
3220 5260 3474 5330 ἄγγελος
3494 5275 3508 5291 ·
3538 5258 3634 5325 Μὴ
3663 5271 3755 5325 φο·

2274 5327 2702 5398 ϐοῦ,Ζαχαρια,
2732 5327 2880 5382 διότι
2919 5327 3278 5398 ἐσηκούσθή
3300 5327 3338 5398 ἦ
3369 5329 3581 5397 δέησίς
3616 5341 3756 5385 σου,

2271 5397 2369 5469 καί
2408 5399 2447 5465 ἠ
2479 5397 2631 5469 γυνή
2669 5414 2786 5469 σου
2831 5400 3142 5454 Ἐλισὰὅετ
3159 5397 3441 5469 γεννήσει
3479 5402 3613 5453 υἱόν
3635 5411 3754 5456 σοι,

2274 5466 2371 5520 καὶ
2407 5467 2685 5534 καλέσεις
2706 5468 2770 5522 τὸ
2793 5469 2980 5539 ὄνομα
2999 5466 3184 5526 αὐτοῦ
3217 5469 3508 5538 Ἰωάννην.

2259 5744 2372 5818 (43)
2403 5748 2561 5804 Deest
2582 5747 2662 5802 οὺ.
