3958 6530
209 401 301 458 517

1461 399 1756 458 SCHOLIA
1793 400 1862 457 ΙΝ
1899 401 2160 459 LUCAM.

3331 395 3437 448 318

208 522 345 593 Στίχ.
483 521 618 604 ,Καί
635 520 807 601 ἔσται
827 520 983 604 χαρά
1005 522 1243 604 σοιριαζυ
1254 521 1615 604 ἀγαλλίασις
1634 541 1648 554 ο
1667 523 1766 579 καί

1888 523 1934 582 V.
1968 525 2056 580 ﬂ.
2088 523 2152 578 Et
2187 522 2286 604 erit
2309 522 2560 604 gaudium
2591 519 2710 601 lilii,
2747 528 2795 573 et
2834 517 3125 604 esss‘ultatio
3159 533 3177 570 :
3205 525 3250 571 et
3275 515 3432 568 multi

285 590 499 648 πολλοὶ
525 592 624 646 ἐπὶ
652 590 728 660 τῇ
755 591 1030 662 γεννήσει
1059 592 1245 648 αὐτοῦ
1272 590 1660 662 χαρήσονται.

271 770 382 841 (44)
419 770 521 824 Διὰ
547 769 1006 838 συγκαταϐάσεως
1033 768 1189 839 ὤφθη
1219 769 1448 838 ἄγγελος
1478 767 1555 840 τῷ
1587 771 1772 839 Ζαχα-

208 864 310 936 ρία.
336 863 470 917 Οὐδὲ
500 864 610 934 γὰρ
653 861 896 933 φθαρτοῦ
944 861 1193 932 σώματος
1222 861 1520 932 ὀφθαλμοῖς
1549 860 1770 916 δύναταί

204 972 284 1019 τις
314 955 440 1008 ίδεῖν
467 954 744 1026 ἄφθαρτον
762 953 940 1025 σῶμα.
961 955 1055 1007 Ἐκ
1080 953 1268 1020 δεξιῶν
1293 953 1349 1006 δὲ
1372 953 1526 1025 ὤφθη
1555 952 1726 1017 ἑστὼς
1743 954 1772 1006 6

204 1047 429 1116 ἄγγελος
469 1045 566 1099 τοῦ
607 1045 1029 1117 θυσιαστηρίου,
1069 1045 1151 1097 ὅτι
1193 1045 1344 1098 αῐσια
1387 1043 1533 1114 αὐτῷ
1580 1042 1772 1114 ἔμελλε

205 1138 574 1211 προαγγεῖλαι.
607 1137 912 1209 Ἐταράχθη
932 1137 988 1189 δὲ
1013 1137 1287 1209 Ζαχαρίας
1305 1134 1447 1190 ἰδών.
1467 1136 1764 1201 Ξενίζουσα

205 1231 308 1302 γὰρ
335 1233 370 1301 ἡ
400 1229 521 1302 ὄψις
557 1228 830 1301 ἀνθρώπῳ
864 1229 1164 1300 φαινομένη
1191 1230 1291 1282 οὐκ
1323 1228 1468 1282 ἔστιν
1499 1230 1773 1299 ὑπομονη-

204 1301 342 1392 τική.
393 1301 530 1374 Ἀλλ’
553 1323 703 1392 ὅμως
744 1320 1059 1394 ἐπιστρέφει
1105 1320 1214 1374 ἀπὸ
1252 1320 1352 1392 τῆς
1397 1319 1640 1390 ταραχῆς
1684 1319 1775 1373 τὸν

205 1412 474 1484 Ζαχαρίαν
507 1414 535 1466 6
574 1411 826 1481 ἄγγελος,
866 1413 960 1466 καὶ
1000 1412 1299 1466 ἀνακτᾶται
1343 1409 1526 1476 αὑτὸν,
1563 1409 1732 1464 εἰπών
1756 1426 1770 1440 °

205 1503 293 1572 Μὴ
312 1502 525 1573 φοϐοῦ,
548 1503 831 1572 Ζαχαρία.

264 1683 379 1753 (ιε)
402 1682 560 1745 Ἴσθι,
587 1683 669 1736 ὅτι
707 1681 768 1735 ού
812 1680 976 1734 παντὶ
1003 1681 1250 1750 φαίνεται
1276 1681 1304 1734 6
1334 1679 1515 1750 Θεδςῆ
1541 1681 1589 1733 oi
1612 1679 1778 1748 ἄγγε-

196 1775 293 1838 λοι,
320 1773 463 1827 ἀλλὰ
479 1777 590 1838 τοῖς
616 1773 862 1845 καθαρὰν
892 1772 1074 1844 έχουσι
1092 1773 1188 1843 τὴν
1218 1771 1463 1844 καρδίαν,
1487 1771 1579 1824 καὶ
1607 1769 1774 1836 ἀξίοις

2219 594 2285 648 de
2307 590 2579 647 natiuitate
2605 590 2720 660 ejus
2743 590 3064 661 gaudebunt.

1872 757 1876 763 ’
1938 772 2044 828 Per
2093 770 2612 833 condescensionem
2669 767 2914 837 apparuit
2967 763 3190 836 angelus
3226 761 3436 820 Zacha-

1871 863 1986 921 rite.
2016 863 2202 932 Neque
2223 862 2367 916 enim
2391 858 2758 929 corruptibilis
2787 855 3032 924 corporis
3059 853 3230 909 oculis
3261 861 3440 922 potest

1870 958 1990 1027 quis
2034 955 2217 1008 videre
2246 949 2654 1021 incorruptibile
2711 961 2908 1016 corpus
2962 944 3098 1016 (48).
3153 943 3316 999 Visus
3356 951 3441 998 est

1871 1057 2050 1103 autem
2108 1044 2352 1116 angelus,
2385 1051 2536 1098 stans
2565 1056 2594 1095 a
2621 1039 2828 1095 dextris
2869 1037 3054 1091 altaris
3080 1075 3095 1101 ,
3121 1036 3215 1106 qui
3264 1035 3438 1090 fausta

1871 1139 2250 1205 fortunataque
2304 1134 2378 1190 illi
2439 1132 2900 1204 praenuntiaturus
2962 1137 3100 1184 erat.
3167 1127 3441 1182 Turbatus

1871 1238 1956 1283 est
1987 1242 2116 1282 vero
2143 1225 2436 1280 Zacharias
2473 1225 2684 1279 videns.
2713 1221 2850 1277 Cum
2889 1221 3035 1276 enim
3071 1220 3210 1276 visio
3233 1220 3440 1274 homini

1872 1319 2124 1373 inusitata
2176 1317 2410 1381 videtur,
2464 1316 2608 1370 haud
2668 1314 2824 1376 facile
2865 1317 3190 1370 sustinetur.
3225 1311 3442 1368 Nihilo-

1874 1412 2052 1468 minus
2100 1417 2323 1465 revocat
2370 1423 2400 1462 a
2454 1408 2766 1463 turbatione
2797 1408 3120 1462 Zachariam
3172 1407 3396 1475 angelus
3425 1445 3441 1470 ,

1873 1501 2190 1568 animosque
2220 1499 2270 1554 ei
2313 1495 2510 1552 sulIicit
2545 1497 2795 1567 inquiens
2818 1537 2834 1563 ,
2868 1496 2952 1551 Ne
2979 1497 3164 1550 timeas
3188 1535 3204 1561 ,
3240 1493 3446 1550 Zacha-

1873 1593 1977 1644 ria.

1945 1681 2114 1747 Scito,
2153 1681 2294 1751 quod
2327 1697 2431 1736 non
2463 1681 2610 1736 omni
2655 1681 2860 1737 homini
2891 1688 3113 1752 apparet
3155 1679 3297 1734 Deus
3318 1719 3334 1743 ,
3360 1678 3446 1733 vel

1875 1772 2047 1842 angeli
2081 1792 2094 1827 :
2132 1773 2225 1828 sed
2272 1772 2339 1826 iis
2373 1773 2465 1842 qui
2497 1773 2700 1828 habent
2748 1789 2844 1828 cor
2881 1773 3140 1826 mundum
3165 1813 3181 1836 ,
3214 1782 3268 1827 et
3297 1771 3444 1841 digni

197 1867 284 1922 τοῦ
323 1867 566 1938 βλέπειν.
604 1868 960 1934 Εὑρίσκεται
981 1866 1088 1936 γὰρ
1106 1866 1230 1933 τοῖς
1259 1865 1346 1936 μὴ
1381 1864 1766 1933 πειράζουσιν

1888 1871 2020 1927 sunt,
2051 1872 2110 1917 ut
2135 1863 2350 1916 videant
2381 1877 2396 1915 :
2427 1862 2698 1916 Invenitur
2725 1864 2863 1916 enim
2906 1863 2973 1916 iis
3001 1863 3092 1932 qui
3119 1879 3220 1916 non
3249 1871 3446 1916 tentant

197 1957 384 2012 αὐτὸν
408 1997 424 2022 ,
493 1955 866 2028 ἐμφανίζεται
924 1955 994 2010 δὲ
1052 1956 1177 2023 τοῖς
1238 1955 1322 2026 μὴ
1397 1954 1776 2010 ἀπιστοῦσιν

198 2050 374 2117 αὐτῷ.

267 2142 383 2197 Τοῦ
407 2141 616 2196 αὐτοῦ.
659 2141 876 2214 Ἐπειδὴ
922 2141 1123 2206 πάντες
1161 2141 1210 2194 οἱ
1239 2141 1474 2212 δρῶντες
1513 2140 1778 2209 ἀγγέλους

197 2232 512 2302 ἐφοϐοῦντο,
557 2235 751 2306 μήπως
789 2233 867 2298 ὡς
903 2234 1189 2306 μέλλοντες
1233 2232 1418 2287 λαϐεῖν
1462 2233 1642 2287 αὐτῶν
1678 2232 1778 2296 τὰς

196 2325 370 2397 ψυχὰς
406 2309 860 2398 παρεληλύθασιν,
902 2327 980 2390 ὡς
1018 2327 1112 2380 καὶ
1153 2326 1182 2379 6
1222 2324 1420 2380 Μανωέ
1469 2343 1634 2396 φησιθ
1690 2325 1777 2379 διὰ

195 2417 346 2471 τοῦτο
394 2418 537 2472 λύων
571 2418 736 2473 αὑτοῦ
770 2419 868 2490 τὴν
907 2418 1146 2487 ἀγωνίαν
1171 2419 1200 2471 6
1229 2417 1478 2486 ἄγγελος,
1515 2413 1634 2471 εἷπε
1677 2417 1740 2471 τό
1759 2434 1774 2449 ο

195 2511 288 2580 Μὴ
309 2514 525 2581 φοϐοῦ.
557 2514 632 2567 Οὐ
655 2515 764 2584 γὰρ
791 2514 950 2586 μόνον
976 2515 1038 2568 ού
1057 2513 1334 2585 τελευτᾷς,
1361 2513 1489 2567 ἔνθα
1511 2513 1656 2584 λύπη
1683 2513 1778 2568 καί⁵

196 2599 442 2672 δάκρυσι,
487 2603 623 2657 ἀλλὰ
666 2605 761 2658 καὶ
805 2605 905 2676 ζῇς
946 2605 1042 2657 καὶ⁵
1087 2606 1460 2671 τεκνοποιεῖς,
1500 2605 1778 2677 καιχαρὰ

199 2694 410 2763 μεγάλη
433 2694 585 2748 ἔσται
618 2713 720 2749 σοι·
740 2697 1034 2762 Γεννήσει
1058 2695 1169 2767 γάρ
1201 2713 1296 2753 σοι
1328 2697 1462 2751 υἱὸν
1486 2699 1523 2768 ἡ
1541 2697 1779 2752 Ἐλισά-

197 2787 310 2850 ὄετ,
340 2779 410 2839 οὗ
433 2789 506 2840 οὐ
536 2786 743 2857 γέγονε
768 2786 992 2857 μείζων
1012 2788 1081 2841 ἐν
1098 2787 1407 2857 γεννητοῖς
1433 2787 1552 2840 τῶν
1576 2803 1778 2858 γυναι-

195 2873 333 2932 κῶν.
349 2870 496 2928 Εἶτά
519 2893 650 2946 φησι
667 2892 680 2906 ’
701 2877 808 2929 Kal
835 2877 1048 2929 πολλοὶ
1079 2876 1174 2929 ἐπὶ
1197 2875 1269 2944 τῇ
1287 2874 1566 2945 γεννήσει
1592 2873 1777 2928 αὑτοῦ

196 2966 592 3034 χαρήσονται.
627 2967 690 3019 Εἰ
729 2966 838 3040 γὰρ
872 2966 966 3020 καὶ
995 2968 1070 3039 μὴ
1107 2967 1307 3031 πάντες
1343 2967 1603 3032 Ἰουδαῖοι,
1643 2950 1777 3020 ἀλλὰ

195 3057 382 3110 πολλοὶ
429 3057 706 3128 ἐχάρησαν
751 3059 842 3110 ἐπὶ
890 3061 955 3130 τῇ
1005 3057 1278 3128 παρουσίᾳ
1323 3057 1415 3112 τοῦ
1470 3057 1775 3129 προδρόμου

192 3145 606 3214 διαγγέλλοντος
636 3147 734 3217 τὴν
761 3146 855 3199 τοῦ
891 3147 1140 3218 Σωτῆρος
1168 3147 1323 3218 ὲπιδη
1333 3147 1480 3217 μίαν.

1875 1970 2012 2016 eum,
2054 1963 2102 2008 et
2141 1965 2354 2024 apparet
2389 1954 2452 2008 iis
2489 1955 2578 2024 qui
2598 1955 2645 2008 ei
2681 1953 2938 2008 increduli
2961 1969 3064 2008 non
3094 1963 3213 2008 sunt
3241 1953 3285 1986 “

1950 2135 2230 2205 Ejusdem.
2260 2133 2397 2201 Quia
2431 2144 2696 2203 quotquot
2723 2132 2982 2189 videbant
3014 2132 3255 2202 angelos,
3288 2131 3448 2186 time-

1875 2223 2028 2288 bant,
2057 2237 2126 2279 ne
2153 2223 2299 2279 forte
2344 2225 2694 2278 advenissent
2738 2225 2896 2295 quasi
2931 2223 3206 2292 accepturi
3239 2223 3450 2276 animas

1876 2333 2106 2384 eorum;
2141 2328 2200 2373 ut
2224 2327 2279 2374 et
2309 2318 2502 2373 Manoe
2550 2317 2682 2373 dicit
2713 2333 2729 2372 :
2760 2327 3045 2388 propterea
3086 2318 3304 2372 solvens
3329 2334 3448 2373 me-

1883 2421 1992 2466 tum
2024 2411 2247 2481 angelus
2277 2410 2396 2465 ait:
2431 2409 2513 2464 Ne
2540 2411 2751 2464 timeas.
2785 2409 2901 2464 Non
2956 2410 3116 2471 modo
3149 2410 3292 2465 enim
3341 2426 3446 2464 non

1880 2503 2110 2556 moreris
2137 2541 2152 2564 ,
2185 2515 2292 2570 quo
2322 2510 2570 2568 tempore
2602 2509 2728 2554 sunt
2761 2501 2916 2555 dolor
2948 2510 3004 2555 et
3029 2501 3316 2573 lacrymaz;
3355 2517 3449 2557 ve-

1878 2610 1998 2648 rum
2027 2602 2082 2650 et
2111 2593 2284 2658 vivis,
2322 2603 2378 2647 et
2412 2593 2580 2647 illium
2619 2607 2872 2661 procreas
2895 2633 2912 2660 ,
2961 2603 3014 2647 et
3042 2595 3296 2664 gaudium
3329 2608 3448 2648 ina-

1877 2698 2040 2755 gtmm
2083 2683 2190 2738 erit
2235 2683 2352 2738 tibi.
2393 2680 2574 2737 Pariet
2606 2684 2744 2737 enim
2792 2685 2887 2738 tibi
2935 2684 3104 2752 filium
3147 2681 3446 2749 Elisabeth,

1876 2791 1982 2844 quo
2009 2790 2112 2828 non
2150 2774 2249 2843 fuit
2277 2774 2450 2844 major
2476 2777 2531 2829 in
2560 2775 2689 2844 ﬁliis
2713 2775 2994 2830 mulierum
3016 2777 3081 2831 ³².
3110 2776 3311 2832 Deinde
3334 2778 3407 2830 ait
3433 2801 3445 2834 :

1877 2866 1944 2921 Et
1986 2868 2137 2921 multi
2185 2870 2250 2923 de
2280 2869 2554 2922 natiuitats
2603 2868 2716 2938 ejus
2758 2871 3077 2940 gaudebunt.
3120 2869 3183 2923 Et
3213 2870 3257 2925 si
3305 2870 3447 2924 enim

1876 2977 1983 3016 non
2029 2977 2216 3016 omnes
2263 2961 2472 3027 Jlld'rl’i,
2520 2974 2576 3016 at
2629 2963 2782 3016 multi
2820 2963 2989 3032 gavisi
3034 2973 3160 3018 sunt
3215 2963 3284 3018 ob
3311 2979 3446 3034 pra»

1875 3054 2108 3108 sentiam
2137 3053 2493 3108 Prmcursoris
2521 3054 2896 3108 annuntiantis
2928 3054 3224 3110 Salvatoris
3249 3058 3451 3111 adven-

1875 3153 2010 3200 tum.

259 3237 378 3308 (46)
420 3236 578 3290 Κατὰ
619 3235 718 3307 τὴν
748 3236 1000 3308 θεωρίαν,
1049 3239 1082 3308 ἠ
1120 3237 1297 3307 σιωπὴ
1335 3237 1439 3290 τῶν
1479 3235 1774 3309 Προφητῶν

1951 3235 2113 3291 Juxta
2147 3235 2570 3305 speculationem
2601 3277 2616 3303 ,
2647 3236 2923 3291 silentium
2949 3236 3332 3308 prophetarum
3366 3247 3449 3291 est

195 3331 334 3382 ἐστιν
379 3329 441 3381 ἐν
475 3328 553 3399 τῷ
599 3328 760 3382 πάλαι
799 3329 912 3400 λαῷ
942 3328 1035 3382 τοῦ
1069 3329 1223 3383 Θεοῦ.
1261 3328 1456 3382 Οὐκέτι
1500 3328 1608 3400 γὰρ
1642 3329 1773 3394 Θεδς

195 3419 338 3473 λαλεῖ
364 3421 576 3484 αὐτοῖς,
609 3421 745 3474 ἀλλὰ
773 3421 1147 3494 μεταϐέϐηκεν
1169 3423 1197 3474 6
1225 3422 1284 3473 ὲν
1308 3422 1450 3492 ἀρχῇ
1466 3421 1621 3489 λόγος
1641 3420 1777 3491 πρὸς

194 3510 358 3581 ἡμᾶς.
413 3510 525 3562 Καὶ
571 3513 702 3582 παρ’
730 3513 862 3582 ἡμῖν
909 3511 969 3564 ού
1024 3513 1225 3582 σιωπᾷ,
1277 3512 1404 3584 παρ’
1435 3511 1663 3574 ἐκείνοις
1718 3511 1774 3564 δὲ

196 3601 534 3672 σεσιώπηκε.
565 3603 666 3656 Διὰ
712 3603 868 3657 τοῦτο
900 3606 1081 3675 σιωπᾷ
1109 3606 1138 3657 6
1168 3605 1451 3675 προφήτης
1483 3603 1772 3674 Ζαχαρίας.

194 3691 334 3745 Τδδὲ
363 3692 637 3745 ὃιανεύειν
665 3693 778 3764 (47)
816 3693 1048 3765 μένοντα
1077 3694 1282 3765 κωφόν.

194 3867 334 3937 Στξχ.
364 3865 478 3919 κδ’.
523 3865 823 3937 Ἑξελθὼν
850 3867 919 3921 δὲ
943 3871 1054 3922 οὐκ
1080 3868 1342 3936 ἠδύνατο
1368 3867 1638 3936 λαλῆσαι
1673 3871 1777 3924 αὐ·-

261 3936 412 4003 τοῖς,
445 3936 546 3990 καὶ
578 3937 952 4004 ἐπέγνωσαν.
995 3939 1083 3992 ὅτι
1113 3939 1410 3993 ὀπτασίαν
1425 3939 1684 4005 ἑώρακεν
1706 3941 1778 3992 ἐν

259 4008 342 4072 τῷ
385 4006 534 4071 ναῷ.
574 4007 685 4060 Καὶ
707 4009 890 4074 αὐτὸς
916 4005 996 4079 ἦν
1020 4009 1313 4064 διανεύων
1330 4009 1555 4076 αὐτοῖς,
1575 4010 1672 4062 καὶ
1700 4009 1780 4062 δι-

256 4080 440 4145 έμενε
461 4080 683 4145 κωφός.

193 4167 338 4246 Στίχ.
370 4173 481 4246 κγ’.
511 4166 620 4220 Καὶ
647 4167 906 4246 ἐγένετο,
923 4167 1003 4246 ὡς
1031 4168 1436 4246 ἐςτλῄσρησαν
1472 4172 1537 4246 αἱ.
1565 4167 1774 4246 ἡμέραι

260 4235 372 4324 τῇς
401 4235 781 4317 ,ξειτοιυογίας
807 4239 1016 4302 αὑτοῦ,
1049 4235 1330 4308 ἀπῆλθεν
1375 4242 1461 4304 είς
1481 4240 1587 4292 τὸν
1604 4235 1776 4292 οἷκον

258 4325 473 4360 αυτου.

195 4399 342 4469 Στίχ.
379 4399 482 4451 κδ’.
515 4401 674 4469 Μετὰ
703 4398 772 4451 δὲ
808 4400 1028 4466 ταύτας
1052 4401 1160 4466 τὰς
1185 4400 1410 4469 ἡμέρας
1438 4399 1776 4454 συνέλαϐεν

255 4467 321 4536 ἦ
343 4467 659 4522 Ἐλισάϐετ
697 4470 736 4537 ἡ
768 4469 922 4539 γυνὴ
967 4471 1152 4523 αὐτοῦ
1173 4508 1188 4532 ,
1216 4467 1341 4524 γῆκαὶ
1395 4471 1775 4539 περιέκρυϐεν

248 4539 485 4606 ἑαυτὴν
507 4539 707 4606 μῆνας
731 4538 930 4603 πέντε,
960 4539 1245 4608 λέγουσαο

191 4632 336 4702 Στίχ.
369 4632 636 4702 κεκ-’Ὁτι
667 4631 854 4702 οὕτως
883 4636 1217 4699 πεποίηκεν
1242 4636 1274 4686 ὀ
1298 4634 1514 4701 Κύριος
1532 4633 1603 4686 ἐν
1632 4632 1775 4701 ἠμέ-

252 4698 530 4839 ρὲἐῦςέἑιιξ
558 4701 794 4754 ἐπεῖδεν
818 4701 1066 4770 ἀφελεῖν
1091 4698 1155 4756 τὸ
1174 4698 1414 4770 ’ὅνειδόξ
1428 4698 1548 4774 μου
1578 4703 1648 4756 ἐν
1669 4698 1778 4757 ἆν-

192 4863 342 4950 Στεχ.
385 4869 499 4954 κς.
541 4861 872 4954 ’Ξνρδιιέι
901 4863 1046 4954 μῃνί
1074 4863 1187 4954 ,τιῖὲ
1208 4863 1777 4954 ἓκθτῳὶάπεστάληηό

197 5090 363 5162 Στ
384 5089 485 5152 κζ’.
517 5091 672 5162 Πρὸς
693 5090 990 5162 παρθένον
1011 5092 1552 5162 μεμνηστευμέιην
1575 5092 1771 5161 ἀνδρὶ,

251 5153 525 5232 ᾧίόνομα
564 5153 799 5232 Ἰωσὴφ]
830 5161 898 5224 ἐξ
918 5153 1105 5232 polum}
1138 5153 1337 5226 Δαυῒδ,
1357 5153 1464 5216 mal
1496 5153 1563 5217 τὸ
1589 5153 1774 5232 haud

260 5229 377 5296 τῆς
398 5228 700 5296 παρθένου
735 5229 990 5300 Μαριάμ.

259 5321 326 5372 Τί
345 5321 407 5373 δὲ
435 5321 674 5373 διένευεν
705 5322 926 5386 αύτοῖς;
966 5324 1316 5395 προακούσας
1344 5324 1604 5396 ἐράσμιον
1641 5325 1776 5396 πρᾶο

189 5430 305 5484 γμα
342 5413 527 5484 ἐαυτῷ
561 5413 773 5484 μέλλειν
798 5413 1155 5479 ἕτεσθαι,ούκ
1179 5416 1410 5469 ἔσπευσε
1441 5416 1547 5490 πρὸ
1579 5414 1770 5488 καιροῦ

261 5529 305 5560 ³⁸
344 5527 478 5598 Sap.
511 5544 551 5591 ι,
579 5529 634 5584 2.
711 5529 756 5560 ³²
788 5529 920 5584 Luc.
951 5546 1049 5596 vn,
1076 5531 1167 5586 28.

260 5624 379 5764 ξω)
425 5625 595 5695 Ὠριγ.

287 5695 384 5761 45)
420 5696 595 5764 ῘΑνεππ

287 5695 384 5761 45)
426 5696 668 5762 Ἀνεπιγ.

261 5762 384 5832 (46)
417 5762 538 5819 Haec
583 5766 781 5819 habent
803 5765 1014 5820 schetlac
1055 5765 1388 5828 Combetisti,
1424 5775 1476 5821 et
1503 5765 1766 5823 Macarius

192 5832 567 5904 Cbrysoceph.
588 5833 643 5888 in
672 5834 822 5890 Orat.
861 5835 958 5892 Ms.
992 5837 1045 5892 in
1075 5845 1250 5892 ortum
1287 5836 1343 5890 S.
1370 5835 1614 5895 Joannis.
1642 5839 1768 5905 Qui-

1880 3329 1932 3382 in
1966 3328 2135 3382 veteri
2188 3327 2382 3396 populo
2419 3328 2532 3382 Dei.
2567 3327 2682 3384 Non
2720 3328 2949 3399 amplius
2997 3331 3140 3384 enim
3181 3329 3322 3384 Deus
3372 3330 3451 3383 Io-

1876 3419 2059 3489 quitur
2097 3418 2202 3474 illis
2225 3459 2241 3484 ,
2277 3419 2372 3473 sed
2425 3420 2717 3475 translatus
2763 3431 2844 3475 est
2879 3436 3060 3476 sermo
3089 3421 3178 3491 qui
3213 3421 3280 3474 ab
3334 3421 3444 3474 ini-

1879 3513 1952 3565 tio
1986 3521 2126 3578 erat,
2165 3511 2219 3564 in
2257 3527 2374 3566 nos.
2407 3511 2511 3566 Sed
2553 3513 2694 3582 apud
2739 3528 2837 3567 nos
2869 3513 3090 3566 minime
3125 3513 3270 3575 silet,
3307 3513 3446 3582 apud

1876 3618 1968 3658 eos
1999 3617 2126 3658 vero
2178 3603 2349 3658 siluit.
2407 3602 2701 3673 Propterea
2746 3605 2871 3660 silet
2926 3605 3186 3674 propheta
3241 3603 3448 3658 Zacha-

1876 3695 2005 3748 rias.
2052 3694 2206 3761 Quod
2256 3710 2381 3750 vero
2429 3694 2645 3751 nutibus
2687 3697 2872 3762 utitur,
2925 3697 3124 3751 indicat
3180 3697 3444 3751 mansisse

1875 3798 2106 3840 Ιιιυιιιιιι.

1877 3875 1942 3929 γ.
1998 3876 2088 3930 22.
2146 3875 2402 3946 Egressus
2448 3888 2622 3930 autem
2673 3895 2774 3932 non
2805 3888 3004 3944 poterat
3053 3879 3197 3947 loqui
3221 3879 3367 3942 illis,
3396 3891 3448 3947 et

1947 3945 2264 4015 agnoverunt
2286 3948 2425 4016 quod
2458 3949 2709 4000 uisionem
2738 3954 3019 4015 aspexisset
3053 3945 3350 4017 initempla.
3381 3945 3449 4001 Et

1947 4018 2056 4085 ipse
2086 4025 2197 4069 erat
2232 4017 2454 4070 innuens
2488 4017 2616 4079 illis,
2639 4027 2690 4072 et
2725 4019 2968 4072 remansit
3000 4030 3194 4071 mutus.

1875 4171 1940 4227 ν.
1969 4172 2060 4227 23.
2089 4171 2159 4226 Et
2192 4172 2329 4241 fuit,
2363 4184 2416 4226 ut
2463 4173 2659 4239 impleti
2710 4184 2833 4226 sunt
2864 4174 2973 4228 dies
2997 4175 3275 4228 ministerii
3310 4175 3448 4244 ejus,

2301 4244 2429 4297 abiit
2457 4246 2511 4296 in
2534 4245 2747 4296 domum
2769 4261 2940 4297 suam.

1875 4399 1940 4455 ν.
1969 4402 2062 4458 24.
2098 4401 2224 4456 Post
2254 4411 2428 4455 autem
2466 4403 2560 4455 hos
2584 4403 2715 4465 dies,
2747 4403 2984 4470 concepit
3015 4400 3279 4456 Elisabeth
3314 4421 3452 4460 uxor

1943 4473 2097 4540 ejus,
2130 4483 2178 4526 et
2210 4473 2501 4526 occultabat
2553 4475 2777 4542 seipsam
2823 4489 3021 4527 menses
3066 4477 3292 4542 quinque
3370 4477 3450 4528 di-

1947 4559 2065 4595 εεηε
2097 4556 2116 4592 .'

1883 4632 1948 4688 V.
1978 4633 2066 4690 25.
2101 4634 2240 4700 Quia
2267 4635 2342 4686 sic
2374 4633 2496 4702 fecit
2533 4633 2784 4688 Dominus
2819 4636 2872 4688 in
2906 4635 3085 4688 diebus
3106 4677 3120 4698 ,
3149 4636 3337 4704 quibus
3366 4653 3446 4688 re-

1953 4705 2115 4774 spexit
2145 4706 2353 4773 auferre
2387 4705 2721 4772 opprobrium
2747 4722 2916 4758 meum
2947 4707 3001 4758 in
3029 4705 3350 4763 hominibus.

1877 4861 1943 4916 ν.
1969 4863 2060 4917 26.
2090 4863 2154 4917 In
2180 4881 2360 4934 mense
2386 4875 2559 4917 autem
2581 4874 2750 4934 sexto,
2783 4866 2974 4918 missus
3001 4874 3074 4919 est
3107 4865 3322 4934 angelus
3340 4863 3440 4919 Ga-

1947 4934 2131 5054 briel/tr
2162 4933 2270 4988 Deo
2314 4936 2369 4988 in
2396 4935 2656 4989 civitatem
2694 4933 2932 4990 Galtlww
2956 4975 2973 5002 ,
3001 4935 3086 4988 cui
3111 4933 3296 4989 nomen
3327 4933 3446 4988 Nu-

1947 5015 2082 5054 zaret
2105 5021 2142 5054 ι.

1945 5020 2006 5056 za
2014 5015 2142 5064 rem,

1877 5095 1944 5151 V.
1974 5095 2064 5150 27.
2095 5096 2177 5148 Ad
2200 5095 2451 5159 uirginem
2479 5097 2846 5162 desponsatam
2870 5097 3001 5159 uiro,
3025 5097 3108 5148 cui
3131 5111 3314 5148 nomen
3344 5094 3445 5148 Jo-

1951 5164 2110 5288 Ῐῦρίι,
2148 5167 2210 5217 de
2245 5167 2400 5218 domo
2443 5165 2612 5218 David
2643 5181 2662 5218 :
2696 5175 2745 5219 et
2786 5183 2969 5219 nomen
3008 5166 3164 5234 hujus
3209 5165 3444 5234 uirginis,

2011 5251 2199 5288 artam.

1949 5326 2086 5393 Quid
2114 5341 2242 5380 vero
2276 5326 2539 5382 inmtehat
2590 5327 2694 5381 illis
2719 5329 2744 5381 7
2787 5328 2921 5381 Cum
2948 5328 3057 5397 jam
3095 5327 3445 5382 inaudivisset

1878 5426 2085 5490 gratam
2117 5417 2220 5472 sibi
2268 5432 2404 5482 rem~
2432 5419 2787 5474 obventnram
2814 5461 2830 5486 ,
2860 5435 2965 5474 non
2998 5419 3276 5473 festinavit
3321 5427 3445 5474 ante

1876 5625 2000 5680 dam
2057 5625 2214 5681 codd.
2257 5626 2418 5680 etiam
2473 5625 2676 5680 Severo
2723 5626 2986 5682 tribuunt.
3043 5623 3326 5686 Pertincnt
3371 5597 3441 5684 ai

1873 5711 1924 5750 v.
1955 5697 2046 5751 22.
2089 5697 2217 5751 Vide
2242 5695 2378 5750 infra
2410 5711 2474 5750 ex
2507 5697 2626 5751 cod.
2651 5695 2777 5750 396.

1941 5767 2057 5827 (67)
2089 5765 2424 5827 Forte,deest
2456 5765 2730 5837 σημαίνει.

1940 5837 2054 5908 (48)
2089 5837 2161 5892 De
2191 5850 2413 5907 corpore
2435 5833 2745 5906 angelorum
2774 5837 2891 5895 ride
2931 5836 3227 5894 Petavium.
