3958 6516
519 378 624 434 519

1403 371 1968 429 δυΡΡιΕΜΕΝΤυΜ
2007 369 2088 424 AD

2195 371 2463 429 RlGENIS
2501 367 2910 428 EXEGETICA.
3629 381 3716 436 530

520 499 731 563 tempus
765 506 1118 562 praecurrere,
1148 490 1240 545 sed
1270 491 1604 560 exspectavit
1634 490 1805 544 donec
1831 490 2076 543 ministe-

2195 489 2428 561 Βραμεῖν,
2459 491 2572 545 ἀλλ’
2595 492 2776 563 ἔμεινε
2819 491 3106 564 πληρῶσαι
3135 491 3230 564 τὴν
3266 491 3620 567 λειτουργίαν·
3648 499 3716 553 δι-

517 586 655 637 rium
685 585 993 640 absolveret
1031 603 1044 638 :
1075 585 1276 636 docens
1297 621 1312 646 ,
1343 582 1485 649 quod
1517 590 1765 649 oporteat
1793 581 1971 635 omnia
2004 594 2091 633 se-

516 678 694 732 cundo
725 678 840 732 loco
871 675 1092 742 habere,
1132 689 1242 742 pra:
1274 675 1364 728 Dei
1397 674 1626 729 honore.
1659 672 2088 728 Prudentissimo

515 780 694 824 autem
723 768 952 824 consilio
978 767 1272 822 occultavit
1299 781 1419 821 sese
1450 766 1747 830 Elisabeth,
1769 780 1940 836 usque
1962 767 2085 818 dum

516 861 814 929 graviditas
844 859 960 928 ejus
1003 861 1220 929 patuit,
1256 874 1359 913 nec
1398 859 1491 913 ulli
1526 860 1748 913 suberat
1794 874 1879 914 res
1923 860 2086 928 tergi-

514 949 812 1004 versationi
849 968 861 1003 :
896 959 957 1004 ut
989 965 1054 1004 ex
1089 951 1278 1004 auditu
1329 949 1577 1004 nolentes
1631 949 1945 1016 persuaderi
1993 949 2084 1017 qui

513 1041 630 1094 haec
663 1042 956 1097 audiebant
986 1082 1002 1104 .
1037 1043 1212 1097 eidem
1243 1043 1416 1112 culpa:
1440 1083 1454 1106 ,
1481 1056 1584 1110 qua
1615 1040 1927 1106 Zacharias,
1962 1041 2088 1095 sub-

506 1131 683 1201 jectos
709 1149 829 1188 sese
865 1135 1292 1203 suspicarentur.

585 1221 1075 1293 (49)Hyperbaton,
1099 1238 1191 1278 seu
1215 1223 1478 1278 sermonis
1509 1223 1791 1276 translatio
1817 1223 1888 1276 ita
1909 1237 1968 1276 se
1991 1222 2089 1275 ha-

513 1315 607 1368 bet
643 1331 658 1367 :
693 1313 889 1367 Missus
916 1324 991 1367 est
1026 1315 1242 1383 angelus
1265 1315 1332 1367 ad
1361 1315 1607 1384 virginem
1630 1318 1696 1367 de
1723 1315 1874 1368 domo
1895 1316 2084 1381 David,

514 1417 563 1458 et
593 1422 775 1459 nomen
799 1407 1014 1473 virginis
1036 1405 1289 1468 Mariam,
1316 1407 1680 1475 desponsatam
1711 1407 1841 1472 viro,
1874 1409 1958 1458 cui
1990 1424 2056 1459 no
2075 1439 2086 1446 -

513 1513 630 1550 men
651 1497 870 1566 Ioseph.
904 1496 1018 1552 Non
1051 1507 1134 1552 est
1166 1507 1346 1551 autem
1374 1497 1572 1552 missus
1601 1498 1666 1551 ad
1691 1496 1887 1566 Joseph
1926 1511 2090 1568 ange-

514 1591 617 1655 lus,
647 1591 846 1661 quippe
875 1591 1007 1645 nihil
1043 1599 1163 1644 erat
1193 1606 1478 1646 commune
1527 1588 1764 1659 Josepho
1794 1604 1914 1643 cum
1949 1589 2090 1642 nati-

511 1683 682 1736 vitate
718 1683 928 1737 Domini
960 1683 1122 1751 :quia
1173 1683 1382 1737 scilicet
1416 1699 1540 1736 cum
1592 1683 1847 1751 cwpisset
1898 1696 2088 1750 pecca-

513 1783 627 1830 tum
657 1789 687 1827 a
718 1775 944 1829 muliere
968 1815 981 1838 ,
1016 1776 1094 1830 sic
1127 1783 1180 1829 et
1207 1775 1342 1828 bona
1374 1776 1660 1844 oportebat
1685 1783 1744 1827 ut
1789 1788 1819 1826 a
1863 1773 2090 1828 muliere

512 1868 914 1921 exordirentur.

512 1956 577 2012 γ.
605 1959 695 2014 54.
737 1958 884 2012 Dixit
925 1967 1100 2011 autem
1150 1956 1327 2011 Maria
1382 1957 1451 2010 ad
1491 1958 1732 2028 angelum
1769 1975 1787 2012 :
1828 1957 2088 2025 quomodo

720 2031 816 2082 erit
841 2031 980 2084 hoc?
1009 2031 1253 2098 quoniam
1286 2030 1450 2080 virum
1484 2045 1585 2082 non
1615 2044 1886 2098 cognosco.

514 2099 576 2155 V.
611 2100 700 2154 55.
738 2099 805 2152 Et
833 2099 1095 2166 respondit
1128 2099 1366 2167 angelus,
1385 2109 1489 2153 etc.

580 2188 742 2256 Illud,
770 2191 1012 2244 invenisti
1047 2191 1298 2259 gratiam.
1342 2205 1627 2243 commune
1657 2201 1794 2244 erat.
1831 2189 2090 2246 Invenere

511 2297 748 2352 namque
793 2291 919 2337 ante
959 2282 1104 2336 illam
1135 2289 1190 2335 et
1223 2281 1342 2334 alia:
1383 2282 1636 2349 gratiam.
1665 2281 1817 2347 Quod
1847 2298 1977 2336 vero
2009 2283 2089 2335 di-

510 2377 612 2438 xit,
644 2375 924 2444 concipies,
950 2390 1055 2429 non
1083 2373 1317 2442 amplius
1363 2389 1654 2428 commune
1683 2385 1840 2437 erat,
1875 2377 1968 2428 sed
2000 2390 2089 2428 res

511 2467 770 2522 inusitata
797 2506 812 2532 ,
853 2468 1072 2537 propria
1107 2483 1169 2521 ac
1219 2466 1509 2534 singularis
1560 2469 1613 2520 in
1668 2468 2086 2536 promissionem

510 2561 756 2630 virginis.
778 2559 801 2612 1
813 2559 1177 2614 nvenistienim
1195 2560 1421 2628 gratiam
1445 2560 1584 2634 apud
1616 2559 1802 2612 Deum.
1835 2559 2088 2630 Propter-

509 2666 598 2717 ea,
633 2667 696 2705 ne
737 2652 941 2705 timeas.
990 2649 1370 2720 Cujuscunque
1414 2651 1558 2705 enim
1615 2651 1826 2706 timoris
1885 2650 2089 2705 ablatio

510 2749 616 2808 est,
654 2740 953 2797 Salvatoris
990 2740 1278 2796 adventus.

692 2831 756 2888 γ.
784 2832 872 2887 56.
897 2832 961 2887 Et
988 2849 1104 2888 ecce
1125 2831 1397 2889 Elisabeth
1430 2843 1649 2905 cognata
1667 2845 1781 2900 tua,
1806 2842 1912 2889 etc.

582 2991 800 3046 Audivit
828 2991 1164 3058 Praecursor,
1193 3002 1372 3048 motus
1405 2993 1727 3063 operatione
1759 2991 1933 3047 sancti
1964 2992 2086 3061 Spi-

514 3083 674 3145 ritus,
710 3083 890 3138 Mariae
923 3084 1332 3149 salutationem,
1364 3102 1525 3150 quam
1559 3085 1920 3154 interpellavit
1948 3083 2084 3140 Ver-

2186 582 2426 647 δάσκων,
2470 585 2552 639 ὅτι
2590 585 2670 638 δεῖ
2710 586 2886 639 πάντα
2929 585 3157 657 δεύτερα
3207 587 3470 642 ποιεῖσθαι
3516 591 3606 660 τῆς
3652 595 3718 657 είς

2186 673 2316 726 Θεὸν
2342 675 2535 746 τιμῆς.
2572 677 3046 748 Οίκονομικὼτατα
3071 677 3128 732 δὲ
3161 678 3516 750 περιέκρυϐεν
3549 681 3720 755 ἑαυτὴν

2186 769 2221 838 ή
2262 767 2561 834 Ἑλισάϐετ,
2595 771 2700 834 ἕως
2729 767 2789 825 οὗ
2815 771 3060 843 ἐγνώσθη
3105 773 3139 842 ή
3183 771 3396 843 γαστὴρ
3435 773 3613 842 αὐτῆς,
3643 775 3722 827 καὶ

2187 862 2551 933 ὰναμφίϐολον
2579 861 2648 936 ῆν
2685 865 2746 918 τὸ
2787 867 3053 937 πρᾶγμα·
3095 867 3180 920 ἵνα
3205 866 3341 934 (49“.
3373 866 3431 933 ἐξ
3463 865 3620 936 ἀκοῆς
3661 868 3722 937 μὴ

2189 953 2498 1026 βουλόμενοι
2527 957 2812 1029 πεισθῆναι
2849 961 2898 1012 oi
2945 959 3234 1021 ἀκούοντες
3254 957 3446 1020 ταῦτα,
3505 958 3578 1029 τῷ
3601 959 3724 1030 αὐτῷ

2187 1048 2490 1121 ἐγκλήματι
2513 1052 2944 1118 ὑποπτεύσωσιν,
2986 1047 3030 1122 ᾧ
3063 1052 3158 1106 καὶ
3183 1052 3476 1123 Ζαχαρίας.

2210 1244 2212 1246 ⁷
2258 1230 2331 1284 Τὸ
2363 1231 2668 1302 ὑπερϐατὸν
2691 1231 2864 1294 οὕτως
2888 1230 3000 1302 ἔχει
3022 1248 3037 1261 ·
3084 1229 3419 1298 Ἀπεστάλη
3448 1233 3480 1284 ὁ
3503 1230 3728 1300 ἅγγελος

2187 1324 2338 1392 πρὸς
2357 1325 2656 1392 παρθένον
2679 1323 2749 1388 ἐξ
2775 1324 2944 1378 οἴκου
2965 1323 3162 1388 Δαυῒδ,
3196 1325 3297 1376 καὶ
3331 1324 3398 1377 τὸ
3432 1323 3610 1393 ὄνομα
3639 1322 3729 1390 τῆς

2187 1413 2484 1481 παρθένου
2543 1415 2774 1484 Μαριὰμ
2796 1456 2812 1480 ,
2861 1414 3396 1484 μεμνηστευμένην
3449 1414 3612 1483 ἀνδρὶ
3638 1454 3652 1477 ,
3691 1407 3733 1481 ᾧ

2189 1505 2376 1574 ὄνομα
2430 1506 2662 1575 Ἰωσήφ.
2713 1507 2826 1559 Οὺκ
2873 1507 3154 1578 ἀπεστάλη
3207 1507 3264 1560 δὲ
3311 1507 3450 1578 πρὸς
3491 1507 3672 1578 Ἰωσὴφ
3707 1508 3734 1561 6

2188 1596 2414 1666 ἄγγελος
2434 1615 2446 1628 '
2483 1598 2668 1668 ἐπειδὴ
2695 1598 2845 1651 οὐδὲν
2871 1593 2939 1670 ἦν
2970 1597 3144 1651 κοινὸν
3170 1597 3247 1669 τῷ
3280 1597 3476 1670 Ἰωσὴφ
3503 1598 3629 1670 πρὸς
3649 1597 3734 1670 τὴν

2187 1689 2281 1742 τοῦ
2310 1691 2516 1762 Κυρίου
2546 1691 2818 1762 γέννησιν.
2866 1692 2956 1755 Ὠς
2987 1690 3050 1762 δὴ
3078 1689 3390 1762 ἀρξαμένης
3434 1691 3532 1760 τῆς
3572 1692 3732 1762 ἁμαρ-

2189 1783 2309 1846 τίας
2337 1782 2444 1836 ἀπὸ
2467 1783 2743 1852 γυναικδς,
2769 1781 2912 1837 οὕτω
2938 1784 3032 1836 καὶ
3057 1783 3127 1836 τὰ
3157 1782 3336 1852 ἀγαθὰ
3375 1784 3486 1837 ἀπὸ
3504 1783 3735 1852 γυναικὸς

2191 1875 2298 1930 ἔδει
2332 1875 2598 1946 ἄρξασθαι
2631 1877 2764 1947 (50).

2190 1969 2337 2040 Στίχ.
2367 1968 2461 2021 λδ’.
2487 1965 2636 2040 Eine
2653 1970 2721 2022 δὲ
2744 1969 2979 2040 Μαριὰμ
3011 1969 3160 2040 πρὸς
3191 1970 3297 2024 τὸν
3322 1969 3598 2040 ἄγγελον·
3624 1967 3737 2036 Πῶς

2292 2039 2464 2111 ἔσται
2495 2039 2706 2102 τοῦτο;
2737 2041 2866 2092 ἐπεὶ
2900 2039 3009 2094 τὸν
3037 2041 3228 2108 ἄνδρα
3255 2043 3326 2095 οὑ
3359 2039 3646 2111 γινώσκω.

2189 2109 2336 2178 Στίχ.
2364 2109 2456 2162 λε’.
2501 2111 2610 2163 Καὶ
2653 2111 2994 2178 ἀποκριθεὶς
3023 2115 3054 2164 ό
3083 2108 3481 2180 ἅγγελος-,καὶ
3512 2113 3579 2165 τὰ
3607 2108 3734 2180 ἐξῆς.

2257 2201 2351 2264 Τὸ,
2379 2197 2554 2270 εὗρες
2581 2202 2776 2271 χάριν,
2809 2204 2986 2258 κοινὸν
3010 2198 3097 2274 ἦν.
3133 2198 3304 2274 Εὗρον
3331 2203 3440 2274 γὰρ
3463 2202 3568 2274 πρὸ
3589 2201 3738 2270 αὐτῆς

2189 2294 2282 2346 καὶ
2332 2294 2489 2347 ἄλλαι
2533 2296 2717 2365 χάριν.
2764 2295 2837 2347 Τὸ
2879 2295 2923 2348 δ’
2961 2297 3154 2362 εἰπεῖν,
3211 2293 3532 2362 (mixtim,
3577 2291 3737 2345 οὐκέτι

2189 2384 2366 2436 κοινὸν
2389 2381 2480 2455 ῆν,
2511 2384 2625 2438 ἀλλ’
2659 2385 2858 2449 ἰδιάζον
2879 2386 2959 2447 είς
2985 2384 3314 2452 ἐπαγγελίαν
3337 2383 3588 2454 παρθένῳ
3610 2381 3738 2446 ξένον

2189 2478 2439 2548 πρᾶγμα.
2479 2473 2671 2545 Εὖρες
2699 2477 2808 2546 γὰρ
2842 2476 3016 2546 χάριν
3046 2475 3203 2545 παρὰ
3238 2473 3319 2540 τῷ
3348 2474 3490 2540 Θεῷ.
3523 2473 3626 2536 Διὸ,
3667 2471 3739 2542 μὴ

2188 2567 2392 2634 φοϐοῦ.
2434 2566 2642 2629 Παντὸς
2664 2566 2772 2637 γὰρ
2802 2566 2966 2634 φόϐου
2998 2564 3286 2636 ἀφαίρεσις
3322 2566 3357 2635 ἡ
3389 2563 3485 2618 τοῦ
3513 2563 3739 2633 *ἀρητῆρος

2187 2656 2468 2727 ἐπιδημία.

2188 2836 2336 2906 Στίχ.
2361 2835 2470 2901 λς’.
2501 2835 2612 2891 Καὶ
2641 2833 2769 2888 ἰδοὺ
2809 2833 3196 2970 ἡὶἙτιιὲὲᾴϐετ
3219 2833 3258 2902 ἡ
3279 2830 3589 2903 συγγενής
3621 2844 3741 2892 σου,

2790 2923 2881 2958 και
2907 2921 2975 2957 τα
3069 2921 3160 2970 ης.

2790 2923 2881 2958 και
2907 2921 2975 2957 τα
3009 2921 3160 2959 εζης.

2790 2923 2881 2958 και
2907 2921 2975 2957 τα
3009 2921 3160 2975 εςης.

2263 2997 2373 3069 (51)
2405 2996 3070 3069 Ἠκουσενὸῐῖρόδρομος,
3104 2996 3170 3066 τῇ
3201 2994 3454 3066 ἐνεργείᾳ⁵
3478 2991 3572 3047 τοῦ
3605 2991 3743 3060 ἁγίου

2188 3089 2506 3160 ῐΙνεύματος
2551 3089 2887 3160 κινούμενος,
2939 3089 3030 3140 τὸν
3079 3087 3370 3158 ἀσπασμὸν
3416 3086 3650 3156 Μαρίας,
3695 3083 3744 3136 ὃν

438 3239 440 3242 ν
510 3173 636 3228 bum
669 3175 760 3230 Dei
797 3175 1069 3239 Christus,
1118 3185 1172 3231 et
1201 3177 1507 3231 exsultabat
1539 3177 1593 3230 in
1621 3177 1816 3245 gaudio
1843 3177 1895 3230 in
1931 3187 2085 3233 utero

2195 3179 2457 3232 ὑπέλαϐεν
2499 3180 2527 3231 6
2559 3179 2731 3248 Λόγος
2763 3179 2855 3234 τοῦ
2889 3178 3022 3232 Θεοῦ
3056 3181 3084 3232 6
3122 3178 3374 3250 Χριστὸς,
3418 3179 3514 3231 καὶ
3541 3176 3745 3245 ἐσκίρτα

510 3267 739 3332 matris,
792 3270 858 3322 ad
921 3271 1314 3324 ostendendam
1373 3269 1603 3338 gratiam
1652 3252 2090 3342 iimuendamque

509 3360 873 3429 prophetiam.
907 3359 1073 3424 Quasi
1121 3363 1267 3414 enim
1298 3375 1363 3414 ex
1398 3377 1462 3415 co
1509 3362 1769 3429 temporis
1814 3372 2087 3417 momento

512 3453 676 3518 cmpit
698 3466 820 3504 eum
855 3452 1178 3520 prophetam
1217 3451 1397 3506 facere
1421 3450 1581 3505 Jesus
1606 3492 1621 3513 ,
1655 3451 1983 3507 intrinsecus
2013 3453 2086 3507 illi

513 3541 776 3594 exhibens
809 3541 1052 3610 mysterii
1081 3540 1529 3596 declarationem.
1555 3540 1821 3607 Quoniam
1851 3557 1982 3596 vero
2003 3544 2092 3596 da-

516 3643 628 3684 tum
659 3647 764 3684 uou
792 3639 876 3685 est
907 3630 1205 3688 infantibus
1239 3635 1291 3688 in
1325 3644 1479 3688 utero
1515 3633 1900 3689 exsistentibus
1922 3636 2088 3704 loqui,

515 3732 734 3788 propter
767 3724 1244 3791 immaturitatem;
1275 3725 1548 3780 festinanti
1606 3724 1860 3794 Baptista:
1882 3742 2093 3780 annun-

516 3814 650 3869 tiare
670 3814 1083 3886 Redemptorem
1099 3818 1456 3872 commodavit
1473 3827 1646 3872 mater
1663 3818 1912 3888 corporis
1930 3835 2092 3888 orga-

516 3921 665 3960 num.
699 3905 813 3961 Non
863 3908 1008 3962 enim
1058 3909 1261 3979 Spiritu
1299 3919 1485 3964 sancto
1533 3921 1689 3964 antea
1723 3910 1960 3979 repletus
1984 3920 2087 3976 est,

515 4013 675 4068 quam
691 3999 904 4055 adesset
919 4017 1038 4070 qua
1053 4011 1208 4057 utero
1226 4002 1464 4070 gestabat
1479 4001 1944 4059 Christum.Prius
1962 4019 2092 4058 vero

517 4089 694 4144 infans
711 4090 944 4161 repletus
959 4103 1041 4148 est
1057 4092 1337 4162 Spiritu,et
1354 4093 1677 4160 essultabat;
1697 4110 1762 4150 ac
1775 4109 1936 4164 porro
1953 4096 2095 4149 deiu-

516 4196 644 4248 ceps
683 4185 843 4240 matri
879 4185 1314 4252 communicavit,
1345 4186 1794 4258 exclamabatque
1839 4189 2093 4243 vaticinia

517 4272 1048 4347 Elisabeth,propter
1069 4277 1347 4344 infantem,
1382 4295 1541 4348 quem
1574 4281 1627 4334 in
1663 4289 1817 4336 utero
1853 4282 2091 4350 gerebat.

592 4361 866 4433 Ejusdem.
913 4365 1148 4436 Populus
1203 4368 1418 4436 quidem
1452 4385 1556 4424 non
1602 4369 1823 4439 agnovit
1846 4369 2093 4426 Salvato-

2190 3275 2247 3325 ἐν
2273 3271 2593 3341 ἀγαλλιάσει
2622 3273 2678 3325 ἐν
2708 3275 2774 3344 τῇ
2805 3271 2981 3342 κοιλίᾳ
3011 3272 3108 3342 τῆς
3159 3270 3384 3342 μητρὸς,
3422 3272 3503 3334 είς
3529 3269 3745 3340 ἔμφασιν

2189 3362 2364 3430 χαρᾶς
2409 3359 2505 3412 κα)⁸
2550 3361 2886 3432 προφητείας
2925 3359 3174 3430 δήλωσιν.
3229 3359 3403 3412 Οίονεὶ
3439 3359 3548 3430 γὰρ
3581 3358 3746 3411 ἔκτοτε

2191 3446 2355 3499 αὑτὸν
2375 3446 2580 3518 ἤρξατο
2617 3450 2902 3520 προφήτην
2921 3451 3093 3501 ποιεῖν
3121 3451 3149 3502 6
3187 3448 3413 3518 Ἰησοῦς,
3453 3449 3599 3502 ἔνδον
3616 3444 3748 3516 αὐτῷ

2191 3539 2490 3612 παρασχὼν
2530 3539 2624 3593 τοῦ
2684 3540 2982 3612 μυστηρίου
3024 3540 3122 3612 τὴν
3157 3541 3408 3612 δήλωσιν.
3455 3540 3666 3609 Ἐπειδὴ
3697 3537 3746 3591 δὲ

2191 3631 2293 3684 οὐκ
2318 3630 2486 3684 ἔδωκε
2511 3631 2691 3684 λαλεῖν
2712 3635 2824 3695 τοῖς
2850 3631 3112 3703 ἐμϐρύοις
3143 3631 3231 3685 διὰ
3252 3632 3312 3684 τὸ
3342 3632 3546 3704 ἄωρον,
3595 3626 3745 3682 σπεύ-

2191 3723 2332 3777 δοντι
2349 3724 2425 3795 τῷ
2455 3726 2726 3795 Βαπτιστῇ
2759 3724 2989 3796 κηρύξαι
3012 3724 3102 3777 τὸν
3127 3724 3441 3796 Λυτρωτὴν,
3473 3725 3692 3795 ἔχρησεν
3717 3721 3747 3791 ἡ

2197 3819 2379 3886 μήτηρ
2420 3815 2513 3869 τοῦ
2562 3815 2814 3887 σώματος
2863 3817 3122 3889 ὄργανον
3171 3819 3232 3870 οὐ
3285 3817 3394 3889 γὰρ
3455 3816 3748 3886 Πνεύματος

2195 3906 2347 3974 ἁγίου
2377 3907 2641 3978 πρότερον
2670 3907 2996 3978 ἐνεπλήσθη,
3031 3908 3162 3978 πρὶν
3187 3911 3472 3978 ἐπιστῆναι
3503 3908 3602 3978 τὴν
3639 3920 3750 3958 κυο-

2194 3997 2509 4066 φορήσασαν
2539 3997 2792 4069 Χριστόν.
2828 3997 3052 4069 Πρῶτον
3084 3997 3140 4050 δὲ
3163 3999 3224 4050 τὸ
3245 3997 3444 4068 βρέςρος
3469 3995 3751 4068 ἐπληροῦτο

2194 4085 2531 4156 Πνεύματος,
2572 4088 2667 4142 καὶ
2715 4089 2971 4159 ἐσκίρτα·
3014 4089 3108 4142 καὶ
3144 4085 3240 4142 εἶθ’
3267 4087 3442 4152 οὕτως
3475 4092 3542 4160 τῇ
3600 4086 3750 4158 μητρὶ

2199 4179 2490 4250 μετεδίδου,
2526 4180 2619 4233 καὶ
2653 4179 2849 4232 ἀνεϐόα
2879 4181 3191 4250 προφητικὰ
3213 4182 3248 4252 ἠ
3279 4180 3563 4234 Ἐλισάϐετ
3596 4179 3679 4232 διὰ
3698 4177 3752 4230 τὸ

2195 4273 2461 4344 κυοφορού
2470 4290 2627 4343 μενον
2659 4274 2716 4325 ἐν
2738 4274 2876 4344 αὐτῇ
2903 4274 3119 4344 βρέφος.

2271 4363 2380 4418 Τοῦ
2406 4364 2615 4422 αὐτοῦ.
2649 4365 2708 4417 '0
2731 4365 2829 4435 μὲν
2855 4364 2981 4427 λαὸς
3011 4365 3110 4418 οὐκ
3139 4360 3245 4418 οἶδε
3278 4363 3369 4417 τὸν
3397 4365 3630 4437 Σωτῆρα
3650 4380 3754 4418 mo

517 4469 632 4509 rem
684 4457 970 4511 facientem
1011 4461 1163 4528 signa
1201 4469 1364 4529 atque
1415 4462 1658 4532 prodigia
1692 4483 1706 4516 :
1743 4475 1800 4517 at
1851 4463 2088 4518 Joannes

2195 4455 2359 4508 οὖντα
2401 4458 2602 4526 σημεῖα
2634 4457 2728 4508 καὶ
2761 4455 2994 4526 τέρατα·
3025 4457 3054 4508 6
3083 4455 3140 4508 δὲ
3186 4455 3436 4525 Ἰωάννης
3467 4455 3548 4509 ἔτι
3589 4457 3644 4508 ἐν
3692 4456 3750 4524 τῇ

518 4548 696 4602 adhuc
726 4547 777 4601 in
838 4559 994 4603 utero
1045 4527 1252 4620 positus
1277 4527 1817 4623 _exsultat,'(juando
1869 4557 2088 4612 advenit

2195 4547 2367 4618 κοιλίᾳ
2382 4547 2456 4600 ὢν
2482 4549 2698 4619 σκιρτᾷ,
2720 4547 2880 4618 ἡνίκα
2908 4542 3072 4618 ἦλθεν
3106 4549 3138 4619 η
3166 4548 3349 4619 μήτηρ
3383 4547 3580 4619 Ἰησοῦ.
3613 4545 3752 4608 Ἰδοὺ

519 4647 694 4692 mater
719 4638 865 4694 Jesu.
897 4639 1032 4696 Ecce
1059 4644 1219 4708 enim,
1248 4644 1441 4713 inquit,
1475 4656 1528 4698 ut
1572 4645 1673 4715 fuit
1718 4648 1968 4701 salutatio
1994 4660 2085 4702 tua

2195 4639 2317 4709 γὰρ,
2353 4640 2537 4708 φησὶν,
2574 4640 2654 4705 ὡς
2695 4638 2931 4709 ἐγένετο
2965 4642 2997 4693 ό
3036 4640 3359 4708 ἀσπασμός
3397 4657 3516 4695 σου
3562 4643 3646 4706 εις
3690 4639 3752 4692 τὰ

518 4731 575 4784 in
609 4732 830 4786 auribus
861 4735 1014 4799 meis,
1041 4735 1319 4790 exsultavit
1352 4735 1530 4804 infans
1556 4738 1610 4790 in
1639 4739 1834 4806 gaudio
1856 4739 1910 4793 in
1939 4749 2086 4794 utero

2195 4727 2306 4786 ὦτά
2324 4749 2464 4800 μου,
2498 4731 2822 4801 ἐσκίρτησε
2853 4731 2917 4785 τὸ
2949 4731 3178 4801 ,βρέφος
3213 4732 3284 4786 ἐν
3316 4731 3667 4802 ἀγαλλιάσει
3693 4731 3754 4783 ἐν

517 4836 632 4875 meo
658 4821 724 4874 ³³.

589 4911 900 4982 Oportebat,
943 4925 1001 4969 ut
1023 4914 1178 4971 beata
1212 4917 1328 4972 haec
1361 4917 1582 4973 Mariam
1609 4959 1626 4981 .
1667 4928 1786 4988 post
1817 4919 2089 4978 Gabrielis

521 5005 836 5072 adventum,
891 5007 1231 5062 ascendendo
1277 5010 1595 5064 ascenderet
1646 5011 1698 5064 in
1754 5023 2085 5069 montanam.

521 5096 656 5151 Cum
691 5096 1040 5152 festinatione
1095 5107 1278 5154 autem
1323 5101 1797 5169 proficiscebatur,
1831 5103 1991 5157 ducta
2023 5107 2090 5158 ab

523 5202 612 5251 eo,
650 5191 738 5258 qui
776 5190 828 5244 iu
875 5191 990 5259 ipsa
1041 5201 1160 5245 erat
1204 5190 1430 5261 Spiritu,
1462 5192 1552 5260 qui
1585 5204 1973 5261 supervenerat
2017 5196 2090 5261 ei,

525 5292 684 5350 atque
707 5299 735 5336 a
774 5286 969 5339 virtute
995 5284 1264 5340 Altissimi
1291 5285 1649 5339 obumbrante
1687 5286 1758 5343 ei.

597 5373 1051 5440 Quemadmodum
1095 5385 1332 5448 coeperat
1355 5386 1636 5447 peccatum
1671 5392 1701 5430 a
1735 5376 1960 5434 muliere
1985 5419 2000 5443 ,
2035 5391 2090 5436 et

603 5484 649 5516 ³³
678 5485 810 5542 Luc.
842 5503 882 5554 ι,
899 5488 988 5544 44.

591 5574 910 5651 (§9>)_>V_ulgo
939 5584 1197 5651 syntaxis,
1229 5585 1568 5649 constructio,
1595 5583 1882 5638 ordinatio.

573 5645 922 5736 Euneon?
949 5645 1246 5736 addendum
1269 5656 1368 5736 μή,
1399 5665 1460 5706 et
1477 5645 1638 5736 paqu
1665 5666 1783 5724 post
1808 5655 2088 5725 legendum

533 5715 874 5786 ὐπογπέσωσιν
903 5720 1017 5774 loco
1044 5715 1491 5786 ὐποπτεῦσὼσινξ
1510 5723 1666 5778 Em'r.

610 5785 721 5861 (50)
757 5787 886 5846 Vide
913 5791 1050 5846 infra
1082 5795 1148 5848 ad
1172 5809 1308 5849 vers.
1346 5795 1412 5849 56
1443 5785 1496 5848 in
1526 5795 1649 5849 line.

2190 4824 2263 4893 τῇ
2287 4825 2481 4891 κοιλίᾳ
2502 4843 2643 4894 μου.

2263 4918 2375 4988 (59.)
2397 4917 2546 4971 Ἔδει
2581 4916 2678 4988 τὴν
2695 4916 2970 4988 μακαρίαν
2999 4915 3202 4986 ταύτην
3223 4916 3475 4989 Μαριὰμ,
3506 4915 3644 4987 μετὰ
3667 4914 3754 4984 τὴν

2195 5011 2287 5064 τοῦ
2327 5012 2364 5063 Γ
2368 5009 2566 5082 αϐριὴλ
2602 5010 2917 5080 ἐπιδημίαν,
2948 5011 3341 5064 ἀναϐαίνουσαν
3366 5011 3632 5082 ἀναϐῆναι
3671 5009 3755 5061 ἐπὶ

2195 5103 2294 5174 τὴν
2331 5103 2566 5174 ὀρεινήν.
2611 5101 2766 5154 Μετὰ
2813 5101 3046 5172 σπουδῆς
3092 5101 3149 5154 δέ
3185 5102 3478 5172 ἐπορεύετο
3520 5100 3753 5171 ἀγομένη

2199 5193 2304 5247 ὑπὸ
2334 5193 2427 5246 τοῦ
2457 5195 2514 5246 ἐν
2547 5185 2682 5263 αὐτῇ
2714 5191 3046 5263 Πνεύματος,
3075 5191 3104 5245 δ
3131 5192 3451 5264 ἐπεληλύθει
3476 5194 3635 5263 αὐτῇ,
3671 5191 3755 5244 καὶ

2197 5287 2298 5357 τῆς
2345 5285 2628 5356 δυνάμεως
2659 5283 2753 5336 τοῦ
2786 5283 3067 5352 Ὑψίστου,
3102 5285 3202 5354 τῆς
3247 5286 3576 5354 ἐπισκιάσης
3602 5283 3752 5352 αὐτῇ.

2271 5379 2382 5450 (55)
2417 5378 2626 5447 Ὠσπερ
2653 5373 2909 5446 ῆρξατοή
2939 5375 3180 5447 ἁμαρτία
3211 5375 3320 5430 ἀπὸ
3355 5375 3635 5444 γυναικὸς,
3669 5372 3756 5428 καὶ

2276 5587 2388 5656 (51)
2431 5587 2669 5652 Ἀνεπιγ.
2704 5581 2904 5638 Confer
2935 5591 3170 5639 veterem
3202 5580 3265 5636 ι).
3319 5579 3542 5636 Hieron.
3592 5580 3753 5635 inter-

2199 5657 2508 5732 βιῳ-ποιέῃς.
2553 5656 2694 5708 hom.
2730 5669 2822 5708 vn.

2266 5728 2378 5793 (59.)
2419 5727 2588 5796 Ὠριγ.

2271 5789 2382 5869 (55)
2436 5789 2676 5864 ’Ᾰνε’πιγ.
2707 5793 2838 5851 Vide
2859 5809 3022 5866 supra
3047 5793 3113 5850 ad
3136 5793 3337 5852 calcem
3370 5806 3510 5849 vers.
3535 5789 3629 5844 2'7.
