3958 6512
187 445 262 500 σει
1408 437 1699 497 SCHOLIA
1741 439 1750 494 l

1851 438 2110 496 LUCAM.
3307 445 3413 499 δειι

187 561 297 636 μετὰ
325 556 468 614 τοῦτο
511 557 744 628 ἔφθασεν
791 557 886 612 ἐπὶ
939 557 1031 613 τὸν
1075 558 1284 633 ἄνδρασ
1320 559 1464 614 οὕτω
1513 561 1608 614 καὶ
1651 560 1720 613 τὰ

1850 571 2013 616 ιοεῑεε
2057 559 2324 616 derivavit
2352 558 2407 614 in
2453 561 2630 615 virum
2665 579 2679 615 :
2714 561 2796 614 sic
2833 571 2890 615 et
2926 560 3066 615 bona
3105 575 3134 615 a
3165 557 3413 614 mulieri-

186 654 334 725 ἀγαθὰ
365 651 463 706 ἀπὸ
489 650 595 706 τῶν
624 651 901 720 γυναικῶν
930 650 1154 723 ἤρξατο,
1189 653 1258 705 ἶν’
1287 653 1716 725 ἀπεντραπῶσιν

1846 669 1924 708 ιυε
1955 654 2227 724 incepere,
2259 662 2316 708 ut
2343 655 2687 723 despicerent
2719 653 2978 710 mulieres
3012 654 3409 721 infirmitatem,

183 749 226 801 αἱ
251 746 478 815 γυναῖκες
505 742 600 812 τὴν
632 742 914 796 ἀσθένειαν
934 782 949 806 ,
985 743 1079 795 καὶ
1117 742 1187 796 τὰ
1212 744 1497 812 γυναικεῖα
1525 738 1721 795 ἀποθέ-

1850 754 1875 800 t
1903 759 2024 816 quae
2059 744 2340 799 muliebria
2370 755 2497 800 sunt
2522 747 2874 814 deponentes,
2914 745 3306 801 aemularentur
3333 746 3413 802 vi-

185 855 331 910 μεναι,
364 833 637 904 ζηλώσωσι
664 835 792 897 τοὺς
831 835 980 904 βίους
1006 835 1114 888 τῶν
1163 834 1449 906 μακαρίων
1488 833 1716 888 τούτων.

902 852 980 898 zu;
1006 835 1114 888 τῶν
1163 834 1449 906 μακαρίων
1488 833 1716 888 τούτων.
1823 845 1907 891 tas
1939 837 2130 890 horum
2161 837 2465 892 beatorum.

183 929 303 1002 Στίχ.
321 934 421 1000 μγ’.
458 926 570 981 Καὶ
604 927 791 1002 πόθεν
804 945 908 994 μοι
946 928 1123 1002 τοῦτο
1141 926 1359 1002 δῆλον,
1378 927 1482 1002 Ira
1505 927 1654 996 ἔλθῃ
1680 927 1718 998 ἠ

1895 929 1965 985 γ.
1994 927 2087 984 45.
2122 927 2188 982 Et
2221 931 2360 984 unde
2399 931 2498 983 hoc
2533 930 2663 983 mihi
2693 930 3054 1001 manifestum,
3084 940 3139 986 ut
3168 930 3340 986 veniat

626 997 847 1066 μήτηρ.
875 999 968 1052 καὶ
1001 999 1072 1053 τὰ
1105 997 1251 1069 ὲξῆς.
1395 1001 1404 1006 ’
1710 997 1713 998 ⁷

1214 1016 1251 1061 ς.
1395 1001 1404 1006 ’
1710 997 1713 998 ⁷
2453 1011 2640 1064 mater,
2669 1011 2777 1056 etc.

241 1089 332 1145 Τοῦ
350 1087 546 1142 αὐτοῦ.
577 1088 849 1160 Σύμφωνα
875 1088 954 1160 τῷ
983 1089 1086 1160 υίῷ
1113 1088 1410 1158 φθέγγεται
1433 1089 1468 1158 ἡ
1505 1087 1722 1142 Ἐλισα-

1899 1092 2175 1163 Ejusdem.
2218 1092 2593 1148 Consonantia
2641 1109 2762 1148 cum
2803 1095 2912 1149 lilio
2964 1096 3206 1163 loquitur
3237 1093 3414 1149 Elisa—

181 1184 283 1248 ϐετ,
319 1181 531 1246 ἀναξίαν
574 1182 774 1254 ἑαυτὴν
821 1182 920 1252 τῆς
975 1180 1282 1253 παρουσίας
1318 1179 1420 1250 τῆς
1456 1179 1720 1232 Θεοτόκου

1847 1185 1977 1251 teth,
2006 1185 2279 1256 indignam
2327 1199 2388 1240 se
2430 1185 2664 1240 adventu
2701 1186 2938 1257 deiparae
2969 1188 3190 1254 dicens;
3218 1203 3410 1257 quem-

180 1274 390 1344 λέγουσα,
415 1271 601 1343 ὥσπερ
629 1272 724 1326 καὶ
763 1272 1023 1344 Ἰωάννης
1046 1273 1146 1343 τῆς
1179 1271 1318 1342 πρὸς
1356 1269 1451 1324 τὸν
1484 1270 1722 1341 Χριστὸν

1853 1278 2115 1334 ιᾶωοάιιιη
2149 1287 2204 1332 et
2235 1275 2475 1332 Joannes
2510 1277 2786 1347 indignum
2817 1295 2876 1334 se
2895 1280 3112 1336 dicebat
3141 1281 3233 1350 qui
3262 1279 3416 1334 Chri-

179 1364 550 1437 παραστάσεως.
587 1363 652 1416 Τί
679 1365 787 1438 γάρ
823 1381 938 1435 μοι,
976 1364 1131 1434 φησὶ,
1162 1361 1480 1434 τηλικοῦτον
1508 1362 1725 1434 πέπρα-

1857 1380 1910 1424 ιο
1935 1371 2233 1426 assisteret.
2269 1369 2554 1438 Quodnam
2585 1373 2730 1426 enim
2763 1373 2917 1437 mihi,
2949 1373 3045 1440 ait,
3078 1383 3184 1427 tam
3209 1374 3415 1444 grande

178 1473 279 1509 κται
308 1455 516 1524 ἀγαθὸν,
547 1455 636 1507 ἵνα
665 1457 696 1525 ἡ
729 1455 911 1527 μήτηρ
936 1454 1031 1507 τοῦ
1061 1453 1269 1524 Κυρίου
1301 1470 1404 1524 μου
1425 1451 1555 1526 ἔλθῃ
1585 1453 1722 1524 πρός

1849 1464 2027 1518 'actum
2058 1473 2144 1519 est
2178 1463 2400 1527 bonum,
2431 1472 2489 1518 ut
2525 1473 2699 1518 mater
2743 1463 2959 1518 Domini
2995 1465 3100 1520 mei
3134 1464 3412 1520 veniat'ad

179 1563 260 1618 με;
287 1546 496 1616 Μητέρα
530 1544 684 1600 καλεῖ
708 1546 806 1616 τὴν
839 1546 919 1598 έτι
956 1543 1247 1615 παρθένον,
1281 1543 1557 1612 φθάνουσα
1590 1559 1724 1613 προ-

1846 1555 1961 1609 ne?
2008 1553 2240 1610 Matrem
2272 1567 2471 1622 vocat,
2506 1573 2627 1627 quae
2659 1559 2840 1614 adhuc
2876 1558 3033 1626 virgo
3069 1565 3189 1612 erat
3212 1597 3229 1623 ,
3280 1567 3409 1611 ante

177 1638 354 1709 φητικῷ
393 1639 535 1709 λόγῳ
583 1637 685 1709 τὴν
742 1637 989 1691 ἔκϐασιν.
1042 1636 1173 1690 Θεία
1203 1636 1300 1708 μὲν
1329 1631 1420 1689 οὖν
1442 1635 1724 1706 οἰκονομία

1846 1661 2093 1717 ισοιιροιιε
2131 1650 2454 1718 prophetico
2483 1664 2737 1705 sermone
2771 1659 3052 1705 eventum.
3084 1649 3277 1703 Divina
3305 1649 3409 1718 igi-

174 1731 253 1803 την
284 1731 573 1803 μαρτυρίαν
614 1731 789 1801 ἤγαγε
838 1729 976 1802 πρὸς
1022 1729 1121 1799 τὴν
1167 1729 1475 1794 Ἔλισάϐετ,
1507 1727 1594 1781 ἵνα
1629 1727 1725 1780 καὶ

1846 1753 1916 1792 ur
1945 1739 2278 1808 dispensatio
2330 1741 2702 1796 testimonium
2737 1740 2870 1795 fecit
2920 1741 3060 1810 apud
3104 1739 3409 1800 Elisabetb,

174 1828 201 1898 ἡ
231 1825 477 1896 μαρτυρία
522 1825 773 1878 Ἰωάννου
812 1824 877 1877 ἐκ
916 1823 1132 1894 μήτρας
1162 1824 1243 1886 είς
1272 1821 1365 1875 τὸν
1402 1821 1606 1893 Κύριον
1635 1819 1724 1873 διὰ

1851 1835 1886 1880 ιι
1910 1824 2078 1882 etiam
2127 1829 2498 1883 testimonium
2539 1828 2766 1885 Joannis
2798 1845 2866 1884 ex
2901 1843 3059 1886 utero
3090 1833 3156 1884 de
3187 1830 3414 1885 Domino

173 1918 251 1989 τῆς
292 1917 410 1982 ἰδίας
443 1919 652 1989 μητρὸς
693 1915 974 1970 Ἐλισάδετ
1020 1914 1438 1988 πληροφορηθῇ,
1489 1915 1584 1967 καὶ
1635 1913 1722 1966 ἵνα

1848 1932 1920 1970 »ει-
1973 1918 2248 1986 propriam
2311 1928 2540 1974 matrem
2611 1919 2982 1975 Elisabetham
3039 1920 3411 1976 certissimum

174 2010 287 2062 κατὰ
313 2011 403 2082 τὴν
427 2009 522 2062 τοῦ
555 2009 788 2079 ἀγγέλου
809 2007 991 2079 φωνὴν
1015 2007 1256 2079 ὀψομένη
1277 2007 1377 2078 τὴν
1415 2005 1718 2068 Ἐλισάὸετ,

1850 2009 2076 2064 :vaderet
2107 2049 2123 2073 ,
2153 2019 2208 2064 et
2231 2011 2459 2080 utjuxta
2487 2011 2662 2083 angeli
2718 2024 2906 2067 vocem
2957 2013 3266 2068 contuitura
3299 2015 3413 2086 (55)

172 2102 247 2154 καὶ
273 2101 326 2154 τὸ
354 2102 407 2153 ὲν
437 2101 577 2172 αὐτῇ
609 2100 913 2173 παράδοξον
946 2099 1158 2170 κύημα,
1184 2098 1274 2152 διὰ
1313 2097 1508 2151 τούτου
1541 2097 1637 2150 καὶ
1661 2097 1722 2149 τὸ

1851 2102 2198 2158 ilisabetham
2226 2143 2242 2168 ,
2286 2113 2342 2159 et
2389 2107 2711 2174 stupendum
2739 2105 2857 2175 ejus
2881 2107 3284 2176 graviditatem,
3316 2122 3414 2177 per

174 2193 324 2262 μεῖζον
341 2193 621 2266 πιστεύσῃ,
637 2193 884 2246 τουτέστι
911 2193 1001 2246 τὸν
1023 2191 1081 2258 ἐξ
1105 2191 1273 2260 αύτῆς
1297 2207 1439 2260 φημι
1461 2189 1562 2258 τῆς
1583 2205 1724 2260 παρ-

1849 2210 1930 2249 ιυο
1962 2204 2016 2250 ει
2042 2197 2187 2264 quod
2219 2195 2395 2265 majus
2429 2206 2547 2250 erat
2578 2196 2830 2252 crederet
2857 2236 2874 2260 ,
2915 2212 2981 2252 ex
3013 2210 3185 2253 semet
3217 2213 3412 2268 nempe

173 2283 296 2336 θένου
323 2285 556 2357 ἄσπορον
596 2285 836 2337 τοκετόν.
865 2285 977 2336 Καὶ
1009 2281 1293 2353 συντρέχει
1326 2280 1466 2353 πρὸς
1496 2279 1594 2351 τὴν
1634 2279 1723 2332 πί-

1852 2284 2035 2355 ’irgine
2070 2286 2484 2354 conceptionem
2531 2286 2652 2342 sine
2679 2287 2910 2343 semine.
2952 2287 3248 2342 Concurrit
3278 2304 3415 2357 quo-

173 2393 264 2429 στιν
286 2376 474 2448 ταύτην
505 2376 606 2430 καὶ
639 2377 667 2429 δ
699 2375 854 2444 λόγος
881 2378 908 2430 ὁ
928 2375 1026 2446 τῆς
1074 2372 1375 2437 Ἐλισάϐετ,
1421 2371 1685 2442 λεγούσης
1703 2387 1716 2400 ’

1848 2393 1930 2447 lue
1963 2378 2029 2432 ad
2061 2377 2200 2432 hanc
2235 2377 2392 2432 ﬁdem
2425 2378 2732 2433 faciendam
2766 2392 2950 2434 sermo
2979 2379 3256 2435 Elisaheth
3280 2420 3295 2444 ,
3321 2379 3411 2434 di-

171 2469 257 2523 Καὶ
281 2470 531 2539 μακαρία
559 2469 594 2537 ἠ
641 2469 1049 2532 πιστεύσασα,
1083 2465 1170 2519 ὅτι
1211 2465 1384 2520 ἔσται
1413 2465 1722 2529 τελείωσις

1851 2466 2034 2521 entis:
2080 2465 2144 2520 Et
2171 2470 2343 2533 beata,
2371 2483 2489 2538 qua:
2527 2467 2829 2534 credidisti,
2863 2470 3115 2538 quoniam
3141 2470 3242 2522 erit
3288 2485 3414 2538 per-

171 2561 268 2627 τοῖς
285 2561 716 2631 λελαλημένοις
733 2559 891 2629 αὐτῇ
922 2558 1082 2627 παρὰ
1101 2557 1347 2626 Κυρίου.
1390 2555 1721 2627 Βεὸαιοτέρα

1848 2557 1980 2611 'ectio
2012 2557 2166 2612 dictis
2201 2558 2295 2610 tibi
2325 2574 2362 2610 a
2404 2555 2634 2611 Domino
2665 2558 2734 2613 “.
2773 2559 3132 2614 Constantior
3163 2558 3310 2614 enim
3343 2559 3411 2613 ad

169 2651 255 2722 γὰρ
276 2653 398 2723 πρὸς
419 2652 517 2724 τὴν
545 2652 732 2706 πίστιν
765 2653 828 2706 ὲκ
856 2651 1060 2704 τούτων
1082 2650 1292 2719 ἐγίνετο
1315 2649 1424 2703 τῶν
1458 2649 1722 2721 ῥημάτων

1849 2646 2147 2704 radendum
2173 2664 2239 2704 ex
2275 2650 2361 2704 his
2385 2650 2567 2705 verbis
2598 2649 2740 2706 facta
2769 2659 2853 2706 est
2881 2651 3056 2722 virgo,
3094 2653 3220 2705 dum
3250 2652 3412 2705 beata

169 2744 194 2812 ἡ
223 2743 482 2815 παρθένος,
519 2743 962 2816 μακαριζομένη,
1001 2742 1084 2795 ὅτι
1111 2741 1454 2806 ἐπίστευσεν,
1486 2740 1718 2810 ἀγγέλου

1851 2741 2153 2796 medicatur
2185 2751 2372 2812 utpote
2398 2757 2519 2812 quae
2547 2743 2866 2808 crediderit,
2901 2752 3012 2796 tum
3049 2743 3244 2812 angelo
3273 2757 3414 2813 pra:-

169 2836 699 2906 τεπροσημαίνοντος,
728 2834 824 2889 καὶ
853 2835 952 2905 τῆς
971 2833 1288 2902 συγγενίδος
1321 2833 1721 2904 παραπλησίως

1852 2835 2184 2906 ignilicante,
2216 2844 2330 2892 tum
2359 2837 2529 2893 etiam
2578 2844 2809 2907 cognata
2854 2835 3002 2891 haud
3036 2835 3198 2892 aliter
3225 2835 3414 2892 vatici-

167 2927 601 2999 προφητευούσης.

1823 2937 2009 2983 nante.
2389 2983 2399 2990 ,

226 3020 320 3073 Τοῦ
353 3020 561 3074 αὑτοῦ.
595 3018 822 3088 Ἰδωμεν
870 3016 1058 3072 λοιπὸν
1116 3017 1454 3090 παρθενικὴν
1505 3033 1720 3089 προφη-

1893 3017 2168 3089 Ejusdem.
2199 3018 2493 3077 Videamus
2518 3018 2632 3091 jam
2676 3018 2999 3089 virginalem
3031 3020 3405 3092 prophetiam.

165 3109 306 3165 τείαν.

193 3203 317 3274 Στίχ.
352 3210 462 3275 μςθ.
497 3203 838 3272 Μεγαλύνει
870 3203 907 3270 ἡ
940 3201 1114 3271 ψυχή
1140 3219 1260 3271 μου
1302 3201 1410 3254 τὸν
1436 3200 1678 3269 Κυρίον.

1677 3246 1678 3249 η
1992 3197 2058 3253 V.
2087 3198 2181 3254 ιδ.
2217 3197 2531 3268 Magniﬁcat
2571 3199 2754 3252 anima
2789 3216 2906 3253 mea
2936 3199 3240 3254 Dominum.

218 3294 324 3358 Πῶς
347 3297 379 3365 ἡ
405 3295 556 3366 ψυχή
589 3311 688 3364 μου
715 3291 1006 3363 μεγαλύνει
1047 3291 1137 3344 τὸν
1183 3291 1409 3362 Κύριον,
1456 3307 1720 3360 κατανοη-
1744 3280 1781 3338 C

1891 3294 2176 3360 Quomodo
2207 3292 2386 3346 anima
2419 3305 2539 3346 mea
2583 3290 2898 3360 magniﬁcat
2928 3291 3238 3354 Dominum,
3273 3305 3407 3346 cou-

167 3384 278 3437 τέον.
311 3386 430 3440 Ἐὰν
454 3387 627 3453 ἀξίως
657 3381 1066 3454 πολιτευώμεθα
1095 3383 1218 3434 κατ’
1248 3381 1434 3435 εἰκόνα
1469 3380 1564 3435 τοῦ
1605 3380 1723 3434 κτί-

1845 3385 2171 3440 ιίάοηηᾶυιη
2201 3392 2305 3438 est.
2338 3382 2395 3436 Si
2426 3390 2484 3436 ut
2515 3396 2616 3452 par
2647 3391 2731 3436 est
2752 3382 2918 3435 vitam
2941 3382 3290 3436 traducamus
3323 3398 3408 3445 se,-

168 3495 323 3544 σαντος
341 3482 504 3552 ἡμᾶς,
545 3478 642 3532 καὶ
676 3477 1037 3548 ὀμοιωθῶμεν
1067 3475 1145 3547 τῷ
1187 3474 1547 3545 πρωτοτύπῳ,
1581 3472 1722 3527 κατὰ

1845 3476 2056 3531 :undum
2107 3474 2397 3544 imaginem
2455 3473 2574 3541 ejus
2631 3472 2721 3542 qui
2777 3475 2988 3528 creavit
3049 3489 3188 3535 nos,
3244 3481 3408 3541 atque

166 3571 212 3623 τι
226 3571 448 3638 θάνατον,
480 3575 556 3627 δι’
593 3571 818 3637 ἀγαθῶν
844 3569 1043 3642 ἔργων,
1077 3567 1455 3640 μεγαλύνομεν
1481 3567 1574 3619 τὸν
1604 3564 1721 3618 Κύ-

1847 3565 2118 3638 ιχθιηριοιιί
2165 3575 2354 3621 nostro
2386 3564 2797 3632 assimilenmr,’
2824 3573 3092 3634 quantum
3137 3564 3256 3620 lieri
3310 3581 3410 3636 p0-

166 3681 257 3734 ριον
285 3666 475 3735 λόγοις,
505 3665 716 3737 ἔργοις,
745 3664 1004 3734 νοήμασι.
1033 3660 1331 3731 Σμικρύνει
1364 3658 1420 3712 δέ
1450 3675 1533 3723 τις
1559 3657 1719 3711 αὑτὸν

1844 3668 1950 3723 est,
1987 3673 2084 3728 per
2115 3659 2255 3713 bona
2281 3671 2469 3726 opera,
2508 3666 2639 3712 tunc
2667 3656 3081 3728 magniﬁcamus
3121 3655 3406 3713 Dominum

164 3756 424 3824 ἀναλόγως,
460 3757 611 3812 κατὰ
631 3757 732 3828 τὴν
761 3755 965 3810 κακίαν
986 3755 1086 3826 τὴν
1113 3753 1527 3824 ἐνυπάρχουσαν
1550 3751 1718 3821 αύτῷ.

1840 3751 2026 3816 verbis,
2073 3750 2354 3820 Operibus,
2393 3749 2844 3820 cogitationibus.
2902 3749 3173 3804 Extenuat
3221 3759 3403 3804 autem

163 3845 252 3917 Τῆς
279 3845 363 3903 οὖν
384 3849 662 3922 Μαρίαςή
688 3847 834 3919 ψυχὴ
867 3846 1168 3918 ἐμεγάλυνε
1201 3845 1292 3898 τὸν
1315 3843 1542 3914 Κύριον,
1575 3843 1634 3895 τὸ
1663 3843 1721 3896 δὲ

1845 3841 1970 3895 llum
1998 3841 2140 3910 quis,
2180 3855 2302 3895 cum
2333 3838 2711 3909 proportione,
2745 3838 2899 3906 juxta
2930 3838 3254 3907 pravitatem
3283 3853 3405 3908 qua:

162 3941 344 4012 πνεῦμα
375 3945 548 4014 αὐτῆς
581 3942 952 4014 ἠγαλλιάσατο
989 3940 1083 3993 ἐπὶ
1105 3938 1182 4010 τῷ
1216 3936 1336 4009 Θεῷ
1367 3937 1448 4007 τῷ
1482 3936 1716 4006 Σωτῆρι.

1841 3936 1922 3990 tibi
1956 3934 2116 3988 inest.
2154 3931 2338 3987 Mariae
2380 3933 2544 4002 igitur
2593 3933 2774 3985 anima
2812 3931 3102 3984 Dominum
3154 3928 3404 4000 magniﬁ-

162 4031 349 4103 Πρῶτον
369 4037 706 4108 ἐμεγάλυνεν
733 4037 768 4107 ὴ
795 4033 944 4106 ψυχὴ
981 4033 1173 4104 αὐτῆς,
1205 4027 1324 4085 εἶτα
1354 4029 1721 4102 ἠγαλλιάσατο

1839 4026 2022 4089 :abat,
2056 4031 2112 4078 et
2155 4023 2382 4092 spiritus
2409 4023 2530 4089 ejus
2574 4020 2888 4076 exsultabat
2924 4020 2975 4073 in
3011 4021 3121 4074 Dco
3155 4019 3402 4073 salutari.

160 4123 209 4174 τὸ
230 4127 428 4199 πνεῦμα
455 4128 654 4199 αὐτῆς.

1840 4117 1979 4170 Prius
2011 4113 2402 4185 magniﬁcabat
2432 4114 2614 4167 anima
2663 4111 2839 4178 illius,
2881 4112 3076 4167 deinde
3105 4111 3403 4166 exsultavit

1819 4208 2044 4277 spiritus
2073 4208 2213 4276 ejus.

216 4305 707 4379 Παρατηρήσασθαι
724 4305 805 4358 δεῖ
828 4306 885 4359 ἐν
914 4305 1010 4376 ὅλῃ
1026 4305 1092 4376 τῇ
1114 4303 1328 4375 Παλαιᾷ
1351 4304 1442 4357 καὶ
1461 4304 1526 4373 τῇ
1544 4302 1716 4373 Καινῇ

1889 4297 2442 4352 Animadvertendum
2487 4306 2573 4352 est
2627 4297 2679 4351 in
2737 4304 2849 4349 tota
2903 4295 3084 4351 Veteri
3143 4293 3405 4363 Novaque

161 4395 341 4471 Γραφῇ,
375 4402 426 4454 εἴ
449 4401 556 4454 πού
580 4403 728 4454 ἐστιν
759 4401 941 4470 εὑρεῖν
973 4399 1066 4451 ἐπὶ
1089 4395 1428 4468 ἁμαρτωλῶν
1454 4396 1718 4463 γενέσεως

1842 4391 2103 4460 Scriptura
2129 4429 2145 4455 ,
2195 4391 2366 4446 sicubi
2420 4389 2666 4443 invenire
2698 4388 2862 4444 liceat
2901 4389 2955 4442 in
3007 4387 3405 4457 peccatricibus

161 4490 410 4561 εἰρημένον
445 4496 536 4548 τό·
591 4492 900 4559 Ἐπλήσθη
923 4493 955 4544 ὀ
981 4495 1203 4560 χρόνος
1230 4486 1337 4541 τοῦ
1356 4484 1570 4538 τεκεῖν.
1605 4485 1720 4537 Οὐκ

1842 4482 2269 4554 generationibus
2298 4483 2505 4537 dictum
2532 4481 2700 4536 fuisse
2729 4499 2744 4535 :
2777 4479 3059 4549 Implelum
3095 4489 3169 4533 est
3203 4488 3405 4545 tempus

161 4580 211 4632 ἂν
237 4586 332 4653 γάρ
363 4603 446 4650 τις
478 4585 655 4658 εὖροι,
686 4586 762 4649 ὡς
800 4581 983 4656 οἶμαι·
1036 4581 1152 4636 ἀλλ’
1176 4582 1310 4634 ὅπου
1363 4577 1678 4648 ὠνόμασται
1699 4615 1713 4639 ,

1840 4576 2063 4631 ιατὶεηιίί
2089 4575 2158 4632 ⁸⁸.
2209 4574 2324 4629 Non
2357 4575 2502 4630 enim
2536 4576 2661 4644 quis
2692 4573 2936 4628 invenire
2969 4571 3201 4640 poterit,
3227 4582 3287 4625 ut
3311 4587 3403 4624 ar-

247 4634 326 4653 O'T
375 4634 443 4650 "v
481 4634 655 4658 *τι-π’
691 4634 760 4649 πῖ
807 4634 952 4656 -τ-ν-
1041 4634 1053 4636 τ
1477 4634 1489 4648 ι
1701 4634 1710 4639 -

161 4674 223 4727 in
245 4677 441 4745 δίκαιός
476 4682 628 4733 ἐστιν
663 4681 691 4733 ὁ
723 4679 1086 4748 γεννώμενος.
1124 4675 1235 4728 Καὶ
1267 4671 1426 4726 τοῦτο
1447 4671 1502 4724 δὲ
1525 4669 1618 4722 καὶ
1649 4667 1718 4721 τὰ

1840 4668 1999 4724 )itror
2031 4684 2048 4722 :
2081 4667 2188 4722 nisi
2217 4669 2306 4722 ubi
2345 4667 2686 4734 nominatur,
2715 4667 2923 4735 justum
2949 4678 3074 4719 esse
3107 4664 3196 4734 qui
3226 4664 3403 4718 nasci-

161 4763 297 4824 λοιπά
317 4774 444 4840 (54).

1823 4767 1930 4813 tur.
1968 4758 2033 4813 Et
2059 4759 2162 4813 huc
2195 4774 2345 4826 vero,
2372 4766 2477 4813 etc.

225 4863 282 4916 Ἠ
323 4866 625 4928 Ἐλισάεἴετ,
663 4857 937 4935 προφῆτις
961 4858 1116 4926 οὖσα,
1151 4860 1247 4913 καὶ
1284 4858 1382 4928 τὴν
1418 4855 1717 4926 γενομένην

1898 4847 2167 4904 Elisabeth
2201 4863 2323 4904 cum
2359 4845 2633 4918 prophetis
2661 4854 2826 4908 esset,
2859 4858 2959 4899 nec
2985 4843 3284 4898 audivisset
3312 4855 3401 4896 re-
3454 4843 3461 4852 '

161 4950 225 5020 τῷ
258 4957 403 5028 ἀνδρὶ
448 4956 795 5027 ἀποκάλυψιν
843 4957 917 5029 μὴ
959 4956 1260 5018 ἀκούσασα,
1309 4951 1386 5024 τῷ
1437 4951 1718 5022 Πνεύματι

1841 4940 2143 4996 relationem
2195 4941 2316 4994 viro
2366 4955 2467 4994 suo
2496 4938 2734 5004 factam,
2795 4952 2960 5006 quam
3017 4935 3253 5010 Spiritus
3282 4947 3404 4987 san-

163 5045 278 5119 ἀγίῳ
299 5051 391 5123 τὴν
433 5051 587 5124 παρὰ
617 5050 711 5104 τοῦ
750 5028 984 5119 ἀγγέλου
1018 5047 1276 5120 ῥηθεῖσαν
1317 5043 1713 5117 προσηγορίαν,

1838 5042 1944 5088 :tus
1995 5047 2094 5102 per
2163 5030 2413 5100 angelum
2477 5029 2945 5085 nomenclator-am
3007 5028 3290 5091 ediderat,
3346 5037 3401 5082 et

163 5141 236 5193 καὶ
271 5118 531 5217 Ἰωάννην.
548 5145 758 5215 ἔφασκε
780 5118 841 5196 τὸ
875 5118 1086 5196 παιδίον
1119 5136 1504 5209 ὀνομάσεσθαι.
1546 5137 1633 5199 Ὠς
1660 5133 1717 5186 δὲ

1834 5125 2085 5180 loannem
2116 5126 2418 5178 vocandum
2449 5136 2572 5178 esse
2601 5137 2854 5191 puerum,
2891 5119 3048 5174 dixit.
3082 5118 3179 5173 Ubi
3215 5128 3397 5172 autem

161 5235 236 5286 καὶ
261 5238 405 5309 παρὰ
439 5239 534 5292 τοῦ
582 5237 790 5309 πατρὸς
823 5236 1007 5305 ἠξίουν
1054 5233 1268 5305 μαθεῖν,
1326 5229 1422 5284 καὶ
1479 5229 1714 5282 διένευον

1832 5218 1985 5272 etiam
2037 5232 2068 5270 a
2116 5215 2278 5269 Patre
2327 5214 2470 5269 scire
2511 5213 2808 5276 volebant,
2841 5212 3002 5280 eique
3061 5207 3395 5269 innuebant.

162 5327 303 5399 αὐτῷ,
339 5331 413 5395 ὡς
446 5331 522 5402 μὴ
556 5331 808 5384 ἀκούοντι
847 5329 881 5398 ἢ
917 5325 1150 5396 λαλῆσαι
1179 5322 1464 5394 δυναμένῳ
1488 5337 1502 5352 ο
1533 5317 1716 5372 λαϐὼν

1835 5308 2020 5377 ιιιίρρο
2051 5321 2154 5361 non
2205 5304 2490 5370 audienti,
2529 5313 2621 5357 aut
2658 5302 2801 5371 loqui
2853 5300 3080 5365 valenti,
3123 5298 3398 5369 accipiens

160 5417 333 5474 δέλτων
379 5423 587 5494 ἔγραψε
642 5419 949 5492 συμφώνως
995 5421 1064 5489 τῇ
1107 5414 1303 5470 ἑαυτοῦ
1351 5412 1571 5482 γυναικὶ
1620 5411 1714 5464 τοῦ

1832 5401 2075 5457 tabellam
2102 5397 2346 5468 scripsit,
2374 5397 2530 5452 uxori
2563 5411 2676 5451 suze
2701 5395 3075 5458 concordans,
3103 5395 3253 5462 pueri
3301 5407 3395 5462 ap-

165 5515 324 5579 πειδδς
478 5485 871 5588 προσηγορίαν,
906 5513 981 5576 ὼς
1013 5485 1224 5573 πάντας
1269 5508 1362 5560 ἐπὶ
1391 5504 1596 5558 τούτοιν
1621 5505 1700 5555 ὲκ-

1833 5493 2168 5564 pellatiouem
2201 5508 2215 5543 :
2246 5504 2416 5558 usque
2451 5488 2588 5542 adeo
2627 5496 2686 5542 ut
2730 5499 2922 5541 omnes
2947 5485 3261 5556 ipropterea
3289 5492 3396 5538 stu-

164 5577 486 5668 πλήττεσθαι.
523 5577 682 5658 Ἐἶτά
711 5577 908 5673 φησιν·
955 5599 1244 5669 Ἀνεῴχθη
1292 5593 1362 5649 δὲ
1408 5595 1471 5648 τὸ
1518 5593 1714 5661 στόμα

1834 5599 1951 5639 )οι-ε
1978 5582 2422 5654 percellerentur.
2470 5579 2672 5634 Deinde
2723 5579 2801 5632 ait
2844 5591 2864 5632 τ
2912 5577 3162 5647 Apertum
3191 5585 3267 5630 est
3301 5591 3397 5628 au-

164 5667 340 5745 cti-toﬁ.
362 5693 520 5747 Μετὰ
536 5695 596 5747 τὸ
615 5667 824 5766 γράξῖναι
849 5691 1092 5763 δηλονότι
1193 5687 1384 5756 δέλτῳ,
1411 5686 1492 5738 ὅτι
1526 5681 1714 5737 Ἰωάν-

1834 5688 1921 5732 ’em
1969 5692 2026 5730 os
2072 5674 2184 5742 ejus
2212 5673 2279 5726 ⁸⁸.
2329 5672 2630 5742 Postquam
2684 5671 2893 5728 scilicet
2921 5670 2977 5726 in
3012 5667 3208 5726 tabella
3256 5668 3397 5723 scri-

196 5824 378 5882 “Luc.
422 5846 463 5893 ι,
502 5830 586 5886 45.
664 5829 709 5860 ³⁸
745 5829 871 5882 ibid.
906 5827 996 5882 57.
1075 5825 1120 5856 ³⁸
1153 5823 1282 5878 ibid.
1309 5822 1401 5875 64.

231 5942 334 6007 (54)
373 5943 528 6002 "om.
559 5961 631 6013 Ix,
658 5947 804 6001 circa
843 5946 1027 6000 liuent.

886 5960 1027 6000 nexu.
2029 5927 2226 6000 Supple
2255 5925 2449 5982 Maria.
