3958 6518
499 420 608 474 3‘25

1383 407 1948 466 SUPPLEMENTUM
1979 406 2074 462 AD
2114 400 2438 464 ORIGENIS
2466 395 2878 455 EXEGETICA.
3629 395 3716 449 εει

499 543 684 606 pserat
710 574 725 598 ,
758 532 886 604 quia
940 547 1131 587 nomen
1179 529 1296 599 ejus
1326 539 1438 582 erat
1478 526 1715 581 Joannes
1740 564 1755 589 ,
1785 523 1960 579 soluta
1993 529 2078 577 est

2205 535 2294 585 -ης
2310 516 2480 570 ἔσται
2509 513 2574 568 τὸ
2599 513 2785 582 ὄνομα
2811 507 3018 570 αὑτοῦ,
3051 506 3215 577 ἐλύθη
3241 507 3274 577 ἡ
3296 505 3542 578 δεδεμένη
3569 512 3713 582 φωνή.

503 643 649 692 vox,
703 641 824 696 qua:
875 624 1036 694 ligata
1073 623 1275 678 fuerat.
1332 619 1401 674 Et
1445 617 1791 688 recuperavit
1843 615 2081 685 linguam

505 735 681 786 suam,
707 735 810 773 non
830 716 1061 786 amplius
1093 724 1152 770 ut
1174 725 1334 769 antea
1354 714 1648 768 revinctam
1677 709 2082 773 incredulitate,

506 811 600 865 sed
633 810 1046 866 benedicentem
1078 808 1269 874 Deum,
1295 816 1348 861 et
1371 805 1766 860 vaticinantem
1798 816 1916 873 quae
1947 799 2084 857 scri-

504 914 596 975 pta
628 913 776 958 sunt.

578 996 923 1068 Superlluum
955 1005 1037 1050 est
1063 995 1269 1060 dicere,
1300 1002 1408 1050 etc.

579 1089 654 1146 Ut
689 1099 818 1159 puto
846 1128 862 1153 ,
897 1087 1059 1141 etiam
1094 1095 1281 1156 patres
1312 1081 1482 1138 nostri
1512 1080 1792 1136 Abraham
1838 1085 1892 1132 et
1935 1073 2088 1132 Isaac

507 1192 564 1239 et
586 1181 779 1249 Jacob,
820 1189 1076 1250 totusque
1125 1178 1327 1233 chorus
1354 1183 1667 1231 sanctorum
1713 1171 1832 1240 ejus
1860 1170 2091 1240 prophe—

510 1286 687 1330 tarum
717 1289 781 1328 ac
807 1275 1104 1342 iustorum,
1144 1269 1293 1323 fruiti
1320 1278 1449 1323 sunt
1487 1267 1718 1320 adventu
1766 1263 1990 1319 Christi.
2028 1264 2086 1317 Si

509 1369 652 1422 cnim
685 1365 980 1436 paeiﬁcavit
1031 1379 1124 1432 per
1167 1362 1477 1429 sanguinem
1511 1358 1681 1412 crucis
1724 1356 1841 1426 ejus
1885 1363 1934 1410 et
1971 1371 2090 1425 qua!

509 1461 567 1513 in
600 1471 741 1514 terra
771 1468 817 1511 et
841 1474 958 1527 qua:
994 1457 1048 1508 in
1074 1453 1202 1510 caelo
1239 1453 1282 1485 ³⁷
1324 1450 1479 1520 juxta
1508 1451 1690 1505 divum
1725 1447 2045 1516 Apostolum
2074 1464 2087 1500 :

511 1551 638 1619 quid
676 1548 952 1618 pigritaris
984 1547 1274 1602 admittere
1300 1585 1316 1610 ,
1349 1544 1491 1613 quod
1531 1551 1584 1597 et
1618 1541 1686 1594 ad
1733 1549 1918 1609 patres
1948 1538 2090 1592 facta

510 1637 677 1691 fuerit
725 1635 1006 1700 visitatio,
1059 1636 1221 1703 idque
1269 1631 1583 1703 prastiterit
1624 1630 1742 1698 ejus
1789 1629 1856 1683 ad
1887 1625 2092 1682 inferos

513 1731 807 1792 adventus,
845 1737 1072 1797 propter
1101 1725 1600 1794 ininvestigabilem
1631 1722 1751 1793 ejus
1793 1721 2096 1776 misericor-

511 1821 699 1875 diam?
729 1820 785 1873 ld
812 1833 975 1887 porro
1005 1819 1260 1888 quamvis
1295 1833 1439 1871 nunc
1457 1816 1744 1882 acciderit,
1772 1814 1882 1884 jam
1913 1823 2092 1868 tamen

512 1914 643 1968 olim
681 1914 734 1967 in
789 1922 1134 1968 antecessum
1181 1911 1578 1982 proclamatum
1629 1910 1805 1964 fuerat
1841 1923 1856 1963 :
1889 1923 1954 1962 ac
1979 1906 2092 1961 lieri

467 2023 475 2031 ·
514 2020 625 2060 non
659 2013 892 2072 poterat,
922 2012 980 2055 ut
1006 2001 1256 2056 effectum
1286 2015 1393 2054 non
1440 1999 1767 2054 sortirentur
1797 1997 1946 2051 hisce
1977 2009 2094 2051 ser-

514 2111 728 2150 mones.
753 2093 1111 2161 Jurejurando
1143 2093 1287 2151 enim
1316 2091 1661 2147 conﬁrmavit
1691 2089 2097 2160 promissiones,

516 2197 742 2259 pr0pter
774 2187 1232 2250 immobilitatem,
1258 2187 1384 2255 quia
1415 2185 1637 2241 omnino
1665 2183 1834 2240 lict".
1868 2183 1934 2237 Et
1954 2196 2102 2236 nunc

521 2281 708 2335 ﬁdeles
735 2280 854 2335 sine
895 2280 1092 2334 timore
1142 2279 1210 2333 de
1245 2294 1409 2333 manu
1447 2277 1814 2348 spiritualium
1850 2277 2100 2332 inimico-

520 2389 639 2428 rum
666 2372 967 2427 liberantur
990 2371 1056 2426 '°.

593 2463 749 2534 Sa-pe
780 2465 1084 2517 liberantur
1114 2463 1358 2532 quidam,
1387 2472 1496 2518 etc.

593 2556 710 2610 Non
763 2557 831 2610 ad
879 2555 1188 2610 Judaenrum
1221 2569 1550 2626 synagogam
1599 2555 1652 2609 in
1699 2553 1998 2608 Jerusalem
2033 2552 2099 2607 ad

521 2649 856 2711 sacerdotes,
892 2657 947 2703 et
979 2649 1189 2704 scribas
1217 2660 1273 2703 et
1307 2647 1617 2702 Pltarisreos
1649 2647 1802 2702 venit
1830 2644 2051 2717 angelus
2083 2662 2096 2698 :

522 2741 618 2796 sed
645 2749 880 2810 pastores
909 2743 1103 2810 reperit
1126 2741 1183 2793 in
1215 2755 1342 2810 agro
1374 2739 1639 2809 degentes,
1668 2747 1718 2792 et
1751 2738 2100 2792 custodientes

522 2834 795 2888 custodias
823 2834 990 2886 noctis
1032 2849 1189 2902 super
1218 2849 1422 2902 gregem
1467 2847 1621 2885 suum
1646 2832 1692 2862 ⁸ο
1727 2849 1741 2885 :
1779 2830 1929 2885 hisce
1957 2843 2100 2883 eum

522 2925 860 2997 evangelizat
929 2925 1233 2980 Salvatoris
1303 2925 1668 2978 nativitatem.
1738 2920 1802 2976 ili
1869 2936 2103 2991 namque

523 3019 804 3089 simplices
854 3028 1051 3085 erant,
1085 3027 1328 3073 veterem
1372 3017 1588 3072 vivendi
1638 3017 1904 3072 rationem
1952 3030 2104 3086 qua»

525 3121 712 3167 rentes
775 3111 1234 3181 patriarcharum.
1293 3111 1551 3167 Pastores
1622 3109 1890 3179 siquidem
1949 3115 2106 3162 erant

525 3216 582 3259 et
632 3205 685 3260 hi
717 3243 733 3269 ,
783 3204 878 3274 qui
931 3205 1096 3258 etiam
1133 3213 1418 3259 currentes
1467 3204 1590 3258 aliis
1642 3216 1860 3272 quoque
1893 3216 2102 3255 annun-

527 3297 822 3354 tiaverunt.
880 3295 964 3350 llli
997 3311 1234 3365 namque
1287 3295 1486 3366 quippe
1552 3293 1751 3349 invidia
1806 3292 2103 3348 tabescen-

529 3397 612 3444 tes
647 3429 662 3451 ,
720 3386 1051 3443 occultaturi
1113 3385 1345 3441 fuissent
1398 3384 1581 3439 numdi
1639 3383 1835 3438 salutis
1888 3389 2106 3452 myste-

527 3481 693 3534 rium.

601 3569 762 3625 Solus
794 3568 994 3622 etenim
1037 3566 1139 3621 iste
1180 3565 1394 3635 aperuit
1421 3564 1636 3618 vulvam
1667 3578 1734 3617 ex
1763 3561 1984 3632 Virgine
2015 3573 2111 3614 na-

532 3672 638 3716 tus.
670 3660 813 3714 Nihil
851 3661 994 3714 enim
1023 3669 1147 3714 autc
1183 3658 1460 3714 Christum
1494 3657 1714 3711 vulvam
1748 3654 1896 3708 illius
1929 3652 2113 3720 tetige-

532 3762 636 3805 rat.
673 3749 866 3806 Omnia
895 3764 1028 3804 vero
1059 3747 1424 3818 primogenita
1451 3785 1467 3811 ,
1498 3745 1715 3799 tametsi
1747 3743 2111 3814 primogenita

531 3842 664 3907 sint,
696 3854 800 3894 non
839 3849 1018 3894 tamen
1049 3837 1300 3909 aperiunt
1331 3835 1507 3906 prima
1539 3833 1788 3894 vulvam,
1818 3831 1914 3886 sed
1947 3829 2113 3885 mari-

531 3939 637 3984 tus.

604 4021 682 4077 Ne
713 4021 851 4076 forte
901 4019 1212 4090 reliquisset
1243 4032 1358 4073 eos.
1409 4016 1668 4072 Dolentes
1703 4013 1866 4084 igitur
1902 4024 2112 4076 quaere-

530 4117 665 4172 bant
701 4114 899 4168 Filium
934 4112 1026 4166 Dei
1061 4129 1076 4164 :
1109 4119 1163 4165 et
1189 4119 1496 4180 qumrentes
1531 4107 1704 4178 ipsum
1753 4118 1858 4158 non
1893 4104 2114 4156 invene-

533 4215 662 4262 runt
690 4207 830 4260 inter
864 4212 1126 4275 cognatos
1157 4220 1170 4256 :
1199 4209 1318 4255 erat
1348 4198 1494 4254 enim
1523 4211 1688 4268 supra
1734 4194 2112 4266 cognationem

532 4314 665 4356 801'“
673 4315 722 4352 ιιι
729 4338 745 4353 ο

1222 4380 1376 4438 CAP.
1425 4379 1490 4434 II.

535 4479 604 4540 V.
636 4481 725 4537 49.
764 4477 887 4534 Non
917 4475 1195 4540 noveratis,
1225 4473 1350 4543 quia
1388 4474 1444 4526 in
1473 4472 1563 4536 iis,
1591 4484 1722 4543 gum
1754 4467 1935 4522 Patris
1961 4476 2112 4533 sunt,

1027 4540 1297 4618 oportebat
1330 4558 1443 4598 esse
1480 4557 1561 4593 me
1583 4540 1609 4594 ?

2184 609 2296 662 Καὶ
2326 604 2565 660 ἀπέλαϐε
2597 604 2695 674 τὴν
2727 601 2920 656 ἑαυτοῦ
2961 599 3234 668 γλῶσσαν,
3274 598 3449 651 οὐκέτι
3482 598 3610 652 καθά
3633 602 3718 655 πά-

2182 699 2270 752 λαι
2296 697 2584 770 δεδεμένην
2617 697 2681 766 τῇ
2711 693 2963 764 ἀπιστίᾳ,
2995 691 3108 745 ἀλλ’
3134 689 3462 759 εύλογοῦσαν
3480 690 3563 749 τὸν
3585 690 3718 756 Θεὸν,

2185 792 2279 845 καὶ
2309 787 2756 862 προφητεύουσαν
2782 786 2850 840 τὰ
2881 782 3362 857 ἀναγεγραμμένα.

2259 969 2526 1042 Περισσόν
2558 969 2675 1021 ἐστι
2705 965 2766 1020 τὸ
2791 965 2990 1035 λέγειν,
3031 963 3126 1018 καὶ
3150 962 3219 1016 τά
3251 961 3429 1016 λοιπά.

2271 1062 2358 1126 Ὠς
2412 1057 2564 1132 οἴμαι
2622 1059 2717 1112 καὶ
2770 1059 2820 1110 οί
2872 1056 3105 1128 πατέρες
3137 1054 3293 1125 ἡμῶν
3355 1055 3609 1129 Ἀϐραὰμ,
3653 1055 3728 1108 καὶ

2201 1151 2385 1205 Ἰσαὰκ
2405 1152 2500 1205 κα),
2527 1147 2741 1211 Ἰακὼϐ,
2759 1148 2855 1201 καὶ
2882 1146 3000 1210 ὅλος
3029 1148 3056 1199 6
3078 1144 3235 1216 χορὸς
3262 1143 3370 1197 τῶν
3398 1145 3561 1214 ἁγίων
3589 1145 3726 1199 αὑτοῦ

2192 1243 2484 1315 προφητῶν
2527 1241 2621 1296 καὶ
2661 1240 2916 1306 δικαίων,
2964 1238 3284 1309 ἀπήλαυσαν
3332 1239 3426 1308 τῆς
3468 1238 3729 1308 παρουσίας

2189 1335 2284 1389 τοῦ
2309 1333 2566 1407 Χριστοῦ.
2601 1334 2665 1386 Ei
2692 1332 2800 1403 γὰρ
2827 1332 3247 1400 εὶρηνοποίησε
3263 1329 3359 1383 διὰ
3382 1329 3487 1384 τοῦ
3519 1330 3732 1399 αἵματος

2191 1429 2298 1482 τοῦ
2324 1426 2590 1495 σταυροῦ
2625 1425 2811 1480 αὑτοῦ
2840 1423 2913 1478 τά
2950 1440 3013 1477 τε
3052 1423 3121 1476 ἐν·
3161 1420 3236 1490 τῇ
3260 1421 3337 1492 γῇ
3366 1422 3464 1475 καὶ
3502 1422 3569 1475 τὰ
3589 1423 3650 1475 ὲν
3671 1421 3736 1488 τῷ

2193 1520 2446 1589 οὐρανῷ,
2465 1519 2606 1575 κατά
2644 1519 2734 1573 τὸν
2768 1517 2908 1571 θεῖον
2941 1515 3287 1580 Ἀπόστολον,
3315 1515 3368 1568 τί
3400 1516 3572 1579 ὀκνεῖς
3587 1532 3738 1586 παρα-

2192 1611 2468 1677 δέξασθαι,
2516 1613 2599 1665 ὂτι
2644 1610 2738 1663 καὶ
2772 1608 2908 1679 προς
2958 1607 3082 1669 τοὺς
3115 1607 3359 1678 πατέρας
3392 1608 3425 1678 ἡ
3465 1605 3735 1676 ὲπισκοπὴ,

2195 1705 2289 1760 καὶ
2315 1705 2525 1776 τοῦτοὴ
2561 1705 2642 1767 είς
2673 1703 2765 1756 τὸν
2799 1701 2934 1773 ᾅδην
2965 1698 3130 1753 αὐτοῦ
3165 1698 3348 1768 ἄφιξις
3395 1696 3742 1770 ἐπραγματεύ-

2199 1815 2330 1852 σατο
2350 1797 2438 1850 διὰ
2467 1795 2528 1848 τὸ
2562 1794 2967 1866 ἀνεξιχνίαστον
3001 1791 3165 1845 αὑτοῦ
3189 1791 3336 1854 ἕλεος
3361 1808 3375 1856 ;
3411 1791 3576 1844 Τοῦτο
3609 1791 3678 1853 δὲ,
3703 1791 3742 1841 εί

2126 1906 2169 1960 Β
2198 1889 2292 1943 καὶ
2326 1887 2420 1942 νῦν
2451 1886 2695 1957 γέγονεν,
2765 1884 2880 1939 ἀλλ’
2913 1882 3145 1937 ἔκπαλαι
3177 1881 3631 1955 τ’τροανεφωνήθη⁸
3664 1881 3742 1934 καὶ

2205 1981 2460 2036 ἀδύνατον
2491 1975 2558 2050 ἦν
2603 1978 2676 2050 μὴ
2716 1977 2946 2047 ἐκϐῆναι
2989 1974 3186 2038 αύτούς
3216 1974 3410 2043 λόγους
3461 1976 3540 2038 εἰς
3579 1973 3740 2045 ἔργον.

2206 2073 2392 2142 Ὅρκῳ
2423 2071 2531 2142 γὰρ
2579 2069 2872 2123 ἐὸεόαίωσε
2915 2066 3014 2131 τάς
3050 2066 3384 2136 ἐπαγγελίας
3417 2064 3506 2119 διὰ
3547 2064 3605 2117 τὸ
3630 2068 3747 2117 ἀπα-

2205 2164 2459 2237 ράϐατον,
2489 2163 2570 2216 ὅτι
2590 2163 2805 2225 πάντως
2836 2161 3006 2213 ἔσται.
3027 2159 3136 2212 Καὶ
3159 2159 3252 2212 νῦν
3270 2160 3320 2211 οἱ
3353 2158 3536 2211 πιστοὶ
3564 2155 3749 2226 ἀφόὸως

2202 2260 2269 2313 ἐκ
2299 2257 2481 2330 χειρὸς
2511 2255 2619 2311 τῶν
2642 2254 2847 2327 νοητῶν
2879 2252 3089 2325 ἐχθρῶν
3124 2251 3364 2324 ῥύονται.

2275 2436 2387 2508 (57)
2429 2435 2699 2500 Πολλάκις
2723 2433 2942 2507 ρύονταί
2971 2449 3136 2496 τινες,
3171 2431 3266 2485 καὶ
3287 2429 3356 2484 τά
3388 2429 3570 2484 λοιπά.

2275 2530 2389 2601 (58)
2423 2530 2536 2584 Οὐκ
2557 2531 2636 2594 είς
2658 2528 2754 2600 τὴν
2770 2527 2876 2581 τῶν
2893 2526 3160 2580 Ἰουδαίων
3189 2525 3514 2596 συναγωγὴν
3535 2521 3756 2596 είςἹερο-

2206 2625 2413 2696 σόλυμα
2443 2623 2580 2694 πρὸς
2614 2623 2740 2685 τοὺς
2767 2622 2933 2692 ἱερεῖς
2975 2619 3072 2673 καὶ
3101 2621 3454 2690 γραμματεῖς
3499 2622 3588 2672 καὶ
3619 2620 3757 2689 Φαρι-

2206 2716 2386 2780 σαίους
2415 2715 2718 2786 ἀπέρχεται
2742 2715 2770 2766 6
2799 2711 3046 2782 ἄγγελος·
3063 2709 3197 2764 ἀλλά
3222 2711 3510 2781 ποιμένας
3525 2710 3758 2779 εὑρίσκει

2203 2801 2678 2880 ἀγραυλοῦντας,
2733 2805 2832 2860 καὶ
2872 2803 3310 2874 φυλάσσοντας
3351 2804 3628 2872 φυλακὰς
3667 2798 3760 2868 τῆς

2203 2901 2424 2968 ’νυκτός
2438 2900 2535 2954 ἐπὶ
2557 2899 2671 2968 τὴν
2699 2899 2962 2967 ποίμνην
2987 2896 3205 2952 αὐτῶνθ
3237 2895 3450 2959 τούτοις
3482 2895 3588 2968 γὰρ
3622 2895 3761 2962 εύαγο

2206 2995 2479 3064 γελίζεται
2510 2975 2604 3046 τοῦ
2635 2990 2886 3061 Σωτῆρος
2913 2989 3012 3060 τὴν
3045 2989 3320 3060 γέννησιν.
3358 2981 3522 3041 Οῦτοι
3556 2987 3646 3058 μὲν
3671 2987 3762 3055 γὰρ

2205 3084 2469 3139 ἄπλαστοι
2490 3077 2648 3154 ἦσαν,
2677 3080 2776 3152 τὴν
2805 3079 3039 3134 παλαιὰν
3065 3079 3341 3132 πολιτείαν
3372 3077 3655 3150 ζηλοῦντες
3674 3073 3764 3128 τῶν

2208 3173 2581 3246 πατριαρχῶν.
2627 3173 2892 3242 Ποιμένες
2938 3171 3046 3242 γὰρ
3070 3165 3212 3242 ἦσαν
3250 3169 3346 3224 καὶ
3374 3163 3544 3235 οὗτοι,
3591 3167 3637 3221 οἳ
3689 3165 3767 3219 καὶ

2131 3259 2173 3319 C
2205 3267 2502 3340 δραμόντες
2533 3267 2645 3330 τοῖς
2671 3264 2881 3336 ἑτέροις
2904 3263 2997 3317 καὶ
3025 3262 3388 3335 ἀπήγγελλον.
3439 3263 3658 3315 Ἐκεῖνοι
3678 3257 3768 3327 γὰρ

2207 3359 2599 3431 διεφθαρμένοι
2642 3357 2794 3421 ὅντες
2821 3356 2900 3428 τῷ
2934 3356 3143 3429 φθόνῳ,
3177 3355 3404 3427 ἔμελλον
3433 3355 3686 3427 κρύπτειν
3717 3349 3769 3402 τὸ

2207 3452 2309 3524 τῆς
2339 3453 2435 3506 τοῦ
2456 3451 2665 3522 κόσμου
2699 3451 2978 3522 σωτηρίας
3013 3449 3330 3521 μυστήριον.

2282 3545 2394 3616 (59)
2417 3543 2594 3608 Μόνος
2625 3543 2735 3616 γὰρ
2763 3536 2917 3606 οὗτος
2937 3540 3169 3614 διήνοιξε
3195 3543 3409 3612 μήτραν
3436 3542 3504 3595 ἐκ
3531 3537 3770 3612 παρθένου

2209 3637 2440 3709 τεχθείς.
2473 3636 2637 3691 Ούδέν
2675 3635 2784 3707 γὰρ
2819 3635 2918 3706 τῆς
2966 3635 3179 3705 μήτρας
3212 3633 3431 3702 ἐκείνης
3463 3631 3638 3704 ἥψατο
3683 3626 3772 3698 πρὸ

2210 3727 2469 3800 Χριστοῦ.
2500 3727 2686 3782 Πάντα
2700 3726 2756 3780 δὲ
2777 3727 2845 3778 τὰ
2876 3724 3230 3798 πρωτότοκα,
3263 3725 3313 3776 εί
3347 3724 3446 3778 καὶ
3481 3717 3774 3794 πρωτότοκά

2211 3821 2378 3888 ἐστιν,
2403 3820 2517 3876 ἀλλ’
2541 3821 2603 3874 οὐ
2640 3819 2998 3889 διανοίγουσιν
3028 3817 3168 3872 αύτὰ
3196 3817 3388 3890 πρῶτα
3417 3816 3518 3889 τὴν
3551 3815 3772 3887 μήτραν,

2211 3913 2326 3968 ἀλλ’
2354 3915 2382 3967 6
2413 3913 2477 3966 σύ
2485 3912 2662 3984 μὸιος.

2286 4003 2398 4075 (60)
2428 4006 2642 4077 Μήπως
2663 4003 3055 4058 καταλέλοιπεν
3075 3999 3295 4064 αύτούς.
3314 3998 3669 4070 ὐδυνώμενοι
3698 3987 3776 4047 οῦν

2215 4094 2438 4168 ἐζήτουν
2469 4096 2559 4150 τὸν
2590 4095 2716 4149 Υίὺν
2748 4094 2842 4148 τοῦ
2877 4093 3013 4148 Θεοῦ
3031 4135 3046 4158 ,
3071 4095 3164 4148 καὶ
3187 4091 3475 4164 ζέγτοῦντες
3501 4090 3676 4151 αὑτὸν,
3696 4087 3778 4155 οὐχ

2215 4183 2372 4262 εὗρον
2415 4190 2473 4241 ἐν
2500 4186 2956 4258 τοϊς-συγγενέσιν
2975 4204 2989 4217 ο
3030 4186 3170 4258 ὑπὲρ
3198 4184 3307 4254 γὰρ
3333 4182 3432 4255 τὴν
3481 4181 3778 4251 συγγένειαν

2214 4279 2393 4334 αὐτῶν
2422 4274 2511 4350 ἦν.

2875 4369 3033 4422 ΚΕΦ.
3063 4367 3141 4421 B'.

2217 4469 2333 4542 (6i)
2364 4467 2513 4537 Στίχ.
2549 4463 2784 4542 μθκοῠξ
2797 4461 3024 4542 ﬁcia-ts,
3046 4459 3143 4542 ﬁt:
3171 4458 3242 4511 ἐν
3275 4456 3400 4522 τοῖς
3434 4455 3544 4510 τοῦ
3575 4450 3783 4520 Πατρός

2753 4529 2875 4586 ἔδει
2901 4529 3057 4586 εἷναί
3087 4544 3198 4599 ys;

609 4645 683 4702 Ut
715 4645 783 4700 ad
806 4644 1033 4699 verbum
1058 4653 1336 4696 artuemur
1352 4637 1615 4690 adversus
1637 4632 1833 4702 impias
1852 4627 2110 4694 haereses,
2143 4617 2190 4675 D

541 4739 784 4794 dicentes
841 4735 955 4806 (56)
989 4735 1205 4790 Patrem
1242 4731 1369 4788 Jesu
1395 4729 1604 4786 Christi
1632 4740 1736 4780 non
1768 4738 1890 4779 esse
1913 4721 2101 4778 mundi

2223 4727 2444 4798 ρέσεων,
2479 4717 2782 4790 λεγουσῶν,
2813 4720 2896 4773 ὅτι
2923 4717 3021 4787 ούχ
3049 4718 3076 4769 6
3104 4710 3434 4784 δημιουργὸς
3465 4709 3658 4778 Πατὴρ
3695 4707 3785 4799 Ὶηῐ

537 4789 914 4894 conditorem;
941 4789 1123 4896 ineque
1148 4826 1316 4882 Deum
1337 4824 1492 4896 legis,
1527 4835 1704 4890 neque
1728 4819 1894 4873 Deum
1922 4813 2101 4884 templi

2221 4789 2314 4870 σοῦ
2357 4811 2614 4885 Χριστοῦ,
2643 4811 2765 4864 οὐδὲ
2793 4812 2820 4863 6
2845 4807 2977 4870 Θεὸς
3003 4803 3098 4858 τοῦ
3129 4803 3316 4873 νόμου,
3357 4801 3475 4854 ούδέ
3504 4802 3534 4853 6
3552 4797 3680 4860 Θεὸς
3705 4789 3786 4845 τοῦ

537 4923 755 4978 Patrem
812 4935 935 4974 esse
971 4918 1194 4974 Christi.
1243 4916 1394 4972 Hanc
1442 4915 1587 4970 enim
1622 4912 1737 4982 ejus
1782 4925 1966 4964 vocem
2015 4923 2101 4962 au-

2214 4905 2368 4969 ναοῦ,
2396 4900 2550 4967 οὗτός
2572 4905 2720 4956 ἐστιν
2749 4904 2777 4954 6
2802 4897 2988 4970 Πατὴρ
3012 4894 3106 4948 τοῦ
3134 4891 3388 4964 Χριστοῦ.
3422 4891 3538 4961 Τῆς
3561 4887 3666 4958 γὰρ
3694 4902 3789 4982 (ξω-

537 5019 748 5074 dientes
776 5011 1144 5068 Valentiniani
1170 5011 1528 5073 erubescant;
1566 5005 1642 5059 ait
1665 5003 1862 5074 quippe
1891 5019 1907 5055 :
1941 4999 2013 5054 1η
2045 4999 2101 5054 iit

2217 5001 2315 5072 νῆς
2353 4996 2517 5052 αὐτοῦ
2551 4994 2840 5057 ἀκούοντες
2881 4995 2929 5045 οἱ
2964 4991 3072 5045 ἀπὸ
3102 4986 3477 5047 Οὐαλεντίνου,
3522 4977 3787 5035 αἰδείσθω-

535 5127 652 5180 quae
687 5109 864 5162 Patris
891 5106 989 5160 mei
1019 5113 1143 5160 sunt
1173 5112 1374 5171 oportet
1414 5116 1495 5154 me
1531 5112 1640 5152 esse
1681 5112 1700 5150 :
1753 5095 1796 5150 si
1831 5093 1988 5148 modo
2014 5092 2101 5145 δάε

2221 5065 2339 5157 σαν,
2374 5092 2653 5160 λέγοντοςο
2694 5088 2792 5139 Ἐν
2826 5084 2950 5151 τοῖς
2989 5081 3096 5136 τοῦ
3117 5079 3345 5148 Πατρός
3372 5094 3492 5145 μου
3533 5073 3630 5127 δεῖ
3653 5065 3788 5180 εἶναι

539 5159 646 5180 τηπ
687 5159 706 5162 -
910 5159 913 5160 ν
1205 5159 1216 5171 ,

539 5203 781 5256 mittunt.
813 5198 1025 5267 Ergone
1075 5210 1244 5265 usque
1286 5193 1424 5247 adeo
1470 5198 1628 5245 erant
1663 5186 1870 5250 stolidi,
1914 5195 1974 5239 ut
2005 5199 2101 5239 nor

2213 5202 2311 5259 με,
2349 5185 2398 5238 εί
2444 5180 2755 5257 προσίενται
2788 5178 2848 5231 τὸ
2886 5175 3068 5248 ῥητόν.
3105 5169 3250 5244 ’Δρα
3299 5169 3405 5240 γὰρ
3452 5166 3627 5228 οὕτως
3664 5159 3788 5263 ham:

538 5251 916 5364 intelligeret;
947 5291 1092 5360 quod
1119 5251 1258 5345 dixit
1287 5307 1302 5344 :
1336 5287 1485 5342 Iniis
1515 5300 1632 5353 qua:
1661 5283 1861 5346 Patris,
1896 5295 2016 5350 pro,
2049 5277 2101 5332 lu

2216 5281 2488 5343 ἀσύνετοι,
2517 5277 2593 5340 ὡς
2627 5275 2703 5346 μὴ
2725 5273 2982 5336 συνιέναι,
3018 5271 3046 5324 ὅ
3067 5287 3121 5322 τι
3153 5268 3338 5335 ἔλεγεν
3360 5280 3373 5294 ο
3418 5263 3514 5316 Ἐν
3539 5259 3664 5324 τοῖς
3699 5251 3792 5308 τοῦ

539 5387 776 5457 templo?
805 5387 911 5442 Aut
941 5401 1068 5440 num
1090 5382 1404 5455 mysterium
1427 5379 1718 5449 quodpiam
1757 5374 2038 5439 innuitur;
2069 5371 2101 5427 si

2225 5372 2473 5442 Πατρός,
2499 5371 2620 5426 ἀντὶ
2653 5368 2777 5422 τοῦτ
2817 5369 2905 5422 Ἐν
2925 5365 3002 5437 τῷ
3024 5363 3137 5434 ναῷ
3153 5405 3168 5430 ,
3193 5363 3263 5416 Ἥ
3285 5356 3495 5432 μήποτέ
3521 5373 3575 5409 τι
3601 5349 3791 5425 μυστή-

608 5501 653 5536 ⁸⁷
685 5501 896 5557 Coloss.
928 5515 968 5568 ι,
995 5499 1084 5555 20.
1183 5498 1228 5529 ³⁸
1261 5495 1426 5551 Hebr.
1465 5510 1542 5560 vr,
1573 5491 1662 5558 16,
1692 5490 1781 5547 17.
1859 5488 1904 5519 ³⁸
1938 5486 2071 5542 Luc.

2205 5481 2268 5536 ’4.
2349 5481 2393 5514 ⁸ο
2420 5481 2554 5536 Luc.
2589 5495 2651 5548 tr,
2687 5481 2742 5538 8.

615 5618 726 5689 (56)
767 5619 902 5672 Hinc
931 5616 1143 5689 videtur
1189 5613 1439 5689 hausisse
1487 5609 1714 5689 tftnolius
1745 5607 1900 5688 pigra
1928 5604 2121 5689 huiust
2302 5602 2414 5689 (ξεῖ)
2451 5603 2835 5689 ξηΑνξπιγοιῌ,
2890 5681 2982 5689 ___
3021 5672 3068 5689 -.
3105 5661 3245 5689 Mn
3290 5661 3343 5689 ,n
3387 5659 3487 5689 MA
3569 5657 3599 5689 ,ε

615 5618 726 5689 (56)
767 5619 902 5672 Hinc
931 5616 1143 5673 videtur
1189 5613 1439 5670 hausisse
1487 5609 1714 5666 Pltotius
1745 5607 1900 5676 plura
1928 5604 2121 5674 hujus—
2302 5602 2391 5669 (59
2460 5603 2704 5669 ’Λνεπιγ.
3589 5657 3599 5666 ,

543 5691 1028 5757 modiAa'rgumenta
1054 5687 1318 5757 adversus
1367 5681 1753 5757 Paullicianos,
1779 5677 1896 5757 sive
1955 5687 2123 5757 novos
2301 5602 2416 5745 (60)
2448 5669 2861 5757 Confer-me}.
2890 5681 2986 5723 χιχ
3018 5672 3075 5722 ει
3105 5661 3248 5720 infra
3289 5661 3344 5718 in
3386 5659 3507 5715 cod.
3566 5654 3690 5720 594,
3729 5644 3788 5701 ad

543 5743 887 5847 Πιιιὲιξιιξχιε,
910 5772 1069 5824 quem
1093 5756 1214 5812 vide
1236 5756 1288 5810 in
1303 5765 1448 5812 torno
1463 5751 1742 5822 superiore
1767 5755 1969 5804 nostra!
1987 5745 2126 5801 Bibl.
2239 5743 2366 5847 calin.
2383 5743 2428 5847 ξ,
2445 5758 2604 5847 νχετε.
2631 5743 2721 5797 6'5.

615 5830 728 5900 (57)
772 5829 944 5897 Ὦριγ.

609 5901 720 5972 (58)
764 5897 1002 5964 Ἀνεπιγ.

2300 4636 2390 4698 Ὦς
2415 4632 2550 4704 πρὸς
2590 4628 2750 4702 ῥητὸν
2781 4623 3132 4696 ὁπλισώμεθα
3176 4619 3317 4674 κατά
3356 4618 3466 4672 τῶν
3510 4617 3682 4671 ἀθέων
3712 4614 3784 4683 gl-

2289 5819 2398 5888 (til)
2445 5817 2612 5886 Ὠριγ.
