3926 6524
509 439 615 495 δὶἹ

1368 433 1932 491 Sl‘PPLEMENTUM
1966 435 2057 490 AD
2089 432 2414 493 ORIGENIS
2450 432 2856 490 EXEGETlCA.

3671 433 3776 487 328

505 571 614 625 est,
644 561 745 615 nisi
777 574 895 630 pro,
934 557 1214 626 Disponite
1243 574 1340 614 vos
1380 561 1446 612 ad
1487 559 1834 628 suscipienda
1869 573 1932 613 ea
1965 573 2085 626 qua:

2185 555 2427 624 Kvplov,
2457 555 2507 609 τί
2541 557 2707 612 ἐστιν.
2737 556 2784 608 εἰ
2813 554 2886 626 μὴ
2914 555 3033 608 ἀντὶ⁵
3053 553 3167 618 τοῦ,
3199 553 3606 626 Εὑτρεπίσθητε
3641 552 3777 625 πρὸς

505 652 624 722 lege
651 651 1167 707 sanciresvoluerit?
1207 649 1394 704 Rectus
1429 652 1588 721 facile
1613 652 1826 707 semitas
1860 652 1974 722 ejus
2000 653 2082 706 "z

505 759 628 814 pro,
659 742 902 798 Desinite
932 758 1097 813 agere
1128 757 1408 813 perversa.

578 920 752 977 Vallis
777 923 821 956 ⁸¹
859 933 941 978 est
988 923 1254 992 profunda
1303 931 1359 978 et
1403 938 1560 986 cava,
1598 923 1778 979 omnis
1830 923 2084 991 inﬁdelis,

501 1015 593 1084 qui
619 1018 849 1071 credens
873 1016 926 1068 in
950 1016 1248 1080 Christum,
1269 1015 1511 1084 repletur
1535 1015 1802 1071 fructibus
1827 1017 2081 1087 Spiritus,

503 1107 555 1160 id
596 1118 680 1162 est
711 1109 1027 1162 virtutibus.
1062 1106 1218 1162 Mons
1265 1117 1315 1162 et
1346 1107 1496 1161 collis
1523 1108 1857 1172 humiliatus,
1882 1119 1964 1164 est
1986 1107 2082 1162 Ju-

480 1197 740 1254 ‘dzeornm
781 1202 1013 1268 superbe
1058 1201 1277 1268 sapiens
1308 1200 1634 1268 populus....
1671 1199 1768 1252 Vel
1798 1209 2000 1253 montes
2033 1208 2083 1253 et

499 1291 680 1358 colles,
717 1304 840 1346 sunt
872 1291 1166 1346 contraria:
1203 1292 1458 1357 virtutes,
1484 1307 1607 1360 qua:
1635 1307 1732 1361 per
1761 1290 1961 1346 Christi
1988 1307 2082 1346 cu-

502 1399 616 1436 ram
649 1383 947 1438 bumiliaue
986 1392 1113 1437 sunt
1144 1401 1159 1438 :
1198 1393 1254 1437 et
1290 1381 1476 1446 valles,
1521 1389 1648 1436 sunt
1692 1381 1955 1446 homines,
1989 1381 2080 1451 qui

501 1475 695 1546 repleti
721 1483 849 1529 sunt
875 1474 1134 1544 operibus
1165 1474 1345 1529 bonis.

565 1653 774 1722 Aspera
794 1663 916 1706 erat
938 1653 1044 1706 vita
1073 1661 1282 1720 nostra,
1301 1664 1356 1710 et
1381 1653 1566 1723 iniqua
1589 1653 1748 1707 ratio.
1766 1651 2078 1709 Adveniens

505 1760 636 1798 vero
678 1744 944 1800 Dominus
984 1757 1172 1801 noster
1212 1747 1360 1801 lmvia
1398 1747 1526 1802 fecit
1563 1747 1838 1802 universa.
1870 1747 1934 1801 Et
1962 1747 2077 1804 lucc

505 1836 726 1906 quidem
763 1837 818 1890 in
851 1838 1088 1893 ethnicis
1133 1837 1320 1894 fuere:
1355 1850 1408 1892 at
1444 1839 1495 1892 in
1529 1839 1726 1908 populo
1771 1839 2068 1908 repudiato,

2193 643 2505 715 παραδοχὴν
2556 637 2630 698 ῶν
2685 645 2750 698 ἂν
2809 644 3046 716 βούλοιτο
3109 642 3461 714 νομοθετείνς
3521 644 3776 710 Εὐθείας

2189 734 2406 789 ποιεῖτε
2446 735 2551 801 τὰς
2599 737 2834 803 τρίϐους
2875 736 3082 802 αὑτοῦ,
3127 735 3251 790 ἀντὶ
3282 733 3374 788 τοῦ
3399 775 3413 801 ,
3481 733 3774 788 Παύσασθε

2189 830 2363 880 ποιεῖν
2395 825 2465 879 τὰ
2488 826 2911 898 διεστραμμένα.

2263 917 2378 987 (66)
2413 916 2650 986 φάραγξ
2683 918 2810 987 ,ἐστὶ
2857 920 3043 990 βαθεῖα
3076 921 3169 973 καὶ
3203 919 3357 992 κοίλη
3392 922 3499 982 πᾶς
3524 921 3774 983 ἄπιστος,

2185 1009 2264 1074 ὃς,
2295 1008 2590 1074 πιστεύσας
2617 1011 2696 1074 είς
2727 1013 2980 1082 Χριστὸν,
3018 1013 3317 1084 πληροῦται
3347 1013 3452 1065 τῶν
3477 1011 3570 1065 τοῦ
3608 1013 3777 1064 Πνεύ-

2188 1122 2355 1176 ματος
2388 1105 2638 1177 καρπῶν,
2676 1109 2920 1162 τουτέστι
2955 1108 3060 1162 τῶν
3110 1107 3342 1180 ἀρετῶν.
3378 1110 3556 1175 Ὄρος
3582 1107 3640 1160 δὲ
3677 1108 3771 1159 καὶ

2179 1197 2410 1263 ,βουνὸς
2451 1201 2831 1266 ταπεινωθείς
2866 1201 3012 1252 ἐστιν
3045 1201 3073 1253 6
3115 1200 3220 1253 τῶν
3267 1200 3538 1254 Ἰουδαίων
3575 1200 3775 1270 ὑψηλὸ-

2184 1305 2333 1360 φρων
2357 1289 2485 1353 λαός
2683 1290 2794 1361 (67)
2827 1292 2897 1344 Ἢ
2931 1291 3036 1360 ὄρη
3070 1293 3166 1345 καὶ
3196 1291 3414 1356 βουνοί
3454 1294 3510 1344 αἱ
3539 1291 3775 1346 ἀντικεί-

2186 1396 2344 1450 μεναι
2372 1380 2649 1453 δυνάμεις,
2686 1382 2740 1436 αἳ
2773 1382 2858 1436 διά
2897 1384 2995 1454 τῆς
3026 1383 3262 1456 Χριστοῦ
3289 1383 3605 1456 ἐπιμελείας
3636 1386 3765 1438 ὲτα-

2185 1471 2560 1544 πεινὼθησαν·
2589 1473 2889 1544 φάραγγες
2931 1474 2987 1528 δὲ
3019 1475 3403 1546 οἱ-ἀνθρωποι,
3457 1474 3507 1528 οἳ
3557 1474 3776 1546 πεπλή-

2184 1579 2386 1634 ρωνται
2418 1565 2598 1636 ἔργοις
2627 1565 2872 1634 ἀγαθοῖς.

2251 1655 2364 1725 (68)
2383 1656 2600 1728 Τραχὺς
2625 1652 2692 1728 ἦν
2710 1657 2908 1728 ἡμῶνὸ
2933 1655 3065 1726 βίος,
3099 1657 3190 1710 καὶ
3215 1655 3502 1727 ἀνώμαλος
3531 1659 3560 1711 6
3588 1658 3770 1726 λόγος.

2193 1745 2390 1800 Ἐλθὼν
2421 1746 2478 1800 δὲ
2510 1749 2539 1800 6
2572 1747 2776 1818 Κύριος
2804 1747 2961 1818 ἡμῶν
2988 1747 3104 1800 λεῖα
3131 1746 3308 1800 πάντα
3336 1748 3630 1818 πεποίηκε.
3662 1751 3777 1802 Καὶ

2178 1838 2271 1891 ἐπὶ
2295 1838 2395 1909 μὲν
2429 1837 2536 1890 τῶν
2567 1837 2735 1891 ἐθνῶν
2760 1839 2930 1892 ταῦτα
2963 1839 3285 1910 γεγένηται·
3314 1839 3407 1892 ἐπὶ
3428 1839 3485 1892 δὲ
3512 1840 3610 1894 τοῦ
3641 1840 3775 1894 λαοῦ

495 1905 663 1980 omnis
702 1943 849 1980 mons
879 1938 926 1980 et
960 1929 1108 1982 collis
1140 1905 1544 1986 Itumiliabitum
1581 1933 1736 1990 Mons
1783 1905 1926 1990 enim
1975 1938 2076 1992 fuit

2185 1905 2589 2001 καθαιρεθέντος
2615 1929 2676 1982 τὸ
2693 1928 2816 1985 πᾶν
2827 1931 2964 1998 ὄρος
3082 1905 3311 1998 βουνὸς
3326 1933 3775 2002 ταπεινωθήσε-

495 2018 789 2087 aliquando
830 2027 888 2074 et
936 2021 1092 2075 collis
1125 2044 1137 2077 ε
1168 2023 1261 2077 sed
1306 2023 1575 2095 proﬂigati
1622 2011 1750 2082 sunt
1791 2039 1845 2084 et
1893 2031 2074 2085 humi-

494 2109 637 2164 liati.

569 2202 761 2256 Merito
813 2205 1079 2273 genimina
1131 2205 1428 2268 viperarum
1471 2209 1539 2274 ⁸⁸,
1587 2223 1778 2265 omnes
1833 2211 2076 2269 infideles

492 2307 674 2350 vocat.
726 2295 828 2364 Qui
873 2296 1018 2352 enim
1059 2298 1485 2354 consuetudines
1525 2316 1652 2356 suas
1699 2318 1804 2357 non
1852 2304 2072 2368 deserit,

494 2404 601 2443 non
631 2389 772 2443 bene
808 2389 1010 2458 accipit
1043 2390 1330 2458 baptisma,
1380 2392 1474 2448 sed
1509 2394 1691 2449 adhuc
1717 2396 1966 2464 genimen
1994 2398 2076 2452 vi-

492 2495 638 2551 pera:
658 2491 762 2545 est,
794 2483 848 2537 in
878 2484 1061 2553 seipso
1090 2499 1357 2538 venenum
1389 2487 1682 2554 pravitatis
1715 2487 1944 2550 habens.

514 2617 516 2620 ,
564 2567 841 2638 Ejusdem.
870 2570 1096 2640 Lapides
1130 2571 1178 2604 ⁵⁸
1215 2575 1458 2627 nominat
1505 2575 1760 2644 gentiles,
1805 2577 1895 2645 qui
1942 2579 2074 2648 lapi-

493 2661 653 2716 deum
712 2665 913 2722 habent
963 2681 1078 2732 cor,
1120 2677 1282 2737 atque
1325 2684 1392 2724 ex
1436 2670 1599 2723 nimia
1652 2648 2074 2729 insensibilitate

493 2765 762 2810 creaturae
790 2757 1032 2812 serviunt
1051 2774 1161 2827 prae
1189 2760 1469 2824 Creatore,
1490 2761 1799 2833 lapidesque
1822 2763 2074 2823 adorant.

499 2841 836 2900 Vaticinatur
877 2862 1009 2915 ergo
1053 2849 1344 2904 delendum
1378 2853 1632 2920 populum
1673 2855 1843 2916 illum,
1879 2867 1934 2908 et
1981 2871 2074 2910 vo-

493 2933 695 2989 candas
717 2945 926 3004 gentes.
970 2938 1078 2992 lllis
1111 2940 1257 2994 enim
1304 2941 1371 2995 de
1399 2943 1670 2996 Abraham
1713 2944 2073 3014 gloriantibus

492 3025 670 3080 dixit:
710 3023 794 3079 Ne
827 3027 1124 3093 inceperitis
1158 3031 1332 3086 dicere
1375 3033 1430 3086 in
1468 3035 1612 3088 vobis
1645 3034 1777 3102 ipsis
1803 3051 1822 3090 :
1854 3034 2072 3092 Patrem

491 3117 742 3172 habemus
772 3119 1042 3174 Abraham
1066 3137 1086 3186 ;
1115 3138 1265 3190 posse
1294 3139 1411 3179 vero
1446 3124 1616 3180 Deum
1645 3127 1843 3197 efﬁcere
1889 3139 2070 3199 gentes

489 3207 631 3274 ﬁlios
660 3210 949 3266 Abrahami
970 3213 1040 3270 “.

565 3299 641 3353 Ex
673 3301 871 3370 quibus
910 3303 1220 3374 lapidibus?
1254 3305 1370 3362 Non
1403 3307 1613 3378 lapides
1650 3311 1915 3368 innuebat
1951 3314 2069 3368 ina-

491 3392 673 3448 nimos
695 3432 710 3457 ,
745 3395 838 3448 sed
866 3397 1114 3453 homines
1145 3399 1516 3469 insensibiles,
1537 3405 1629 3473 qui
1665 3404 1872 3474 lapides
1891 3419 2068 3475 erant,

492 3493 776 3553 propterea
816 3489 961 3556 quod
996 3490 1200 3559 lapides
1230 3493 1548 3549 adorabaut.
1587 3495 1666 3551 Ac
1696 3498 1763 3553 de
1791 3498 1898 3554 illis
1925 3500 2072 3556 obti-

493 3577 652 3630 nebat
685 3580 831 3646 quod
874 3581 1137 3650 scriptum
1181 3592 1303 3638 est:
1337 3581 1551 3639 Similes
1581 3603 1764 3642 eorum
1787 3590 1939 3658 '[iant
1981 3594 2071 3658 qui

494 3667 699 3736 faciunt
727 3688 809 3736 ea,
844 3681 894 3725 et
933 3689 1112 3727 omnes
1133 3677 1454 3744 conﬁdentes
1481 3678 1534 3730 in
1571 3680 1676 3733 illis
1697 3680 1765 3736 ⁸⁸.
1804 3681 2070 3740 Ριιιιξιετειι

492 3761 561 3814 de
597 3761 872 3831 lapidibus
903 3766 1165 3834 scriptum
1196 3778 1281 3821 est
1322 3769 1374 3822 in
1417 3772 1630 3827 cantico
1663 3774 1830 3829 Exodi
1861 3794 1876 3830 :
1913 3777 2069 3847 Lapi-

493 3851 707 3906 descant
739 3865 934 3923 gentes,
963 3857 1127 3912 donec
1158 3870 1487 3926 pertranseat
1519 3871 1741 3933 papulas
1768 3868 1886 3933 iste,
1915 3886 2069 3936 quem

490 3944 818 4011 acquisivisti
847 3946 916 4000 “.
949 3948 1112 4014 Quasi
1146 3951 1291 4006 clare
1321 3957 1576 4022 postulet,
1608 3959 1748 4026 quod
1781 3971 2066 4030 poSIquam

493 4035 722 4103 papulus
751 4041 1049 4106 transierit,
1083 4057 1190 4098 non
1227 4047 1463 4117 amplius
1491 4048 1854 4118 lapidescant.

497 4123 559 4178 V.
588 4126 676 4183 10.
707 4127 777 4182 Et
807 4131 1199 4202 interrogabant
1219 4152 1361 4212 team
1389 4140 1575 4212 turbw,
1617 4142 1847 4200 dicentes
1873 4163 1891 4200 :
1925 4145 2067 4212 Quid

1051 4221 1174 4274 ergo
1207 4207 1462 4274 faciemus
1483 4210 1507 4262 7

495 4283 558 4340 ν.
590 4286 678 4342 ﬂ.
717 4287 1054 4366 Respondeas
1079 4304 1253 4348 autem
1278 4298 1406 4350 dicit
1434 4299 1542 4352 illis
1568 4315 1587 4353 :
1621 4274 1723 4366 Qui
1747 4303 1902 4356 habet
1933 4305 2066 4358 duas

857 4364 1082 4426 tunicas,
1108 4368 1302 4419 tradito
1332 4384 1435 4422 non
1463 4364 1694 4424 habenti.

563 4446 716 4514 Quod
750 4449 939 4506 dicunt
971 4455 1075 4509 tale
1108 4465 1191 4510 est
1221 4472 1236 4510 :
1277 4457 1530 4515 Traditos
1553 4462 1716 4517 nobis
1744 4478 1774 4517 a
1801 4463 1982 4535 Moyse
2013 4475 2068 4522 et-

2176 2037 2290 2074 ται.
2324 2023 2487 2092 Ὄρος
2523 2022 2630 2092 γὰρ
2661 2016 2730 2092 ἦν
2760 2039 2888 2076 ποτε
2926 2023 3021 2075 καὶ
3044 2022 3230 2093 βουνός
3249 2039 3262 2051 ο
3296 2023 3687 2098 καθῃρέθησαν
3717 2025 3776 2079 δὲ

2179 2113 2274 2167 καὶ
2305 2114 2748 2168 τεταπείνωνται.

2246 2202 2339 2272 (69
2343 2203 2616 2274 )Εἰκότως
2643 2203 2981 2273 γεννήματα
3001 2205 3254 2275 ἐχιδνῶν
3277 2207 3484 2270 πάντας
3498 2209 3630 2272 τοὺς
3649 2208 3777 2262 ἀπί-

2177 2311 2334 2358 στους
2377 2293 2550 2350 καλεῖ.
2597 2295 2655 2348 ὐ
2688 2295 2796 2368 γὰρ
2845 2297 2918 2368 μὴ
2954 2297 3379 2369 καταλιμπάνων
3404 2298 3475 2352 τά
3518 2301 3577 2352 ὲν
3620 2299 3775 2371 αύτῷ

2175 2385 2292 2456 ἔθη,
2322 2385 2383 2438 ού
2405 2385 2669 2456 λαμϐάνει
2697 2385 2876 2450 καλῶς
2906 2387 2965 2440 τὸ
2993 2387 3292 2461 βάπτισμα·
3324 2390 3438 2444 ἀλλ’
3468 2389 3550 2443 ἔτι
3572 2391 3775 2463 γέννη-

2177 2493 2256 2547 μα
2276 2477 2512 2549 ἐχίδνης,
2542 2479 2600 2530 ὲν
2623 2477 2800 2548 ἑαυτῷ
2823 2478 2914 2531 τὸν
2947 2478 3022 2532 ἰὸν
3047 2482 3145 2551 τῆς
3170 2481 3434 2552 πονηρίας
3457 2481 3622 2553 ἔχων.

2251 2568 2360 2622 Τοῦ
2381 2568 2587 2622 αὐτοῦ.
2611 2567 2805 2630 Λίθους
2824 2567 3078 2640 ὀνομάζει
3096 2571 3221 2633 τοὺς
3250 2570 3516 2635 ἐθνικοὺς,
3546 2572 3673 2634 τοὺς
3698 2570 3774 2623 λι-

2176 2657 2330 2730 θίνην
2352 2659 2573 2730 ἔχοντας
2601 2659 2846 2730 καρδίαν,
2873 2662 2969 2714 καὶ
2995 2663 3058 2715 ὲκ
3091 2661 3288 2732 πολλῆς
3313 2663 3675 2733 ἀναισθησίας
3700 2665 3769 2734 τῇ

2174 2749 2344 2803 κτίσει
2357 2749 2508 2822 παρὰ
2518 2750 2606 2803 τὸν
2624 2750 2886 2805 κτίσαντα
2905 2751 3270 2816 δουλεύοντας,
3290 2754 3383 2807 καὶ
3401 2752 3584 2816 λίθους
3601 2770 3774 2825 προσο

2173 2841 2486 2905 κυνοῦντας.
2518 2842 2857 2914 Προφητεύει
2880 2844 3059 2897 τοίνυν
3088 2844 3185 2916 τὴν
3214 2843 3534 2916 καθαίρεσιν
3555 2846 3774 2898 ἐκείνου

2172 2935 2264 2988 τοῦ
2285 2935 2415 2989 λαοῦ
2442 2935 2534 2988 καὶ
2553 2935 2651 3006 τὴν
2678 2935 2869 3006 κλῆσιν
2893 2936 3000 2989 τῶν
3023 2936 3210 2990 ἐθνῶν.
3253 2937 3512 3001 Ἐκείνοις
3541 2938 3652 3009 γὰρ
3674 2939 3775 2992 a6-

2171 3028 2328 3100 χοῦσι
2345 3028 2434 3082 τὸν
2449 3028 2699 3101 Ἀϐραάμ
2716 3045 2849 3100 φησι
2869 3043 2883 3058 ο
2917 3028 3013 3096 Μὴ
3033 3027 3298 3097 ἄρξησθε
3314 3029 3518 3100 λέγειν
3539 3029 3611 3084 ἐν
3633 3029 3776 3082 ἐαυ-

2171 3121 2297 3188 τοῖς
2315 3139 2330 3152 ο
2371 3122 2602 3191 Πατέρα
2625 3121 2846 3190 ἔχομεν
2868 3121 2974 3175 τὸν
3007 3121 3257 3191 Ἀϐραάμ
3276 3139 3290 3152 ·
3323 3122 3394 3176 τὰ
3420 3122 3490 3176 δέ
3519 3138 3588 3192 γε
3619 3122 3772 3189 ἔθνη

2171 3213 2465 3270 δύνασθαι
2488 3215 2596 3267 τὸν
2621 3213 2770 3268 Θεὸν
2801 3211 3046 3280 ποιῆσαι
3080 3213 3259 3267 τέκνα
3285 3212 3392 3267 τοῦ
3421 3213 3696 3283 Ἁϐραάμ.

2244 3307 2357 3378 (70)
2417 3305 2593 3360 Ποίων
2623 3305 2817 3371 λίθων;
2863 3307 2938 3361 Ού
2972 3306 3150 3369 λίθους
3197 3305 3467 3360 ἐδείκνυεν
3497 3307 3772 3376 ἀψύχους,

2173 3399 2288 3454 ἀλλ’
2313 3396 2640 3469 ἀνθρώπους
2664 3397 3022 3470 ἀναισθήτους
3053 3396 3212 3460 δντας
3235 3396 3437 3462 λίθους,
3461 3397 3772 3468 ἐπειδήπερ

2171 3489 2340 3554 λίθοις
2383 3487 2775 3562 προσεκύνουν.
2820 3491 2931 3543 Καὶ
2975 3488 3191 3557 ἐγένετο
3231 3487 3317 3541 ἐπ’
3354 3488 3541 3542 αὐτῶν
3567 3488 3631 3541 τὸ
3669 3505 3771 3556 γε·

2171 3579 2489 3650 γραμμὲνον
2514 3596 2528 3609 ·
2564 3579 2797 3647 Ὅμοιοι
2816 3574 3014 3631 αὐτῶν
3057 3575 3323 3646 γένοιντο
3356 3577 3410 3628 οὶ
3445 3573 3774 3638 ποιοῦντες

2171 3667 2343 3730 αὐτὰ,
2378 3667 2479 3721 καὶ
2518 3667 2739 3733 πάντες
2772 3669 2825 3721 οἱ
2865 3667 3215 3732 πεποιθότες
3255 3665 3350 3718 ἐπ’
3375 3664 3604 3730 αὐτοῖς.
3642 3665 3773 3732 ’Ἑτι

2169 3754 2224 3807 δὲ
2251 3755 2344 3806 καὶ
2377 3755 2503 3826 περὶ
2534 3753 2642 3807 τῶν
2677 3753 2840 3807 λίθων
2877 3753 3184 3825 γέγραπται
3219 3755 3275 3808 ἐν
3324 3757 3395 3825 τῇ
3443 3754 3557 3825 ᾠδῇ
3602 3756 3666 3824 τῇ
3709 3757 3772 3806 ἐν

2168 3849 2234 3918 τῇ
2271 3845 2462 3918 Ἐξόδῳ
2481 3864 2495 3876 ’
2528 3845 3084 3917 Ἀπολιθωθήτωσαν
3106 3847 3177 3901 τὰ
3197 3848 3365 3916 ἔθνη,
3385 3848 3497 3913 ἕως
3518 3844 3590 3903 οὗ
3617 3863 3774 3914 παρ-

2167 3939 2317 4006 ἐλθῃ
2367 3942 2400 3993 ό
2431 3938 2582 4004 ,λαὸς
2609 3934 2808 4005 οὗτος,
2839 3938 2911 3992 ὃν
2934 3938 3199 4008 ἐκτήσω·
3236 3939 3310 4003 ὠς
3335 3939 3518 4009 δῆλον.
3551 3940 3634 3992 ὅτι
3676 3954 3776 4008 με·

2169 4030 2238 4083 τά
2263 4031 2324 4083 τὸ
2355 4029 2644 4102 παρελθεῖν
2664 4031 2756 4083 τὸν
2785 4029 2910 4083 λαὸν
2944 4030 3140 4101 μηκέτι
3168 4029 3666 4101 ἀπολιθωθείησαν.

2167 4122 2316 4192 Στίχ.
2349 4128 2400 4176 ι’.
2443 4121 2554 4176 Καὶ
2582 4119 2899 4190 ἐπηρώτων
2917 4121 3104 4176 αὐτὸν
3133 4123 3186 4174 οἱ
3221 4121 3414 4191 ὄχλοι,
3437 4120 3731 4190 λέγοντες
3751 4135 3765 4150 ο

2699 4213 2761 4269 Τί
2785 4208 2899 4269 οὖν
2921 4213 3254 4284 ποιήσομεν
3278 4230 3298 4278 ;

2167 4307 2315 4379 Στίχ.
2353 4307 2442 4379 ια’.
2493 4308 2857 4379 Ἁπρκριθεὶς
2889 4305 3163 4379 essent
3205 4305 3436 4379 αὐτοῖς·
3497 4305 3552 4358 '0
3603 4304 3773 4374 ἔχων

2349 4378 2460 4432 δύο
2481 4377 2738 4447 χιτῶνας
2763 4377 3061 4447 μεταδότω
3086 4376 3165 4442 τῷ
3189 4376 3276 4445 μὴ
3308 4376 3534 4446 ἔχοντι.

2237 4471 2350 4540 (Ἠ)
2383 4473 2448 4524 Ὃ
2466 4470 2702 4539 λέγουσι,
2729 4471 2964 4525 τοιοῦτόν
2993 4470 3228 4533 ἐστι’,Τά
3251 4469 3508 4540 δεδομένα
3534 4471 3668 4540 ἡμῖν
3703 4470 3772 4522 ὲκ

491 4539 742 4607 patribus
782 4557 962 4598 mores
997 4546 1140 4598 circa
1172 4549 1466 4612 sacriﬁcia,
1494 4562 1586 4604 aut
1607 4552 1754 4607 circa
1788 4555 2063 4624 aspersio-

2185 4561 2446 4624 Mwi‘aséw;
2477 4562 2570 4614 καὶ
2599 4561 2706 4614 τῶν
2747 4561 2999 4634 πατέρων
3025 4561 3123 4632 ἔθη
3152 4562 3282 4633 περὶ
3307 4561 3528 4624 θυσιῶν,
3559 4561 3595 4614 ἃ
3634 4561 3773 4632 περὶ

491 4646 590 4685 nes
645 4634 1080 4699 observabimus,
1123 4638 1205 4692 vel
1248 4639 1383 4694 alias
1446 4643 1602 4696 nobis
1651 4645 1777 4700 vita:
1828 4647 2066 4702 rationes

2185 4653 2567 4724 ῥαντιστηρίων
2583 4655 2900 4724 ποιήσομεν,
2925 4654 2957 4726 ἢ
2985 4653 3068 4706 ἑτέ
3078 4670 3172 4725 ρας
3193 4655 3327 4724 ἡμῖν
3350 4652 3627 4716 πολιτείας
3653 4655 3772 4705 είσ-

489 4725 714 4792 agendaa
762 4726 1011 4782 inducis?
1040 4719 1096 4784 Si
1143 4730 1290 4785 enim
1325 4731 1548 4788 Judaica
1582 4735 1717 4789 uibil
1753 4737 1909 4793 nobis
1944 4753 2069 4805 pro-

491 4822 637 4874 sunt.
696 4814 784 4870 dic
839 4817 1015 4885 nobis,
1055 4821 1186 4889 quid
1237 4821 1421 4879 facere
1462 4827 1713 4894 oportet?
1752 4826 1870 4882 Non
1919 4831 2064 4884 enim

487 4907 809 4974 agnovimus
834 4908 994 4964 aliam
1027 4913 1149 4968 vitae
1177 4916 1465 4970 rationem.
1485 4918 1622 4986 Quid
1648 4935 1778 4990 ergo
1805 4921 2070 4991 Baptista?

483 4999 622 5052 Cum
649 5015 754 5055 uon
779 5005 1020 5071 auderet,
1039 5007 1238 5078 quippe
1261 5025 1477 5073 servus,
1497 5028 1776 5069 removere
1793 5019 2062 5083 umbram,

484 5092 803 5164 Cultumqtle
837 5097 1181 5156 introducere
1225 5102 1277 5156 in
1318 5102 1522 5172 Spiritu
1565 5115 1620 5160 et
1654 5107 1886 5164 veritate
1917 5129 1930 5164 :
1965 5111 2062 5164 ad—

487 5182 632 5234 ducit
649 5197 743 5236 eos
762 5186 827 5239 ad
846 5187 1235 5254 plenitudinem
1262 5191 1421 5257 legis,
1447 5193 1498 5248 id
1520 5205 1606 5250 est
1631 5197 1696 5251 ad
1716 5199 2061 5264 charitatem,

484 5273 638 5341 cujus
667 5273 877 5333 fructus
903 5290 1009 5345 est,
1046 5294 1105 5336 ut
1135 5283 1205 5338 sit
1239 5285 1366 5353 quis
1406 5288 1685 5342 sociabilis
1712 5299 1765 5342 et
1799 5289 2060 5357 liberalis,

484 5378 547 5416 ac
574 5380 868 5434 pauperum
912 5381 1143 5427 amator.
1176 5373 1568 5430 Gloriabautur
1605 5378 1750 5430 enim
1783 5377 1956 5434 Judaai
1997 5383 2065 5438 de

484 5456 717 5510 fratrum
743 5458 1054 5528 dilectione,
1085 5475 1140 5519 et
1187 5467 1254 5520 de
1293 5467 1551 5521 sectando
1590 5470 1826 5525 maxime
1861 5487 2062 5541 paupe-

555 5615 602 5649 '°
631 5621 760 5676 Luc.
781 5638 862 5689 ιιι,
886 5626 942 5678 4.
1014 5628 1058 5658 ⁸¹
1091 5627 1220 5682 ibid.
1256 5629 1311 5683 5.
1387 5630 1581 5686 "ibid.
1625 5631 1680 5686 7.

557 5749 670 5824 (ss)
711 5752 956 5824 Ῐᾼνεπιγ.
994 5758 1058 5811 Ει
1087 5761 1276 5814 confer
1305 5762 1453 5816 hom.
1485 5779 1621 5817 xm.

709 5821 840 5904 y’ide
867 5819 1005 5881 iulia
1029 5831 1095 5884 ad
1125 5846 1244 5900 cap.
1272 5847 1306 5895 ι,
1335 5847 1474 5888 vers.
1512 5836 1580 5888 63
1608 5850 1672 5891 cx
1705 5837 1828 5892 cod.
1857 5837 1982 5892 594.

556 5889 673 5958 (68)
713 5891 884 5961 Ὠριγ,

2173 4746 2330 4813 άγεις
2372 4745 2523 4810 ὁδὸν;
2559 4747 2621 4798 Et
2671 4745 2779 4818 γὰρ
2810 4746 2959 4800 οὐδὲν
2995 4749 3142 4818 ἡμᾶς
3188 4747 3258 4800 τὰ
3303 4745 3574 4799 Ἰουδαῖκά
3616 4746 3770 4814 ὠφε-

2172 4835 2274 4902 λεῖ,
2313 4837 2433 4890 εἰπὲ
2461 4837 2613 4907 ἡμῖν,
2654 4836 2706 4888 τί
2739 4837 2845 4908 χρὴ
2883 4841 3084 4903 ποιεῖν;
3113 4837 3188 4889 Ού
3230 4837 3338 4908 γὰρ
3363 4835 3522 4906 ἴσμεν
3562 4835 3767 4908 ἑτέρας

2173 4926 2448 4990 πολιτείας
2477 4925 2612 4980 ὁδόν.
2649 4925 2714 4978 Τί
2748 4922 2839 4978 οὖν
2867 4928 2895 4980 6
2933 4927 3276 4998 Βαπτιστής;
3313 4926 3404 4997 Μὴ
3437 4926 3656 4997 τολμῶν
3684 4928 3768 4991 ὡς

2173 5019 2389 5089 οἰκέτης
2427 5019 2755 5090 ἀποκινῆσαι
2795 5019 2892 5090 τὴν
2937 5019 3113 5083 σκιὰν,
3148 5021 3242 5073 καὶ
3272 5019 3366 5091 τὴν
3398 5021 3457 5074 ὲν
3485 5019 3768 5092 πνεύματι

2179 5115 2274 5166 καὶ
2305 5113 2531 5184 ἀληθείᾳ
2557 5112 2811 5184 λατρείαν
2833 5107 3163 5183 εἰσαγαγεῖν,
3189 5115 3309 5184 ἄγει
3342 5116 3545 5180 αὐτοὺς
3577 5118 3670 5170 ἐπὶ
3703 5119 3769 5169 τὸ

2179 5205 2448 5276 πλήρωμα
2468 5204 2560 5257 τοῦ
2585 5204 2770 5275 νόμου,
2791 5205 3034 5260 τουτέστι
3060 5209 3158 5278 τὴν
3180 5209 3420 5279 ἀγάπην,
3474 5204 3546 5282 ἦς
3573 5212 3602 5264 6
3632 5228 3767 5281 καρ-

2177 5298 2277 5362 πὸς
2306 5298 2368 5350 τὸ
2399 5297 2710 5351 κοινωνικὸν
2745 5291 2883 5352 εἶναι
2923 5300 3017 5352 καὶ
3053 5299 3426 5369 εύμετάδοτον,
3472 5301 3570 5352 καὶ
3602 5300 3767 5369 φιλόο

2178 5404 2410 5457 πτωχον.
2440 5383 2548 5439 Ἦν
2579 5389 2687 5457 γὰρ
2719 5390 2832 5452 τοῖς
2863 5390 3133 5454 Ἰουδαίοις
3157 5391 3246 5442 ἐπὶ
3272 5389 3521 5458 ἀδελφῶν
3541 5392 3769 5463 ἀγαπή-

2172 5494 2254 5530 σει
2278 5480 2566 5547 καύχησις,
2599 5477 2693 5530 καὶ⁵
2720 5478 2782 5530 τὸ
2811 5478 2911 5548 τῆς
2940 5478 3303 5550 φιλοπτωχίας
3333 5478 3617 5551 ἐξαίρετον
3641 5499 3654 5514 ·
3695 5481 3763 5532 τὸ

1779 5634 2047 5691 "ibid.8.
2123 5639 2169 5670 “
2198 5638 2328 5694 ibid.
2405 5639 2450 5671 ⁸⁸
2475 5639 2618 5696 l’sal.
2657 5656 2876 5707 cxxxnv,
2907 5642 2994 5697 l8.
3071 5643 3114 5674 ³⁸
3145 5642 3295 5699 Exod
3353 5660 3444 5702 xv.
3480 5645 3565 5691 ισο

2247 5770 2359 5836 (69)
2401 5773 2584 5824 ’Λνεπ.
2619 5771 2754 5828 Vide
2777 5775 2923 5830 hom.
2959 5792 3090 5832 nu.

2243 5841 2353 5912 ‘70)
2391 5841 2563 5912 ΪΩριγ·

2242 5911 2352 5980 (71)
2383 5911 2514 5967 Siue
2544 5914 2777 5970 auctoris
2800 5915 3033 5971 nomine.
