3958 6516
245 343 343 397 3.29

1505 339 1795 397 SCHOLIA
1834 339 1903 396 IN
1940 339 2172 396 LUCAM
2185 385 2197 397 .

244 463 337 531 μὲν
358 458 654 532 ὁλόκληρον
684 459 777 514 τοῦ
802 460 1134 530 Εὖαγγελίου
1159 461 1258 515 οὐκ
1307 461 1521 533 ἔχουσα,
1553 463 1726 534 ἀρχὴν
1760 463 1816 516 δὲ

1950 478 2044 518 um
2086 477 2289 519 amore.
2315 463 2447 531 Quae
2471 461 2692 532 quidem
2718 460 2958 516 charitas
2977 474 3083 515 non
3117 460 3350 515 habebat
3373 472 3496 524 pro.

241 555 334 624 τῆς
363 551 574 622 Καινῆς
592 552 870 625 Διαθήκης
901 554 1215 621 εἰσάγουσα.

306 732 444 806 Τρία
469 733 769 805 πράγματα
796 734 1026 805 εἰσάγει,
1061 738 1153 790 καὶ
1184 736 1251 791 τὰ
1279 736 1459 791 λοιπά.

1926 553 2070 610 recto
2097 555 2365 624 integrann
2395 553 2668 625 Evangelii
2699 552 3092 623 perfectionem
3122 571 3139 606 :
3168 551 3381 607 initium
3412 559 3497 605 ta.

1927 659 2048 699 men
2084 645 2470 702 introducebat
2498 646 2630 700 Novi
2661 644 3015 702 Testamenti.

1995 735 2124 792 Tria
2156 737 2469 802 introducit,
2508 751 2617 793 etc.

910 886 912 888 ,
1115 888 1120 890 ,
1845 891 1910 902 ,,,,
1924 889 3493 918 _______._____.________

1249 1057 1794 1149 EJUSDEM
1871 1059 1996 1147 IN
2073 1060 2507 1152 LUCAM.

1389 1251 1490 1325 [Ex
1525 1255 1646 1307 cod.
1685 1249 1872 1306 Venet.
1898 1253 2004 1310 594
2030 1253 2308 1327 (72-75).]

884 1549 1042 1605 ΚΕΦ.
1088 1551 1164 1604 A'.

301 1642 451 1713 Στίχ.
490 1639 592 1696 κδ’.

307 1738 423 1809 (74)
462 1737 638 1790 Βλέπε
671 1735 760 1790 τὸν
789 1735 959 1790 τύπον
986 1738 1043 1790 ἐν
1065 1735 1144 1806 τῷ
1170 1735 1434 1809 Ζαχαρία.
1475 1734 1826 1801 Ἑκὸαλόντες

237 1827 343 1899 γὰρ
362 1828 459 1882 τὸν
487 1827 643 1896 λόγον
668 1827 753 1896 ἐφ’
777 1827 1005 1886 ἑαυτῶν.
1028 1828 1124 1882 καὶ
1155 1827 1231 1899 μὴ
1258 1827 1547 1899 δυνάμενοι
1569 1830 1697 1898 περὶ
1729 1845 1824 1899 μη-

235 1919 383 1984 δενὸς
422 1920 584 1989 λόγον
613 1918 908 1974 ἀποδοῦναι
940 1918 1164 1991 νομικοῦ
1199 1919 1233 1990 ἢ
1273 1918 1616 1992 προφητικοῦ
1644 1917 1825 1988 λόγου,

242 2011 416 2080 κωφοὶ
452 2012 550 2065 καὶ
589 2011 774 2082 ἄλογοι
811 2012 1052 2083 μένουσι.

268 2102 419 2174 Στίχ.
478 2103 579 2170 ξγ’.
641 2102 754 2174 Καὶ
811 2104 1073 2170 αἰτήσας
1119 2101 1459 2156 πινακίδιον
1496 2103 1790 2174 ίὲτραψεν,

535 2171 814 2241 Ἰωάννης
841 2175 1014 2228 ἐστὶν
1037 2175 1302 2243 τοῦνομα
1333 2173 1541 2228 αὐτοῦ.

313 2262 541 2336 Ἐπειδὴ
587 2262 696 2336 γὰρ
747 2263 1111 2336 ἑρμηνεύεται
1160 2264 1437 2336 Ζαχαρίας
1488 2264 1586 2335 μὲν
1621 2262 1828 2334 μνήμη

237 2353 386 2409 οεοῦ
411 2394 429 2418 ,
475 2356 730 2427 Ἰωάννης
756 2357 816 2411 δὲ
844 2360 876 2412 ό
902 2357 1175 2425 δεικνύς·
1215 2357 1487 2430 μέμνηται
1527 2357 1583 2410 δέ
1622 2375 1706 2422 τις
1736 2357 1830 2411 τοῦ

235 2446 509 2512 ἀπόντος,
545 2447 786 2502 δείκνυσι
821 2449 879 2503 δὲ
913 2450 983 2503 τὰ
1013 2450 1256 2522 παρόντα
1281 2467 1296 2480 ·
1339 2449 1430 2503 διὰ
1459 2448 1618 2503 τοῦτο
1650 2451 1701 2502 ot
1737 2447 1830 2502 τοῦ

237 2538 431 2602 παιδὸς
481 2538 674 2592 τούτου
718 2541 1042 2612 γεννήτορες
1074 2540 1174 2593 οὐκ
1203 2539 1432 2610 ἀνέσχον
1459 2539 1621 2592 αὑτὸν
1649 2538 1832 2592 καλεῖν

237 2631 518 2702 Ζαχαρίαν
545 2669 560 2694 ,
593 2631 732 2686 ἀλλὰ
774 2631 974 2704 μᾶλλον
1013 2631 1268 2703 Ἰωάννην
1299 2631 1586 2701 ὀνομάζειν
1623 2630 1829 2702 ἤθελον.

236 2724 378 2777 sum
419 2724 650 2795 ἔμελλεν
691 2726 972 2796 μονονουχὶ
1007 2725 1366 2796 μνημονεύειν
1391 2724 1528 2778 Θεοῦ
1562 2725 1639 2788 ὼς
1664 2724 1832 2778 ἀπόν-

237 2830 359 2882 τος,
406 2819 528 2872 ἀλλ’
555 2819 720 2872 αὐτὸν
747 2821 952 2872 ἐκεῖνον
986 2818 1064 2889 τῷ
1098 2818 1346 2890 δακτύλῳ
1387 2817 1650 2872 δεικνύειν
1697 2835 1835 2890 παρ-

236 2904 363 2962 όντα
395 2909 497 2962 καὶ
523 2908 701 2978 λέγειν
727 2925 743 2941 ⁸
777 2908 900 2964 Ἴδε
931 2911 964 2962 ό
1005 2906 1211 2979 Ἀμνὸς
1240 2909 1348 2963 τοῦ
1377 2909 1548 2964 Θεοῦ.

308 2999 471 3072 ᾝδει
504 2998 608 3070 μὲν
649 3001 684 3070 ἡ
730 2999 970 3069 παναγία
1000 2999 1306 3072 Παρθένος,
1343 3001 1418 3073 μὴ
1449 3001 1638 3056 τέκνον
1669 3001 1832 3056 αὑτὸν

236 3087 373 3146 εἶναι
401 3092 505 3146 τοῦ
546 3089 762 3163 Ἰωσὴφ,
792 3092 908 3146 ἀλλ’
938 3093 1019 3156 εἰς
1053 3092 1321 3164 πρόσωπα
1346 3093 1551 3147 τούτων
1581 3094 1675 3148 τὸν
1703 3092 1832 3148 ὲαυ-

233 3182 334 3253 τῆς
362 3183 614 3254 ἐγκρίνει
657 3183 946 3255 μνηστῆρα
985 3183 1077 3238 διὰ
1115 3185 1214 3255 τὴν
1254 3184 1365 3237 τῶν
1410 3184 1682 3239 Ἰουδαίων
1728 3187 1836 3240 ὑπ-

236 3275 397 3346 οψίαν
425 3315 442 3340 ,
498 3274 764 3347 οἰομένων
818 3275 983 3330 αὐτὸν
1040 3277 1104 3329 ὲκ
1148 3275 1405 3347 πορνείας
1456 3276 1831 3348 γεγεννῆσθαι.

247 3367 654 3438 ’Δπλούστερον
688 3367 786 3439 μὲν
819 3362 912 3421 οὖν
945 3367 1156 3436 λέγοιτο
1189 3367 1288 3429 ἂν,
1334 3369 1416 3421 ὃτι
1449 3368 1707 3440 ἐτίμησεν
1739 3366 1834 3421 αὐ·

235 3459 326 3513 τὸν
356 3461 424 3514 τὸ
473 3459 697 3531 Πνεῦμα
745 3459 807 3513 τὸ
842 3460 996 3529 ἆγιον
1024 3463 1090 3532 τῇ
1129 3459 1223 3513 τοῦ
1256 3460 1462 3532 πατρὸς
1497 3462 1838 3534 προσηγορίᾳ

237 3553 330 3606 καὶ
380 3553 455 3606 τὰ
510 3551 745 3607 λοιπά...
806 3551 960 3623 (75),
1026 3554 1223 3624 μήπως
1282 3553 1481 3616 αὐτοὺς
1529 3553 1840 3607 καταλέλοι-

237 3655 356 3698 πεν.
408 3646 474 3697 '0
518 3643 576 3696 δὲ
610 3641 848 3715 Κύριος,
892 3644 1052 3713 ἀφεὶς
1097 3645 1445 3716 ἀνθρωπίνην
1490 3643 1673 3698 δοῦναι
1710 3646 1840 3699 ἀπό-

237 3754 462 3808 κρισιν,
511 3735 664 3790 θείαν
714 3735 929 3801 δίδωσι,
975 3736 1405 3808 παρεμφαίνων,
1457 3736 1706 3800 ὅτιθεὸς
1750 3737 1838 3806 εἴη

239 3845 371 3881 σεσα
377 3846 502 3901 pacm
510 3827 689 3898 μένος.

310 3921 382 3972 Ἦ
421 3918 604 3972 τοίνυν
634 3919 777 3972 οὕτω
805 3920 1047 3991 νοήσεις·
1089 3920 1171 3972 ὅτι
1206 3917 1312 3987 ὄρη
1365 3921 1462 3990 μὲν
1494 3920 1592 3974 καὶ
1617 3921 1836 3984 βουνοί

236 4012 290 4062 αἱ
313 4011 700 4082 ἁντικείμεναι
732 4011 993 4082 δυνάμεις
1019 4010 1108 4064 διὰ
1143 4010 1244 4080 τῆς
1270 4011 1508 4082 Χριστοῦ
1540 4010 1836 4082 ἐπιδημίας

237 4103 690 4176 ἐταπεινώθησαν
712 4120 728 4135 ·
779 4106 839 4157 al
881 4102 939 4156 δὲ
986 4101 1290 4172 φάραγγες
1331 4104 1380 4155 οί
1421 4101 1697 4170 ἄνθρωποι
1743 4119 1840 4155 πε-

239 4193 559 4266 πλήρωνται
605 4196 692 4248 ἐπ’
724 4193 908 4266 ἔργοις
939 4194 1184 4263 ἀγαθοῖς.
1240 4194 1537 4266 Γεγένηται
1568 4195 1625 4247 δὲ
1660 4194 1837 4249 πάντα

2600 1550 2752 1609 CAP.
2788 1551 2830 1609 Ι.

1997 1645 2062 1700 ν.
2090 1645 2182 1700 23.

2001 1739 2135 1794 Vide
2171 1738 2397 1809 figuram
2428 1737 2481 1793 in
2509 1737 2793 1793 Zacharia.
2829 1738 3178 1795 Proferentes
3205 1741 3350 1796 enim
3381 1753 3504 1797 ser-

1929 1847 2143 1887 monem
2176 1843 2368 1887 contra
2397 1832 2625 1901 seipsos,
2669 1849 2772 1889 nec
2813 1835 3058 1890 valentes
3081 1835 3348 1890 rationem
3383 1836 3506 1890 red-

1930 1926 2057 1979 dere
2085 1924 2154 1980 de
2202 1923 2314 1978 ullo
2352 1939 2607 1982 sermone
2635 1943 2698 1981 cx
2734 1926 2850 1998 lege
2900 1936 2996 1982 aut
3037 1927 3338 1997 prophetis,
3369 1929 3502 1981 muti

1929 2025 1984 2071 et
2007 2015 2240 2072 infantes
2270 2025 2510 2071 manent.

1929 2108 1996 2165 γ.
2025 2109 2115 2165 63.
2165 2107 2232 2164 Et
2275 2109 2552 2180 postulans
2580 2111 2826 2194 ("bellant
2872 2113 3127 2178 scripsit:
3153 2111 3390 2168 Joannes
3431 2125 3506 2168 est

2217 2203 2219 2205 ί
2538 2199 2725 2236 nomen
2770 2200 2907 2252 ejus.

2003 2271 2138 2339 Quia
2200 2273 2592 2342 interpretatur
2634 2273 2936 2328 Zacharias
2977 2275 3231 2329 memoria
3280 2276 3399 2342 Dei,
3449 2286 3507 2329 et

1931 2365 2187 2431 Joannes,
2214 2366 2304 2430 qui
2328 2367 2598 2430 ostendit;
2629 2381 2693 2420 ac
2721 2367 3047 2421 recordatur
3081 2367 3207 2436 quis
3239 2367 3504 2429 absentis,

1931 2457 2172 2512 ostendit
2226 2471 2353 2511 vero
2409 2456 2740 2526 prmsentia:
2783 2455 2992 2513 idcirco
3046 2468 3298 2527 parentes
3351 2458 3510 2530 hujus

1933 2549 2096 2616 puelli
2130 2564 2236 2603 non
2277 2548 2516 2603 tulerunt
2548 2547 2824 2618 appellare
2857 2564 2981 2603 eum
3029 2545 3376 2617 Zachariam,
3412 2553 3510 2604 sed

1935 2643 2112 2712 potius
2155 2641 2418 2698 Joannem
2457 2643 2741 2697 nominare
2794 2641 3102 2698 voluerunt.
3162 2642 3373 2714 Quippe
3417 2643 3509 2712 qui

1936 2747 2040 2786 non
2071 2741 2276 2787 tantum
2309 2741 2834 2788 commemoraturus
2855 2742 2977 2787 erat
3005 2731 3173 2787 Deum
3206 2731 3509 2796 absentem,

1935 2824 2030 2878 sed
2081 2823 2230 2878 illum
2280 2823 2456 2894 ipsum
2495 2825 2663 2897 digito
2711 2832 3036 2880 ostensurus
3081 2832 3424 2893 praesentem,
3455 2833 3513 2879 et

1858 2905 1902 2965 C
1935 2914 2176 2970 dicturus
2205 2934 2218 2969 :
2255 2915 2389 2970 Ecce
2417 2916 2598 2987 Agnus
2623 2915 2720 2970 Dei
2748 2917 2817 2971 δ’.

2009 3004 2230 3061 Sciebat
2255 3007 2474 3076 quidem
2501 3007 2846 3062 sanctissima
2871 3004 3037 3075 Virgo
3063 3021 3168 3061 non
3197 3005 3368 3060 tilium
3390 3005 3513 3061 esse

1933 3113 2058 3153 eum
2089 3097 2334 3169 Iosephi,
2380 3101 2475 3156 sed
2507 3101 2558 3154 in
2590 3099 2782 3155 faciem
2822 3115 3010 3155 eorum
3057 3099 3320 3169 approbat
3347 3113 3512 3168 spon-

1937 3205 2082 3255 sum,
2125 3201 2349 3262 propter
2381 3191 2745 3260 suspicionem
2783 3190 3100 3245 Judarorum
3140 3190 3510 3260 reputantium

1935 3297 2058 3336 eum
2091 3296 2158 3336 ex
2198 3283 2562 3338 fornicatione
2593 3294 2776 3337 natum
2813 3281 3002 3338 fuisse.
3037 3282 3353 3352 Simplicius
3382 3296 3514 3337 vero

1941 3375 2044 3430 dici
2073 3383 2279 3446 posset,
2299 3375 2442 3445 quod
2470 3375 2845 3430 honestaverit
2870 3390 2992 3428 eum
3020 3372 3260 3444 Spiritus
3285 3383 3514 3430 sanctus

1938 3465 2110 3534 patris
2149 3455 2529 3533 appellatione,
2553 3473 2686 3530 elc.,
2719 3478 2788 3517 ne
2816 3461 2956 3517 forte
2994 3461 3115 3515 illos
3155 3460 3511 3516 deseruisset.

1937 3559 2010 3612 At
2041 3557 2299 3612 Dominus
2331 3573 2452 3612 cum
2479 3557 2670 3612 liceret
2698 3558 2996 3612 humanum
3021 3554 3252 3624 reddere
3284 3567 3510 3622 respou-

1939 3661 2083 3711 sum,
2123 3648 2364 3702 divinum
2415 3649 2596 3718 potius
2645 3647 2910 3712 reddidit,
2959 3645 3169 3718 liquido
3226 3645 3518 3701 ostendens

1941 3739 2083 3810 quod
2119 3738 2259 3793 Deus
2285 3751 2405 3794 erat
2445 3739 2781 3795 incarnatus.

2011 3917 2109 3974 Vel
2155 3920 2320 3990 igitur
2360 3919 2441 3975 sic
2487 3919 2801 3990 intelliges:
2839 3917 3044 3974 Montes
3085 3927 3133 3974 et
3167 3918 3346 3979 colles.
3392 3931 3516 3970 esse

1939 4011 2283 4066 adversariae
2317 4012 2567 4076 virtutes,
2615 4026 2738 4082 quae
2790 4025 2888 4080 per
2929 4009 3130 4066 Christi
3171 4010 3512 4080 przeseutiam

1940 4103 2240 4159 humiliatze
2285 4115 2428 4160 sunt.
2472 4103 2668 4166 Valles,
2707 4119 2826 4159 esse
2861 4104 3129 4167 homines,
3177 4102 3271 4173 qui
3322 4101 3512 4170 repleti

1940 4209 2069 4254 sunt
2099 4199 2358 4269 operibus
2409 4200 2589 4254 bouis.
2640 4199 2945 4254 Evaserunt
2990 4211 3155 4266 porro
3182 4210 3518 4265 quamcunque

239 4283 435 4338 σκολιὰ
472 4286 553 4348 εἰς
579 4283 816 4339 εὖθείαν.
847 4286 1114 4348 Ἕκαστος
1149 4284 1253 4357 γὰρ
1287 4285 1444 4356 ἡμῶν
1489 4285 1698 4348 σκολιὸς
1726 4281 1794 4357 ἦν
1817 4325 1832 4338 .

1950 4299 2097 4346 erant
2116 4291 2334 4361 obliqua
2369 4292 2421 4345 in
2459 4301 2689 4346 rectum.
2724 4289 2912 4357 Quivis
2934 4289 3078 4344 enim
3106 4297 3354 4342 nostrum
3379 4286 3518 4340 obli-

249 4371 340 4428 Ἔν
389 4377 494 4448 μὲν
536 4376 714 4430 τοίνυν
755 4379 821 4449 τῇ
854 4375 1091 4449 Χριστοῦ
1145 4377 1410 4449 ἐπιδημίᾳ
1455 4381 1520 4448 τῇ
1569 4377 1832 4449 γενομένῃ

235 4468 316 4532 είς
365 4471 475 4541 τὴν
522 4469 702 4541 ψυχὴν
745 4469 952 4538 γίνεται
984 4468 1054 4522 τὰ
1094 4469 1281 4522 σκολιὰ
1322 4471 1402 4533 εἰς
1446 4469 1680 4523 εὐθεῖαν.
1726 4471 1837 4524 Καὶ

237 4561 404 4614 πάλιν
431 4563 645 4633 τραχὺς
668 4556 737 4632 ἦν
763 4560 922 4633 ἡμῶν
945 4563 972 4614 ὁ
1008 4559 1142 4632 βίος,
1176 4561 1270 4615 καὶ
1293 4563 1322 4614 ὁ
1344 4561 1502 4630 λόγος
1527 4561 1831 4633 ἀνώμαλος

236 4653 410 4708 ἐλθὼν
443 4655 503 4708 δὲ
538 4657 567 4710 ὀ
598 4654 824 4726 Κύριος,
858 4655 974 4708 λεῖα
1005 4656 1184 4710 πάντα
1217 4654 1505 4725 πεποίηκε.

916 4749 1072 4802 ΚΕΦ.
1104 4749 1178 4801 Γ’.

239 4839 390 4911 Στίχ.
431 4847 502 4896 α’.
563 4842 666 4896 Ἐν
692 4843 812 4896 ἔτει
859 4842 1041 4895 πέντε
1070 4842 1168 4895 καὶ
1213 4841 1440 4908 δεκάτῳ
1490 4839 1598 4910 τῆς
1630 4844 1835 4910 ἠγεμο-

647 4912 782 4978 riae
817 4912 1080 4981 Τιϐερίου
1103 4913 1423 4980 Καίσαρος.

324 4995 453 5047 Ἐπὶ
486 4993 585 5064 μὲν
613 5001 704 5048 αὖθι·
737 5005 815 5075 τῷ
847 5005 998 5077 παρὰ
1033 5005 1304 5068 Ἰουδαίοις
1337 5005 1519 5076 μόνοις
1562 5021 1834 5075 κηρυσσο-

243 5089 397 5158 μένῳ
421 5087 566 5157 λόγῳ
597 5097 922 5158 προφητικῷ
951 5098 1196 5157 βασιλεία
1230 5097 1388 5169 μόνον
1425 5095 1681 5159 Ἰουδαίας
1713 5098 1838 5149 ἁνα-

242 5180 537 5248 γράφεται-
573 5177 816 5244 Ὅρασις
843 5178 972 5249 γὰρ.
1003 5180 1187 5248 φησὶν,
1218 5187 1296 5248 ἢν
1325 5184 1486 5240 εἶδεν
1517 5189 1548 5240 ό
1590 5187 1836 5251 Ἡσαΐας

239 5271 310 5322 ἐν
338 5269 586 5340 ἡμέραις
620 5268 808 5328 Ὀζῖου
835 5270 932 5323 καὶ
981 5269 1216 5325 Ἰωάθαν
1244 5276 1341 5327 καὶ
1381 5277 1576 5346 Ἄχὰζ,
1613 5279 1669 5333 οἳ
1702 5279 1834 5332 ἐϐα-

241 5363 550 5416 σίλευσαν
593 5359 705 5430 τῆς
752 5359 958 5414 Ἰούδα.
1019 5363 1141 5416 Ἐπὶ
1183 5365 1241 5417 δὲ
1286 5365 1364 5438 τῷ
1407 5369 1689 5442 μυστηρίῳ
1738 5369 1832 5424 τοῦ

325 5481 371 5512 ⁸⁷
403 5479 560 5535 Joan.
608 5496 650 5542 ι.
697 5479 788 5546 29,
830 5480 920 5534 36.
999 5481 1045 5512 ⁸⁸
1085 5479 1212 5537 lsai.
1258 5499 1297 5544 ι,
1353 5487 1405 5539 t.

314 5618 520 5700 (72-7?!)
553 5619 1256 5700 Inscriltitttr:EOeyyéktov
1285 5624 1428 5700 κατὰ
1462 5628 1696 5700 ῥουκᾶν,
1715 5630 1834 5700 γήρ-

249 5689 588 5768 μηνευμᾷνον
613 5691 678 5742 ἐκ
705 5689 975 5768 διαφόρων
999 5692 1376 5768 ,ἑρμηνευτῶῃ
1412 5695 1504 5750 τοῦ
1532 5689 1835 5768 τετραῦσὶγ-

244 5759 407 5828 γέλου
450 5761 542 5830 τὴν
566 5759 877 5831 ἑρμηνείαν
896 5759 1145 5829 εεσάγων-
1160 5761 1325 5817 ἔνδον.

527 5851 805 5912 Parnm”
853 5851 973 5912 Gn.
1023 5852 1075 5911 Χ
1090 5851 1223 5913 νη.

1938 4397 2078 4453 quos
2123 4393 2262 4438 erat.
2312 4383 2366 4437 lu
2415 4383 2646 4439 adventu
2691 4383 2877 4452 itaque
2913 4381 3114 4438 Christi
3164 4382 3216 4434 in
3253 4380 3515 4444 animant,

1940 4476 2076 4531 l'tunt
2125 4477 2346 4546 obliqua
2381 4477 2432 4530 iu
2470 4487 2701 4530 rectum.
2745 4474 2978 4540 Rursus,
3022 4489 3211 4542 aspera
3254 4481 3371 4526 erat
3409 4472 3514 4524 vita

1941 4579 2148 4634 nostra,
2174 4579 2230 4622 et
2261 4568 2400 4622 ratio
2420 4568 2604 4638 iniqua
2627 4587 2642 4622 :
2669 4580 2725 4622 at
2755 4568 3051 4623 adveniens
3082 4565 3343 4619 Dominus
3359 4565 3514 4631 plana

1940 4661 2068 4716 fecit
2098 4660 2370 4715 universa.

2586 4751 2738 4806 CAP.
2784 4749 2870 4804 Ill.

1977 4840 2040 4894 ν.
2078 4840 2129 4897 l.
2181 4839 2248 4895 In
2299 4857 2440 4896 anno
2477 4841 2666 4965 quinéo
2710 4853 2758 4893 et
2793 4840 3000 4922 decimo
3044 4836 3248 4903 imperii
3295 4833 3488 4887 Tiberii

2647 4927 2854 4965 maris.

2647 4927 2854 4965 ωιαηε.

2015 4999 2072 5054 Id
2121 5001 2440 5070 prophetico
2477 5015 2748 5064 sermone,
2797 4999 2885 5069 qui
2932 4996 3072 5066 apud
3117 4995 3334 5050 Judaaos
3373 4990 3540 5047 solos

1943 5093 2334 5162 evulgabatur,
2387 5107 2617 5161 regnum
2667 5093 2932 5144 duntaxat
2965 5088 3167 5142 ludant!
3200 5085 3513 5141 ascribitur.

1953 5185 2126 5252 Visio,
2178 5195 2302 5254 puta
2349 5185 2544 5249 inquit,
2591 5200 2749 5253 quant
2795 5184 2926 5236 vidit
3003 5180 3177 5234 Isaias
3229 5179 3284 5230 iu
3335 5177 3515 5229 diebus

1942 5277 2108 5342 Oziw,
2138 5286 2188 5332 et
2220 5278 2455 5332 Joatltan
2484 5287 2534 5332 et
2565 5279 2765 5342 Achaz,
2798 5278 2889 5340 qui
2917 5281 3263 5344 regnaverunt
3309 5271 3364 5324 in
3409 5267 3515 5320 Ju-

1939 5371 2010 5424 da
2037 5371 2106 5424 ⁵⁸.
2134 5370 2203 5424 At
2241 5369 2294 5423 in
2348 5369 2610 5439 mysterio
2641 5367 2942 5437 Evangelii,
2984 5364 3127 5434 quod
3181 5378 3277 5434 per
3326 5360 3513 5415 orbem

2012 5621 2122 5693 (74)
2161 5620 2481 5677 Ριτιδςθάιιιιι
2510 5638 2629 5691 quae
2664 5635 2826 5692 supra
2852 5619 3104 5689 leguntur
3161 5628 3225 5668 ex
3250 5608 3373 5666 cod.
3423 5604 3515 5660 28'

1941 5693 2380 5768 desil_t_i_tq_t_t_e_hoc
2407 5693 2585 5749 mod'o.
2622 5765 2633 5768 _
2684 5763 2745 5768 __
2808 5765 2820 5768 _
2897 5762 2919 5768 _
3133 5756 3144 5768 θ
3177 5754 3188 5766 ,

2011 5763 2123 5828 I75)
2159 5763 2292 5817 Vide
2331 5779 2493 5833 supra
2535 5765 2655 5820 cod.
2679 5763 2772 5827 28,
2808 5765 2861 5817 in
2891 5762 2996 5816 fine
3027 5762 3224 5826 capitis
3255 5789 3297 5806 ..

3237 5847 3306 5908 ll
