3958 6512
496 314 595 370 551

1388 307 1945 365 ευρριειιεδτυιι
1986 307 2049 360 ΑΙ

2157 306 2432 364 RlGENlS
2459 308 2872 366 EXEGETICA.
3604 323 3688 378 332

498 433 809 486 imirersum
853 428 1251 500 praedicandum
1311 437 1465 489 erat,
1518 427 1803 496 imperium
1854 424 2049 478 Tiberii

2165 425 2492 494 Εὑαγγελίου
2522 425 2767 496 μέλλοντι
2789 430 2847 481 ἐν
2872 429 2980 499 ὅλῳ
3003 430 3191 502 κόσμῳ
3215 431 3566 503 κηρύσσεσθαι
3592 440 3692 509 ἡγε-

495 524 728 580 (Ξαξειτίε
760 522 1071 583 ascribitur,
1099 521 1188 588 qu’i
1219 519 1382 574 totius
1413 520 1595 574 mundi
1630 520 1911 572 videbatur
1937 531 2058 571 esse

494 633 612 674 rex.
644 619 720 670 Ac
753 617 796 669 si
832 615 1048 684 quidem
1085 613 1315 683 gentiles
1349 613 1505 667 modo
1529 611 1773 666 salvandi
1807 611 2057 672 fuissent,

491 712 742 766 omnibus
775 722 901 762 vero
937 705 1061 760 ﬁliis
1086 705 1247 759 Israel
1273 705 1418 760 salus
1449 704 1633 759 clausa
1666 702 1891 768 fuisset;
1927 703 2058 756 satis

490 811 1080 858 eratcommemorasse
1109 799 1267 851 modo
1282 796 1578 849 Tiberium.
1609 795 1675 848 At
1699 794 1822 864 quia
1847 803 2058 862 Oportet

493 905 552 947 ut
585 893 808 946 credam
855 900 912 945 et
974 889 1178 945 Galilaei
1206 929 1220 952 ,
1266 901 1319 942 et
1372 887 1546 940 lturzei
1589 896 1643 940 et
1681 885 2054 948 Tracbouitae;

491 994 774 1054 propterea
804 983 1153 1038 ascribuntur
1182 982 1295 1034 ltzee
1322 996 1506 1049 regna,
1538 989 1628 1031 aut
1656 977 1833 1046 potius
1859 985 2059 1028 tetrar-

489 1073 644 1127 cbizn.
682 1071 968 1141 Nunquam
1024 1082 1152 1124 vero
1181 1068 1353 1123 fuerat
1383 1069 1603 1122 verbum
1636 1066 1728 1120 Dei
1765 1067 1830 1118 ad
1867 1078 2059 1134 quem-

489 1163 636 1234 piam
665 1163 1052 1233 proiihctarum
1084 1163 1135 1216 in
1166 1162 1408 1226 deserto,
1451 1157 1554 1213 nisi
1607 1172 1751 1213 nunc
1793 1158 2059 1211 duntaxat

488 1268 710 1326 propter
755 1257 1043 1326 quamdam
1093 1254 1379 1323 mysticam
1433 1251 1865 1321 intelligentiam.
1917 1248 2057 1314 Quia

490 1362 680 1417 nempe
700 1347 872 1416 plures
895 1346 1060 1415 futuri
1087 1355 1237 1399 erant
1257 1344 1357 1412 ﬁlii
1385 1342 1684 1405 desertw,id
1709 1351 1789 1396 est
1809 1340 2059 1396 Ecclesiae

488 1439 764 1510 gentium,
816 1454 971 1508 quam
1027 1437 1141 1506 ejus
1176 1452 1294 1506 qua:
1332 1435 1553 1487 habebat
1594 1435 1761 1487 uirum
1789 1433 1856 1502 ",
1885 1433 2052 1502 legem

488 1530 608 1586 volo
678 1531 857 1584 dicere
925 1527 1228 1598 Syuagogae
1279 1525 1612 1582 Judzeorum.
1663 1524 1814 1592 Quod
1887 1523 2053 1577 dicit:

487 1619 712 1674 Factum
769 1631 842 1673 est
883 1620 1091 1674 verbum
1140 1617 1237 1671 Dei
1278 1617 1346 1670 ad
1387 1613 1648 1669 Joannem
1699 1616 1767 1680 “°,
1818 1614 2059 1684 intellige

485 1724 832 1782 praeceptum.

485 1891 550 1946 V.
592 1893 646 1948 5.
690 1891 759 1944 Et
793 1891 930 1945 venit
960 1889 1015 1942 in
1051 1904 1263 2012 cmiter);
1288 1889 1749 1969 circumjacentem
1789 1887 2048 1956 regionem

1171 1975 1228 2012 OT
1269 1975 1406 2012 ants.

1171 1975 1406 2013 arannts.

561 2054 658 2108 Ubi
693 2053 974 2124 oportebat
1005 2050 1308 2120 Baptistam
1359 2037 1878 2113 circumambulare,
1935 2046 2043 2101 nisi

486 2146 539 2201 in
577 2147 955 2216 circmnposita
979 2144 1234 2199 Iordanis
1253 2144 1490 2213 regione,
1523 2141 1649 2196 utsi
1683 2156 1842 2211 quem
1873 2140 2049 2209 paeni.

483 2246 600 2292 tere
644 2237 821 2300 vellet,
850 2237 1033 2290 statim
1064 2234 1258 2290 ﬂuvius
1289 2236 1341 2289 in
1376 2241 1626 2304 promptu
1668 2230 2050 2287 essetiluter-

483 2337 727 2396 pretatur
789 2343 952 2398 porro
1001 2325 1256 2384 Iordanis
1287 2368 1303 2391 ,
1377 2326 1680 2380 decurrens.
1748 2324 2051 2377 Decurreus

482 2421 626 2474 enim
654 2431 739 2476 est
772 2437 899 2477 vere
924 2421 1126 2478 ﬂuttten
1164 2421 1278 2481 Dei,
1327 2435 1470 2490 aqua
1517 2433 1704 2482 verax,
1737 2431 1875 2486 aqua
1903 2418 2050 2471 salu-

480 2510 636 2566 turis.

557 2601 622 2656 ν.
663 2602 715 2656 7.
883 2661 886 2664 ,

554 2693 774 2760 Dicunt,
807 2693 1045 2765 viperam
1070 2696 1194 2750 dum
1222 2697 1465 2766 concipit
1488 2696 1797 2750 interﬁcere
1819 2705 2048 2756 marem,

475 2797 549 2838 ex
581 2797 689 2852 quo
707 2785 957 2855 .concipit
990 2802 1005 2840 :
1040 2785 1197 2856 cujus
1242 2801 1426 2842 semen
1471 2787 1864 2841 incrementum
1907 2781 2051 2837 acci-

484 2872 661 2939 piens,
715 2873 1116 2943 coucipieutem
1159 2877 1379 2940 occidit,
1429 2885 1594 2944 atque
1641 2875 1719 2929 sic
1770 2874 1822 2927 in
1873 2871 2048 2927 lucem

479 2964 681 3032 prodit,
701 2965 994 3020 dilacerate
1012 2965 1200 3020 matris
1222 2977 1398 3032 utero,
1415 2967 1566 3036 quasi
1595 2979 1808 3036 poenam
1826 2977 2050 3018 sumens

480 3055 749 3112 iuterfeeti
778 3056 1038 3126 parentis.
1067 3055 1225 3112 Tales
1269 3067 1323 3112 et
1361 3056 1552 3113 Judaei.
1587 3055 1909 3128 Spirituales
1947 3069 2046 3124 pa-

479 3157 591 3202 tres
619 3161 746 3201 suos
774 3162 840 3203 ac
883 3148 1132 3204 doctores
1161 3148 1408 3203 manibus
1452 3147 1787 3204 occiderunt.
1832 3145 2042 3202 Dictum
2073 3147 2116 3204 C

475 3248 562 3294 est
591 3239 659 3294 de
681 3237 768 3294 his
794 3239 847 3294 in
877 3237 1130 3293 Mattbazo
1154 3239 1340 3293 latius.

1130 3435 1282 3491 CAP.
1313 3435 1402 3490 IV.

480 3527 623 3583 v.9.
661 3526 730 3579 Ει
769 3526 921 3580 duxit
965 3541 1080 3579 eum
1124 3527 1183 3580 in
1227 3525 1549 3592 Jerusalem,
1603 3535 1653 3579 et
1699 3526 1882 3579 statuit
1929 3542 2048 3579 eum

895 3612 1053 3664 super
1080 3598 1424 3664 pinnaculum
1449 3599 1646 3664 templi.

549 3684 785 3740 Attende
821 3698 986 3753 porro
1028 3683 1298 3752 quomodo
1339 3683 1610 3738 malitiose
1646 3693 1928 3752 astuteque
1954 3699 2049 3752 per

478 3775 785 3830 testimonia
817 3774 1222 3844 Scripturarum
1273 3773 1399 3828 velit
1444 3776 1790 3844 pessumdare
1823 3776 2045 3844 gloriam

475 3869 714 3934 Domini,
748 3876 1004 3936 tanquam
1029 3868 1120 3935 qui
1153 3866 1419 3936 indigeret
1441 3866 1686 3936 angelica
1709 3881 1833 3937 ope,
1865 3873 2048 3935 utpote

472 3959 804 4024 olfensurus,
837 3960 882 4015 si
914 3959 962 4012 ei
992 3957 1168 4028 angeli
1202 3957 1470 4012 auxilium
1519 3973 1625 4012 non
1670 3958 1896 4013 ferrent.
1927 3956 2042 4011 Non

472 4052 615 4105 enim
641 4052 710 4104 de
736 4050 958 4105 Christo
998 4049 1205 4103 dictum
1253 4047 1354 4100 fuit
1402 4046 1774 4101 testimonium
1824 4045 2040 4116 psalmi.

475 4140 626 4195 Ilaud
671 4154 907 4210 namque
952 4155 1090 4208 opus
1129 4139 1296 4193 habet
1334 4138 1566 4206 angelis,
1602 4137 1692 4206 qui
1725 4137 2042 4206 angelorum

474 4233 732 4288 Dominus
766 4241 870 4286 est.
917 4231 1030 4302 Ego
1071 4246 1200 4285 vero
1241 4240 1457 4292 contra,
1481 4213 1616 4283 'dieo
1652 4228 1771 4292 tibi,
1805 4228 2040 4292 diabole,

469 4327 612 4394 quod
672 4325 778 4379 nisi
810 4323 967 4379 Jesus
1002 4324 1212 4391 angelis
1255 4321 1571 4391 epituletur,
1607 4318 1900 4374 offendent.
1932 4319 2043 4373 Tu—

469 4433 575 4484 que
606 4427 887 4486 propterea
918 4417 1161 4470 cecidisti
1209 4417 1276 4471 de
1313 4417 1476 4480 caelo,
1527 4413 1653 4482 quia
1698 4422 1750 4467 te
1789 4415 1884 4468 tibi
1923 4426 2042 4466 esse

2163 516 2322 584 μονία
2366 518 2616 590 Τιβερίου
2661 519 2938 592 Καίσαρος
2986 523 3394 594 ἀναγράφεται,
3449 525 3504 590 ὃς
3546 528 3691 585 ἐδόκει

2159 608 2280 661 ὅλου
2313 608 2406 663 τοῦ
2446 611 2651 681 κόσμου
2691 607 2830 665 εἶναι
2881 613 3154 683 βασιλεύς.
3191 617 3303 668 Καὶ
3335 618 3384 669 εί
3421 617 3514 687 μὲν
3540 622 3582 673 οί
3605 622 3693 677 ἀπὸ

2158 701 2325 755 ἐθνῶν
2355 703 2506 774 μόνοι
2535 703 2766 774 ἤμελλον
2801 703 3085 774 σῶζεσθαι,
3120 708 3282 762 παντὶ
3312 708 3369 761 δὲ
3410 711 3692 767 ἀπεκέκλει-

2160 809 2252 846 στο
2285 797 2318 864 ἡ
2369 795 2610 865 σωτηρία
2647 796 2754 849 τῶν
2805 797 2936 849 υἱῶν
2989 799 3242 870 Ἰσραὴλ,
3284 801 3444 871 ἤρκει
3488 803 3542 856 τὸ
3583 823 3694 876 μνη.

2159 883 2350 954 σθῆναι
2387 884 2546 954 μόνον
2573 886 2844 958 Τιϐερίου.
2893 888 3110 961 Ἐπειδὴ
3141 889 3196 943 δὲ
3234 891 3314 944 δεῖ
3345 893 3438 946 καὶ
3467 895 3580 959 τοὺς
3603 898 3693 951 ἀπὸ

2155 975 2256 1045 τῆς
2303 974 2590 1041 Γαλιλαίας
2633 980 2725 1032 καὶ
2769 980 3065 1052 Ἰτουραίας
3099 983 3192 1034 καὶ
3217 983 3596 1054 Τραχωνίτιδος
3623 1007 3696 1042 πι-

2159 1066 2387 1130 στεύειν,
2414 1067 2502 1122 διὰ
2539 1067 2694 1123 τοῦτο
2719 1070 3125 1144 ἀναγράφονται
3154 1069 3310 1129 αὗται
3343 1077 3400 1129 ai
3443 1076 3693 1146 βασιλεῖαι,

2156 1159 2274 1230 ἦτοι
2309 1161 2647 1232 τετραρχίαι.
2683 1163 2947 1217 Οὐδέποτε
2988 1164 3044 1218 δὲ
3071 1166 3259 1236 γέγονε
3295 1167 3447 1239 ῥῆμα
3471 1169 3594 1224 Θεοῦ
3623 1173 3696 1224 ἐπί

2155 1269 2276 1306 τινα
2306 1252 2414 1306 τῶν
2456 1255 2748 1324 προφητῶν
2789 1259 2846 1309 ὲν
2884 1260 2950 1328 τῇ
3000 1259 3224 1330 ἐρήμῳ,
3258 1263 3306 1313 εἰ
3339 1261 3413 1332 μὴ
3445 1261 3536 1315 νῦν
3564 1265 3697 1334 μόνον

2155 1343 2242 1397 διά
2290 1361 2410 1397 τινα
2463 1347 2726 1417 μυστικὴν
2777 1346 3027 1420 θεωρίαν.
3092 1350 3308 1422 Ἐπειδὴ
3355 1352 3464 1423 γὰρ
3511 1354 3700 1424 ἔμελλε

2157 1435 2354 1488 πολλὰ
2391 1435 2462 1488 τὰ
2494 1435 2671 1490 τέκνα
2711 1437 2822 1505 τῆς
2849 1438 3070 1509 ἐρήμου
3093 1440 3332 1510 μᾶλλον
3360 1440 3539 1510 εἶναι,
3572 1464 3700 1499 τουτ-

2157 1527 2270 1579 έστι
2300 1527 2399 1598 τῆς
2436 1529 2496 1592 ἐξ
2535 1528 2702 1583 ἐθνῶν
2743 1530 3099 1603 Ἐκκλησίας,
3144 1533 3297 1603 ἢπερ
3330 1534 3438 1604 τῆς
3466 1537 3702 1606 ἐχούσης

2157 1619 2264 1672 τὸν
2311 1620 2531 1688 ἄνδρα,
2585 1623 2674 1677 τὸν
2720 1624 2881 1695 νόμον
2925 1625 3025 1695 τῆς
3083 1627 3352 1681 Ἰουδαίων
3407 1628 3703 1699 συναγωγῆς

2159 1726 2318 1781 φημι.
2355 1709 2426 1765 Τὸ
2454 1711 2509 1764 δὲ
2542 1714 2742 1781 εἰπεῖν,
2779 1715 2862 1768 ὅτι
2907 1715 3173 1786 Ἐγένετο
3201 1717 3368 1789 ῥῆμα
3400 1718 3546 1774 Θεοῦ
3575 1719 3704 1787 πρὸς

2084 1790 2126 1844 Β
2167 1800 2470 1872 Ἰωάννην,
2501 1805 2750 1859 τουτέστι
2783 1808 3126 1881 πρόσταγμα.

2200 1894 2344 1964 Στίχ-
2372 1902 2440 1963 γ’·
2485 1898 2595 1952 Καὶ
2641 1893 2827 1973 ἦλθεν
2849 1903 2943 1973 ξεις
2967 1970 2981 1973 _
3005 1900 3212 1973 πᾶσαν
3246 1902 3363 1972 τὴν
3399 1903 3705 1973 περίχωρον

2683 1970 2789 2024 τοῦ
2848 1970 3164 2038 Ἰορδάνου.

2227 2059 2338 2133 (76)
2365 2060 2474 2115 Ποῦ
2498 2060 2601 2114 ἔδει
2627 2061 2716 2114 τὸν
2732 2061 3039 2135 Βαπτιστὴν
3066 2063 3450 2136 περιέρχεσθαι
3474 2064 3507 2134 ἢ
3530 2067 3602 2129 εἰς
3621 2082 3704 2137 την

2157 2154 2460 2226 περίχωρον
2500 2153 2592 2207 τοῦ
2633 2153 2926 2226 Ἰορδάνου,
2962 2155 3082 2221 ἵνα,
3118 2157 3213 2212 ἐάν
3249 2174 3334 2220 τις
3365 2156 3601 2227 βούλοιτο
3631 2174 3708 2228 με·

2155 2249 2383 2310 τανοείν,
2411 2246 2610 2310 εὐθέως
2630 2248 2913 2321 εὐπορήσῃ
2937 2246 3030 2301 τοῦ
3053 2249 3299 2321 ποταμοῦ
3323 2266 3338 2315 ;
3366 2249 3706 2322 ἑρμηνεύεται

2154 2335 2210 2388 δὲ
2258 2336 2524 2407 Ἰορδάνης
2567 2337 2956 2390 καταϐαίνων.
3015 2337 3373 2394 Καταδαίνων
3421 2341 3532 2412 γάρ
3577 2341 3708 2393 ἐστιν

2155 2424 2368 2496 ἀληθῶς
2389 2428 2417 2480 ό
2446 2427 2689 2498 ποταμὸς
2711 2425 2806 2480 τοῦ
2832 2426 2987 2491 Θεοῦ,
3007 2429 3069 2482 τὸ
3099 2427 3242 2504 ὕδωρ
3274 2432 3337 2486 τὸ
3363 2431 3638 2504 ἀληθινὸν,
3657 2431 3709 2483 τὸ

2156 2515 2300 2587 ὕδωρ
2326 2515 2386 2569 τὸ
2421 2518 2706 2587 σωτήριον.

2228 2607 2374 2679 Στίχ.
2406 2606 2470 2673 ζ’.

2226 2697 2336 2767 (77)
2364 2697 2499 2750 (Paci.
2518 2697 2576 2750 δὲ
2602 2699 2699 2770 τὴν
2725 2699 2933 2770 ἔχιδναν
2966 2703 3024 2754 ἐν
3048 2701 3125 2773 τῷ
3151 2703 3544 2776 συλλαμϐάνειν
3573 2708 3710 2760 ἀναι-

2157 2792 2268 2859 ρεῖν
2297 2789 2385 2842 τὸν
2411 2788 2472 2853 ἐξ
2503 2782 2563 2844 οὗ
2592 2789 2954 2861 συλλαμϐάνει
2982 2793 3217 2867 ἄρῤεναο
3246 2790 3307 2850 οὗ
3341 2799 3374 2868 ὴ
3407 2797 3586 2869 σπορὰ
3622 2797 3708 2850 αὑ-

2157 2878 2406 2947 ξάνουσα,
2436 2881 2535 2952 τὴν
2557 2881 2921 2937 συλλαϐοῦσαν
2946 2885 3160 2955 ἀναιρεῖ
3182 2887 3278 2940 καὶ
3300 2887 3474 2953 οὕτως
3512 2891 3591 2953 εἰς
3609 2889 3710 2958 φῶς

2153 2972 2450 3043 ἐξέρχεται,
2482 2972 2819 3044 διαρῤήξασα
2841 2975 2939 3046 τῆς
2975 2976 3177 3048 μητρὸς
3200 2978 3298 3049 τὴν
3321 2979 3581 3050 γαστέρα,
3606 2997 3712 3032 ποι-

2154 3065 2248 3137 νὴν
2273 3064 2462 3133 ῶσπερ
2497 3063 2592 3117 τοῦ
2631 3065 3018 3136 διαφθαρέντος
3063 3068 3268 3140 πατρός
3309 3109 3322 3122 .
3348 3111 3361 3124 .
3379 3113 3393 3126 .
3414 3108 3428 3123 .
3447 3111 3461 3123 .
3487 3111 3501 3124 .
3518 3111 3531 3124 .
3551 3110 3566 3124 .
3601 3072 3711 3124 Τοι-

2149 3157 2294 3212 οῦτθι
2323 3157 2416 3210 καὶ
2439 3159 2487 3210 οί
2526 3157 2792 3238 Ἰουδαῖοι,
2819 3161 2944 3222 τοὺς
2976 3163 3376 3231 πνευματικοὺς
3408 3163 3591 3216 αὐτῶν
3623 3181 3714 3216 πα-

2150 3247 2313 3318 τέρας
2337 3246 2432 3300 καὶ
2451 3246 2800 3311 διδασκάλους
2825 3247 3228 3321 διαφθείροντες
3256 3251 3464 3322 χερσίν.
3498 3255 3712 3325 Εἴρηται

2151 3341 2280 3412 περὶ
2303 3340 2507 3394 τούτων
2541 3342 2598 3393 ἐν
2627 3340 2704 3412 τῷ
2729 3340 2992 3412 Ματθαίῳ
3021 3341 3373 3415 πλατύτερον.

2804 3434 2962 3487 ΚΕΦ.
3003 3436 3075 3488 Δ’.

2150 3524 2294 3599 Στίχ.
2344 3522 2407 3578 θ’.
2467 3524 2575 3579 Kal
2849 3527 3034 3599 αὐτόν
3068 3529 3156 3593 είς
3188 3527 3595 3599 Ἰερουσαλὴμ,
3623 3529 3713 3582 καὶ

2207 3595 2684 3662 ἐστησενάὺτόν
2719 3595 2816 3648 ἐπὶ
2860 3597 2924 3649 τὸ
2959 3595 3276 3667 πτερύγιον
3326 3598 3431 3652 τοῦ
3479 3595 3657 3668 ἱεροῦ.

2221 3685 2362 3756 Ὅρα
2405 3684 2463 3737 δὲ
2510 3685 2628 3748 πῶς
2675 3685 2996 3759 κακούργως
3037 3687 3124 3742 διὰ
3168 3692 3265 3760 τῆς
3318 3691 3572 3762 χρήσεως
3616 3689 3715 3744 τῶν

2149 3776 2378 3846 Γραφῶν
2428 3776 2571 3829 θέλει
2594 3777 2839 3831 καθελεῖν
2864 3779 2963 3850 τὴν
2992 3779 3149 3846 δόξαν
3179 3782 3401 3852 Κυρίου,
3433 3782 3512 3846 ὡς
3537 3781 3715 3852 δεομέ-

2148 3885 2238 3921 νου
2264 3869 2558 3942 ἁγγελικῆς
2591 3870 2841 3940 βοηθείας
2862 3910 2878 3935 ,
2906 3873 2982 3936 ὡς
3012 3872 3293 3943 μέλλοντος
3335 3875 3713 3943 προσκόπτειν,

2147 3960 2194 4011 εί
2231 3959 2305 4031 μὴ
2336 3959 2554 4030 ἄγγελοι
2584 3962 2731 4033 αὖτῷ
2758 3962 3019 4034 βοηθεῖεν.
3062 3965 3136 4016 Οὐ
3168 3965 3275 4036 γὰρ
3305 3966 3432 4036 περὶ
3461 3965 3558 4018 τοῦ
3585 3967 3714 4036 Χριο

2148 4051 2273 4104 στοῦ
2309 4053 2522 4124 εἴρηται
2564 4055 2597 4124 ἡ
2645 4058 2838 4127 χρῆσις
2879 4056 2975 4109 τοῦ
3022 4056 3258 4128 ψαλμοῦ.
3303 4059 3378 4110 Οὐ
3409 4057 3521 4128 γὰρ
3551 4058 3715 4111 δεῖται

2145 4144 2388 4213 ἀγγέλων
2419 4148 2447 4198 ό
2475 4146 2582 4200 τῶν
2615 4148 2859 4216 ἀγγέλων
2882 4149 3165 4220 δεσπότης.
3210 4147 3349 4217 Ἐγὼ
3386 4149 3443 4202 δὲ
3489 4150 3553 4202 τὸ
3588 4149 3714 4202 ἀνά-

2147 4238 2305 4290 παλίν
2333 4255 2473 4310 φημι
2507 4240 2642 4310 πρὸς
2671 4241 2731 4293 σὲ
2751 4280 2766 4304 ,
2802 4235 2846 4294 ὦ
2876 4240 3086 4295 διάϐολε
3106 4282 3120 4304 ,
3155 4243 3203 4294 εἰ
3235 4242 3308 4312 μὴ
3349 4241 3560 4313 Ἰησοῦς
3592 4240 3714 4311 βοη-

2146 4327 2298 4398 θήσει
2324 4333 2436 4392 τοϊς
2463 4331 2733 4399 ἀγγέλοις,
2767 4332 3190 4403 προσκόπτουσι.
3225 4333 3331 4384 Καὶ
3358 4332 3422 4384 σὺ
3455 4331 3544 4385 διὰ
3565 4330 3717 4383 τοῦτο

2146 4418 2440 4483 πέπτωκας
2497 4419 2555 4484 ἐξ
2602 4420 2831 4491 οὐρανοῦ
2860 4461 2875 4482 ,
2927 4421 3114 4492 ἐπειδὴ
3161 4421 3408 4492 αὐτάρκη
3462 4421 3716 4491 ἐνόμισα-ς

468 4509 819 4562 subicientem
883 4511 1178 4562 arbitratus
1223 4523 1321 4572 es,
1395 4523 1496 4562 nec
1544 4508 1788 4576 indigere
1839 4506 2040 4560 auxilio

2157 4510 2335 4563 ἑαυτὸν
2362 4507 2516 4575 εἶναι,
2546 4513 2637 4564 καὶ
2662 4512 2736 4584 μὴ
2760 4512 2965 4566 δεῖσθαι
2989 4516 3087 4584 τῆς
3110 4511 3204 4565 τοῦ
3240 4511 3414 4583 Ἰησοῦ
3444 4512 3715 4582 βοηθείας.

467 4599 617 4654 Jesu.
677 4601 793 4664 Quo
854 4615 984 4652 vero
1055 4615 1339 4669 agnoscas,
1405 4599 1828 4668 haudquaquam
1889 4596 2039 4652 dicta

466 4695 638 4749 fuisse
677 4697 744 4747 de
779 4693 906 4748 Jesu
944 4707 1006 4744 ea
1050 4708 1168 4761 quae
1210 4693 1411 4761 scripta
1440 4703 1562 4746 sunt
1591 4710 1603 4753 ;
1633 4693 1728 4744 sed
1779 4691 1829 4743 in
1867 4691 2037 4745 homi-

467 4805 589 4842 nem
621 4789 826 4859 justum
851 4787 962 4841 baet-
988 4786 1205 4852 referri,
1236 4787 1358 4838 audi
1387 4802 1401 4838 :
1436 4785 1710 4853 Scriptum
1738 4794 1820 4838 est
1848 4782 2034 4848 enim;

2149 4603 2264 4654 Ἵνα
2296 4601 2352 4654 δὲ
2383 4602 2525 4673 γνῷς
2557 4603 2631 4674 μὴ
2667 4603 2795 4675 περὶ
2833 4603 2927 4656 τοῦ
2967 4604 3139 4676 Ἰησοῦ
3183 4603 3429 4674 λελέχθαι
3476 4603 3545 4656 τὰ
3597 4605 3718 4656 ἀνα-

2144 4694 2535 4765 γεγραμμένα,
2583 4694 2696 4748 άλλ’
2729 4697 2808 4758 είς
2849 4695 3053 4748 δίκαιον
3093 4694 3262 4766 ἄνδρα
3306 4694 3477 4749 ταῦτα
3520 4694 3720 4763 ἀναιρέο

2147 4778 2352 4850 ρεσθαι,
2407 4781 2604 4835 ἄκουε·
2663 4782 2974 4853 Γέγραπται
3017 4783 3127 4855 γάρ
3153 4800 3165 4813 ·
3216 4784 3276 4835 '0
3314 4783 3614 4838 κατοικῶν
3655 4783 3721 4835 ἐν

465 4880 570 4945 Qui
591 4880 790 4933 habitat
825 4879 878 4933 in
905 4879 1172 4938 adiutorio
1227 4875 1513 4940 Altissimi,
1566 4876 1619 4928 in
1661 4875 1888 4944 tegmine
1936 4871 2036 4926 Dei

2157 4872 2388 4940 ϐοηθείᾳ
2428 4873 2534 4929 τοῦ
2571 4875 2894 4942 Ὑψίστου,
2937 4874 3008 4927 ἐν
3035 4875 3247 4929 σκέπει
3273 4875 3382 4930 τοῦ
3416 4876 3570 4930 Θεοῦ
3615 4865 3716 4919 ιοῦ

461 4972 580 5025 ειείὶ
605 4970 933 5024 domicilium
966 4968 1168 5020 habebit
1199 4967 1264 5019 “.
1302 4967 1413 5021 lloc
1449 4967 1564 5019 viro
1607 4967 1756 5032 justo
1785 4963 2035 5031 congruit

463 5065 661 5132 potius.
690 5080 852 5132 quam
886 5061 1022 5116 Filio
1052 5059 1169 5113 Dei.
1207 5058 1270 5113 Et
1314 5075 1535 5114 rursus:
1564 5055 1769 5112 Cadent
1801 5070 1866 5108 ea;
1908 5053 2038 5106 ίιευη

461 5165 557 5210 tua
587 5157 811 5222 milleni,
833 5165 883 5210 et
909 5157 1081 5208 decem
1118 5151 1341 5215 milleni,
1373 5161 1481 5206 etc.
1504 5151 1570 5214 θ’,
1595 5165 1713 5219 qua:
1734 5163 1946 5218 quoque
1972 5144 2036 5197 ad

465 5250 636 5303 virum
656 5249 862 5320 justum
905 5247 1240 5303 referuntur.

477 5363 536 5414 ι’.
567 5362 657 5418 40.
693 5364 824 5418 Cum
865 5366 1139 5418 occidisset
1173 5379 1291 5418 vero
1323 5363 1424 5428 sol,
1449 5377 1624 5414 onines
1653 5365 1901 5428 quotquot
1934 5360 2033 5428 Ιιατ

532 5434 715 5486 bebant
745 5447 1059 5504 wgrotantes
1087 5435 1282 5488 morbis
1311 5424 1493 5497 rariis,
1522 5424 1781 5483 ducebant
1806 5426 1925 5478 illos
1962 5424 2029 5476 ad

2138 4963 2396 5030 οὐρανοῦ
2439 4964 2897 5031 αὑλισθήσεται.
2946 4965 3118 5020 Τοῦτο
3154 4967 3356 5026 δικαίῳ
3389 4957 3593 5027 μάλλον
3620 4959 3716 5028 ἀρ·

2145 5053 2297 5124 μόζει
2406 5054 2484 5124 τῷ
2513 5054 2626 5126 Υἰῴ
2662 5056 2756 5108 τοῦ
2785 5055 2920 5110 Θεοῦ
2945 5073 2958 5087 ο
2995 5059 3086 5110 καὶ
3111 5050 3267 5110 αὖθις
3289 5064 3302 5077 '
3339 5048 3617 5102 Πεσεῖται
3646 5049 3714 5100 ἐκ

2141 5144 2246 5198 τοῦ
2277 5145 2522 5212 κλίτους
2545 5163 2662 5201 σου
2689 5147 2906 5210 χιλιὰς,
2931 5140 3029 5193 καὶ
3056 5141 3293 5209 μυριὰς.
3333 5140 3427 5194 καὶ
3459 5139 3528 5193 τά
3567 5138 3713 5209 ἑξῆς.

2139 5237 2174 5289 ἂ
2197 5238 2297 5295 καὶ
2328 5237 2466 5290 αὐτὰ
2493 5237 2586 5289 ἐπὶ
2609 5235 2701 5287 τὸν
2727 5233 2933 5286 δίκαιον
2961 5232 3239 5301 ἀνάγεται.

2138 5351 2284 5420 Στίχ.
2330 5357 2402 5420 μ’.
2451 5349 2751 5420 Δύνοντος
2801 5343 2870 5396 δὲ
2912 5343 3018 5420 τοῦ
3061 5345 3240 5412 ἡλίου
3264 5344 3548 5420 ,πάντες
3581 5343 3714 5397 ὅσοι

2209 5414 2375 5488 εἶχόν
2417 5416 2823 5480 ἀσθενοῦντας
2861 5414 3069 5479 νόσοις
3111 5415 3440 5481 ποικίλαις,
3482 5414 3715 5483 ἤγαγον

525 5608 572 5641 ⁵⁸
611 5608 728 5664 Gal.
762 5626 834 5677 tv,
862 5611 953 5666 27.
1030 5613 1076 5645 °°
1107 5611 1238 5667 Luc.
1279 5627 1362 5677 Ill,
1392 5611 1448 5667 9.
1526 5609 1567 5640 ⁶¹
1604 5607 1746 5662 l'sal.
1774 5621 1860 5670 xc,
1907 5605 1956 5660 l.
2033 5609 2049 5639 ⁴

2157 5605 2239 5661 tid.
2268 5603 2323 5657 7.

532 5727 643 5800 (ῒϐ)
678 5729 807 5785 Vidc
841 5743 1000 5801 supra
1031 5733 1097 5786 ad
1139 5747 1257 5802 cap.
1299 5731 1361 5791 ll,
1394 5731 1485 5795 iii,
1522 5743 1586 5783 ex
1623 5727 1743 5784 cod.
1771 5725 1864 5781 38.

2031 5727 2142 5797 (7‘7)
2176 5724 2424 5794 Origenis
2440 5733 2490 5778 et
2516 5720 2556 5776 G
2569 5719 2761 5791 rcgorii
2781 5717 3039 5787 Tbcologi
3051 5757 3065 5770 .
