3958 6554
244 507 333 565 337

1488 499 1784 555 SCHOLIA
1828 498 1891 552 ΙΝ
1933 499 2183 556 LUCAM.

3363 497 3467 551 339

246 625 367 699 μετά
393 623 484 679 τοῦ
512 621 754 694 κρημνοῦ
785 622 1042 693 ὥρμησεν
1069 625 1102 693 ὴ
1131 623 1330 692 ἀγέλη;
1364 622 1591 692 Μήποτε
1621 617 1712 674 οῦν
1743 624 1788 674 οἱ

1896 633 2095 678 monte.
2144 621 2424 688 Quomodo
2482 637 2611 690 ergo
2672 621 3070 691 pm’cipitanler
3125 619 3337 673 delatus
3384 625 3459 674 (ut

244 719 526 789 φιλήδονοι,
554 717 646 770 καὶ
682 715 920 786 γαστρὸς
953 716 1044 768 καὶ
1070 715 1179 768 τῶν
1213 713 1319 769 ὑπὸ
1343 714 1586 784 γαστέρα
1628 714 1792 782 φίλοι,

243 813 360 867 ὅπου
386 809 452 864 τὰ
483 810 717 880 μνημεῖα
756 809 850 862 καὶ
881 807 1107 879 πλησίον
1138 806 1232 861 τοῦ
1261 805 1524 873 λεγεῶνος
1553 805 1659 859 τῶν
1690 806 1798 859 δαι-

249 903 404 974 μόνων
428 901 728 972 βόσκονται·
758 897 1056 970 ἀγαθότητι
1079 897 1135 950 δὲ
1173 896 1380 967 Ἰησοῦς
1411 896 1508 967 τὴν
1541 896 1648 948 τῶν
1682 896 1796 950 δαι-

249 997 403 1066 μόνων
427 993 676 1058 ἀφανίζει
705 992 802 1046 σῦν
824 993 936 1054 τοῖς
963 989 1168 1062 χοίροις
1197 992 1254 1043 ὲν
1282 989 1360 1061 τῷ
1389 988 1541 1042 ὕδατι
1571 988 1792 1059 ἀγέλην,

247 1085 454 1146 καὶτῶν
494 1083 788 1155 φιληδόνων
824 1083 920 1136 καὶ
969 1081 1362 1154 φιλοσωμάτων
1396 1082 1580 1134 κακῶν
1626 1083 1797 1152 ἐμπο-

244 1177 359 1240 δίζει
389 1177 451 1246 τῇ
483 1175 725 1246 ἀναπνοῇ
759 1174 849 1228 διὰ
890 1173 1157 1245 δαιμόνων
1197 1173 1371 1245 τάχα,
1405 1174 1498 1227 καὶ
1531 1175 1796 1243 σωφρονεῖ

245 1268 269 1319 ό
318 1263 572 1329 τοιοῦτος;
624 1263 694 1316 Et
734 1263 818 1326 τίς
850 1280 909 1316 τε
960 1265 1250 1335 σωφρονεῖ,
1299 1263 1448 1335 παρά
1484 1261 1562 1332 τῷ
1619 1261 1790 1332 Ἰησοῦ

245 1357 403 1408 ἐστιν’
437 1354 551 1408 ἀλλ’
584 1354 614 1407 6
650 1354 948 1427 ἀρχόμενος
980 1356 1278 1426 σωφρονεῖν
1305 1353 1454 1425 παρά
1476 1353 1604 1416 τοὺς
1627 1352 1792 1411 πόδας

244 1447 389 1500 αὐτοῦ
429 1447 595 1499 ἐστιν.

241 1625 370 1696 Στίχ.
397 1630 505 1696 μη¹.
542 1619 692 1696 Elge
725 1623 792 1696 δέ
822 1625 971 1692 πρὸς
1003 1622 1123 1696 τὴν.
1147 1620 1399 1696 γυναῖκα
1421 1621 1547 1696 ’-Ἣ
1588 1621 1792 1686 πίστις

407 1691 521 1748 σου
552 1693 785 1748 σέσωκέ
821 1691 914 1748 σε.
943 1694 1206 1762 Πορεύου
1229 1695 1316 1757 είς
1335 1691 1602 1760 εἰρήνην.

308 1786 366 1840 Ἦ
394 1785 487 1857 μὲν
512 1781 609 1839 οῦν
638 1784 924 1856 πλειοτέρα
954 1783 1121 1854 ψυχὴ,
1147 1783 1326 1846 καλῶς
1351 1781 1693 1853 λατρεῦσασα
1713 1781 1790 1851 τῷ

240 1878 377 1949 Λόγῳ
401 1876 491 1931 τοῦ
525 1876 686 1942 Θεοῦ,
719 1876 1031 1948 παρρησίαν
1054 1875 1166 1946 ἔχει
1193 1876 1278 1928 ἐπ’
1304 1873 1470 1944 αὐτὴν
1498 1873 1598 1945 τὴν
1625 1889 1791 1942 κεφα-

1899 713 2067 781 grex?
2126 713 2205 767 An
2258 711 2397 767 forte
2445 713 2607 783 igitur
2646 711 2895 766 homines
2951 707 3278 779 voluptuosi,
3337 721 3439 760 ven

1900 805 2101 873 trisque
2132 811 2189 858 et
2219 817 2404 858 eorum
2431 817 2550 872 qua:
2573 800 2712 856 inl‘ra
2735 809 2976 856 ventrem
3001 807 3150 864 sunt,
3172 805 3464 860 amatores,

1897 893 1986 948 ubi
2025 901 2154 948 sunt
2177 903 2548 957 monumenta,
2576 902 2630 946 et
2656 906 2825 962 prope
2852 891 3155 944 daemonum
3195 885 3464 956 legionem

1897 985 2042 1053 pasci
2067 984 2280 1039 dicendi
2316 983 2463 1049 sint;
2497 981 2748 1035 bonitate
2771 995 2900 1035 vero
2927 995 3022 1034 sua
3049 979 3205 1034 Jesns
3244 993 3462 1048 gregem

1895 1074 2201 1131 daemonum
2236 1089 2361 1128 cum
2398 1072 2578 1142 porcis
2625 1071 2803 1142 perdit
2839 1071 2893 1124 in
2926 1085 3120 1137 aquam
3151 1083 3165 1121 :
3202 1083 3266 1122 ac
3311 1069 3464 1119 voln-

1897 1174 2213 1234 ptuosorum
2242 1174 2296 1219 et
2327 1178 2524 1232 corpus
2559 1162 2856 1226 amantium
2904 1160 3188 1225 malorum,
3227 1160 3464 1228 respira-

1897 1257 2030 1312 tioni
2059 1257 2502 1330 impedimentum
2531 1255 2680 1324 ponit
2720 1251 3109 1325 per‘dzemones
3142 1251 3369 1316 scilicet,
3403 1267 3464 1306 ac

1892 1350 1983 1418 qui
2027 1347 2337 1418 hujusmodi
2383 1356 2467 1401 est
2499 1346 2564 1400 ad
2597 1345 2794 1401 bonam
2839 1341 3275 1414 frugem'redit?
3309 1342 3372 1396 Et
3417 1341 3464 1396 si

1891 1442 2016 1511 quis
2041 1444 2110 1496 ad
2150 1441 2345 1495 bonam
2376 1440 2515 1493 redit
2543 1438 2780 1508 frugem,
2805 1451 2970 1507 penes
2994 1433 3177 1489 Iesum
3212 1445 3294 1489 est
3325 1453 3338 1488 :
3371 1433 3464 1506 qui

1894 1541 2073 1584 tamen
2103 1529 2294 1599 incipit
2323 1529 2669 1598 resipiscere,
2697 1529 2763 1582 ad
2795 1527 2956 1598 pedes
2979 1527 3096 1594 ejus
3120 1525 3289 1596 jacet.

1895 1621 1958 1677 V.
1998 1620 2090 1676 48.
2129 1621 2217 1676 Ait
2257 1630 2430 1674 autem
2461 1622 2530 1674 ad
2562 1621 2831 1674 mulierem
2865 1635 2883 1673 :
2913 1617 3078 1672 Fides
3121 1629 3212 1672 tua
3245 1617 3464 1672 saluauit

2379 1703 2448 1744 le.
2503 1689 2648 1743 Vade
2677 1691 2730 1742 in
2763 1705 2964 1758 pacem.

1961 1783 2154 1837 Anima
2185 1799 2305 1851 quae
2348 1785 2640 1852 perfectior
2665 1795 2769 1844 est,
2811 1785 2947 1837 bene
2989 1782 3244 1837 famulata
3287 1782 3462 1836 Verbo

1891 1875 2006 1940 Dei,
2055 1875 2304 1929 ﬁduciam
2367 1876 2532 1929 habet
2578 1876 2829 1928 veniendi
2885 1875 3176 1944 ad‘caput
3234 1875 3408 1943 ipsum
3443 1891 3460 1926 :

239 1971 322 2042 λην
358 1970 522 2024 ἐλθεῖν
543 1987 559 2001 ·
602 1968 837 2040 κεφαλὴ
866 1967 934 2022 δὲ
957 1966 1217 2036 Χριστοῦ
1242 1969 1275 2021 ό
1317 1967 1462 2031 Θεός
1481 1982 1493 1995 ·
1521 1964 1662 2018 ὥστε
1690 1981 1788 2018 κα-

1895 1971 2061 2036 Caput
2094 1981 2210 2020 vero
2234 1965 2457 2031 Christi,
2505 1964 2640 2019 Deus
2680 1965 2725 1996 ⁷⁵
2753 1981 2768 2026 ;
2801 1964 2934 2020 adeo
2963 1975 3022 2018 ut
3053 1964 3300 2018 infundat
3330 1964 3462 2018 illud

238 2063 404 2133 ταχέαι
432 2061 604 2134 μύρον
643 2060 832 2130 αὐτῆς,
867 2059 962 2112 καὶ
999 2056 1223 2111 εὐωδίαν
1263 2059 1330 2128 τῇ
1375 2055 1500 2129 δόξῃ
1532 2055 1623 2108 τοῦ
1655 2054 1790 2108 Θεοῦ

238 2154 567 2224 πεποιῆσθαι.
598 2151 886 2218 Δοξὰζεται
914 2151 971 2204 δὲ
999 2152 1027 2204 6
1050 2150 1182 2213 Θεὸς
1206 2148 1295 2202 διὰ
1320 2149 1419 2219 τῆς
1444 2147 1670 2211 εὐωδίας
1696 2147 1792 2200 τοῦ

238 2244 336 2316 βίου
364 2245 468 2298 τῶν
510 2244 762 2298 δικαίων.
814 2242 880 2296 Ἦ
906 2241 963 2296 δὲ
1000 2239 1327 2312 ἀτελεστέρα
1357 2239 1493 2309 γυνὴ
1529 2238 1791 2309 καὶψυχὴ

237 2337 368 2409 παρά
392 2338 513 2401 τοὺς
553 2337 720 2400 πόδας
761 2336 856 2390 καὶ
885 2333 956 2387 τά
991 2333 1345 2404 ταπεινότερα
1377 2331 1690 2402 στρέφεται,
1724 2325 1792 2400 ἧς

236 2428 381 2496 ἐγγύς
405 2429 575 2498 ἐσμεν
601 2428 782 2498 ἡμεῖς.
814 2423 947 2478 Οὐδὲ
975 2421 1085 2494 γὰρ
1113 2422 1514 2492 μετενοήσαμεν
1544 2417 1654 2471 ἀπὸ
1683 2416 1790 2469 τῶν

135 2550 143 2560 -
235 2521 625 2592 ἁμαρτημάτων
665 2517 842 2590 ἡμῶν.
879 2515 990 2570 Ποῦ
1031 2513 1190 2586 ἡμῶν
1239 2511 1308 2567 τὰ
1349 2512 1598 2581 δάκρυα;
1631 2509 1731 2564 ποῦ
1761 2513 1790 2564 6

234 2613 515 2684 κλαυθμός;
553 2611 643 2664 ἵνα
682 2610 789 2665 κᾶν
823 2608 975 2680 παρὰ
1011 2609 1139 2672 τοὺς
1171 2605 1336 2669 πόδας
1393 2603 1568 2676 Ἰησοῦ
1615 2603 1789 2656 ἐλθεῖν

235 2704 542 2776 δυνηθῶμεν.
587 2703 704 2755 Ἐπ’
737 2702 906 2773 αὐτὴν
931 2700 1040 2772 γὰρ
1075 2698 1228 2753 οὐπω
1267 2694 1547 2766 δυνάμεθα
1587 2695 1788 2765 φθάσαι

233 2795 317 2866 τὴν
363 2796 624 2868 κεφαλήν.
687 2792 994 2863 Ἀγαπητδν
1040 2791 1096 2844 δὲ
1136 2789 1273 2862 μετά
1307 2789 1374 2842 τὰ
1418 2789 1788 2860 ἁμαρτήματα

235 2889 398 2960 φέρειν
430 2889 720 2960 μετανοίας
751 2885 998 2950 εὐωδίαν,
1027 2884 1115 2936 ἴνα
1138 2900 1221 2946 τις
1242 2880 1495 2952 δυνηθείη
1523 2878 1789 2950 δευτέρως

234 2977 354 3034 εἶναι
380 2981 412 3052 ἡ
436 2982 562 3044 τοὺς
589 2978 758 3041 πόδας
786 2976 1101 3045 ἀλείφουσα,
1123 2973 1256 3028 ἀλλὰ
1289 2974 1361 3044 μὴ
1391 2972 1489 3044 τὴν
1521 2971 1784 3042 κεφαλήψ

232 3071 540 3142 τουτέστινὴ
587 3069 664 3141 μὴ
693 3067 972 3139 ἁπτομένη
1007 3066 1116 3121 τῶν
1142 3065 1484 3136 τελεωτέρων
1519 3067 1611 3118 καὶ
1651 3064 1788 3135 ὑψη-

232 3163 461 3234 λοτέρων,
487 3161 629 3216 ἀλλὰ
650 3161 760 3215 τῶν
771 3160 969 3245 ἀκρων
991 3161 1084 3214 καὶ
1105 3157 1448 3217 τελευταίων.

232 3295 358 3367 Στίχ.
385 3295 480 3354 νϐ’.
510 3298 804 3367 Ἔκλαίον
835 3294 903 3348 δὲ
933 3295 1177 3367 πάντες,
1208 3292 1308 3345 καί
1327 3291 1653 3367 ἐκόπτοντο
1681 3293 1785 3344 αὐο

292 3335 446 3434 at:
466 3335 810 3421 °~o“s.;';r;;.
831 3335 1780 3433 rius“;;;i;.;i'5a;'zaé;.;;,
1813 3335 1856 3393 ε

291 3439 439 3492 ἀλλὰ
463 3435 768 3492 καθεύδει.

232 3529 480 3654 Στῖὃαῖξ.
507 3529 622 3584 Καὶ
648 3529 983 3597 κατεγέλων
1019 3525 1229 3590 αὑτοῦ,
1265 3523 1490 3589 εἰδότες
1529 3523 1617 3576 ὅτι
1673 3523 1785 3576 ἀπ-

356 3617 456 3656 are
461 3639 475 3652 .

281 3729 390 3799 '(87)
426 3731 574 3804 Πλὴν
607 3729 746 3786 ἀλλά
778 3731 1001 3802 τοιαύτη
1033 3731 1129 3801 μὲν
1155 3732 1188 3802 η
1219 3730 1314 3783 τοῦ
1338 3727 1614 3800 θαύματος
1646 3729 1786 3780 ιστο-

235 3820 326 3890 pla.
349 3821 462 3895 Χρὴ
488 3822 548 3877 δὲ
578 3822 712 3887 τσως
734 3823 829 3878 καὶ
855 3822 1163 3894 ἰσχνότερον
1188 3821 1359 3893 αὐτὴν
1385 3819 1660 3894 θεωρῆσαι
1689 3819 1784 3872 καὶ

232 3907 553 3984 ὑψηλότερον.
585 3913 651 3966 Οἱ
688 3913 787 3982 μὲν
817 3907 910 3966 οῦν
947 3909 1305 3982 ἁπλούστεροι
1335 3909 1430 3963 καὶ
1468 3908 1786 3981 ἀκεραιότε-

237 4013 304 4070 pet
327 4001 750 4074 θαυμαζέτωσαν
771 4004 839 4058 τὰ
863 4003 1127 4074 μεγαλεῖα
1147 4000 1243 4056 τοῦ
1271 4001 1406 4055 Θεοῦ
1433 4000 1572 4054 κατά
1591 3999 1779 4054 ταῦτα·

231 4090 475 4163 οἰκοδομεῖ
501 4093 616 4166 γὰρ
660 4094 754 4146 καὶ
792 4093 1120 4164 σωματικῶς
1145 4091 1434 4162 νοούμεναο
1461 4092 1510 4143 οἱ
1542 4089 1598 4143 δὲ
1628 4089 1786 4144 δυνά-

237 4196 364 4249 μενοι
388 4182 684 4240 διαϐαίνειν
721 4185 815 4238 ἐπὶ
841 4186 904 4239 τὸ
953 4184 1189 4256 βλέπειν,
1236 4185 1319 4237 ὅτι
1357 4182 1652 4237 καὶταῦτα
1693 4199 1787 4236 τυ-

236 4271 395 4340 πικῶς
420 4276 779 4330 συνέϐαινεν
819 4277 1101 4342 ἐκείνοις,
1139 4273 1368 4345 ἐγράφη
1397 4273 1465 4326 δὲ
1496 4273 1569 4326 δι’
1605 4270 1782 4340 ἡμᾶς,

233 4361 488 4435 εὐξάμενοι
519 4367 603 4438 τῷ
637 4367 778 4439 Θεῷ,
803 4368 1116 4439 αίτήσωμεν
1149 4365 1306 4434 λόγον
1333 4364 1425 4418 τὸν
1462 4362 1784 4434 σαφηνίζον-

232 4469 288 4507 τα
307 4457 392 4510 καὶ
421 4457 619 4514 ταῦτα.

291 4547 402 4612 Πῶς
433 4552 460 4604 6
503 4550 715 4623 Ἰησοῦς
739 4551 875 4622 πρὸς
902 4551 1000 4622 τὴν
1027 4549 1478 4623 ἀρχισυναγώγου
1509 4547 1784 4618 θυγατέρα

233 4641 631 4711 προηγουμένως
673 4642 911 4705 ἄπεισιν,
942 4642 1004 4694 οὐ
1050 4641 1183 4711 πρὸς
1210 4639 1308 4711 τὴν
1340 4635 1741 4709 αἱμορροοῦσαν
1763 4653 1776 4667 °

233 4725 311 4777 καὶ
335 4728 388 4780 ὲν
421 4733 486 4801 τῇ
518 4731 624 4802 ὀδῷ
664 4730 813 4802 αὐτῷ
862 4728 1160 4785 ἀπαντῶσα
1207 4727 1396 4801 πρώτη
1445 4726 1586 4798 αὐτὴ
1616 4726 1779 4798 θερα-

233 4813 463 4884 πεύεται;
496 4815 629 4890 ἦλθε
676 4819 786 4891 γὰρ
824 4823 852 4873 ό
893 4820 1018 4883 Υἱὸς
1060 4817 1154 4871 τοῦ
1184 4817 1319 4870 Θεοῦ
1357 4816 1782 4887 προηγουμένως

237 4904 301 4964 εις
325 4908 418 4978 τὴν
460 4910 724 4964 Ἰουδαίων
771 4909 1123 4981 συναγωγὴν,
1163 4910 1255 4964 καὶ
1291 4902 1448 4981 εὐρεν
1490 4905 1658 4978 αὐτὴν
1691 4923 1779 4960 νο-

237 4994 412 5077 σοῦσαν
432 5002 526 5054 καὶ
554 5001 956 5056 ἀποθανοῦσαν.
989 5001 1072 5055 Τὰ
1097 5001 1207 5074 γὰρ
1237 5000 1659 5076 παραπτώματα
1685 4999 1780 5054 τοῦ

247 5083 437 5160 Ἰσραὴλ
468 5093 767 5163 πεποίηκεν
803 5093 974 5166 αὐτὴν
1018 5093 1328 5148 ἀποθανεῖν.
1382 5095 1445 5147 Ἡ
1487 5093 1545 5146 δὲ
1587 5094 1782 5164 αἱμορο
1830 5108 1832 5111 ·

238 5175 425 5246 ροοῦσα,
451 5183 487 5253 ἠ
518 5184 578 5237 ὲν
609 5187 674 5256 τῇ
703 5184 828 5255 ὁδῷ,
854 5187 888 5255 ἡ
915 5184 1257 5256 ἀκαθαρσίας
1289 5185 1714 5258 πεπληρωμένη,
1747 5187 1780 5255 ὴ

239 5266 410 5334 ῥέουσα
430 5275 528 5327 οὐκ
553 5276 611 5328 ὲν
640 5276 819 5348 καιρῷ
851 5277 1106 5349 ἀφέδρου,
1146 5277 1262 5331 ἀλλ’
1296 5277 1382 5330 ἀεὶ
1411 5277 1780 5349 αἱμορροοῦσα

235 5360 314 5411 καὶ
347 5364 592 5430 νοσοῦσα,
635 5368 775 5438 αὐτὴ
819 5368 926 5440 πρὸ
963 5370 1178 5441 ἐκείνης
1226 5369 1504 5422 πιστεύσει
1539 5368 1618 5440 τῷ
1664 5370 1776 5439 Υἱῷ

234 5450 312 5503 τοῦ
335 5453 481 5513 Θεοῦ.
514 5459 624 5513 Καὶ
667 5461 784 5514 ἐκεῖ
825 5460 920 5531 μὲν
966 5453 1120 5524 οὗτος
1167 5461 1490 5532 ἀπέρχεται,
1536 5461 1675 5532 αὐτὴ
1720 5462 1777 5515 δὲ

233 5540 311 5594 τοῦ
353 5550 646 5618 κρασπέδου
695 5551 788 5606 τοῦ
841 5553 1060 5623 ἱματίου
1109 5552 1350 5622 ἅψασθαι
1401 5553 1564 5607 θέλει.
1623 5553 1680 5605 '0
1721 5553 1778 5605 δὲ

235 5631 422 5700 Λουκᾶς
456 5639 484 5692 ὂ
519 5640 594 5712 μὴ
630 5636 752 5694 εἶπε
793 5641 1072 5707 θιατθαῖος
1108 5643 1466 5716 προσέθηκεν,
1505 5645 1588 5698 ὅτι
1618 5644 1778 5697 δωδε-

235 5727 410 5799 uasti);
435 5725 504 5801 ἦν
535 5734 571 5804 ἡ
595 5734 689 5787 τοῦ
724 5735 1171 5806 ἀρχισυναγώγου
1207 5736 1471 5808 θυγάτηρ,
1502 5738 1597 5792 καὶ
1626 5740 1662 5809 ἡ
1690 5739 1773 5792 αἱ·

292 5821 331 5852 "
359 5823 376 5876 l
403 5824 525 5891 Cor,
561 5841 636 5892 xl,
665 5829 718 5883 5.
796 5831 840 5861 ⁷⁸
871 5828 888 5882 l
916 5830 1042 5884 Cor.
1089 5845 1142 5896 κ,
1182 5829 1266 5884 ll.

288 5911 384 5984 (8'1)
433 5919 597 5988 Ὠριγ.
640 5923 731 5975 καὶ
758 5922 1044 5996 Κυρέλλου.

1895 2066 2191 2124 unguento,
2234 2068 2289 2112 et
2338 2057 2690 2128 fragrantiam
2724 2055 2922 2113 elliciat
2959 2057 3213 2126 opinione
3253 2057 3368 2111 Dei.
3404 2056 3460 2110 In

1891 2149 2199 2217 opinionem
2235 2165 2366 2205 vero
2395 2149 2543 2203 venit
2583 2148 2725 2202 Deus
2747 2187 2764 2211 ,
2811 2162 2908 2218 per
2951 2145 3305 2218 l'ragrantiam
3339 2147 3463 2205 vitae

1885 2241 2177 2312 iustorum.
2218 2240 2290 2295 At
2347 2241 2539 2296 mulier
2579 2255 2700 2310 qua:
2741 2239 3109 2308 imperfectior
3161 2247 3289 2305 est,
3346 2241 3465 2312 sive

1891 2336 2096 2400 anima,
2129 2337 2275 2391 circa
2306 2337 2472 2406 pedes
2494 2346 2550 2392 et
2578 2336 2866 2391 hmniliora
2894 2346 3166 2400 versatur,
3197 2337 3262 2389 ad
3297 2350 3458 2404 quam

1893 2430 2117 2500 propius
2159 2431 2419 2484 absumus
2456 2443 2576 2484 nos.
2619 2427 2866 2483 Nondum
2899 2429 3042 2484 enim
3079 2427 3328 2498 pmnituit
3361 2442 3462 2482 nos

1891 2530 2237 2591 peccatorum
2265 2531 2598 2578 nostrorum.
2649 2519 2747 2577 Ubi
2775 2531 2903 2578 sunt
2938 2521 3189 2593 lacrymm
3227 2519 3464 2575 nostrze?

1891 2613 1981 2668 ubi
2030 2613 2304 2684 eiulatus?
2343 2622 2399 2666 ut
2437 2612 2628 2668 saltem
2685 2613 2753 2667 ad
2801 2612 2967 2683 pedes
3024 2611 3151 2666 Jesu
3203 2611 3462 2666 accedere

1889 2705 2185 2759 valeamus.
2219 2705 2460 2760 Necdum
2502 2707 2644 2760 enim
2678 2707 2744 2760 ad
2775 2713 2936 2773 caput
2968 2704 3142 2772 ipsum
3176 2703 3466 2764 pervenire

1888 2797 2130 2865 quimus.
2171 2796 2320 2852 Satis
2345 2812 2510 2865 porro
2543 2799 2615 2852 sit
2638 2795 2794 2851 nobis
2817 2803 2936 2864 post
2962 2803 3208 2863 peccata,
3242 2801 3301 2847 ut
3341 2807 3460 2862 pm-

1890 2889 2129 2943 nitenliae
2178 2886 2533 2958 fragrantiam
2587 2888 2880 2942 aderamus
2912 2902 2927 2939 :
2957 2901 3064 2956 quo
3114 2887 3236 2956 quis
3288 2884 3464 2956 possit.

1887 2982 2124 3035 secundo
2155 2980 2273 3035 loco
2300 2996 2422 3036 esse
2451 2982 2518 3034 ab
2555 2995 2615 3036 ea
2645 2995 2764 3050 qua!
2797 2981 2960 3050 pedes
2992 2979 3164 3048 ungit,
3191 2993 3296 3031 non
3330 2962 3490 3030 vero.

1887 3081 2081 3142 caput;
2116 3071 2168 3126 id
2191 3081 2274 3126 est
2303 3087 2420 3140 quas
2446 3089 2552 3127 non
2581 3073 2800 3140 attingit
2837 3071 3160 3142 perfectiora
3201 3079 3255 3124 ct
3289 3068 3457 3123 subli-

1888 3165 2080 3230 miora,
2112 3164 2206 3219 sed
2235 3163 2342 3217 ima
2372 3173 2426 3217 et
2458 3174 2726 3220 extrema.

1890 3295 2088 3365 V552.
2132 3293 2354 3350 Flebant
2384 3286 2559 3350 autem
2590 3312 2787 3361 omnes,
2836 3307 2886 3350 et
2929 3295 3246 3365 plangebant
3285 3294 3456 3350 illam.

1961 3364 2251 3488 Ipsedvero.
2282 3368 2415 3420 dixit
2447 3382 2465 3420 :
2497 3365 2580 3420 Ne
2620 3367 2870 3434 fleverilis
2895 3383 2913 3420 :
2946 3364 3072 3420 Non?
3113 3377 3188 3419 est
3223 3379 3454 3428 mortua,

1961 3452 2014 3488 se
2119 3447 2294 3490 ormtl.

1892 3527 1952 3582 V.
2004 3527 2093 3649 55E
2145 3525 2213 3580 Et
2267 3529 2575 3583 deridebant
2627 3545 2784 3596 eum,
2850 3529 3080 3585 videntes
3145 3530 3283 3582 auod
3341 3538 3456 3582 erat

1957 3614 2072 3649 mor
2098 3613 2183 3649 ua.

1957 3613 2183 3652 mortua.

1957 3733 2103 3788 Talis
2134 3734 2319 3804 utique
2341 3745 2424 3790 est
2454 3735 2699 3791 miraculi
2728 3736 2979 3792 historia.
2998 3737 3070 3790 At
3091 3742 3305 3806 Oportet
3345 3735 3457 3790 lor»

1889 3836 2034 3880 tasse
2063 3826 2209 3881 illam
2245 3834 2301 3881 et
2333 3827 2584 3883 subtilius
2623 3829 2979 3898 contemplari
3034 3839 3091 3884 et
3144 3827 3453 3884 sublimius.

1884 3919 2238 3974 Admirentur
2282 3918 2642 3989 simpliciores
2704 3929 2762 3976 et
2813 3921 3122 3976 hebetiores
3187 3921 3455 3990 magnalia

1887 4012 1979 4068 Dei
2028 4026 2124 4082 per
2162 4013 2300 4069 haec.
2359 4013 2654 4070 Ediﬁcant
2702 4015 2845 4069 enim
2893 4015 3055 4070 etiam
3099 4014 3458 4084 corporaliter

1886 4103 2181 4158 intellecta.
2204 4105 2275 4158 At
2299 4105 2389 4174 qui
2425 4120 2712 4175 possumus
2738 4119 2803 4160 eo
2833 4105 3166 4175 contingere,
3191 4114 3248 4158 ut
3275 4103 3459 4157 videa-

1889 4211 2031 4260 mus,
2063 4197 2192 4266 quia
2219 4207 2275 4252 et
2305 4197 2419 4252 haec
2455 4213 2548 4266 per
2585 4197 2813 4267 ﬁguram
2844 4197 3144 4250 acciderunt
3179 4195 3287 4250 illis
3309 4234 3326 4261 ,
3363 4196 3455 4248 sed

1886 4297 2098 4356 propter
2157 4305 2250 4344 nos
2307 4291 2504 4358 scripta
2565 4301 2687 4345 sunt
2719 4292 2764 4322 ⁷⁸
2796 4306 2812 4343 :
2849 4290 3205 4358 deprecantes
3280 4289 3456 4343 Deum

1887 4378 2220 4447 postulentus
2247 4394 2552 4437 sermonem
2592 4382 2783 4438 istham
2807 4381 3201 4436 declarantem.

1954 4561 2238 4626 Quomodo
2267 4559 2426 4616 Jesus
2466 4560 2533 4614 ad
2581 4560 2996 4632 archisynagogi
3035 4561 3204 4615 ﬁliam
3247 4560 3457 4632 princi:

1889 4651 2085 4720 paliter
2114 4651 2268 4716 abiit,
2313 4667 2418 4706 non
2447 4651 2575 4707 item
2617 4653 2684 4708 ad
2723 4668 2845 4708 eam
2881 4666 3000 4723 qua!
3028 4653 3291 4722 sanguine
3321 4651 3457 4706 liue-

1887 4745 1979 4799 bat
2010 4763 2025 4800 :
2056 4755 2220 4815 atque
2271 4761 2336 4801 ex
2403 4747 2599 4801 itinere
2654 4760 2951 4802 occurrens
3004 4746 3052 4800 ei
3111 4746 3229 4800 haec
3282 4745 3456 4815 prima

1884 4843 2114 4890 curatur
2132 4836 2159 4888 ?.
2182 4835 2318 4902 Quia
2348 4837 2497 4892 venit
2532 4835 2700 4891 Filius
2738 4835 2830 4892 Dei
2865 4835 3130 4906 primario
3145 4836 3214 4890 ad
3239 4833 3456 4890 Judazo-

1884 4939 2005 4979 rum
2055 4939 2408 4996 synagogam,
2440 4938 2494 4982 et
2530 4927 2878 4982 inveniteam
2925 4935 3274 4996 aegretantem
3298 4965 3314 4989 ,
3348 4925 3456 4980 imo

1883 5016 2215 5072 defunctam.
2263 5019 2478 5076 Scelera
2520 5035 2756 5090 namque
2807 5018 3022 5074 lsraelis
3053 5017 3350 5073 eﬂecerant
3396 5024 3457 5070 ut

1885 5117 2189 5161 moreretur
2222 5107 2333 5162 illa.
2385 5109 2456 5163 At
2491 5107 2884 5179 sanguiniﬂua,
2929 5122 3051 5178 quae
3092 5111 3142 5161 in
3171 5105 3258 5160 via
3293 5112 3454 5170 erat,

1883 5213 2003 5266 quae
2038 5197 2196 5267 plena
2228 5209 2348 5254 erat
2398 5202 2731 5271 impuritate,
2766 5214 2888 5270 qua
2936 5197 3177 5253 stillabat
3231 5211 3338 5252 non
3398 5198 3452 5250 in

1885 5297 2122 5356 tempore
2164 5290 2432 5360 puerperii
2482 5300 2578 5346 aut
2610 5290 2894 5354 menstrui,
2937 5289 3032 5344 sed
3075 5300 3290 5356 semper
3319 5300 3451 5339 san-

1885 5378 2045 5458 guine
2075 5377 2275 5434 ﬂuebat
2299 5391 2354 5435 et
2375 5381 2675 5451 aegrotabat
2705 5397 2720 5434 :
2751 5381 2866 5438 haec
2907 5389 3032 5436 ante
3078 5378 3221 5432 illam
3265 5377 3458 5446 credet,

1884 5467 2020 5523 Filio
2040 5470 2152 5524 Dei.
2185 5470 2250 5524 Et
2281 5471 2353 5526 ibi
2389 5473 2604 5542 quidem
2634 5474 2748 5543 ipse
2779 5473 2996 5536 incedit,
3031 5471 3144 5541 ipsa
3175 5482 3305 5523 vero
3333 5468 3451 5520 litn-
3476 5467 3483 5529 ι

1883 5561 2060 5616 briam
2089 5563 2391 5618 vestimenti
2447 5565 2718 5636 attingere
2750 5565 2920 5635 cupit.
2971 5562 3042 5618 At
3076 5562 3252 5618 Lucas
3305 5560 3447 5630 Quod

1885 5652 2167 5710 Mattltaws
2205 5671 2314 5711 non
2356 5657 2512 5722 dixit,
2557 5657 2792 5729 adjecit,
2853 5658 3134 5712 duodecim
3182 5667 3447 5709 annorum

1883 5743 2052 5802 fuisse
2076 5747 2485 5820 archisynagogi
2521 5748 2709 5818 tiliam,
2760 5761 2813 5806 et
2859 5747 3271 5821 sanguiniﬂuam
3311 5749 3446 5802 duo-
