3958 6512
501 441 604 494 ἷ59
1351 437 1906 498 SL’PPLEMENTUM
1941 441 2032 495 AD
2067 438 2390 497 ORICENIS
2421 441 2830 500 EXEGETICA.

3619 440 3708 494 540

496 557 669 611 decim
696 571 1042 611 emtmerasse
1100 555 1431 610 miirmitatis
1471 571 1666 612 annos.
1721 558 1887 629 Igitur
1938 557 2035 616 haec

2160 555 2464 628 μορῤοοῦσα
2506 556 2711 610 δώδεκα
2747 554 2841 625 ἔτη
2894 548 3038 626 εῖχεν
3085 553 3480 625 αἱμορροοῦσαο
3531 553 3710 608 οὐκοῦν

495 645 662 714 cmpit
693 646 955 714 sanguine
999 643 1166 699 ﬂuere
1195 660 1303 714 quo
1332 645 1418 697 illa
1455 660 1600 701 anno
1628 646 1680 700 in
1709 645 1883 702 lucem
1912 648 2054 702 edita

493 744 594 789 est.
628 736 757 789 Sine
785 733 1071 790 aﬂ’ectione
1102 737 1247 790 enim
1279 745 1364 791 est
1389 737 1474 791 illa
1505 739 1741 806 quandiu
1780 753 2054 811 synagoga

495 823 624 877 vivit
658 839 674 878 :
718 832 772 876 et
801 839 938 880 unus
966 821 1216 895 idemque
1248 836 1332 880 est
1357 831 1619 882 terminus
1654 830 1914 898 temporis
1940 867 1956 895 ,
1999 839 2054 883 et

494 913 616 967 linis
651 913 815 980 illius,
854 923 912 969 et
965 915 1103 974 init‘ii
1145 917 1339 972 salutis
1367 918 1544 974 istius.
1596 919 1904 975 Duodennis
1965 919 2052 974 illa

492 1006 739 1068 moritur,
790 1015 846 1059 et
896 1007 1011 1061 haec
1058 1017 1184 1076 post
1236 1008 1518 1063 duodecim
1561 1023 1671 1063 suae
1725 1007 2053 1065 inﬁrmitatis

488 1110 661 1150 annos
682 1098 910 1152 credens
955 1108 1203 1163 sanatur,
1266 1115 1386 1168 quae
1437 1115 1467 1154 a
1526 1099 1670 1154 nullo
1724 1101 2050 1156 medicorum

488 1188 669 1241 sanari
700 1196 968 1257 potuerat.
1011 1188 1160 1244 Multi
1187 1191 1331 1244 enim
1367 1201 1493 1246 sunt
1529 1191 1764 1258 medici,
1799 1191 1888 1260 qui
1922 1208 2052 1262 gen-

488 1276 632 1330 tibus
678 1277 902 1332 salutem
948 1293 1008 1333 se
1058 1279 1320 1336 allaturos
1361 1281 1706 1350 pollicentur.
1769 1281 1825 1337 Si
1850 1281 2050 1338 videris

487 1367 840 1438 philosophos
895 1370 1180 1424 veritatem
1237 1373 1604 1440 proﬁtentes:
1649 1374 1838 1428 medici
1887 1384 2046 1440 sunt,

484 1459 574 1522 qui
623 1474 820 1513 sanare
875 1461 1140 1515 nituntur.
1201 1461 1270 1516 At
1320 1463 1581 1533 impensis
1630 1465 1881 1519 omnibus
1926 1480 2050 1534 quae

485 1550 716 1605 habebat
743 1552 795 1605 in
823 1551 973 1613 illos,
1027 1553 1447 1623 haudquaquam
1483 1555 1658 1624 potuit
1691 1557 1759 1611 ab
1795 1558 1905 1612 ullo
1936 1574 2048 1612 me-

480 1641 722 1696 dicormn
755 1645 962 1697 sanari.
1007 1645 1210 1713 Tetigit
1237 1661 1304 1701 ex
1339 1648 1444 1701 lide
1491 1646 1758 1701 ﬁmbriam
1793 1646 1941 1712 Jesu,
1994 1657 2049 1702 et

479 1733 777 1788 convaluit.
806 1735 861 1790 Si
885 1736 1294 1792 consideremus
1329 1737 1488 1791 ﬁdem
1512 1747 1754 1792 nostram
1783 1738 1834 1792 in
1862 1737 2044 1794 Jesum

477 1822 778 1890 Christum,
805 1835 860 1880 et
907 1829 1208 1896 cogitemus
1261 1838 1491 1896 quantus
1521 1839 1604 1883 est
1636 1828 1804 1885 Filius
1838 1829 1961 1896 Dei,
1993 1841 2046 1886 et

2157 649 2275 718 ἅμα
2308 651 2372 719 τῇ
2403 649 2612 716 γενέσει
2643 648 2825 720 ἐκείνῃ
2859 647 2996 717 αῦτη
3025 649 3324 722 αἰμορῤοεῖ.
3367 647 3455 698 Ἐν
3490 645 3710 718 ἀπαθείᾳ

2156 738 2264 810 γάρ
2294 740 2441 790 ἐστιν
2475 739 2655 807 ἐκείνη
2687 738 2810 790 ὅσον
2839 737 3029 808 χρόνον
3070 737 3135 810 ζῇ
3179 739 3212 806 ή
3265 737 3554 805 συναγωγή
3579 753 3592 764 ο
3626 738 3711 790 καὶ

2154 830 2183 881 ό
2209 829 2369 892 αὐτὸς
2401 823 2527 900 ὄρος
2558 827 2651 880 τοῦ
2695 829 2885 899 χρόνου
2924 827 3018 880 τοῦ
3051 827 3234 890 τέλους
3266 825 3476 896 ἐκείνης
3503 825 3597 879 καὶ
3623 825 3712 895 τῆς

2153 921 2324 992 ἀρχῆς
2350 921 2448 992 τῆς
2475 921 2744 992 σωτηρίας
2762 919 2966 989 ταύτης
2987 920 3120 976 ὲστί.
3145 919 3356 972 Δώδεκα
3377 918 3514 971 ἐτῶν
3540 917 3710 988 ἐκείνη

2153 1009 2506 1081 ἀποθνήσκει,
2537 1011 2630 1064 καὶ
2659 1009 2864 1064 δώδεκα
2902 1010 3038 1063 ἐτῶν
3071 1010 3209 1080 αῦτη
3249 1009 3342 1062 τοῦ
3387 1009 3593 1071 πάθους
3630 1026 3711 1061 πι⁹

2155 1102 2425 1158 στεύσασα
2455 1103 2833 1176 θεραπεύεται,
2866 1104 2986 1174 ἥτις
3007 1104 3104 1156 οὐκ
3136 1103 3351 1173 ἴσχυσεν
3384 1103 3475 1154 ὑπ’
3510 1101 3712 1165 οὐδενὸς

2150 1193 2258 1247 τῶν
2297 1195 2495 1266 ἰατρῶν
2535 1193 2953 1266 θεραπευθῆναι.
3000 1193 3190 1247 Πολλοί
3243 1194 3350 1264 γὰρ
3397 1193 3572 1264 ἰατροὶ
3596 1193 3712 1256 τοὺς

2150 1284 2257 1340 ἀπὸ
2307 1285 2472 1339 ἐθνῶν
2516 1286 2813 1356 ὑπέσχοντο
2855 1284 3210 1363 θεραπεῦσαι.
3268 1283 3391 1336 Ἐὰν
3434 1283 3552 1356 ἴδῃς
3593 1283 3712 1344 τοὺς

2151 1375 2566 1446 φιλοσοφοῦντας
2593 1377 3089 1448 ἐπαγγελλομένους
3115 1377 3388 1446 ἀλήθειαν,
3416 1376 3591 1446 ἰατροί
3618 1375 3714 1428 εἰσι

2150 1466 2475 1538 θεραπεῦσαι
2491 1467 2837 1541 πειρώμενοι.
2857 1469 2994 1521 Ἀλλ’
3018 1468 3129 1536 (89)
3143 1469 3339 1530 αὐτοὺς
3361 1468 3714 1538 δαπανήσασα

2148 1559 2216 1615 τὰ
2247 1561 2373 1629 παρ’
2407 1562 2604 1633 ἑαυτῆς
2635 1563 2830 1625 πάντα,
2862 1561 2960 1613 οὑκ
2987 1559 3202 1629 ἴσχυσεν
3234 1561 3326 1613 ὑπ’
3353 1559 3571 1621 οὐδενος
3614 1557 3715 1612 τῶν

2152 1651 2347 1721 ἰατρῶν
2383 1651 2805 1723 θεραπευθῆναι.
2833 1651 3046 1722 Ἥψατο
3072 1651 3126 1704 δὲ
3147 1650 3240 1704 τοῦ
3284 1648 3595 1722 κρασπέδου
3628 1648 3715 1702 τοῦ

2161 1743 2331 1813 Ἰησοῦ
2360 1742 2446 1796 διὰ
2474 1743 2726 1807 πίστεως,
2757 1744 2852 1798 καὶ
2881 1742 3023 1813 ἰάθη.
3084 1741 3209 1794 Ἐὰν
3251 1741 3448 1810 ἴδωμεν
3487 1740 3591 1810 τὴν
3631 1739 3716 1792 πί-

2149 1850 2264 1886 στιν
2296 1833 2448 1904 ήμῶν
2481 1834 2578 1904 τὴν
2619 1837 2699 1898 εἰς
2747 1834 2952 1905 Ἰησοῦν
2990 1834 3256 1906 Χριστὸν,
3296 1833 3390 1884 καὶ
3431 1832 3716 1902 νοήσωμεν

477 1929 768 1984 quemnam
815 1918 986 1987 ipsum
1023 1927 1346 1989 tangamus:
1388 1921 1692 1977 videbimus
1718 1963 1733 1987 ,
1785 1924 1928 1992 quod
1975 1923 2035 1978 ad

2147 1923 2372 1996 πηλίκος
2402 1926 2548 1978 ἐστὶν
2581 1927 2609 1978 ὁ
2649 1926 2774 1989 Υἱὸς
2804 1925 2898 1978 τοῦ
2945 1924 3103 1986 θεοῦ,
3137 1924 3230 1978 καὶ
3270 1923 3414 1986 τίνος
3455 1921 3716 1992 ἡψάμεθα

479 2012 938 2080 comparationem
975 2013 1307 2068 ﬁmbriarum
1339 2030 1460 2084 qua:
1499 2015 1552 2070 in
1590 2017 1707 2087 ipso
1737 2027 1883 2085 sunt,
1923 2018 2045 2071 lim-

477 2102 652 2158 briam
681 2119 841 2158 unam
865 2105 1155 2172 tetigimus.
1189 2105 1314 2162 Haec
1347 2106 1559 2162 limbria
1592 2109 1838 2164 medetur
1868 2111 2042 2176 nobis,

475 2204 529 2248 et
567 2195 696 2250 facit
731 2206 790 2250 ut
817 2197 884 2251 ab
916 2196 1034 2253 Iesu
1061 2199 1346 2254 audiamus
1380 2219 1394 2254 :
1426 2198 1599 2265 Filia,
1638 2199 1770 2268 ﬁdes
1805 2212 1897 2255 tua
1937 2203 2046 2256 sal-

475 2291 610 2344 uauit
639 2301 686 2343 te
709 2291 778 2354 ⁷⁷,
804 2302 858 2346 et
883 2307 1158 2348 curemur.
1188 2293 1254 2347 Et
1283 2295 1700 2364 archisynagogi
1725 2293 1835 2349 (ilia
1863 2311 2045 2350 resur-

475 2392 582 2445 get.
611 2384 838 2449 Quando
868 2389 1008 2440 enim
1036 2387 1318 2440 multitudo
1342 2388 1570 2456 gentium
1600 2389 1836 2458 ingressa
1858 2387 2038 2458 fuerit,

473 2484 598 2528 tunc
627 2477 796 2530 omnis
828 2477 1003 2533 Israel
1042 2480 1330 2534 saloabitur
1356 2483 1402 2514 ’⁸

1114 2656 1267 2712 CAP.
1309 2657 1400 2712 IX.

479 2747 540 2799 V.
580 2745 686 2820 2?.
718 2747 846 2800 Dico
881 2757 1056 2802 autem
1079 2750 1218 2803 vobis
1247 2767 1364 2804 uere
1394 2764 1413 2802 :
1446 2750 1582 2804 Sunt
1613 2751 1831 2820 quidam
1857 2768 2038 2807 eorum

539 2817 633 2884 qui
667 2818 752 2870 hic
795 2826 1070 2891 steterunt,
1103 2820 1192 2889 qui
1230 2837 1554 2891 nequaquam
1586 2817 1869 2890 gustabunt
1896 2839 2040 2877 mor-

540 2897 665 2951 tem,
700 2903 968 2958 quousque
1006 2889 1212 2942 uideant
1248 2889 1465 2959 regnum
1494 2889 1609 2945 Dei.

541 2977 666 3038 Haec
689 2979 756 3032 ad
777 2977 995 3034 Petrum
1024 2989 1078 3034 et
1111 2978 1370 3035 Jacobum
1405 2991 1462 3035 et
1499 2979 1765 3036 Joannem
1797 2982 2037 3038 nonnulli

471 3067 734 3133 referunt,
779 3069 874 3140 qui
922 3085 1028 3123 una
1060 3085 1181 3124 cum
1229 3070 1446 3125 Christo
1478 3072 1530 3126 in
1568 3073 1843 3128 excelsum
1886 3090 2039 3128 mon-

474 3167 581 3210 tem
607 3158 972 3213 ascenderunt
997 3175 1012 3212 :
1054 3159 1146 3228 qui
1171 3168 1226 3214 ct
1256 3170 1484 3216 mortem
1527 3177 1634 3216 non
1659 3173 2033 3234 gustaverunt,

2147 2017 2332 2082 αὑτοῦ,
2371 2017 2629 2088 ὀψόμεθα,
2679 2019 2760 2072 ὅτι
2807 2018 2943 2090 πρὸς
2992 2017 3278 2088 σύγκρισιν
3323 2015 3430 2068 τῶν
3464 2019 3521 2068 έν
3568 2013 3716 2084 αὐτῷ

2146 2107 2462 2180 κρασπέδων
2491 2108 2793 2183 κρασπέδου
2827 2107 3104 2179 ἡψάμεθα.
3129 2107 3298 2160 Τοῦτο
3318 2107 3377 2160 τὸ
3407 2106 3715 2177 κράσπεδον

2147 2196 2441 2269 θεραπεύει
2481 2200 2646 2270 ἡμᾶς,
2693 2197 2786 2252 καὶ
2819 2202 2960 2251 ποιεῖ
2987 2199 3203 2252 ἀκούειν
3234 2197 3341 2252 άπδ
3369 2196 3461 2249 τοῦ
3500 2196 3711 2266 Ἰησοῦ·

2147 2290 2424 2358 Θύγατερ,
2470 2291 2508 2358 ἠ
2539 2290 2742 2357 πίστις
2774 2305 2888 2345 σου
2921 2289 3154 2344 σέσωκέ
3185 2305 3278 2352 σε,
3314 2289 3408 2341 καὶ
3444 2287 3717 2358 θεραπευ-

2145 2378 2340 2450 θῶμεν.
2374 2380 2484 2432 Καὶ
2508 2383 2537 2452 ἡ
2570 2381 2813 2452 Θυγάτηρ
2835 2381 3194 2450 ἀναστήσεται
3215 2379 3308 2432 τοῦ
3337 2376 3715 2450 ἀρχισυναγώ-

2144 2487 2261 2538 γου.
2308 2471 2490 2524 Ὅταν
2525 2472 2633 2540 γὰρ
2674 2472 2740 2525 τὸ
2773 2471 3002 2539 πλῆθος
3035 2470 3156 2526 τῶν
3203 2469 3394 2530 ἐθνῶν
3435 2469 3710 2537 εἰσέλθῃ,

2144 2559 2274 2613 τότε
2307 2556 2426 2626 πᾶς
2461 2559 2693 2628 Ἰσραὴλ
2723 2561 3077 2630 σωθήσεται.

2794 2652 2950 2705 ΚΕΦ.
2990 2651 3066 2704 Θ’.

2290 2782 2302 2795 .
2341 2735 2442 2812 κζ’.
2480 2739 2641 2812 Λέτω
2667 2740 2733 2794 δὲ
2762 2741 2904 2812 ὑμῖν
2925 2743 3163 2812 ἀληθῶς
3185 2759 3198 2772 ·
3235 2741 3373 2795 Εἰσί
3405 2757 3571 2812 τινες
3596 2739 3716 2795 τῶν

2294 2829 2324 2865 ε
2360 2810 2719 2878 ἑστηκότων,
2759 2810 2816 2863 οἳ
2846 2814 2917 2865 οὐ
2945 2811 3030 2880 μὴ
3068 2813 3394 2880 γεύσωνται
3423 2810 3712 2877 θανάτου,

2209 2881 2320 2947 ἕως
2345 2879 2422 2935 ἂν
2447 2880 2613 2933 ἴδωσι
2656 2880 2768 2948 τὴν
2791 2879 3118 2946 summa.»
3149 2883 3256 2936 τοῦ
3290 2881 3459 2937 Θεοῦ.

2208 2973 2394 3026 Ταῦτα
2425 2973 2516 3026 ἐπὶ
2544 2973 2746 3045 Πέτρον
2777 2974 2870 3026 καὶ
2911 2973 3164 3028 Ἰάκωϐον
3202 2974 3294 3027 καὶ
3344 2973 3601 3059 Ἰωάννην
3630 2989 3713 3026 τι-

2138 3065 2226 3129 νὲς
2263 3065 2621 3137 ἀναφέρουσι,
2669 3065 3062 3128 συναναϐάντες
3111 3067 3190 3129 εἰς
3233 3065 3295 3119 τὸ
3339 3065 3541 3136 ὑψηλὸν
3583 3066 3713 3136 ὅρος

2137 3158 2375 3230 Χριστῷ,
2401 3158 2449 3211 οἳ
2481 3158 2573 3211 καὶ
2596 3157 2824 3211 θανάτου
2853 3160 2951 3211 οὐκ
2978 3158 3288 3224 ἐγεύσαντο,
3320 3159 3426 3229 πρὸ
3451 3158 3548 3224 τοῦ
3580 3159 3714 3212 ἰδεῖν

2149 2740 2246 2792 Στί

2221 2805 2247 2829 1'

468 3256 760 3318 antequam
811 3249 1068 3304 viderunt
1104 3249 1302 3304 Filium
1356 3253 1593 3307 hominis
1649 3253 1935 3310 advenisse
1981 3254 2033 3310 in

2141 3252 2226 3305 τὸν
2267 3251 2394 3305 Υἱὸν
2429 3250 2525 3303 τοῦ
2564 3248 2850 3321 ἀνθρώπου
2879 3249 3096 3303 ἐλθόντα
3127 3251 3184 3303 ἐν
3222 3253 3287 3322 τῇ
3332 3249 3580 3321 βασιλεία
3613 3251 3715 3304 ao—

469 3353 635 3405 regno
664 3355 786 3404 suo,
821 3341 934 3394 sive
963 3341 1016 3395 in
1044 3341 1216 3411 gloria
1253 3343 1744 3408 transfigurationis
1770 3345 1907 3415 ejus.

535 3430 687 3502 Quod
711 3433 754 3486 si
784 3432 910 3501 quid
939 3434 1206 3490 curiosius
1239 3435 1421 3490 dicere
1447 3435 1591 3500 licet,
1619 3448 1671 3491 et
1706 3437 1771 3489 de.
1804 3453 1868 3492 eo
1891 3438 2033 3506 quod

465 3526 536 3577 sit
563 3533 708 3578 stare
735 3540 856 3579 cum
883 3525 1135 3586 Christo.
1182 3537 1238 3582 et
1273 3528 1338 3582 de
1372 3543 1438 3582 eo
1481 3531 1622 3597 quod
1677 3532 1749 3582 sit
1799 3542 2028 3585 mortem

466 3623 684 3680 gustare
716 3633 728 3668 :
755 3615 970 3669 fuerunt
1005 3618 1224 3687 quidam
1272 3620 1363 3687 qui
1413 3629 1682 3674 steterunt
1731 3621 1820 3674 ubi
1849 3620 2028 3685 Jesus,

465 3705 650 3763 anima
691 3705 858 3760 innixi
885 3721 1048 3777 super
1070 3709 1200 3774 illo;
1249 3719 1477 3778 eratque
1511 3725 1696 3764 eorum
1729 3711 1894 3766 statio
1925 3728 2029 3765 non

466 3798 754 3854 admodum
800 3798 1063 3855 abludeus
1124 3816 1154 3854 a
1219 3799 1418 3871 Moysis
1489 3800 1745 3858 statione.
1818 3802 2028 3856 Etenim

465 3890 639 3961 inquit
661 3889 876 3963 Moyses
902 3910 915 3944 :
944 3891 1164 3963 Egoque
1187 3894 1312 3948 steti
1338 3893 1390 3947 in
1429 3901 1609 3948 monte
1645 3895 1761 3950 dies
1794 3897 2031 3962 quadra-

460 3981 604 4050 ginta
628 3992 684 4036 et
708 3993 894 4039 noctes
922 3984 1302 4054 quadraginta,
1325 3986 1519 4055 dignus
1539 3986 1792 4042 audiendi
1818 3987 2027 4042 factus:

462 4081 542 4136 'I‘u
572 4096 702 4137 vero
729 4083 802 4140 ibi
841 4092 923 4137 sta
961 4097 1173 4138 mecum
1209 4083 1276 4134 ⁷⁸.
1311 4079 1476 4134 Pauci
1521 4094 1685 4148 porro
1713 4088 1841 4133 sunt
1869 4081 2028 4133 amici

465 4172 576 4237 ilei,
605 4172 694 4238 qui
729 4173 1018 4226 stationem
1070 4171 1272 4226 habent
1307 4170 1363 4223 in
1402 4171 1543 4224 bono
1569 4209 1586 4233 ,
1617 4169 1755 4223 sicut
1787 4167 2027 4238 Baptista

464 4265 575 4326 ipse
601 4263 667 4315 de
695 4277 755 4315 se
783 4263 911 4316 dicit
935 4277 951 4314 :
979 4263 1045 4315 At
1078 4262 1281 4315 amicus
1303 4260 1479 4328 sponsi
1509 4268 1654 4310 stans
1681 4258 1874 4326 gaudio
1898 4274 2030 4326 gau-

459 4353 544 4403 det
583 4348 651 4402 ⁸⁸.
698 4350 763 4404 Et
805 4351 840 4405 ii
880 4351 1044 4419 igitur
1085 4351 1180 4420 qui
1235 4356 1499 4404 steterunt
1561 4346 1700 4415 apud
1768 4344 2028 4410 Verbum,

462 4439 660 4494 habent
687 4442 986 4495 stationum
1023 4441 1389 4497 diversitates.
1427 4440 1606 4506 Quare
1652 4439 1795 4493 haud
1838 4454 2028 4492 omnes

457 4532 550 4599 qui
581 4546 748 4602 penes
776 4531 1114 4587 Salvatorem
1141 4542 1365 4596 stetere,
1399 4534 1494 4586 sed
1522 4532 1741 4601 quidam
1768 4545 1832 4584 ex
1869 4530 2019 4598 ipsis,

2135 3342 2252 3407 τοῦ,
2283 3345 2400 3414 ἦτοι
2425 3345 2482 3396 ἐν
2506 3347 2572 3414 τῇ
2601 3343 2727 3416 δόξῃ
2759 3344 2857 3414 τῆς
2887 3341 3357 3414 μεταμορφώσεως
3393 3341 3584 3396 αὑτοῦ.

2205 3437 2266 3495 Εἰ
2291 3436 2348 3488 δὲ
2375 3437 2476 3507 χρή
2504 3454 2556 3489 τι
2583 3438 2673 3489 καὶ
2703 3435 3118 3507 περιεργότερον
3155 3437 3326 3488 εἰπεῖν
3362 3433 3489 3506 περί
3520 3451 3582 3486 τε
3612 3432 3711 3486 τοῦ

2134 3526 2351 3579 ἑστάναι
2379 3525 2517 3596 μετὰ
2553 3525 2746 3596 Ἰησοῦ,
2772 3527 2864 3579 καὶ
2891 3527 3016 3597 περὶ
3045 3525 3140 3578 τοῦ
3169 3525 3422 3596 γεύεσθαι
3449 3523 3712 3578 θανάτουε

2132 3617 2271 3690 ἦσάν
2304 3637 2448 3684 τινες
2493 3620 2724 3683 ἑστῶτες
2756 3621 2887 3674 ὅπου
2934 3619 3172 3690 Ἰησοῦς,
3215 3619 3597 3691 ὲρηρεισμένοι
3639 3619 3708 3686 τῇ

2130 3714 2274 3784 ψυχῇ
2307 3713 2436 3783 παρ’
2461 3710 2625 3782 αὐτῷ.
2661 3709 2767 3765 Ἦν
2809 3713 2992 3775 αὐτοῖς
3033 3713 3065 3782 ἦ
3107 3711 3293 3774 στάσις
3333 3712 3602 3782 συγγενὴς
3638 3713 3707 3782 τῇ

2129 3805 2222 3859 τοῦ
2264 3807 2454 3876 Μωσῆ.
2492 3804 2659 3875 Κάγὼ
2695 3805 2822 3876 γὰρ,
2859 3805 3022 3876 φησὶν
3053 3805 3081 3856 ὁ
3124 3803 3384 3872 Μωῦσῆς,
3425 3802 3593 3872 ἔστην
3647 3803 3710 3853 ὲν

2129 3897 2207 3968 τῷ
2234 3898 2349 3970 δρει
2379 3898 2588 3969 ἡμέρας
2623 3897 3028 3968 τεσσαράκοντα
3058 3896 3151 3948 καὶ
3193 3897 3392 3958 νύκτας
3431 3893 3708 3964 τεσσαρά-

2131 4006 2314 4049 κοντα,
2345 3988 2594 4054 ἀξιωθεὶς
2617 3988 2873 4041 ἀκοῦσαιο
2903 3989 2996 4040 καὶ
3028 3980 3091 4040 σὺ
3117 3989 3172 4040 δὲ
3205 3986 3367 4039 αὑτοῦ
3397 3985 3554 4056 στῆθι
3587 3986 3706 4054 μετ’

2129 4077 2279 4148 ἐμοῦ.
2329 4078 2525 4145 Ὀλίγοι
2550 4078 2606 4130 δὲ
2637 4079 2730 4133 καὶ
2771 4078 2913 4147 φίλοι
2935 4078 3092 4141 Θεοῦ,
3134 4080 3247 4131 ὅσοι
3283 4077 3382 4147 τὴν
3424 4077 3616 4128 στάσιν
3647 4075 3708 4127 ἐν

2129 4169 2206 4240 τῷ
2235 4170 2384 4240 καλῷ
2418 4170 2651 4240 ἔχουσιν,
2687 4171 2764 4233 ώς
2789 4173 2816 4224 ό
2847 4169 3154 4240 Βαπτιστὴς
3185 4169 3344 4231 αὐτὸς
3379 4167 3507 4238 περί
3538 4165 3708 4219 αὑτοῦ

2127 4259 2308 4327 λέγει·
2345 4260 2406 4313 '0
2433 4259 2502 4312 δὲ
2530 4261 2707 4328 φίλος
2737 4259 2841 4313 τοῦ
2882 4260 3143 4328 νυμφίου
3175 4257 3363 4322 ἑστὼς
3391 4253 3548 4325 χαρᾷ
3575 4255 3706 4323 Zai-

2119 4371 2232 4422 ρει.
2280 4355 2386 4407 Καὶ
2420 4354 2468 4405 οἰ
2513 4353 2802 4422 ἑστηκότες
2847 4351 2978 4420 γοῦν
3029 4351 3181 4421 παρά,
3208 4348 3287 4419 τῷ
3325 4349 3482 4417 Λόγῳ
3521 4346 3701 4416 ἐχουσ.

2127 4443 2264 4497 κατὰ
2303 4443 2400 4513 τὴν
2441 4442 2628 4495 στάσιν
2657 4441 2938 4512 διαφοράς.
2979 4440 3070 4492 Διὸ
3109 4439 3170 4490 ού
3214 4438 3411 4498 πάντες
3449 4437 3497 4488 οἱ
3531 4433 3707 4487 ἐστῶρ

2124 4551 2215 4598 τες
2255 4533 2404 4606 παρὰ
2429 4533 2506 4604 τῷ
2538 4532 2769 4603 Σωτῆρι,
2800 4531 2935 4584 άλλά
2965 4547 3108 4593 τινες
3144 4528 3342 4589 αὐτῶν,
3371 4527 3447 4589 ώς
3493 4525 3704 4595 βέλτιον

457 4629 713 4690 tanquam
738 4621 828 4689 qui
855 4621 1047 4676 melius
1079 4622 1350 4689 steterint,
1380 4633 1609 4675 mortem
1640 4637 1746 4675 non
1781 4631 2018 4690 gustant,

2141 4594 2437 4693 ἑστηκότες,
2477 4594 2538 4674 ού
2587 4621 2838 4690 γεύονται
2877 4621 3129 4681 θανάτου,
3168 4618 3272 4681 ἓως
3315 4617 3379 4670 ἂν
3423 4616 3574 4668 ῖδωσι
3610 4615 3706 4666 τὸν

455 4710 628 4766 donec
667 4713 886 4767 videant
933 4713 1170 4768 Verbum
1203 4730 1326 4768 cum
1376 4715 1689 4768 hominibus
1727 4729 2024 4768 conversa-

455 4814 591 4870 tum,
655 4816 711 4860 et
768 4817 1054 4876 propterea
1126 4806 1322 4861 Filimn
1378 4808 1612 4862 hominis
1670 4807 2020 4876 appellatum,

455 4899 762 4953 venientem
788 4901 840 4954 in
875 4916 1043 4971 regno
1075 4915 1195 4954 suo.
1228 4899 1344 4954 Non
1368 4902 1515 4954 enim
1542 4899 1743 4969 jugiter
1776 4901 1828 4954 in
1855 4914 2022 4968 regno

451 5003 548 5041 suo
604 4990 797 5053 venit,
864 4999 1123 5060 quantum
1198 4991 1264 5044 ad
1343 5005 1438 5045 eos
1507 4990 1598 5058 qui
1667 4990 2022 5044 introducun-

451 5088 536 5132 tur
593 5079 705 5150 (88)
761 5081 996 5147 attinet,
1050 5081 1140 5150 qui
1205 5080 1362 5135 facile
1426 5081 1708 5144 dicerent,
1777 5099 1877 5134 non
1924 5084 2022 5134 ha-

449 5170 569 5224 bere
587 5189 705 5225 eum
730 5173 974 5241 speciem,
1009 5189 1169 5243 neque
1202 5173 1649 5241 pulchritudinem
1678 5173 1744 5227 ⁸⁸.
1775 5173 1843 5226 At
1873 5173 2016 5226 enim

447 5265 586 5332 apud
615 5280 710 5319 eos
751 5266 842 5337 qui
881 5266 990 5333 jam
1028 5265 1250 5334 perfecti
1302 5277 1461 5331 sunt,
1497 5263 1789 5318 secundum
1823 5264 2012 5327 David,

448 5364 672 5420 apparet
702 5356 964 5422 speciosus
1003 5356 1174 5424 [arma
1217 5372 1326 5423 pne
1358 5356 1485 5422 [iliis
1515 5356 1788 5407 hominum
1817 5355 1886 5408 “.
1917 5351 2016 5406 Ha-

450 5440 539 5495 bet
582 5443 742 5513 igitur
786 5447 989 5511 regiam
1047 5447 1335 5500 admodum
1381 5445 1700 5512 dignitatem
1754 5442 2015 5506 Verbum,

446 5532 574 5586 dum
637 5536 848 5590 videtur
909 5539 1236 5606 quibusdam
1291 5537 1552 5592 stantium
1618 5536 1757 5605 apud
1805 5532 2013 5600 .Iesum,

2131 4713 2435 4785 ἀνθρώποις
2461 4714 2875 4785 ἐπιδημήσαντα
2913 4712 3103 4779 Λόγον,
3141 4711 3234 4764 καὶ
3265 4707 3352 4761 διὰ
3388 4707 3545 4761 τοῦτο
3575 4707 3707 4758 Υἱὸν

2130 4806 2413 4877 ἀνθρώπου
2444 4805 2866 4877 χρηματίζοντα,
2906 4806 3195 4877 ἐρχόμενον
3233 4802 3288 4854 έν
3314 4803 3378 4871 τῇ
3403 4799 3570 4852 αὑτοῦ
3609 4797 3706 4867 βα-

2130 4898 2320 4969 σιλείᾳ,
2347 4899 2422 4951 Οὐ
2456 4897 2562 4969 γὰρ
2587 4898 2673 4951 ἀεὶ
2695 4898 2754 4950 ὲν
2775 4900 2839 4968 τῇ
2866 4896 3034 4950 αὑτοῦ
3067 4893 3310 4966 βασιλεία⁴
3345 4892 3597 4962 ἔρχεται,
3627 4888 3700 4946 ὡς

2121 4990 2215 5042 ἐπὶ
2237 4993 2348 5053 τοῖς
2375 4989 2767 5059 εἰσαγομένοις,
2797 4989 2846 5041 οῖ
2874 4988 2969 5042 καὶ
2999 4987 3084 5055 μὴ
3121 4987 3287 5054 ἔχειν
3315 4983 3500 5038 αὐτὸν
3537 4975 3698 5040 εἶδος·

2124 5083 2162 5148 ἢ
2210 5082 2432 5148 κάλλος
2483 5081 2694 5147 λέξαιεν
2737 5081 2822 5135 άν.
2868 5082 2992 5143 Τοῖς
3038 5079 3094 5131 δὲ
3135 5077 3378 5137 τελείοις,
3424 5069 3565 5123 κατὰ
3607 5068 3696 5120 τὸν

2123 5171 2303 5234 Δαυῖδ,
2341 5172 2553 5240 ὡραῖος
2584 5173 2853 5241 φαίνεται
2887 5169 3098 5224 κάλλει
3143 5165 3302 5235 παρὰ
3339 5163 3480 5228 τοὺς
3528 5158 3694 5222 υἱοὺς

2123 5263 2240 5316 τῶν
2280 5264 2622 5331 ἀνθρώπων.
2669 5265 2853 5315 Ἔστιν
2889 5258 2983 5314 οὗν
3019 5257 3438 5331 βασιλικώτατον
3479 5251 3692 5320 ἀξίωμα

2122 5353 2200 5423 τῷ
2234 5355 2410 5424 Λόγῳ,
2443 5354 2770 5424 βλεπόμενόν
2809 5371 2918 5406 τισι
2956 5353 3063 5406 τῶν
3092 5350 3398 5420 ἑστηκότων
3427 5343 3581 5415 παρὰ
3616 5339 3692 5410 τῷ

2137 5444 2332 5516 Ἰησοῦ,
2363 5445 2672 5499 ἀκολουθεῖν
2710 5444 2857 5515 αὐτῷ
2887 5443 3210 5514 δυνηθεῖσιν,
3247 5437 3584 5494 ἀναϐαίνοντι
3615 5436 3688 5494 εἰς,

2123 5537 2184 5589 τὸ
2207 5537 2406 5609 ὑψηλὸν
2423 5537 2523 5608 τῆς
2545 5537 2902 5610 φανερώσεως
2926 5535 3091 5591 αὐτοῦ
3120 5535 3244 5596 δοος
3263 5549 3276 5562 ·
3305 5525 3366 5584 οῦ
3399 5545 3486 5592 τις
3515 5523 3689 5592 ἀξιοῦ-

516 5719 560 5749 ”
589 5717 776 5773 Matth.
811 5732 890 5779 Ix,
922 5715 1014 5770 22.
1087 5715 1134 5748 ⁷⁸
1163 5714 1317 5770 Rom.
1350 5731 1426 5780 xu,
1451 5713 1542 5779 ‘25,
1572 5712 1662 5767 26.
1741 5713 1786 5743 ⁷⁹
1810 5712 1963 5766 Deut.
2005 5729 2078 5769 Ix.
2155 5719 2199 5750 ⁸ο
2241 5718 2397 5777 Joan.
2425 5735 2510 5789 ιιι,
2535 5719 2620 5775 29.
2699 5717 2889 5793 “visa.
2918 5731 3038 5784 LIII,
3067 5715 3122 5772 2.
3215 5709 3422 5770 “I‘sal.
3452 5723 3598 5772 xuv,
3630 5704 3682 5760 3.

512 5836 625 5902 (88)
659 5835 968 5903 Respicitur
1006 5835 1070 5888 ad
1133 5835 1402 5907 Isagngas,
1459 5833 2206 5906 primasque__institutiones.

516 5909 628 5977 (δῦ)
657 5907 818 5962 Forte
852 5908 1002 5963 deest
1034 5907 1136 5970 εἰςῖ
