3958 6524
243 516 326 571 541
1496 506 1786 562 SCHOLIA
1831 509 1896 562 IN
1937 509 2192 564 LUCAM.

3370 504 3471 559 553

240 643 320 681 ται
345 622 537 694 Πέτρος
576 619 672 686 ὢν,
696 621 804 674 κκαὶ
835 621 898 674 τὸ
930 622 1180 676 ἄσειστον
1215 620 1352 690 ἔχων
1401 621 1458 672 ὲν
1487 622 1554 691 τῇ
1587 619 1794 673 πίστει·

1910 623 1992 689 qui
2051 639 2173 677 eum
2223 622 2373 690 sequ-i
2416 621 2600 675 valent
2653 620 3038 676 ascendentem
3090 618 3143 672 in
3195 615 3471 672 excelsum

240 721 269 792 ἦ
293 719 388 772 υἱοὶ
418 714 604 788 ίροτῶν
632 713 768 784 (90),
796 714 853 768 οἳ
875 714 972 768 καί
992 713 1252 768 θανάτου
1277 715 1352 768 οὐ
1374 715 1668 782 γεύονται,
1685 713 1798 778 ἕως

240 812 308 865 ἂν
339 809 498 862 ίδωσι
538 807 647 860 τὸν
687 807 826 861 Υἱόν
870 807 980 863 τοῦ
1019 805 1335 875 ἀνθρώπου
1363 806 1690 875 ἐρχόμενον
1729 805 1800 858 ἐν

239 898 597 972 τῇβασιλείᾳ
622 897 830 954 αὐτοῦ.

300 1190 411 1258 Ζωὴ
445 1187 502 1242 δὲ
531 1189 560 1240 ὁ
600 1183 850 1258 Χριστός.
905 1185 963 1236 ὐ
997 1184 1053 1236 δὲ
1091 1185 1294 1252 ταύτης
1327 1179 1520 1250 ἐχθρὸς
1552 1177 1796 1242 θάνατος,

240 1283 366 1335 καὶὸ
387 1281 452 1332 δι’
485 1277 782 1349 ἁμαρτίας,
818 1275 852 1346 ἢ
887 1274 1090 1344 ἑτέρως
1120 1271 1426 1342 νοούμενος.
1463 1263 1564 1322 Ὧν
1596 1269 1658 1322 τὸ
1684 1270 1798 1321 ἕτε-

238 1390 321 1447 ρον
343 1372 405 1426 δ.’
434 1364 508 1425 ὧν
532 1372 761 1432 ἕκαστος
793 1367 950 1440 ήμῶν
983 1366 1210 1438 πράττει
1246 1364 1548 1432 ἐκλέγεται.
1589 1365 1798 1434 Ὠσπερ

235 1460 317 1517 οὖν
360 1465 388 1517 ὁ
431 1461 667 1534 Χριστὸς
708 1460 871 1532 ἄρτος
911 1456 1028 1510 ἐστὶ
1066 1454 1195 1520 ζῶν,
1222 1453 1396 1516 οὕτως
1428 1455 1456 1506 ὁ
1481 1453 1674 1524 ὲχθρὺς
1708 1453 1798 1504 ab-

233 1555 316 1610 τοῦ
367 1555 593 1618 θάνατος
643 1553 807 1622 ἄρτος
853 1553 969 1603 ἐστί
1014 1547 1223 1620 νεκρός.
1278 1547 1435 1600 Πᾶσα
1487 1545 1544 1598 δὲ
1606 1543 1798 1616 λογικὴ

233 1648 364 1719 ψυχὴ
395 1647 609 1718 θατέρῳ
639 1645 843 1698 τούτων
881 1643 1170 1715 τρέφεται·
1206 1641 1239 1710 ἡ
1265 1640 1360 1710 μὲν
1384 1637 1654 1709 γευομένη
1683 1637 1799 1691 τού-

233 1759 329 1795 των
370 1739 563 1812 μόνον,
596 1740 630 1809 ή
676 1737 734 1790 δὲ
781 1737 876 1790 καὶ
924 1737 1017 1788 ἐπὶ
1068 1733 1319 1785 πλεῖστον
1366 1729 1638 1783 ἐσθίουσα.
1689 1731 1798 1783 Καὶ

235 1831 360 1899 τάχα
387 1830 434 1881 οἱ
464 1827 566 1898 μὲν
601 1825 841 1889 σπανίως
871 1825 965 1878 καὶ
1001 1822 1173 1895 μικρὰ
1207 1820 1610 1892 ἁμαρτάνοντες
1640 1819 1809 1890 μόνον,

235 1921 466 1990 γεύονται
511 1917 774 1972 Θανάτου·
823 1919 872 1970 οἱ
923 1915 979 1968 δὲ
1029 1914 1231 1986 ἀρετὴν
1279 1912 1628 1982 ἀνειληφότες
1675 1911 1794 1964 οὐδὲ

1903 726 2144 770 montem
2203 712 2657 769 manifestationis
2710 727 2822 768 sua:
2879 729 2893 766 :
2943 725 3053 782 quo
3103 709 3231 780 quis
3278 708 3474 779 dignus

1901 805 2132 860 habetur
2170 804 2216 858 si
2269 803 2464 858 Petrus
2512 803 2699 870 fuerit,
2730 803 3037 872 habeatque
3096 801 3472 856 inconcussam

1901 897 2060 952 iidem
2097 917 2110 952 :
2141 896 2224 950 vel
2268 895 2360 950 lilii
2405 896 2698 949 tonitruum
2723 935 2738 958 ,
2774 897 2864 965 qui
2903 895 3061 948 etiam
3098 901 3320 946 mortem
3367 907 3474 945 non

1899 991 2206 1059 gustabunt,
2235 991 2398 1043 donec
2434 989 2638 1042 videant
2684 985 2888 1041 Filium
2919 987 3149 1041 hominis
3184 990 3472 1045 venientem

1899 1085 1954 1137 in
1990 1099 2147 1154 regno
2165 1098 2280 1136 suo.

1973 1177 2095 1231 Vita
2126 1191 2290 1245 porro
2321 1185 2402 1227 est
2437 1174 2705 1228 Christus.
2742 1171 2914 1240 llujus
2946 1172 3141 1234 hostis,
3173 1189 3320 1228 mors
3357 1174 3475 1228 sive

1901 1283 2021 1339 quae
2054 1282 2150 1337 per
2185 1277 2492 1337 peccatum,
2517 1266 2631 1319 sive
2671 1263 2828 1319 aliter
2857 1263 3198 1331 intelligitur.
3235 1263 3311 1317 Ex
3347 1265 3471 1333 qni-

1900 1362 2000 1416 bus
2029 1359 2372 1418 alterutrum,
2413 1371 2509 1425 per
2538 1373 2600 1412 ea
2630 1371 2750 1426 quae
2781 1355 3010 1425 quisque
3042 1364 3288 1410 nostrum
3319 1353 3472 1423 facit,

1897 1453 2140 1522 eligitur.
2170 1450 2324 1506 Sicut
2355 1452 2520 1520 igitur
2547 1449 2801 1505 Christus
2825 1457 2909 1502 est
2939 1448 3094 1513 panis
3123 1447 3270 1501 rivus
3299 1447 3369 1511 ⁸³,
3396 1448 3477 1503 sic

1901 1547 2074 1602 hostis
2099 1547 2215 1616 ejus
2251 1560 2428 1610 mors,
2471 1543 2626 1614 panis
2651 1551 2735 1597 est
2769 1550 3042 1598 mortuus.
3109 1539 3302 1596 Omnis
3344 1555 3474 1596 vero

1902 1637 2188 1692 rationalis
2240 1637 2426 1691 anima
2492 1635 2760 1689 alterutro
2817 1633 3009 1686 horum
3060 1635 3298 1688 nutritur
3329 1651 3342 1687 :
3377 1631 3474 1686 sed

1899 1711 2144 1799 qntedam
2195 1729 2412 1798 quidem
2466 1726 2568 1780 hos
2627 1726 2894 1779 duntaxat
2945 1733 3148 1792 gustat,
3226 1721 3474 1793 quaedam

1898 1836 2033 1875 vero
2064 1820 2268 1890 largius
2321 1817 2580 1872 comedit.
2610 1814 2981 1870 Plnnsibiliter
3007 1815 3170 1883 igitur
3219 1813 3474 1874 dixerim,

1899 1912 2044 1981 quod
2089 1911 2182 1981 qui
2228 1924 2354 1964 raro
2392 1920 2446 1962 et
2492 1922 2658 1978 parva
2718 1915 2981 1976 peccant,
3035 1914 3255 1975 gustant
3301 1903 3476 1958 solum

235 2013 470 2082 γεύονται
499 2010 689 2072 αὑτοῦ,
715 2009 829 2064 ἀλλ’
853 2011 940 2062 ἀεὶ
965 2008 1128 2078 ἄρτον
1151 2005 1440 2078 τρέφονται
1466 2003 1665 2066 ζῶντα.
1697 2004 1799 2056 Πέ-

1910 2014 2132 2057 mortem
2169 2021 2182 2056 :
2209 2012 2263 2056 at
2294 2002 2385 2071 qui
2417 2001 2676 2055 virtutem
2708 2007 2990 2062 exercent,
3013 2011 3081 2052 ne
3113 2005 3333 2066 gustant
3356 1995 3479 2065 qui-
3557 2042 3569 2060 ,

231 2122 333 2175 τρῳ
361 2101 472 2167 οὖν,
497 2099 572 2159 οὗ
597 2103 781 2156 πύλαι
801 2099 888 2169 μὴ
907 2099 1290 2167 κατίσχυσαν
1310 2095 1480 2162 ᾅδου,
1507 2093 1798 2148 ἀκόλουθον

230 2192 289 2266 ἦν
313 2193 501 2248 τούτου
536 2192 610 2263 μὴ
637 2190 932 2260 γεύεσθαι.-
959 2189 1093 2241 Τότε
1123 2188 1233 2260 γάρ
1261 2204 1346 2250 τις
1380 2185 1600 2255 γεύεται
1639 2184 1801 2238 θανά-

232 2307 336 2352 του,
363 2290 450 2342 ὅτε
481 2286 653 2340 πύλαι
681 2285 806 2358 ᾅδου
836 2281 1258 2354 κατισχύσουσιν
1287 2279 1474 2334 αὐτοῦ.
1519 2277 1678 2332 Ἀλλὰ
1705 2281 1799 2331 καὶ

230 2382 331 2442 τοῖς
351 2379 450 2448 τῆς
483 2376 717 2450 βροντῆς
751 2375 906 2439 υἱοῖς,
937 2371 1271 2444 γεννηθεῖσιν
1309 2371 1417 2424 ἀπὸ
1451 2370 1678 2441 βροντῆς
1708 2371 1800 2423 άν-

231 2466 488 2538 θρωπίνου
517 2467 820 2537 χρήματος,
845 2462 1104 2517 ἀδύνατον
1125 2457 1194 2533 ἦν
1221 2461 1454 2514 Θανάτου
1477 2459 1796 2528 γεύσασθαι,

229 2557 312 2612 τοῦ
348 2557 560 2630 σφόδρα
592 2555 784 2629 πόρρω
809 2557 908 2627 τῆς
937 2554 1144 2627 μητρὸς
1183 2553 1364 2607 αὐτῶν
1391 2551 1639 2624 βροντῆς.

1901 2095 2021 2147 dem
2062 2103 2319 2157 mortem,
2367 2093 2463 2147 sed
2504 2107 2720 2163 semper
2773 2106 2912 2162 pane
2964 2091 3088 2142 vivo
3139 2088 3474 2142 nutriuntur.

1900 2186 2255 2256 Consequens
2281 2186 2447 2255 igitur
2475 2196 2613 2252 erat,
2662 2197 2719 2239 nt
2761 2184 2974 2246 Petrus.
3023 2184 3274 2237 adversus
3323 2195 3476 2264 quem

1900 2287 2066 2342 porta:
2087 2277 2249 2348 inferi
2282 2295 2387 2332 non
2417 2279 2808 2347 prwvaluerunt
2839 2276 3042 2340 “,cam
3077 2289 3183 2330 non
3212 2281 3475 2342 gustaret.

1903 2367 2054 2424 Tunc
2103 2368 2250 2422 enim
2300 2370 2423 2438 quis
2477 2381 2705 2422 mortem
2758 2376 2983 2438 gustat,
3036 2366 3252 2434 quando
3306 2375 3478 2434 portae

1903 2458 2061 2513 inferi
2095 2461 2359 2516 adversus
2385 2475 2510 2516 eum
2543 2458 2937 2529 praevalebunt.
2976 2460 3116 2525 Quin
3147 2458 3310 2514 etiam
3339 2457 3478 2512 ﬁlios

1905 2551 2130 2606 tonitrui
2156 2589 2172 2615 ,
2205 2551 2422 2622 genitos
2461 2567 2489 2605 a
2541 2553 2746 2606 tonitru
2776 2552 3048 2606 incarnati
3079 2551 3344 2614 vaticinii,
3377 2553 3480 2604 im-

1902 2643 2168 2710 possibile
2193 2655 2313 2699 erat
2337 2655 2558 2713 gustare
2580 2656 2833 2708 mortem,
2859 2659 2980 2713 qua:
3006 2644 3294 2699 admodum
3323 2643 3480 2714 longe

1801 2770 1812 2772 —
1901 2734 2066 2789 distat
2102 2748 2133 2786 a
2166 2745 2342 2790 matre
2371 2749 2558 2789 eorum
2602 2736 2830 2790 tonitru.

290 2822 358 2875 Τὸ
387 2822 463 2886 δὲ,
504 2822 642 2887 ἓως,
686 2819 922 2874 ἐνταῦθα
953 2819 1103 2891 δηλοῖ
1123 2819 1216 2872 τὸν
1247 2819 1641 2886 κατεπείγοντα
1672 2819 1800 2890 περὶ

227 2912 311 2966 τοῦ
340 2912 678 2984 δηλουμένου
711 2913 930 2984 χρόνον,
957 2913 1018 2965 ού
1050 2910 1514 2984 περιοριζόμενον,
1539 2909 1680 2964 ὥστε
1709 2927 1800 2979 γε⁴

228 3004 398 3060 νέσθαι
453 3004 601 3077 μετά
646 3005 710 3058 τὸ
755 3005 860 3068 ἕως
908 3005 970 3058 τὸ
1018 3005 1077 3057 ὲν
1132 3003 1280 3074 αύτῷ
1325 3003 1403 3074 τῷ
1451 3002 1795 3074 δηλουμένῳ·

227 3095 294 3160 ὡς
329 3097 389 3151 τό
406 3114 420 3130 ·
453 3097 572 3151 Καὶ
595 3096 724 3151 ἰδοὺ
748 3097 863 3167 ἐγὼ
893 3097 1022 3167 μεθ’
1048 3095 1214 3166 ὑμῶν
1243 3098 1358 3166 ειμι
1381 3095 1490 3162 ἕως
1513 3093 1624 3163 τῆς
1649 3111 1798 3148 συν-

227 3187 447 3253 τελείας
492 3186 613 3257 τοῦ,
648 3185 881 3252 alibyae.
930 3186 1045 3240 Οὐκ
1092 3185 1386 3255 ἐγεύσαντο
1427 3183 1558 3252 γοῦν
1607 3183 1715 3236 οὐδ’
1751 3186 1798 3236 oi

226 3278 501 3334 ἀπόστολοι
566 3277 661 3331 τοῦ
695 3277 1082 3350 προηρημένου
1116 3278 1252 3346 (90‘)
1312 3275 1506 3347 νοητοῦ
1567 3274 1797 3330 Θανάτου

229 3371 354 3440 μετά
388 3372 451 3424 τὸ
488 3370 623 3424 ἰδεῖν
657 3369 754 3440 τὴν
787 3369 894 3422 τῶν
923 3369 1256 3441 τηλικούτων
1282 3367 1502 3438 ἀγαθῶν
1545 3367 1796 3440 Θεωρίαν.

299 3463 448 3516 Ἐπεὶ
492 3462 559 3516 δὲ
615 3462 674 3514 ὲν
724 3463 837 3525 τοῖς
880 3461 1134 3533 Ψαλμοῖς
1185 3460 1430 3532 εἴρηται·
1479 3461 1576 3527 Τίς
1631 3460 1804 3533 ἐστιν

225 3551 530 3621 ἄνθρωπος
577 3551 646 3619 ὃς
693 3551 878 3619 ζήσει,
927 3553 1026 3606 καί
1079 3555 1189 3606 οὐκ
1252 3551 1462 3622 ὄψεται
1508 3550 1800 3615 θάνατον,

225 3645 327 3710 καὶ,
391 3643 647 3699 Ἑλθέτω
672 3644 748 3713 δὴ
778 3644 1033 3711 θάνατος
1065 3644 1158 3698 ἐπ’
1183 3645 1433 3711 αὐτούς·
1479 3644 1572 3697 καὶ
1609 3643 1667 3697 ἐν
1697 3661 1803 3696 τινι

226 3735 320 3789 τῶν
348 3737 691 3808 προφητῶν·
733 3737 1027 3791 Κατέπιεν
1057 3739 1090 3790 ό
1131 3735 1389 3801 θάνατος
1419 3737 1711 3804 ἰσχύσας·
1747 3735 1804 3786 ὲν

227 3826 278 3880 δὲ
313 3831 376 3899 τῇ
434 3827 810 3898 ’Δποκαλύψει
831 3847 844 3858 ·
892 3829 954 3881 '0
995 3828 1248 3895 θάνατος
1282 3828 1380 3881 καί
1413 3829 1446 3880 ὀ
1477 3826 1628 3894 ᾅδης
1665 3827 1806 3880 duo.

225 3920 423 3975 λουθεῒ
455 3938 584 3975 τισι
607 3939 621 3952 ·
676 3922 885 3993 μήποτε
931 3920 1148 3974 ἔλαττον
1196 3921 1364 3974 κακόν
1401 3922 1518 3973 ἐστι
1569 3919 1629 3973 τὸ
1679 3921 1806 3972 ἰδεῖν

227 4009 464 4074 Θάνατον,
509 4011 708 4068 τούτου
733 4013 789 4066 δὲ
826 4013 1010 4084 μεῖζον
1038 4014 1099 4067 τὸ
1122 4012 1422 4082 γεύσασθαι
1456 4011 1644 4075 αὑτοῦ,
1683 4013 1806 4064 τού-

225 4118 309 4155 του
329 4104 386 4157 δὲ
427 4103 511 4157 ἔτι
543 4107 730 4175 χεῖρον
757 4105 816 4157 τὸ
846 4104 1160 4158 ἀκολουθεῖν
1197 4121 1302 4157 τινι
1329 4103 1586 4169 Θάνατον;
1621 4103 1716 4156 καὶ
1744 4104 1803 4156 ού

229 4193 377 4261 μόνον
425 4197 782 4262 ἀκολουθεῖν,
836 4196 974 4250 ἀλλὰ
1017 4198 1111 4251 καὶ
1141 4196 1242 4268 ’ήδη
1282 4195 1456 4248 ἐλθεῖν
1490 4195 1578 4248 ἐπ’
1621 4195 1803 4256 αὑτὸν,

225 4289 311 4341 καὶ
345 4290 683 4346 καταλαϐεῖν
728 4291 955 4348 ἐκεῖνον,
985 4282 1030 4358 ᾧ
1072 4290 1336 4361 πρότερον
1373 4287 1694 4360 ὴκολούθει;
1734 4289 1808 4342 Τὸ

225 4377 274 4431 δὲ
313 4381 700 4452 καταποθῆναι
730 4381 836 4435 ὑπὸ
871 4382 965 4435 τοῦ
999 4382 1232 4436 Θανάτου
1271 4380 1490 4434 πάντων
1527 4379 1676 4434 δοκεῖ
1717 4397 1806 4450 μοι

226 4467 521 4544 βαρύτερον
551 4469 696 4527 εἶναι
721 4474 830 4525 τῶν
859 4475 1186 4546 εἰρημένων.
1222 4472 1334 4525 Καὶ
1363 4472 1660 4543 ἐπιστήσας
1695 4474 1807 4535 τοῖς

223 4561 530 4636 λεγομένοις
571 4567 667 4620 καὶ
691 4570 756 4638 τῇ
787 4566 1018 4638 διαφορᾷ
1051 4566 1160 4619 τῶν
1190 4563 1676 4636 ἁμαρτανομένων,
1708 4565 1808 4617 οὐκ

1971 2825 2246 2882 Particula
2303 2829 2492 2894 donec,
2560 2828 2664 2884 hoc
2706 2827 2824 2883 loco
2885 2827 3126 2881 declarat
3191 2825 3481 2880 imminens

1907 2920 1982 2974 rei
2025 2919 2414 2976 demonstrata:
2475 2930 2688 2992 tempus
2718 2960 2736 2986 ,
2781 2937 2886 2976 non
2932 2921 3214 2974 deﬁnitum
3265 2930 3325 2973 ut
3371 2921 3480 2986 sit,

1902 3020 2190 3082 postquam
2230 3012 2281 3064 id
2317 3013 2600 3077 evenerit,
2629 3013 2774 3082 quod
2821 3012 3259 3077 demonstratur;
3322 3021 3382 3066 ut
3423 3012 3477 3066 in

1905 3104 1992 3157 illo
2028 3120 2042 3155 :
2078 3103 2215 3156 Ecce
2248 3119 2342 3173 ego
2391 3105 2653 3157 robisrum
2693 3119 2833 3167 sum,
2883 3104 3049 3156 donec
3088 3112 3481 3157 consummetur

1905 3194 2160 3248 swculum
2191 3193 2258 3246 ³⁸.
2293 3193 2408 3248 Non
2451 3203 2814 3263 gustaverunt
2837 3193 3000 3264 igitur
3030 3192 3260 3261 apostoli
3286 3193 3481 3262 praedi-

1903 3298 2043 3344 ctam
2066 3286 2399 3359 spiritualem
2418 3295 2670 3350 mortem,
2686 3293 2968 3356 postquam
2989 3282 3338 3354 contemplati
3355 3295 3482 3340 sunt

1907 3379 2168 3435 visionem
2199 3387 2475 3433 tantorum
2509 3379 2793 3432 bonorum.

1974 3467 2110 3536 Quia
2137 3483 2270 3524 vero
2312 3469 2364 3523 in
2400 3465 2631 3523 Psalmis
2658 3466 2860 3522 dictum
2907 3475 2990 3521 est
3015 3484 3028 3522 :
3053 3465 3184 3532 Quis
3217 3476 3291 3521 est
3328 3468 3481 3520 hante

1903 3562 1992 3631 qui
2042 3561 2197 3623 ιιὶιιει,
2251 3571 2299 3613 et
2356 3576 2459 3613 non
2497 3557 2693 3612 videbit
2737 3569 2958 3612 mortem
3010 3557 3094 3613 εει
3122 3557 3242 3614 Et:
3298 3557 3481 3613 Veniat

1905 3657 2087 3725 utique
2124 3668 2267 3706 mors
2307 3652 2376 3706 ad
2425 3668 2512 3705 eos
2537 3651 2604 3704 ⁸⁷.
2639 3651 2699 3704 Et
2759 3651 2812 3704 in
2870 3652 3107 3720 quodam
3171 3652 3479 3721 propheta:

1907 3744 2189 3815 Deglutieit
2221 3759 2362 3798 mors
2401 3742 2693 3812 pra’valens
2719 3742 2785 3796 ⁸⁸.
2823 3744 3002 3812 Atque
3035 3744 3086 3798 in
3116 3744 3482 3814 Apocalypsi,

1906 3853 2050 3890 mors
2095 3846 2143 3890 et
2188 3835 2426 3905 infernus
2483 3835 2722 3902 sequitur
2769 3835 3020 3905 quosdam
3052 3835 3138 3890 "z
3174 3836 3358 3890 nescio
3413 3849 3482 3888 an

1907 3944 2012 3982 non
2041 3927 2221 3982 minus
2254 3925 2451 3980 malum
2502 3926 2574 3978 sit
2623 3925 2806 3981 videre
2848 3935 3114 3990 mortem,
3163 3926 3265 3980 huc
3307 3925 3484 3994 majus

1905 4033 2025 4073 eam
2078 4025 2334 4084 gustare;
2370 4025 2422 4069 et
2470 4015 2570 4069 hoc
2602 4029 2791 4069 rursus
2833 4014 3009 4085 pejus,
3052 4016 3097 4070 si
3138 4031 3297 4084 quem
3336 4030 3482 4068 mors

1906 4113 2020 4175 ipsa
2053 4121 2315 4178 sequatur
2342 4124 2356 4160 :
2390 4118 2440 4162 et
2473 4122 2578 4160 non
2602 4117 2862 4176 sequatur
2891 4108 3072 4174 modo,
3103 4123 3288 4162 verum
3317 4107 3480 4162 etiam

1908 4204 1971 4256 ad
2004 4203 2180 4272 ipsum
2208 4201 2409 4261 veniat,
2439 4209 2492 4253 et
2515 4199 2945 4268 comprehendat
2969 4215 3114 4266 cum,
3148 4215 3308 4269 quem
3333 4200 3486 4268 prius

1907 4295 2258 4363 sequebatur.
2310 4291 2571 4361 Deglutiri
2618 4305 2748 4346 vero
2780 4305 2809 4344 a
2844 4301 3052 4357 morte,
3093 4291 3311 4346 videtur
3351 4291 3484 4345 mihi

1907 4383 2288 4452 gravissimum
2317 4382 2587 4445 omnium,
2619 4397 2740 4452 qua:
2762 4381 2905 4435 dicta
2927 4389 3076 4434 sunt.
3131 4379 3301 4436 Porro
3323 4381 3488 4436 dictis

1909 4474 2192 4538 insistens,
2219 4482 2274 4527 et
2297 4471 2622 4527 differentia:
2660 4483 3030 4538 peccatorum,
3070 4472 3212 4528 haud
3259 4488 3482 4528 recusa-

1908 4567 2016 4630 bis,
2049 4575 2108 4618 ut
2142 4565 2405 4628 arbitror,
2431 4565 2745 4629 admittere,
2774 4565 2900 4618 talia
2929 4565 3177 4634 quadam
3211 4565 3264 4620 in
3299 4565 3484 4620 animo

220 4654 485 4728 ὀκνήσεις,
507 4655 687 4730 οἶμαι,
711 4658 1115 4730 παραδέξασθαι
1134 4656 1362 4710 τοιαῦτά
1383 4673 1502 4708 τινα
1523 4655 1800 4727 νενοῆσθαι

1915 4658 2178 4712 habuisse.
2204 4657 2507 4727 Spiritum,
2563 4658 2657 4727 qui
2700 4656 2830 4712 fecit
2853 4668 2931 4728 ⁵ιιι
2963 4657 3087 4712 talia
3117 4659 3486 4713 scriberentur

221 4747 292 4816 τῷ
325 4750 693 4822 ὲνεργήσαντι
717 4752 890 4804 ταῦτα
923 4752 1202 4822 γραφῆναι
1233 4752 1290 4804 ὲν
1322 4754 1436 4814 τοῖς
1476 4749 1678 4818 λογίοις
1708 4748 1802 4801 τοῦ

221 4835 346 4891 Θεοῦ
385 4840 697 4910 Πνεύματι.

283 4931 346 4983 τί
372 4931 431 4987 δὲ
460 4931 721 5003 δηλοῦται
752 4934 808 4985 ἐν
837 4931 915 5002 τῷ
945 4932 1073 4985 ἰδεῖν
1103 4933 1194 4986 τὸν
1230 4933 1355 4985 Υίὸν
1381 4929 1476 4983 τοῦ
1512 4930 1799 5001 ἀνθρώπου

223 5020 510 5094 ἐρχόμενον
542 5026 601 5076 ὲν
627 5027 692 5093 τῇ
734 5024 976 5096 βασιλείᾳ
1005 5024 1191 5090 αὑτοῦ,
1223 5025 1316 5078 καὶ
1360 5028 1416 5078 ὲν
1449 5027 1515 5096 τῇ
1552 5024 1680 5096 δόξῃ
1708 5023 1803 5075 αὑ-

222 5113 338 5179 τοῦς
369 5117 467 5170 καὶ
490 5117 548 5169 τί
576 5117 829 5186 σημαίνει
859 5117 941 5181 τὸ,
980 5116 1383 5185 Ἐληλυθυῐαν
1415 5117 1486 5170 ἐν
1527 5113 1798 5184 δυνάμει,

223 5204 363 5276 παρά
379 5205 620 5277 Μάρκου
637 5203 802 5277 ῥηθέν
823 5221 837 5270 ;
871 5205 952 5259 Τὰ
978 5206 1086 5259 εἴτε
1110 5204 1504 5276 ὲκλαμπὸμενα
1524 5206 1641 5267 ταῖς
1660 5219 1768 5272 καρ
1783 5233 1797 5242 ο

221 5295 352 5361 δίαις
365 5299 556 5369 ήμῶν,
577 5296 686 5350 εἴτε
701 5297 957 5369 ζητοῦσιν
973 5299 1358 5369 εὑρισκόμενα,
1377 5297 1487 5350 εἴτε
1513 5297 1802 5349 ύποσιόντα

223 5387 325 5460 (9|)
380 5390 525 5469 robe.
592 5389 887 5460 λογισμοὺς
965 5389 1122 5461 ήμῶν
1148 5429 1162 5452 ,
1247 5388 1578 5460 σαφέστερον
1644 5387 1804 5458 ὲκθη-

1916 4751 1966 4804 in
2001 4750 2238 4805 oraculis
2270 4749 2488 4806 divinis.

1982 4927 2119 4993 Quid
2170 4940 2348 4982 autem
2380 4929 2649 4997 signiﬁcat
2683 4929 2866 4983 videre
2906 4927 3102 4981 Filium
3127 4927 3362 4981 hominis
3395 4942 3488 4979 ve-

1911 5023 2146 5073 nientem
2206 5022 2259 5074 in
2317 5037 2484 5087 regno
2523 5037 2644 5082 sun,
2670 5031 2725 5075 et
2777 5020 2830 5073 in
2875 5019 3044 5088 gloria
3076 5033 3174 5072 sua
3214 5018 3328 5072 ?et
3359 5019 3487 5087 quid

1909 5112 2014 5166 sibi
2040 5111 2150 5166 vult
2194 5112 2344 5173 illud,
2382 5113 2593 5167 Venisse
2625 5115 2678 5165 in
2707 5113 2900 5166 virtute
2928 5111 2975 5143 '°
3011 5129 3025 5167 :
3059 5113 3200 5180 quod
3241 5129 3270 5164 a
3307 5110 3489 5166 Marco

1912 5205 2115 5259 dictum
2147 5215 2232 5260 est
2267 5205 2290 5258 ?
2329 5204 2542 5259 Clarius
2605 5219 2938 5275 exponemus
2990 5218 3327 5273 quaecunque
3375 5204 3490 5258 sive

1909 5296 2167 5367 ali‘olgent
2197 5296 2450 5352 cordibus
2495 5297 2730 5363 nostris,
2761 5297 2878 5352 sive
2908 5295 3278 5366 quaerentibus
3333 5296 3488 5350 nobis

1913 5398 2126 5456 reperta
2163 5397 2312 5452 sunt,
2339 5389 2456 5442 sive
2479 5388 3092 5457 subeuntcogitationes
3125 5397 3360 5442 nostras.
3383 5387 3490 5442 ita.

222 5479 442 5548 σόμεθα.
482 5481 546 5534 '0
573 5479 794 5552 Θεωρῶν
816 5481 912 5535 καὶ
939 5482 1376 5552 καταλαμϐάνων
1396 5483 1494 5554 τὴν
1522 5480 1616 5534 τοῦ
1647 5480 1800 5548 λόγου

1913 5493 2019 5548 que
2047 5479 2295 5549 quisquis
2341 5483 2742 5550 contemplatur
2775 5490 2830 5535 et
2877 5480 3188 5550 assequitur
3223 5481 3492 5535 excellet»-

223 5568 493 5643 ὑπεροχὴν
527 5570 748 5635 λύον-τος
794 5573 888 5626 καὶ
919 5572 1284 5644 διελέγχοντος
1327 5573 1504 5638 πάσας
1558 5571 1656 5636 τάς
1705 5572 1800 5624 imi

1916 5573 2044 5626 tiam
2081 5573 2230 5627 verbi
2274 5574 2532 5628 solventis
2581 5591 2643 5631 ac
2703 5574 2990 5630 refutantis
3035 5573 3280 5644 speciosa
3325 5589 3481 5644 argu-

287 5727 332 5798 ξ’
359 5726 526 5784 Joan.
583 5747 655 5791 vr.
717 5731 808 5788 5|.
883 5734 929 5765 3‘
961 5732 1152 5788 Matth.
1196 5748 1308 5791 xw.
1340 5733 1421 5787 l8.
1497 5733 1544 5766 ⁸³
1571 5733 1762 5789 Matth.
1807 5750 1994 5794 xxuu.
2032 5733 2122 5789 20.
2199 5735 2244 5766 "
2293 5734 2434 5789 Psal.
2476 5749 2738 5798 Lxxxvnt,
2777 5734 2866 5789 49.
2940 5734 2984 5764 ⁸⁷
3028 5732 3169 5787 Psal.
3223 5745 3334 5798 ων,
3407 5732 3490 5792 lii.

223 5794 392 5852 “lsa.
425 5817 566 5865 xxv,
601 5802 656 5857 8.
732 5803 778 5834 ⁸³
817 5805 985 5873 Apoc.
1030 5819 1102 5868 τι,
1129 5804 1183 5860 8.
1277 5805 1322 5836 ’°
1354 5804 1518 5858 Marc.
1545 5819 1624 5870 ις,
1656 5807 1705 5860 1.

284 5891 402 5969 (90)-
436 5893 606 5951 Forte
640 5896 900 5968 βροντῶν,
939 5901 1251 5963 tonitruum,
1309 5916 1373 5956 ex
1407 5899 1570 5960 Marc.
1608 5918 1694 5969 ιιι,
1729 5904 1791 5956 l7

227 5899 402 6018 “(allii
436 5899 606 6019 ιῖιοτιο
640 5899 900 5968 βροντῶν,
939 5901 1251 5963 tonitruum,
1309 5916 1373 5956 ex
1407 5899 1570 5960 Marc.
1608 5918 1694 5969 ιιι,
1729 5904 1791 5956 l7

391 5980 444 6019 tn
507 5980 563 6018 a.

1975 5902 2107 5970 (90')
2147 5901 2589 5970 Προηρημέιυυ.
2640 5901 2780 5973 Lege
2844 5901 3263 5974 πρῖειρημένου.
3319 5899 3484 5954 litin.

1983 5975 2094 6019 tEHl
2138 5972 2273 6019 Luae
2303 5973 2637 6019 ὑπεισιόντα.

1983 5975 2094 6042 μη)
2137 5972 2273 6044 Lege
2303 5973 2637 6026 ὑπεισιόντα.
