3958 6526
471 466 575 521 345

1327 470 1884 527 SUPPLEMENTUM
1921 468 2011 523 AD
2051 468 2377 526 ORIGENIS
2408 468 2821 525 EXEGETICA.

3615 466 3704 521 3-H

471 598 653 644 menta
685 591 885 652 omnia.
938 607 1058 660 qua:
1089 593 1224 647 tium
1271 610 1302 649 a
1339 593 1622 652 fallacibus
1670 597 1912 666 quidem,
1944 596 2037 655 sed

2140 594 2247 648 τῶν
2271 593 2487 666 ψευδῶν
2513 595 2634 665 μὲν,
2667 592 3150 662 ἐπαγγελλομένων
3179 595 3233 643 δε
3277 589 3534 660 ἀλήθειαν
3563 587 3704 642 πιθα-

466 682 560 750 qui
586 692 763 736 tamen
791 681 1074 739 veritatem
1101 685 1422 752 profitentur
1447 705 1462 755 ;
1494 689 1538 743 is
1558 689 1691 743 vidit
1724 688 1916 744 Filium
1944 690 2066 744 Μ·-

467 772 632 827 minis
682 774 984 830 venientem
1017 777 1071 830 in
1131 791 1297 849 regno
1331 795 1432 834 suo
1464 796 1479 832 :
1507 791 1564 834 at
1598 781 1643 836 si
1683 783 1897 851 propria
1927 784 2040 837 evi-

465 863 684 920 dentius
737 867 1148 922 confirmantem
1210 883 1440 938 cernat;
1478 873 1658 927 videat
1708 885 1904 944 printer
1955 892 2039 930 re-

463 971 626 1022 gntum
652 997 668 1020 ,
699 957 865 1012 etiam
905 958 1131 1030 gloriam
1167 961 1334 1017 illius.
1363 962 1501 1030 Quin
1538 967 1699 1020 etiam
1732 967 1815 1020 vir
1852 967 2039 1036 liuius-

463 1045 604 1100 modi
637 1047 818 1103 videat
875 1050 928 1104 in
975 1052 1178 1122 seipse,
1225 1055 1316 1110 Dei
1368 1071 1595 1126 regnum
1647 1059 1863 1114 venisse
1913 1074 2036 1115 cum

461 1137 666 1193 virtute
698 1155 712 1191 :
743 1140 904 1210 idque
928 1143 1108 1198 videat
1143 1154 1395 1216 tauquam
1429 1151 1497 1214 is,
1531 1150 1582 1203 in
1599 1167 1757 1221 quem
1783 1168 1890 1205 non
1921 1167 2037 1207 am-

461 1228 604 1295 plius
626 1238 908 1300 peccatum
951 1245 1159 1303 regnet,
1200 1241 1343 1306 quod
1376 1252 1566 1310 regnat
1595 1241 1646 1296 in
1678 1242 1888 1296 mortali
1915 1258 2038 1298 cor-

462 1337 592 1392 pore
618 1331 989 1395 peccantium;
1022 1331 1116 1386 sed
1150 1347 1364 1404 semper
1385 1336 1662 1406 subjectus
1681 1339 1790 1408 regi
1819 1338 2036 1394 univer-

461 1427 645 1468 sorum
701 1416 811 1473 Deo
849 1437 863 1473 :
896 1420 1054 1489 cujus
1085 1436 1310 1491 regnum
1358 1424 1561 1481 virtute
1607 1427 1748 1482 intra
1792 1443 1890 1483 nos
1926 1437 2031 1490 est,

459 1505 771 1571 operatione
805 1522 953 1574 vero,
986 1519 1043 1564 ut
1096 1513 1400 1568 nominavit
1436 1513 1672 1584 Marcus,
1715 1518 1856 1573 intra
1911 1535 2033 1590 per-

461 1593 630 1648 fectos
650 1596 932 1656 duntaxat.

464 1682 524 1742 V.
556 1685 646 1743 28.
691 1684 815 1760 Fuit
839 1703 953 1754 post
979 1693 1073 1746 hos
1113 1710 1399 1760 sermones,
1426 1708 1482 1750 ut
1509 1699 1620 1754 dies
1663 1691 1793 1754 octo'
1813 1720 1832 1758 :
1874 1713 1920 1755 et
1947 1721 2030 1756 as-

527 1772 736 1836 sumens
780 1755 994 1814 Petrum
1025 1774 1075 1816 et
1114 1755 1452 1822 Joannem'et
1482 1766 1772 1838 Jacobum,
1794 1755 2030 1828 ascendit

525 1841 580 1878 in
611 1836 837 1881 montem
867 1846 1039 1886 orare.

2139 682 2388 752 νότητας,
2441 681 2626 752 βλέπει
2660 682 2750 736 τὸν
2782 682 2908 735 Υἰὺν
2938 680 3032 733 τοῦ
3091 678 3380 751 ἀνθρώπου
3427 680 3704 751 ἐρχόμενον

2139 777 2199 828 ἐν
2223 777 2287 845 τῇ
2340 774 2444 847 ἰδίᾳ
2498 773 2764 846 βασιλείᾳ.
2813 775 2876 828 Εἰ
2915 775 2974 828 δὲ
3019 775 3210 829 καὶτὰ
3251 773 3355 827 ίδια
3379 771 3704 844 τρανώτερον

2140 866 2566 935 παραστήσαντα
2607 864 2812 934 βλέπει,
2872 864 3058 934 βλέποι
3114 864 3179 918 ἂν
3226 861 3392 917 αὑτοῦ
3437 861 3576 934 πρὸς
3622 862 3704 933 τὴν

2139 955 2418 1026 βασιλείαν
2442 958 2536 1010 καὶ
2550 957 2648 1028 τὴν
2675 956 2850 1022 δόξαν.
2887 957 2996 1011 Καὶ
3026 958 3055 1011 6
3081 955 3322 1019 τοιοῦτός
3369 971 3432 1023 γε
3462 956 3520 1009 ἐν
3543 954 3706 1026 ἐαυτῷ

2139 1045 2324 1116 βλέποι
2375 1047 2440 1103 ἂν
2467 1047 2566 1119 τὴν
2597 1046 2693 1100 τοῦ
2731 1047 2866 1101 Θεοῦ
2899 1046 3176 1120 βασιλείαν
3200 1045 3520 1117 ἐληλυθυῖαν
3549 1045 3706 1099 ἐνδυ-

2136 1137 2318 1209 νάμειο
2344 1139 2437 1192 καὶ
2473 1138 2631 1192 τοῦτο
2687 1137 2875 1208 βλέποι
2923 1138 3012 1202 ἂν,
3072 1137 3148 1202 ὡς
3192 1136 3443 1208 οὐδαμῶς
3483 1135 3568 1188 ἐτι
3614 1136 3707 1189 ύπῦ

2137 1229 2409 1300 ἁμαρτίας
2442 1229 2874 1301 βασιλευόμενος,
2909 1230 3008 1301 τῆς
3037 1227 3425 1300 βασιλευούσης
3454 1229 3511 1282 ἐν
3537 1226 3707 1298 θνητῷ

2136 1319 2349 1391 σώματι
2380 1320 2487 1373 τῶν
2520 1319 2959 1392 ἁμαρτανόντων,
2995 1318 3109 1372 ἀλλ’
3147 1319 3232 1372 ἀεὶ
3252 1318 3583 1390 τεταγμένος
3612 1317 3708 1371 ὑπὸ

2135 1412 2346 1481 βασιλεῖ
2367 1412 2447 1483 τῷ
2478 1411 2586 1466 τῶν
2607 1413 2743 1467 ὅλων
2773 1411 2910 1484 Θεῷ·
2940 1404 3002 1465 οὗ
3027 1412 3060 1482 ὴ
3085 1410 3330 1481 βασιλεία
3356 1411 3583 1482 δυνάμει
3621 1412 3708 1482 μὲν

2133 1504 2282 1568 ἐντὸς
2309 1505 2465 1575 ἡμῶν
2495 1506 2664 1567 ἐστιν,
2704 1503 2953 1575 ἐνεργείᾳ
2992 1503 3068 1571 δὲ,
3097 1503 3173 1567 ὡς
3196 1503 3478 1574 ὠνόμασεν
3504 1505 3534 1558 ὁ
3559 1504 3708 1576 Μάρ-

2133 1614 2248 1660 κος,
2279 1597 2429 1661 ἐντὸς
2453 1597 2562 1651 τῶν
2583 1596 2802 1650 τελείων
2835 1596 3012 1668 μόνον.

2133 1688 2279 1775 Στίχ.
2322 1696 2425 1775 κη’;
2466 1688 2731 1775 Ὲγιέξιννεζο¹
2753 1685 2823 1740 δὲ
2843 1687 2994 1775 μετα
3025 1686 3413 1775 τορςνέόγοες
3436 1688 3707 1775 τούτουςζ

2200 1756 2280 1825 (bc
2309 1756 2541 1829 ἡμέραι
2561 1756 2731 1812 ἀκτάν
2783 1759 2884 1829 καὶ
2936 1756 3298 1829 παραλαϐὼν
3327 1757 3558 1826 Πέτρον
3604 1760 3707 1829 καὶ

2214 1825 2498 1894 Ἰωάᾶ-νὴν
2549 1829 2649 1882 καὶ
2713 1825 3028 1892 Ἰάκωϐον,
3059 1826 3240 1895 ἀνέϐη
3296 1830 3382 1894 εἰς
3434 1825 3499 1882 τὸ
3575 1828 3710 1897 ὅρος

2202 1899 2670 1969 προσεύξασθαι.

460 1977 523 2033 ν.
557 1980 649 2036 29.
697 1981 761 2036 Et
783 1983 906 2053 fuit,
943 1988 1067 2042 dum
1107 1990 1219 2056 ipse
1257 2003 1462 2056 oraret,
1497 1998 1691 2060 species
1721 1998 1876 2065 faciei
1913 2000 2026 2068 eius

597 2052 740 2116 alia,
766 2065 818 2110 et
850 2059 1207 2115 vestimentum
1237 2079 1352 2116 eius
1387 2064 1586 2116 album-
1613 2069 1884 2116 elutam“-

2129 1992 2224 2048 Στί
2268 2033 2278 2044 .
2303 1990 2403 2044 κθ’.
2431 1991 2538 2046 Καὶ
2553 1990 2809 2058 ἐγένετο,
2833 1991 2904 2044 ἐν
2921 1989 3001 2056 τῷ
3023 1987 3474 2058 προσεύξασθαι
3499 1990 3708 2051 αὐτὸν,

2197 2010 2264 2116 τῖ
2305 2058 2466 2116 εῖδοο
2518 2062 2625 2116 τοῦ
2673 2061 2997 2116 προσώπου
3045 2060 3231 2115 αὐτοῦ
3257 2060 3481 2116 ἕτερον.
3527 2061 3629 2114 καὶ
3678 2064 3708 2113 ὀ

597 2052 740 2122 alia,
766 2052 818 2110 et
850 2052 1207 2115 vestimentitm
1237 2079 1352 2132 ejus
1387 2052 1586 2131 album,
1613 2052 1884 2138 eﬁ‘ulgens.

454 2203 518 2260 V.
553 2207 642 2262 30.
679 2207 746 2262 Et
799 2227 916 2267 ecce
966 2215 1066 2269 viri
1090 2216 1205 2299 gae
1256 2216 1603 2299 loquebgittnr
1658 2241 1776 2280 cum
1808 2242 1889 2292 eo,
1939 2229 2026 2299 qui

878 2297 1026 2337 erant
1078 2285 1289 2357 Moyses
1321 2285 1388 2344 ἐι
1428 2293 1598 2348 Elius.

454 2361 517 2419 V.
549 2366 640 2422 51.
810 2371 912 2425 visi
938 2374 992 2427 in
1016 2375 1475 2455 gloriandicelgant
1498 2382 1690 2455 exitum
1721 2383 2023 2455 ejus,quem

709 2441 919 2507 futurus
959 2441 1072 2498 erat
1101 2445 1317 2514 implere
1357 2450 1413 2503 in
1440 2441 1757 2509 Jerusalem:

523 2527 589 2583 Et
616 2529 716 2584 hoc
743 2533 962 2602 quidem
999 2533 1200 2590 factum
1229 2547 1283 2592 et
1312 2539 1631 2596 miraculum
1671 2545 2020 2601 tratisl‘orma-

449 2619 614 2676 tionis
639 2621 758 2680 fuit.
780 2623 849 2677 At
871 2627 916 2680 si
947 2625 1074 2682 licet
1096 2628 1468 2686 sublimiorem
1486 2637 1792 2692 sermonem
1815 2639 2020 2704 dicere,

2305 2058 2466 2129 εἶδος
2518 2062 2625 2116 τοῦ
2673 2061 2997 2128 προσώπου
3045 2060 3231 2115 αὐτοῦ
3257 2060 3481 2128 ἕτερον,
3527 2061 3629 2114 καὶ
3678 2064 3709 2113 ὀ

2198 2132 2513 2203 ἱματισμὸς
2544 2131 2730 2186 αὐτοῦ
2758 2131 2975 2197 λευκὸς
3003 2130 3447 2199 ἐξαστράπτων.

2128 2227 2274 2297 Στίχ.
2303 2225 2368 2280 λ’.
2405 2225 2517 2279 Καὶ
2556 2224 2685 2297 ἰδοὺ
2722 2222 2936 2292 ἄνδρες
2960 2224 3081 2297 ρύο
3106 2221 3491 2297 aurelium
3523 2221 3708 2289 αὐτῷ,

2373 2298 2587 2362 οἵτινες
2612 2291 2775 2365 ἦσαν
2797 2291 3021 2362 Μωσῆς
3051 2294 3150 2347 καὶ
3195 2293 3404 2358 Ἠλίας.

2124 2391 2281 2470 Στίχ..
2299 2390 2400 2470 λαξ
2433 2388 2500 2470 QZ
2519 2386 2802 2470 ὀξθέιςτες
2829 2387 2899 2470 s3-
2921 2385 3071 2466 δόξῃ
3101 2384 3316 2470 61:57:07-
3340 2383 3455 2470 τὴν
3483 2383 3711 2470 ἔξοδον·

2214 2456 2420 2526 αὐτοῦ,
2444 2458 2525 2528 ἣν
2556 2456 2774 2527 ἔμελλε
2801 2456 3078 2525 πληροῦν
3104 2456 3175 2508 ἐν
3197 2456 3617 2524 Ἰερουσαλήμ.

2208 2553 2369 2606 Ἀλλὰ
2399 2552 2637 2606 τοιοῦτον
2679 2551 2778 2622 μὲν
2804 2550 2866 2603 τὸ
2895 2549 3127 2619 πρᾶγμα
3157 2547 3252 2600 καὶ
3273 2544 3477 2618 Θαῦμα,
3512 2546 3578 2600 τὸ
3605 2547 3709 2617 τῆς

2127 2645 2620 2719 μεταμορφώσεως.
2662 2643 2804 2696 Εἰδέ
2835 2641 2938 2713 χρὴ
2974 2639 3423 2712 ἐπαναϐεϐηκότα
3442 2640 3604 2710 λόγον
3636 2640 3711 2692 εί-

451 2711 591 2764 liaud
614 2713 882 2769 incassum
898 2726 1016 2784 post
1036 2735 1128 2773 sea:
1148 2719 1258 2775 dies
1283 2720 1498 2782 Marcus
1514 2735 1568 2780 et
1586 2725 1870 2784 Mattl'izeus
1891 2729 2022 2785 dicit

2126 2711 2352 2802 πεῖνίού,
2367 2711 2543 2808 μάτην
2565 2735 2692 2805 μεθ’
2711 2733 2781 2798 ἐξ
3050 2734 3078 2785 6
3107 2711 3332 2803 Μάρκος
3369 2731 3464 2784 καὶ
3497 2733 3526 2784 6
3552 2733 3710 2784 Ματ-

448 2805 750 2860 ascendisse
773 2804 955 2861 Iesum
983 2811 1037 2863 in
1075 2823 1302 2866 montem
1335 2831 1452 2868 cum
1494 2817 1767 2888 discipulis
1794 2821 1860 2875 ".
1886 2823 2018 2877 Cum

2126 2827 2274 2893 θαῖός
2320 2804 2508 2898 φησιν-
2546 2804 2823 2881 ἀνελθεῖν
2879 2823 2988 2877 τὸν
3035 2821 3280 2890 Ἰησοῦν
3323 2824 3411 2888 είς
3451 2821 3521 2875 τὸ
3565 2821 3710 2890 ὄρος

446 2893 700 2949 enimsex
727 2896 949 2963 diebus,
985 2901 1228 2969 perfecto
1251 2904 1472 2976 inquam
1502 2925 1726 2966 numero
1745 2950 1761 2977 ,
1791 2915 2021 2970 mundus

446 2985 730 3013 ...ιζ-,ιηωηρ
757 2987 974 3013 -a--._--
1006 2993 1068 3013 -2-
1094 3011 1103 3013 _
1145 2995 1228 3013 _,_-
1309 3011 1318 3013 _
1339 3012 1346 3013 ,
1401 3012 1409 3013 ,
1751 3001 1783 3013 ι.
1823 3002 1836 3013 ε

2126 2920 2241 2974 σὺν
2269 2893 2394 2986 τοξρ
2422 2917 2728 2988 μαθηταῖς.
2775 2914 2915 2969 Ἀλλ’
2937 2915 3058 2968 ἐπεὶ
3086 2916 3142 2968 ἐν
3174 2913 3233 2980 ἐξ
3255 2913 3493 3013 ἡμέραις
3513 2911 3710 3013 τελείιρ

446 2985 732 3042 universus
754 2987 977 3048 effectus
1001 2993 1107 3061 sit;
1137 2995 1229 3064 qui
1271 3011 1358 3050 res
1390 3012 1580 3054 omnes
1605 3001 1902 3057 mundiales
1929 3018 2019 3058 su-a

446 3077 787 3105 ηΔ-η-Λιηιιι-
837 3091 885 3105 Α.
909 3084 1129 3105 _--_2-2.
1152 3094 1301 3105 ._,,.-_
1328 3102 1353 3105 ,-
1384 3097 1424 3105 _.
1465 3090 1478 3105 ι
1505 3090 1553 3105 -ιι
1650 3101 1659 3105 -
1851 3104 1854 3105 ,

2126 3010 2336 3085 ἀριθμῷ
2422 2985 2646 3082 σύμπας
2673 3009 2875 3080 κόσμος
2904 3006 3223 3105 γεγένηταιὶ
3254 3006 3283 3057 6
3315 3003 3582 3105 πάντα-τὰ
3601 3002 3706 3105 τοῦ

445 3077 807 3145 pergreditur,
833 3091 890 3136 et
909 3084 1135 3153 respicit
1152 3094 1361 3141 tantum
1377 3090 1588 3144 stabilia
1613 3101 1774 3162 atque
1793 3104 2015 3164 aeterna,

2126 3077 2322 3174 κόσμου
2376 3077 2724 3173 ὑπερϐαίνων
2761 3077 3082 3170 πράγματα,
3134 3095 3345 3165 βλέπων
3389 3093 3446 3146 δὲ
3492 3092 3710 3148 ἑστῶτα

445 3165 492 3220 is
506 3166 622 3237 ipse
645 3180 762 3232 post
779 3185 876 3230 sex
889 3173 1026 3240 dies,
1048 3191 1078 3228 a
1095 3174 1220 3234 Jesu
1235 3191 1547 3249 assumptus
1570 3186 1892 3240 ostenditur.
1915 3185 2015 3254 Qui

2126 3165 2280 3265 μόνον
2317 3193 2409 3246 καὶ
2439 3165 2650 3257 αἰωνια,
2673 3165 2825 3254 οὗτος
2855 3165 2973 3261 μεθ’
2997 3188 3054 3255 ἓξ
3093 3187 3304 3259 ἡμέρας
3334 3185 3708 3258 παρειλῆφθαι

441 3261 587 3316 enim
621 3263 721 3321 hos
763 3267 879 3322 dies
909 3273 1338 3358 supergreditur,
1362 3277 1493 3330 vidit
1515 3277 1698 3334 Jesum
1725 3281 1867 3338 hunc
1885 3284 2013 3339 nulli

2126 3261 2368 3356 δηλοῦται
2404 3284 2499 3338 τοῦ
2536 3281 2732 3354 Ἰησοῦ.
2773 3281 2829 3334 '0
2854 3280 2963 3352 γὰρ
2989 3278 3193 3342 ταύτας
3235 3278 3479 3349 ὑπερϐὰς
3514 3277 3708 3348 βλέπει

444 3353 757 3411 inferiorum
797 3349 1241 3420 transformaturn
1257 3367 1395 3436 jam,
1421 3371 1865 3429 transformatum
1893 3386 2018 3432 ante

2126 3349 2208 3430 τδν
2251 3377 2455 3448 Ἰησοῦν
2479 3349 2616 3429 τόνδ;
2652 3374 2824 3428 οὐδενὶ
2848 3349 2956 3427 τῶν
2983 3372 3134 3426 κάτω
3162 3371 3704 3443 μεταμορφούμενον,

442 3459 519 3500 se.
547 3447 800 3505 Cernitur
819 3453 962 3507 enim
982 3455 1214 3512 Verbum
1244 3475 1274 3514 a
1294 3461 1530 3530 quolibet
1554 3464 1796 3521 diversas
1819 3468 2018 3523 habere

443 3539 645 3595 t'omias
673 3557 771 3611 pro
808 3555 966 3615 captu
1003 3547 1166 3614 illius,
1195 3560 1250 3605 et
1278 3567 1375 3621 pro
1403 3553 1523 3609 aliis
1551 3555 1766 3624 quidem
1791 3575 1895 3612 non
1922 3562 2015 3616 ha-

445 3641 536 3685 bet
563 3633 822 3702 speciem,
850 3652 950 3705 pro
974 3640 1094 3695 aliis
1125 3644 1406 3712 speciosus
1443 3657 1526 3700 est
1560 3648 1757 3705 forma.
1780 3653 1848 3704 At
1873 3656 2013 3722 apud

441 3737 538 3777 eos
565 3725 656 3793 qui
679 3741 785 3780 non
825 3733 1127 3786 ascendunt
1159 3751 1255 3804 per
1274 3736 1589 3794 sublimiora
1619 3756 1804 3811 opera,
1836 3755 1891 3800 et
1919 3761 2014 3816 per

442 3831 504 3868 ea
533 3817 600 3870 ad
628 3819 901 3874 excelsum
937 3823 1214 3892 sapientia:
1249 3837 1511 3894 montem,
1537 3832 1851 3903 simpliciori
1879 3853 2014 3906 quo-

439 3904 564 3959 dam
597 3909 756 3964 modo
790 3911 1128 3983 intelligitur,
1162 3924 1217 3971 et
1246 3919 1544 3974 secundum
1568 3937 1784 3977 carnem
1815 3941 2014 3995 cogno-

439 3997 632 4050 scitur.
673 3999 778 4054 Sed
809 4002 949 4072 apud
991 4004 1260 4073 perfectos
1294 4008 1347 4062 in
1385 4009 1687 4068 divinitatis
1719 4029 1878 4068 sensu
1916 4019 2012 4071 Im-

438 4086 613 4154 betur,
654 4100 710 4146 et
753 4092 804 4146 in
842 4095 1014 4150 forma
1069 4097 1162 4151 Dei
1211 4099 1363 4168 juxta
1406 4116 1592 4158 eorum
1644 4106 2009 4175 cognitionem

435 4183 852 4250 contemplatur,
889 4185 1161 4257 fulgetque
1187 4189 1357 4247 facies
1379 4193 1524 4247 illius
1553 4205 1809 4267 tanquam
1841 4200 1919 4253 sol
1952 4201 2014 4252 li-

440 4269 530 4324 liis
572 4271 705 4326 lucis
743 4285 799 4328 et
830 4277 958 4345 diei,
983 4280 1211 4348 justitiae
1257 4285 1423 4340 solem
1449 4302 1570 4342 esse
1602 4283 1892 4345 manifesto
1919 4309 2010 4361 ap-

439 4375 655 4428 parens.
689 4363 795 4434 Sed
842 4377 897 4420 et
939 4371 1258 4427 vestimenta
1289 4376 1429 4442 ejus,
1469 4378 1532 4432 iis
1566 4379 1657 4448 qui
1701 4382 1849 4435 ducti
1883 4394 2010 4438 sunt

435 4453 502 4504 ab
527 4468 593 4507 eo
622 4452 673 4506 in
721 4467 956 4510 montem
998 4463 1292 4529 excelsum,
1327 4467 1580 4521 videntur
1613 4469 1732 4523 alba
1776 4479 1835 4524 ut
1883 4470 2004 4536 lux;

435 4556 555 4610 qua:
587 4553 713 4597 sunt
747 4547 906 4600 verba
932 4585 948 4611 ,
989 4561 1044 4603 et
1081 4551 1222 4605 dicta
1258 4557 1564 4625 evangelica
1599 4561 1796 4629 quibus
1819 4561 2008 4616 indue-

2120 3469 2613 3544 μεταμορφωθέντα
2637 3467 2944 3539 ἔμπροσθεν
2990 3466 3176 3520 αὑτοῦ.
3214 3465 3464 3518 Φαίνεται
3513 3464 3629 3536 γὰρ
3678 3466 3707 3516 6

2116 3563 2288 3632 Λόγος
2317 3562 2604 3631 διαφόρους
2627 3561 2766 3631 ἔχων
2792 3558 3025 3630 μορφὰς,
3045 3557 3260 3627 ἐκάστῳ
3289 3556 3364 3619 ὡς
3384 3557 3572 3625 χωρεῖ·
3608 3555 3706 3608 καὶ

2114 3658 2224 3720 τοῖς
2261 3656 2358 3726 μὲν
2379 3655 2478 3708 οὐκ
2525 3653 2638 3724 ἔχει
2666 3649 2826 3716 εῐδος,
2872 3654 2984 3716 τοῖς
3027 3651 3082 3704 δὲ
3125 3649 3322 3720 ὠραϊός
3345 3649 3459 3700 ἐστι
3489 3647 3701 3700 κάλλει.

2114 3748 2238 3810 Τοῖς
2275 3746 2374 3817 μὲν
2411 3745 2485 3818 μὴ
2526 3744 2871 3799 ἀναϐαίνουσι
2920 3743 3008 3796 διὰ
3047 3742 3158 3795 τῶν
3209 3739 3705 3812 ἐπαναόεΰηκότων

2115 3838 2310 3910 ἔργων,
2337 3838 2432 3891 καὶ
2463 3837 2529 3890 δι’
2547 3835 2726 3890 αὐτῶν
2760 3837 2854 3889 ἐπὶ
2893 3834 2954 3888 τὸ
2981 3834 3184 3904 ὑψηλὸν
3207 3833 3308 3901 τῆς
3342 3831 3534 3900 σοφίας
3549 3830 3701 3902 ὅρος,

2115 3932 2480 4003 ἁπλούστερον
2536 3933 2759 3994 νοεῖται,
2795 3929 2891 3983 καὶ
2935 3927 3077 3980 κατὰ
3124 3926 3304 3997 σάρκα
3343 3923 3699 3994 γινώσκεται.

2114 4023 2238 4086 Τοῖς
2265 4021 2489 4084 τελείοις
2521 4019 2871 4088 θεολογεῖται,
2908 4018 3000 4072 καὶ
3023 4019 3081 4070 ἐν
3105 4018 3170 4087 τῇ
3205 4014 3298 4068 τοῦ
3346 4014 3482 4068 Θεοῦ
3511 4017 3698 4085 μορφῇ

2113 4112 2254 4166 κατὰ
2284 4111 2383 4182 τὴν
2408 4112 2608 4180 γνῶσιν
2640 4110 2818 4165 αὐτῶν
2852 4109 3156 4179 θεωρεῖται,
3192 4106 3399 4178 λάμπει
3431 4105 3487 4158 δὲ
3514 4107 3610 4159 καὶ
3639 4105 3703 4159 τδ

2113 4206 2401 4278 πρόσωπον
2446 4204 2611 4258 αὐτοῦ
2647 4203 2723 4268 ὡς
2748 4206 2778 4257 6
2807 4203 2957 4273 ἥλιος
2984 4204 3098 4264 τοῖς
3135 4201 3346 4263 τέκνοις
3375 4199 3552 4268 φωτὸς
3602 4199 3699 4252 καὶ

2111 4299 2344 4369 ἡμέρας,
2375 4295 2717 4366 δικαιοσύνης
2747 4295 2898 4364 ἧλιος
2926 4290 3498 4364 εἶναιφανερούμενος.
3535 4289 3699 4343 Ἀλλὰ

2111 4390 2203 4443 καὶ
2223 4389 2292 4442 τὰ
2321 4389 2512 4460 ἱμάτια
2543 4386 2706 4441 αὐτοῦ
2739 4389 2850 4449 τοῖς
2878 4385 3186 4456 ἀναχθεῖσιν
3220 4385 3311 4437 ὑπ’
3340 4382 3506 4437 αὐτοῦ
3529 4382 3611 4445 εἰς
3634 4381 3698 4434 τὸ

2110 4481 2312 4552 ὑψηλὸν
2347 4481 2473 4551 ὅρος
2503 4480 2754 4550 φαίνεται
2793 4478 2962 4532 λευκὰ
2993 4478 3069 4541 ὼς
3099 4477 3160 4530 τὸ
3190 4477 3324 4546 φῶς·
3373 4476 3518 4546 ἅπερ
3553 4474 3696 4528 εἰσὶν

2108 4573 2164 4623 αἱ
2184 4570 2375 4636 λέξεις,
2400 4570 2494 4623 καὶ
2509 4570 2545 4623 ἃ
2563 4569 2852 4622 ἐνεδύσατο
2868 4567 2977 4621 τῶν
2996 4566 3344 4635 Εύαγγελίων
3363 4565 3690 4637 γράμματα,

436 4632 614 4698 batur,
638 4634 765 4702 quin
794 4646 848 4691 et
875 4651 962 4701 ea,
987 4654 1107 4709 qua:
1134 4655 1200 4695 ex
1232 4647 1546 4711 apostolicis
1577 4649 1873 4720 Scripturis
1910 4653 2005 4707 de-
2036 4654 2037 4657 “

2126 4632 2268 4733 ἧμαι
2295 4663 2338 4714 δ’
2363 4632 2450 4714 ’ὅτι
2479 4662 2573 4713 καὶ
2610 4659 2677 4713 τὰ
2709 4659 2817 4712 ἀπὸ
2849 4659 2948 4729 τῆς
2981 4632 3202 4729 Γραφῇ
3240 4655 3350 4709 τῶν
3377 4632 3694 4708 ἀποστόλων

433 4720 730 4781 clarantur.
784 4726 882 4782 Ubi
933 4731 1095 4796 igitur
1132 4733 1333 4788 videris
1379 4740 1686 4805 quempiam
1717 4739 2006 4812 diligenter

433 4813 771 4880 proﬁtentem
825 4835 1131 4878 sermonem
1188 4825 1255 4881 de
1294 4826 1418 4882 Jesu
1480 4830 1625 4896 Deo,
1678 4850 2005 4906 omnemque

432 4906 852 4989 Evangeliorum
895 4913 1188 4972 dictionem
1240 4932 1624 4989 exponentem,
1667 4941 1735 4981 ne
1785 4945 2002 4985 recuses

431 4997 557 5053 huic
585 4981 788 5064 dicere,
815 5003 980 5058 fuisse
1025 4981 1349 5064 vestimenta
1383 5009 1509 5066 Jcsu
1546 5013 1665 5068 alba
1707 5017 1848 5071 sicut
1886 5019 1998 5074 lux.

427 5090 498 5143 At
517 5089 568 5144 ei
597 5094 792 5162 quisic
814 5096 1009 5150 viderit
1027 5097 1232 5162 Jesum,
1250 5117 1384 5172 appa
1396 5107 1590 5160 rebuut
1617 5123 1748 5164 sane
1769 5108 1998 5180 Moyses,

431 5179 514 5233 lex
556 5197 778 5252 nempe,
812 5196 868 5239 et
925 5186 1089 5252 Elias,
1138 5194 1490 5260 propheticus
1533 5196 1752 5266 inquam
1803 5179 2004 5265 sermo,

427 5277 790 5331 communiter
843 5295 963 5333 cum
1012 5280 1136 5338 J88“
1183 5299 1487 5340 sermonem
1531 5289 1895 5348 conferentes.
1941 5295 2005 5352 EI.

430 5365 522 5431 qui
558 5367 753 5421 viderit
781 5369 982 5440 Muysis
1006 5373 1266 5442 gloriam,
1299 5380 1605 5445 recogitans
1631 5380 1802 5450 legem
1845 5384 2007 5452 spiri-

433 5455 663 5519 tualem,
700 5467 953 5527 tanquam)
1006 5464 1174 5516 unum
1225 5482 1346 5520 cum
1377 5466 1501 5522 Jesu
1554 5485 1886 5537 sermonem,
1917 5489 2006 5528 sa-

431 5547 687 5616 pientiam
714 5550 864 5614 item,
889 5569 1008 5620 qum
1032 5555 1082 5609 in
1110 5560 1392 5628 prophetis
1413 5562 1683 5618 occultata
1708 5575 1789 5619 est
1808 5565 1859 5618 in
1886 5581 2000 5636 my-

429 5638 633 5703 sterio;
667 5640 712 5694 is
744 5642 872 5697 vidit
917 5645 1132 5716 Moysen
1168 5659 1221 5702 et
1268 5649 1435 5706 Etiam
1469 5655 1712 5726 ingloria
1739 5698 1752 5724 ,
1785 5661 1999 5727 quando

429 5729 560 5784 vidit
590 5747 682 5786 eos
708 5749 830 5788 cum
854 5735 999 5791 δέδιε.

503 5915 545 5944 ’⁸
577 5913 764 5972 Matth.
798 5932 932 5986 χιιι,
963 5919 981 5973 l
1013 5938 1026 5988 _:
1053 5919 1214 5976 Marc.
1247 5937 1301 5977 ιχ
1323 5963 1336 5990 ,
1364 5925 1419 5978 ‘2.

2110 4753 2432 4824 δηλούμενα.
2481 4752 2650 4806 Ἐπὰν
2691 4747 2784 4804 οὖν
2835 4750 2949 4822 ἴδῃς
2980 4750 3098 4802 τινὰ
3119 4747 3354 4817 τὴνπερὶ
3381 4745 3475 4800 τοῦ
3516 4745 3691 4816 Ἰησοῦ

2111 4844 2385 4914 θεολογίαν
2419 4841 2768 4915 ἀκριϐοῦντα,
2799 4842 2892 4894 καὶ¹
2918 4840 3016 4912 τὴν
3037 4839 3179 4906 λέξιν
3207 4838 3315 4890 τῶν
3344 4837 3694 4905 Εὐαγγελίων

2110 4937 2290 4989 πᾶσαν
2341 4935 2725 5005 σαφηνίζοντα,
2761 4933 2835 5004 μὴ
2869 4930 3113 5001 ὅκνειτῷ
3154 4930 3382 4999 τοιούτῳ
3434 4929 3688 4997 φάσκειν,

2108 5027 2385 5096 γεγονέναι
2408 5026 2478 5079 τὰ
2504 5027 2695 5096 ἱμάτια
2729 5025 2824 5078 τοῦ
2863 5023 3034 5094 Ἰησοῦ
3063 5022 3228 5075 λευκὰ
3249 5022 3324 5084 ὡς
3351 5020 3413 5072 τὸ
3443 5019 3579 5088 φῶς.
3600 5015 3688 5085 Τῷ

2102 5120 2148 5172 δ’
2173 5119 2344 5183 οὕτως
2400 5119 2560 5172 ἰδόντι
2589 5119 2678 5171 τὸν
2721 5116 2925 5188 Ἰησοῦν
2958 5114 3172 5184 ὀφθεῖεν
3207 5113 3273 5166 ἂν
3300 5110 3510 5185 Μωσῆς
3546 5112 3573 5160 6
3604 5107 3687 5160 v6-

2104 5229 2222 5282 μος,
2267 5211 2362 5264 καὶ
2411 5211 2595 5274 Ἠλίας
2628 5213 2656 5263 ὸ
2691 5207 3027 5281 προφητικὸς
3060 5206 3234 5274 λόγος,
3267 5200 3680 5270 κοινολογούμεο

2101 5321 2180 5356 νοι
2225 5303 2361 5375 πρὸς
2386 5303 2479 5356 τὸν
2527 5301 2753 5372 Ἰησοῦν.
2788 5302 2844 5354 ’0
2868 5300 2924 5352 δὲ
2955 5297 3078 5352 ἰδὼν
3110 5297 3208 5367 τὴν
3238 5293 3478 5356 Μωσέως
3503 5293 3678 5356 δόξαν,

2101 5395 2298 5465 νοήσας
2321 5395 2412 5448 τὸν
2441 5393 2808 5465 πνευματικὸν
2842 5392 3026 5462 νόμον,
3060 5390 3136 5453 ὡς
3161 5389 3255 5441 ἕνα
3291 5386 3428 5456 πρὸς
3452 5385 3541 5437 τὸν
3574 5383 3677 5451 Ἰη-

2103 5486 2227 5540 σοῦν
2261 5487 2436 5557 λόγον,
2479 5487 2574 5540 καὶ
2601 5485 2700 5556 τὴν
2739 5486 2797 5536 ὲν
2823 5487 2935 5547 τοῖς
2966 5483 3271 5554 προφήταις
3310 5480 3367 5530 ἐν
3400 5473 3678 5548 μυστηρίῳ

2110 5576 2606 5650 ἀποκεκρυμμένην
2631 5575 2842 5645 σοφίαν,
2871 5569 2979 5625 εἶδε
3012 5570 3216 5639 Μωσῆν
3257 5567 3350 5624 καὶ
3389 5563 3572 5620 Ἠλίαν
3621 5563 3676 5615 ἐν

2107 5667 2250 5741 δόξῃ.
2291 5668 2378 5722 ὅτε
2412 5662 2550 5722 εἶδεν
2579 5666 2774 5729 αὐτοὺς
2813 5663 2950 5738 μετὰ
3000 5660 3223 5733 Ἰησοῦν.
