3958 6508
233 498 324 554 MS

1470 495 1768 552 SCHOLIA
1808 496 1874 550 IN
1913 497 2171 556 LL'CAM.

3346 506 3451 560 546

231 616 358 687 Στίχ.
389 615 474 668 λε’.
506 614 615 689 Ka}
641 617 812 689 φωνὴ
843 618 1078 688 ἐγένετο
1115 619 1184 670 ἐκ
1219 615 1330 684 τῆς
1359 615 1644 689 νεφέλης,
1673 614 1770 689 λέ-

1882 615 1946 671 V.
1970 619 2060 674 55.
2094 621 2158 674 Et
2192 636 2289 675 νοω
2320 622 2462 689 facta
2486 633 2567 678 est
2584 640 2649 678 ea:
2687 625 2838 684 nube.
2867 625 3080 678 dicem:
3111 623 3212 678 Hic
3243 635 3317 679 est
3359 624 3454 680 Fi'

288 682 483 764 γῆυσᾳ·
511 682 712 764 Ὀὗτός
755 682 924 742 ἐστιν·
956 692 988 743 o'
1045 690 1174 754 Υἱός
1205 682 1324 758 μου
1372 690 1404 741 ό
1433 682 1772 757 ’ἀγαπητόςο

287 756 460 809 αὐτοῦ
491 756 757 810 ἀκούετε.

227 847 354 918 Στίχ.
381 847 484 910 λς’.
517 847 624 901 Καὶ
654 849 724 904 ἐν
741 848 821 914 τῷ
854 849 1131 919 γενέσθαι
1157 848 1270 917 τὴν
1289 846 1519 918 φωνὴν,
1559 845 1776 916 εὑρέθη

763 920 992 987 Ἰησοῦς
1012 924 1224 990 μόνος.

295 1011 352 1064 Ἠ
379 1011 434 1064 δὲ
459 1011 523 1066 ὲκ
547 1013 647 1083 τῆς
680 1013 910 1086 νεφέλης
945 1013 1097 1084 φωνὴ
1128 1014 1266 1082 τάχα
1299 1012 1397 1083 μὲν
1433 1011 1657 1065 Μωῦσεῖ
1683 1009 1778 1062 καὶ

235 1102 369 1173 Ἠλίᾳ
396 1103 560 1172 λέγει·
585 1100 773 1170 Οὗτός
801 1105 952 1158 ἐστι’
985 1107 1122 1174 τάχα
1148 1104 1204 1157 δὲ
1237 1104 1331 1158 καὶ
1355 1105 1463 1166 τοῖς
1489 1101 1774 1172 μαθηταῖς.

222 1186 314 1254 Ἦς
342 1191 689 1257 ἀκούσαντες,
717 1194 810 1246 καλ⁵
839 1193 1046 1264 ταύτην
1077 1192 1174 1264 τὴν
1203 1191 1360 1258 δόξαν
1386 1191 1462 1262 μὴ
1497 1189 1773 1260 φέροντες.

218 1285 390 1338 ἔπεσόν
423 1285 515 1338 ἐπὶ
548 1285 837 1356 πρόσωπον
868 1284 1296 1348 ταπεινωθέντες
1341 1283 1446 1336 ὑπὸ
1491 1283 1592 1352 τὴν
1638 1298 1774 1352 κρα-

217 1373 356 1428 ταιάν
381 1377 534 1445 χεῖρα
564 1374 658 1428 τοῦ
679 1374 838 1437 Θεοῦ,
870 1375 1071 1445 σφόδρα
1105 1373 1452 1444 φοϐηθέντες,
1476 1371 1674 1434 εἰδότες
1717 1369 1776 1422 τὸ

217 1466 382 1536 λεχθὲν
399 1467 535 1538 πρὸς
565 1468 825 1538 Μωῦσῆν·
864 1470 946 1522 Οὐ
981 1467 1092 1537 γὰρ
1121 1466 1332 1534 ὄψεται
1370 1463 1679 1531 ἄνθρωπος
1709 1461 1774 1514 τὸ

214 1557 521 1624 πρόσωπόν
558 1573 702 1626 μου,
749 1557 850 1610 καὶ
882 1556 1141 1625 ζήσεται.
1181 1555 1516 1624 Ἐπάραντες
1553 1552 1611 1605 δὲ
1649 1552 1775 1615 τοὺς

212 1646 529 1718 ὀφθαλμοὺς,
565 1649 728 1718 μόνον
758 1645 898 1702 εἶδον
921 1648 1010 1701 τὸν
1048 1647 1275 1718 Ἰησοῦν.
1316 1645 1412 1699 Ἐν
1446 1644 1576 1715 γὰρ,
1598 1641 1772 1714 οἶμαι,

213 1736 381 1806 γέγονε
408 1740 618 1810 Μωσῆς
639 1743 668 1793 6
689 1742 872 1811 νόμος,
897 1741 992 1794 καὶ
1029 1739 1215 1803 Ἠλίας
1245 1740 1277 1810 ή
1315 1737 1641 1810 προφητεία,
1672 1739 1775 1808 Ἰη-

212 1828 294 1881 σοῦ
322 1830 396 1900 τῷ
448 1832 788 1903 Εύαγγελίῳ.
843 1834 952 1885 Καὶ
983 1833 1080 1901 οὐχ
1109 1830 1298 1902 ὥσπερ
1339 1826 1480 1901 ἦσαν
1513 1830 1772 1901 πρότερον

209 1922 342 2017 τρεῖς
373 1923 740 2017 μεμενήκασι.
774 1922 958 1976 Ταῦτα
990 1923 1047 1976 δέ
1085 1940 1174 1993 μοι
1209 1922 1316 1974 νόει
1348 1919 1768 1992 μυστικώτερον.
1806 1963 1846 2017 Β

211 2009 336 2080 Πρὸς
366 2011 473 2083 γὰρ
495 2012 558 2066 τὸ
591 2013 792 2084 ὑψηλὸν
825 2013 920 2067 τοῦ
953 2014 1275 2085 γράμματος
1310 2011 1576 2082 βούλημα,
1610 2013 1774 2066 Mutti-

211 2100 296 2171 σῆς
331 2103 420 2157 καὶ
468 2103 660 2169 Ἠλίας
689 2105 947 2174 ὀφθέντες
1005 2107 1062 2159 ὲν
1095 2105 1244 2177 δόξῃ,
1281 2104 1376 2157 καὶ
1407 2101 1774 2172 συλλαλήσαν-

207 2209 284 2256 τες
313 2194 386 2264 τῷ
416 2195 618 2266 Ἰησοῦ,
649 2196 1052 2268 ἀπεληλύθασιν
1084 2195 1206 2249 ὅθεν
1241 2193 1612 2265 ἐληλύθεισαν.
1642 2192 1774 2246 Οὐδὲ

206 2283 300 2354 γὰρ
318 2285 575 2355 βλέπεται
601 2289 631 2340 6
665 2288 872 2359 Ἰησοῦς
897 2287 1154 2357 λεχθῆναι
1183 2286 1252 2348 τὰ
1283 2287 1380 2356 τῆς
1400 2285 1556 2356 δόξης
1585 2283 1768 2338 αὑτοῦ·

206 2376 493 2449 ἐϐλάϐησαν
558 2379 668 2452 γάρ
719 2380 786 2435 ἂν
837 2384 886 2435 οἱ
924 2381 1234 2444 ἀκούοντες,
1293 2382 1386 2434 καὶ
1438 2379 1672 2450 μάλιστα
1722 2383 1772 2434 oi

204 2465 349 2535 ὄχλοι,
389 2469 480 2522 τὸν
518 2469 663 2524 οὕτω
712 2471 1101 2543 δεδοξασμένον
1146 2471 1475 2543 θεωροῦντες
1521 2471 1774 2543 σταυρού-

206 2573 365 2626 μενον.
397 2560 470 2612 Ού
500 2560 685 2614 τοίνυν
710 2561 1081 2634 φθονήσαντες
1116 2562 1381 2632 ἔκρυψαν,
1417 2561 1532 2615 ἀλλ’
1562 2562 1639 2626 ὡς
1669 2578 1764 2630 φο-

203 2644 435 2717 ϐηθέντες
458 2649 542 2721 μὴ
574 2652 936 2723 άπιστηθῶσι.
961 2653 1094 2706 Τότε
1119 2649 1210 2706 οῦν
1243 2652 1601 2724 ἀπήγγειλαν,
1635 2651 1771 2723 μετά

201 2736 286 2808 τὴν
321 2740 608 2812 ἀνάληψιν,
647 2742 786 2814 μετά
821 2743 918 2814 τὴν
965 2743 1059 2797 τοῦ
1090 2743 1404 2814 [Ινεύματος
1445 2741 1766 2813 παρουσίαν.

205 2827 316 2882 Ὅτε
361 2832 469 2904 γάρ
526 2834 877 2905 ἐπλήσθησαν
916 2836 1250 2908 παρρησίας,
1313 2836 1404 2889 καὶ
1448 2834 1771 2905 οΠνεύματος

201 2919 518 2995 ἠξιώθησαν,
555 2926 648 2980 καὶ
700 2926 797 2998 τὴν
833 2927 942 2980 ἀπὸ
983 2927 1091 2980 τῶν
1126 2926 1371 2999 σημείων
1407 2921 1550 2997 εἶχον
1589 2925 1770 2996 φωνὴν

204 3016 592 3088 συνηγοροῦσαν
618 3019 822 3082 αὐτοῖς,
854 3019 947 3072 καὶ
971 3020 1150 3073 πάντα
1173 3019 1272 3072 ὅσα
1301 3018 1505 3087 ἔλεγον,
1532 3018 1772 3088 εὐπαρά-

199 3100 344 3158 δεκτα
366 3101 451 3178 ἦν.

202 3193 329 3270 Σίτίχζ
371 3200 478 3268 μ6’.
534 3199 890 3270 Ἐπετίμησε
924 3200 993 3254 δὲ
1040 3204 1072 3255 ό
1115 3199 1454 3270 Ἱησοῦςντῷ
1482 3199 1771 3269 πνεύματι

2144 691 2246 745 lius
2285 709 2430 746 metu
2460 694 2682 748 dilectus
2723 711 2741 749 :
2775 695 2822 748 ei
2862 695 3178 749 auscultate.

1880 849 1944 905 γ.
1978 849 2068 903 56.
2102 849 2172 902 Et
2203 866 2320 903 cum
2357 851 2499 920 facta
2531 851 2713 974 [uiuit
2741 867 2858 916 vox,
2895 853 3132 907 inventus
3183 863 3259 906 est
3294 850 3451 905 Jesns

2363 943 2370 952 ·
2589 939 2647 974 sa
2674 939 2753 974 us.

2363 943 2370 952 ‘
2589 939 2753 975 εωιιε.

1948 1009 2065 1064 Vox
2099 1025 2163 1064 ex
2205 1011 2347 1067 nube
2378 1011 2535 1068 facile
2562 1012 2726 1082 Moysi
2760 1022 2920 1080 atque
2963 1013 3094 1067 Elia:
3122 1013 3254 1069 dicit
3289 1028 3305 1065 :
3347 1012 3450 1065 llic

1875 1114 1949 1158 est
1974 1103 2162 1162 :Iorte
2189 1113 2368 1157 tamen
2401 1105 2567 1159 etiam
2615 1105 2916 1176 discipulis.
2945 1105 3115 1171 Quam
3145 1105 3447 1166 audientes,

1877 1205 1933 1248 et
1978 1196 2118 1250 hanc
2163 1194 2392 1264 gloriam
2447 1197 2596 1250 ferre
2637 1211 2741 1250 non
2782 1195 3022 1250 valentes
3055 1195 3365 1250 ceciderunt
3394 1198 3447 1249 in

1879 1286 2091 1348 iaciam,
2123 1287 2388 1340 humiliali
2417 1287 2512 1340 sub
2541 1289 2742 1355 potenti
2763 1304 2922 1340 manu
2950 1287 3127 1350 Dei”,
3152 1286 3307 1342 valde
3342 1303 3441 1341 tne-

1878 1387 2117 1441 tneutes,
2155 1378 2279 1432 dum
2329 1378 2508 1432 sciunt
2535 1381 2676 1448 quod
2709 1379 2777 1432 ad
2815 1379 3038 1450 Moysen
3063 1381 3264 1434 dictum
3297 1379 3397 1433 fuit
3427 1396 3442 1430 :

1879 1468 2004 1524 Non
2052 1470 2190 1524 enim
2233 1467 2425 1524 videbit
2471 1471 2626 1524 homo
2669 1470 2859 1540 faciem
2908 1488 3112 1535 meam,
3153 1481 3200 1525 et
3232 1471 3444 1525 viret".

1873 1557 1992 1612 Jam
2023 1569 2202 1612 autem
2257 1558 2486 1613 sublatis
2512 1559 2684 1614 oculis
2741 1559 2914 1614 solum
2962 1562 3210 1615 viderunt
3240 1561 3446 1618 Jesnm.

1875 1647 2052 1704 Unum
2074 1651 2240 1714 enim,
2272 1662 2330 1703 ut
2363 1651 2640 1714 existimo,
2676 1651 2778 1706 fuit
2819 1651 3054 1724 Moyses,
3082 1655 3199 1708 sive
3237 1653 3320 1707 lex
3348 1693 3364 1718 ,
3394 1664 3453 1708 et.

1874 1738 2018 1795 Elias
2055 1740 2169 1796 sive
2199 1743 2514 1810 prophetia,
2546 1759 2669 1797 cum
2712 1745 3000 1814 Evangelio
3032 1744 3180 1799 Jesu.
3215 1742 3356 1808 Nec,
3391 1755 3452 1799 ut

1875 1831 2095 1888 fuerunt
2123 1835 2294 1903 prius,
2331 1851 2580 1892 mansere
2615 1847 2747 1893 tres.
2781 1838 2904 1893 Ha-c
2939 1853 3100 1907 porro
3127 1850 3180 1892 tu
3211 1838 3341 1893 mihi
3365 1852 3452 1893 se-

1873 1923 2399 1980 cretiusconsidera.
2427 1927 2506 1980 Ad
2526 1927 2807 1982 sublimem
2829 1929 2971 1982 enim
2994 1927 3190 1983 littera:
3209 1943 3451 1993 sensum,

1877 2017 2088 2088 Moyses
2135 2028 2190 2073 et
2217 2019 2363 2074 Elius
2401 2020 2454 2073 in
2494 2019 2666 2088 gloria
2697 2021 2830 2081 visi.
2861 2031 2916 2074 et
2965 2035 3088 2074 cum
3120 2017 3246 2074 Jesu
3281 2018 3454 2073 collo-

1873 2111 1986 2164 cuti
2012 2111 2263 2166 abierunt
2284 2128 2372 2174 eo,
2400 2110 2542 2167 unde
2582 2121 2872 2167 venerant.
2897 2110 3086 2179 Neque
3116 2110 3262 2167 enim
3294 2108 3454 2166 Jesus

1873 2209 2052 2266 curat,
2088 2209 2145 2255 ut
2166 2200 2417 2255 dicantur
2439 2217 2559 2271 qua:
2593 2210 2722 2256 sunt
2751 2199 2937 2270 gloria:
2964 2200 3138 2267 illius;
3169 2199 3280 2255 laesi
3304 2199 3450 2254 enim

1874 2292 2425 2358 fuissentanditores,
2453 2303 2508 2349 et
2544 2293 2778 2348 maxime
2813 2293 3005 2356 turbae,
3041 2291 3289 2346 videntes
3323 2305 3450 2345 cru-

1873 2383 2091 2438 ciﬁxum
2141 2384 2410 2440 hominem
2461 2392 2742 2454 tantOpere
2765 2383 3150 2454 gloriﬁcatum.
3180 2380 3296 2436 Non
3319 2394 3452 2450 ergo

1872 2491 1938 2532 ex
1967 2476 2165 2533 invidia
2189 2477 2610 2538 occultaverant,
2631 2475 2724 2530 sed
2761 2485 3017 2544 tanquam
3044 2472 3223 2535 veriti,
3255 2485 3321 2526 ne
3345 2471 3448 2529 sibi

1875 2567 2007 2622 ﬁdes
2037 2583 2140 2624 non
2179 2568 2490 2626 haberetur.
2510 2567 2662 2623 Tunc
2693 2583 2823 2637 ergo
2844 2568 2897 2620 in
2927 2565 3118 2633 vulgus
3142 2563 3449 2625 ediderunt.

1873 2671 1994 2729 post
2035 2663 2405 2716 ascensionem
2444 2659 2670 2723 scilicet,
2696 2669 2815 2729 post
2857 2658 3094 2726 Spiritus
3134 2657 3448 2712 adventum.

1871 2751 2100 2819 Quando
2139 2767 2330 2824 nempe
2368 2751 2556 2822 repleti
2599 2763 2723 2807 sunt
2759 2751 3108 2816 conﬁdentia,
3143 2758 3200 2803 et
3243 2747 3451 2818 Spiritu

1871 2845 2020 2914 digni
2068 2844 2197 2900 facti
2234 2853 2392 2909 sunt,
2418 2854 2473 2898 et
2513 2843 2898 2898 miraculorum
2942 2857 3129 2897 vocem
3181 2839 3454 2896 habebant

1871 2935 2302 3007 patrocinantem
2351 2935 2492 3000 sibi,
2518 2944 2572 2990 et
2614 2948 2953 3004 quascunque
2985 2933 3273 2997 dicebant,
3306 2929 3452 2985 haud

1871 3045 2014 3098 aegre
2045 3028 2504 3098 suscipiebantur.

1873 3208 1940 3265 V.
1965 3211 2054 3265 42.
2093 3209 2386 3278 Increparit
2427 3219 2600 3262 autem
2640 3207 2797 3262 Jews
2833 3207 3074 3275 spiritum
3101 3205 3450 3278 immiludum,

263 3267 337 3358 ﬁt
361 3267 708 3358 ἀκαθάρτῳ,
731 3267 832 3351 καί
852 3271 1097 3358 νίάσνᾳτο.
1124 3267 1234 3351 τόξ’
1267 3269 1469 3333 παῖδα,
1519 3267 1643 3323 καί
1661 3271 1771 3323 ἀπ-

1941 3293 1988 3336 et
2040 3267 2257 3336 sanavit
2279 3295 2536 3347 puerum,
2568 3291 2615 3332 et
2652 3267 2879 3332 reddidit
2922 3293 3040 3332 eum
3069 3276 3210 3344 patri
3241 3274 3378 3345 ejus.

263 3333 482 3395 ἔδωκεν
517 3333 710 3395 ainde?
728 3340 808 3406 τῷ
829 3341 1002 3408 πατρὶ
1031 3340 1238 3394 αὐτοῦ.

259 3434 364 3504 (92)
397 3433 792 3487 Ἐπιδλεπτέον
825 3433 881 3488 δὲ
924 3432 1135 3497 τούτοις
1176 3433 1527 3505 ὑψηλότερον,
1554 3433 1648 3486 καὶ
1678 3450 1774 3505 ση-

202 3527 460 3598 μειωτέον,
497 3528 590 3580 ὅτι
637 3527 688 3579 οἱ
721 3526 1038 3595 πάσχοντες,
1064 3525 1097 3596 ἢ
1128 3527 1178 3578 oi
1207 3526 1319 3578 τῶν
1352 3527 1665 3596 πασχόντων
1696 3527 1775 3579 οί-

198 3623 336 3683 κεῖθι,
355 3619 495 3690 μετά
517 3618 628 3672 τῶν
655 3618 826 3687 ὄχλων
849 3619 1007 3683 είσὶν,
1031 3619 1116 3686 ἐφ’
1132 3617 1225 3681 οὒς
1241 3619 1482 3672 κάτεισιν
1515 3622 1542 3673 6
1566 3619 1771 3690 Ἰησοῦς

198 3713 294 3766 ἀπὸ
311 3714 415 3767 τῶν
446 3710 701 3782 ύῂλῶν,
733 3710 802 3763 τὰ
834 3710 973 3781 ὑπὲρ
1009 3709 1229 3773 τούτους
1272 3711 1653 3783 οἰκονομήσας,
1679 3711 1772 3764 ἐπὶ

197 3803 279 3857 τοῦ
318 3806 473 3875 ὅρους
520 3803 788 3874 ἀναϐῆναι
833 3802 908 3874 μὴ
961 3801 1292 3872 δυναμένους
1333 3802 1467 3873 πρὸς
1497 3802 1658 3855 αὑτὸν
1685 3801 1772 3856 διὰ

199 3899 518 3969 κατεχούσας
573 3897 674 3960 τὰς
720 3894 894 3965 ψυχὰς
935 3894 1117 3946 αὐτῶν
1158 3895 1366 3958 νόσους,
1417 3893 1770 3966 θεραπεύσων

199 3990 397 4055 αὐτούς.
470 3988 824 4054 Ἐξεταστέον
885 3987 940 4040 δὲ
995 3987 1088 4039 ἐπὶ
1137 3986 1298 4040 τίνων
1343 3986 1668 4056 νοσημάτων
1721 3987 1768 4038 oi

198 4081 481 4151 πάσχοντες
518 4079 756 4147 ἀξιοῦσι,
776 4076 1124 4139 πιστεύοντες
1180 4075 1309 4148 περὶ
1335 4075 1435 4145 τῆς
1471 4073 1650 4128 αὐτῶν
1678 4074 1770 4127 θε-

200 4174 434 4242 ραπείας,
485 4173 520 4244 ἢ
577 4170 834 4240 αύτοῦ,ἢ
894 4167 988 4221 τοῦ
1037 4167 1345 4239 κρασπέδου
1400 4165 1496 4220 τοῦ
1555 4166 1768 4236 ἱματίου

195 4262 469 4335 ἁψάμενοι.
520 4263 649 4318 Ἐπὶ
681 4261 842 4315 τίνων
867 4261 922 4313 δὲ
955 4251 1166 4325 ἀξιοῦσι
1194 4261 1320 4333 περί⁹
1345 4258 1523 4312 αὐτῶν
1569 4258 1766 4329 ἓτεροιο

195 4356 260 4420 ὡς
286 4359 314 4410 6
357 4357 762 4428 ἑκατόνταρχος
810 4355 839 4407 6
892 4356 1022 4425 περὶ
1065 4353 1274 4418 παιδὸς,
1313 4354 1408 4407 καὶ
1434 4356 1463 4407 ὁ
1493 4353 1769 4425 βασιλικὸς

195 4450 308 4522 περὶ
334 4450 475 4516 υίοῦ,
516 4449 616 4503 καὶ
651 4449 681 4500 6
711 4447 1154 4517 ἀρχισυνάγωγος
1197 4445 1324 4516 περὶ
1356 4444 1642 4516 θυγατρός·
1677 4446 1770 4497 καὶ

195 4540 546 4610 ήΧαναναία,
595 4537 692 4591 καὶ
734 4535 829 4590 νῦν
873 4537 901 4588 ὁ
940 4534 1254 4603 γονυπετῶν
1292 4535 1454 4588 αὐτὸν
1485 4533 1770 4605 ἄνθρωπος

1945 3437 2412 3497 Considerandum
2447 3445 2530 3491 est
2554 3437 2606 3490 in
2645 3435 2728 3491 his
2764 3434 3050 3490 sublimius
3077 3434 3451 3504 Quidpiam,et

1873 3530 2192 3595 notandum,
2226 3529 2368 3598 quod
2399 3527 2691 3598 patientes,
2722 3535 2816 3580 aut
2860 3525 3180 3595 patientium
3219 3522 3451 3577 familia-

1876 3639 1962 3677 res
2014 3637 2136 3677 cum
2171 3621 2346 3677 turbis
2379 3626 2530 3686 sunt,
2575 3618 2640 3673 ad
2675 3632 2811 3688 quos
2862 3617 3142 3672 descendit
3189 3613 3348 3670 Iesus
3381 3614 3452 3667 ab

1873 3715 2031 3770 editis
2058 3713 2217 3780 locis,
2239 3713 2560 3781 dispensans
2591 3723 2652 3763 ea
2677 3725 2796 3780 qua:
2819 3709 3104 3779 superiora
3133 3706 3242 3761 illis
3271 3716 3450 3762 erant.

1874 3823 1978 3861 non
2001 3805 2306 3860 valentibus
2353 3802 2647 3857 ascendere
2696 3799 2750 3856 in
2794 3811 3031 3854 montem
3055 3798 3120 3852 ad
3150 3813 3304 3861 eum,
3334 3812 3455 3866 pro-

1871 3909 1992 3965 pter
2021 3899 2368 3954 infirmitates
2403 3915 2522 3970 qua:
2550 3912 2736 3952 eorum
2760 3896 2970 3949 animas
2996 3889 3450 3951 obsidebant,cu-

1875 3999 2094 4044 raturns
2158 3989 2298 4045 illos.
2334 3988 2719 4058 Inquirendum
2759 3985 2919 4039 etiam
2959 3996 3057 4051 pro
3085 3979 3280 4049 quibus
3307 3979 3452 4032 inﬁr-

1876 4080 2156 4134 mitatibus
2183 4079 2454 4149 patientes
2487 4087 2670 4142 orent,
2687 4077 2847 4130 ﬁdem
2879 4074 3144 4130 habentes
3171 4071 3237 4125 de
3261 4084 3448 4123 eorum

1875 4172 2182 4237 curatione,
2213 4171 2261 4226 si
2293 4170 2378 4226 vel
2407 4171 2579 4239 ipsum
2604 4169 2688 4224 vel
2719 4169 2987 4224 ﬁmbriam
3010 4163 3316 4220 vestimenti
3334 4162 3451 4232 ejus

1873 4263 2164 4332 attingant.
2200 4260 2334 4318 ltem
2375 4277 2472 4330 pro
2513 4260 2712 4330 quibus
2745 4269 2902 4315 orent
2946 4273 3046 4327 pro
3084 4255 3190 4310 illis
3223 4253 3350 4318 alii;
3392 4263 3454 4306 ut

1871 4354 2117 4409 centurio
2152 4353 2246 4423 qui
2282 4368 2379 4422 pro
2415 4368 2586 4424 puero
2625 4351 2824 4415 oravit,
2853 4361 2907 4403 et
2943 4347 3164 4420 regulus
3195 4361 3291 4416 pro
3315 4345 3450 4407 ﬁlio,

1869 4456 1926 4502 et
1966 4446 2434 4516 arcbisynagogns
2469 4460 2565 4514 pro
2597 4444 2726 4510 lilia,
2756 4443 3064 4498 Chananara
3090 4442 3242 4504 item,
3271 4448 3325 4493 et
3359 4437 3450 4506 qui

1872 4553 2016 4593 nunc
2045 4537 2111 4592 ad
2145 4551 2320 4613 genua
2352 4537 2470 4607 ejus
2495 4553 2553 4592 se
2578 4536 2792 4606 proiicit
2825 4536 2987 4590 homo
3027 4548 3124 4602 pro
3153 4531 3263 4585 ﬁlio
3294 4530 3450 4584 luna-

194 4633 306 4704 περὶ
334 4633 451 4686 υἱοῦ
509 4628 985 4700 σεληνιαζομένου.
1041 4627 1150 4680 Καὶ
1185 4627 1316 4679 πότε
1359 4627 1451 4694 ἀφ’
1491 4624 1683 4678 ἑαυτοῦ
1738 4627 1766 4678 6

1876 4627 2002 4681 lico.
2032 4626 2290 4682 Similiter
2311 4627 2525 4695 quando
2561 4641 2590 4678 a
2624 4627 2806 4694 seipso
2833 4622 3081 4677 Salvator
3116 4636 3221 4674 non
3254 4635 3452 4672 exora-

193 4723 366 4795 Σωτὴρ
391 4726 469 4796 μὴ
517 4721 771 4790 ἀξιωθεὶς
807 4721 968 4773 ίᾱται·
1007 4719 1083 4782 ὼς
1117 4719 1206 4772 τὸν
1239 4718 1546 4790 παράλυτον
1571 4718 1665 4770 ἐπὶ
1695 4721 1762 4789 τῇ

194 4816 508 4887 προϐατικῇ.
570 4807 741 4867 Λῦται
806 4810 928 4881 γὰρ,
975 4809 1216 4881 ἀλλήλων
1271 4809 1762 4875 ἀντεξετασθείσαι,

193 4907 345 4960 πολλὰ
372 4909 451 4979 τῷ
482 4907 771 4976 δυναμένῳ
823 4904 1042 4959 ἀκούειν
1078 4904 1176 4974 τῆς
1215 4903 1274 4956 ὲν
1309 4901 1591 4973 μυστηρίῳ
1631 4900 1764 4954 Θεοῦ

191 4997 572 5070 κεκρυμμένης
609 4995 802 5065 σοφίας
831 4997 1240 5067 παραστήσουσι
1270 4992 1512 5064 δόγματα
1549 4993 1672 5062 περί
1705 5009 1766 5046 τε

191 5089 284 5140 τῶν
325 5089 610 5161 διαφόρων
657 5088 786 5158 περὶ
822 5088 924 5152 τὰς
963 5087 1140 5156 ψυχὰς
1177 5085 1618 5156 συμπτωμάτων,
1671 5083 1768 5138 καὶ

191 5180 416 5251 περὶτοῦ
446 5181 657 5252 τρόπου
682 5179 784 5250 τῆς
817 5179 1111 5251 θεραπείας
1144 5176 1342 5230 αὐτῶν.

261 5273 344 5336 Ὡς
371 5273 484 5344 γὰρ
514 5274 700 5326 πᾶσαν
734 5273 889 5325 νόσον
925 5270 1021 5324 καὶ
1066 5267 1356 5340 μαλακίαν,
1382 5267 1448 5330 ἃς
1474 5267 1502 5319 6
1534 5264 1766 5336 Χριστὸς

192 5361 240 5413 ὲν
280 5368 388 5428 τῶς
433 5365 618 5435 ὀχλοις
650 5366 780 5436 πρὶν
817 5363 1024 5425 ἰάσατο,
1075 5361 1367 5432 ἀναφέρεις
1409 5358 1643 5426 εὐλόγως
1673 5359 1766 5411 ἐπὶ

188 5449 248 5502 τὰ
276 5451 420 5524 πάθη
452 5453 527 5506 τὰ
556 5453 614 5504 ὲν
644 5455 766 5517 ταῖς
787 5451 1004 5522 ψυχαῖς,
1025 5449 1196 5512 οὕτως
1218 5448 1424 5512 τούτοις
1445 5446 1763 5517 ἀναλογίζου

189 5543 288 5604 τοῖς
323 5560 382 5596 τε
423 5544 622 5614 χωλοῖς
677 5544 774 5598 καὶ
804 5544 1007 5610 κωφοῖς
1043 5539 1390 5611 ἐξετασθῆναι
1418 5540 1510 5592 καὶ
1537 5539 1605 5592 τὰ
1637 5539 1764 5610 περὶ

189 5632 274 5685 τοῦ
305 5635 782 5706 σεληνιαζομένου.
815 5635 970 5686 Ἐστι
990 5632 1098 5703 γὰρ
1121 5631 1268 5684 τουτὶ
1298 5631 1360 5683 τὸ
1397 5629 1566 5693 πάθος
1592 5631 1764 5682 ὲπιτι-

191 5721 404 5794 θέμενον
435 5728 534 5798 μὲν
574 5727 629 5776 ἓν
661 5743 793 5780 τισιν
820 5725 1011 5797 ὥραις,
1032 5723 1396 5792 ἀφιστέμενον
1417 5721 1474 5775 δὲ
1506 5724 1559 5774 ἐν
1586 5721 1762 5774 πλείο-

251 5817 331 5871 ⁹¹Ι
359 5817 508 5873 Petr.
542 5834 590 5880 ν,
620 5819 675 5874 6.
749 5817 794 5848 ’³
814 5815 1185 5881 Exodxxmt,
1219 5814 1308 5868 20.

259 5934 366 6005 (92)
397 5934 604 5991 Confer
627 5935 767 5990 edita
800 5935 907 5991 hic.

1871 4728 1956 4774 tus
1985 4727 2167 4784 sanet;
2211 4717 2642 4788 utparalyticum
2669 4716 2721 4770 in
2751 4717 3050 4784 probatica.
3077 4713 3169 4767 Hae
3217 4726 3451 4780 namque

1871 4811 2182 4864 sanationes
2215 4809 2356 4863 inter
2378 4824 2436 4863 se
2463 4820 2648 4863 mutuo
2669 4806 2898 4870 collatae,
2913 4805 2962 4858 ei
2987 4805 3078 4875 qui
3105 4804 3248 4858 valet
3263 4802 3451 4856 audire

1823 4894 1830 4902 ’
1872 4901 2192 4972 sapientiam
2212 4899 2303 4956 Dei
2323 4900 2655 4956 occultatam
2682 4899 2736 4952 in
2760 4896 3039 4970 mysterio,
3066 4894 3232 4948 multa
3247 4906 3446 4961 suppe-

1873 4994 2128 5049 ditahunt
2151 4995 2496 5057 documenta,
2514 4991 2648 5046 etde
2663 4989 2895 5044 diversis
2923 4987 3098 5056 quoad
3127 4985 3338 5038 animas
3366 4982 3446 5036 af-

1873 5085 2214 5151 fectionibus,
2241 5091 2297 5138 et
2340 5082 2408 5137 de
2440 5081 2600 5136 modo
2638 5077 3006 5136 eurandarum
3039 5089 3247 5130 earum.

1944 5264 2044 5321 Ubi
2098 5263 2242 5318 enim
2290 5277 2506 5316 omnem
2554 5262 2802 5315 morbum
2842 5267 2899 5313 et
2946 5256 3293 5324 languorem,
3327 5265 3446 5320 qua:

1869 5357 2121 5413 Christus
2166 5355 2218 5410 in
2254 5353 2426 5408 turbis
2460 5363 2617 5408 antea
2657 5351 2897 5413 sanavit,
2933 5363 3056 5403 cum
3097 5342 3447 5417 proportione

1871 5449 2120 5503 retuleris
2164 5448 2231 5502 ad
2281 5446 2562 5516 passiones
2598 5445 2816 5507 animte,
2857 5451 2984 5496 tunc
3008 5454 3074 5495 ex
3120 5439 3204 5493 his
3227 5436 3446 5491 ratioci-

1869 5555 2020 5607 nare,
2047 5555 2166 5596 cum
2197 5539 2402 5594 claudis
2418 5550 2474 5593 et
2495 5537 2655 5591 mutis
2681 5533 2910 5589 conferri
2937 5533 3100 5589 etiam
3130 5544 3248 5601 quae
3277 5529 3342 5584 de
3361 5527 3444 5581 lu-

1869 5629 2046 5684 natico
2066 5638 2209 5683 sunt.
2233 5628 2326 5682 Est
2343 5627 2484 5682 enim
2507 5625 2726 5681 morbus
2747 5625 2848 5680 iste
2870 5623 3159 5692 ejusmodi,
3184 5629 3241 5675 tit
3265 5634 3448 5691 aggre-

1867 5719 2045 5776 diatur
2084 5720 2246 5777 certis
2269 5719 2450 5790 horis;
2474 5718 2594 5775 aliis
2631 5731 2760 5774 vero
2796 5715 3036 5788 pluribus
3063 5710 3446 5782 reccdat,qui-
