3958 6512
503 493 611 548 527

1395 498 1958 558 SUPPLEMENTUM
1992 503 2086 558 AD
2123 504 2450 563 OREGENIS
2483 507 2897 568 EXEGETICA.
3624 521 3706 576 518

506 610 608 666 bus
645 610 780 666 nihil
816 610 1033 667 diﬂ’erre
1087 613 1272 670 videas
1307 617 1451 674 hunc
1488 631 1776 691 aegrotum,
1810 634 1868 678 et
1905 625 2080 678 virum

2193 643 2291 693 σιν,
2318 629 2374 682 ἐν
2413 625 2500 694 αἷς
2523 630 2675 684 οὐδὲν
2703 631 2948 705 διαφέρει
2995 633 3024 685 ὁ
3063 631 3344 706 πεπονθὼς
3372 637 3601 706 ὑγιαίνων
3642 657 3705 694 τε.

505 703 646 758 bene
684 704 974 758 valentem.
1025 705 1090 759 Et
1121 707 1316 762 animze
1351 710 1512 779 igitur
1539 713 1785 782 quaedam
1831 715 1967 771 bene
1997 732 2082 769 va-

505 793 618 848 lere
663 797 1018 866 temperantia
1067 798 1297 856 fortasse
1351 803 1771 871 existimantur,
1801 816 1855 862 et
1903 809 2082 864 vivere

505 896 661 955 prout
709 888 852 942 ratio
884 891 1160 960 postulat:
1202 903 1259 948 at
1293 895 1521 950 subinde
1563 900 1925 954 succumbunt
1957 915 2083 968 pas-

501 978 768 1043 sionibus,
791 995 916 1034 cum
949 991 1096 1037 stare
1120 985 1456 1050 viderentur.
1483 987 1673 1045 fraude
1694 991 1874 1046 saeculi
1899 992 2076 1063 hujus,

501 1068 730 1138 aliisque
753 1073 1205 1140 concupiscentiis
1248 1076 1334 1142 lli,
1367 1079 1758 1147 utspiritaiiter
1774 1081 2080 1152 loquamur,

503 1158 722 1216 lunatici
749 1174 896 1230 sunt,
921 1166 1184 1238 proﬂigati
1215 1185 1243 1222 a
1271 1171 1637 1240 spiritualibus
1673 1176 1946 1242 nequitiae,
1965 1193 2084 1245 qua:

502 1253 826 1310 delitescunt
849 1258 900 1311 in
937 1260 1294 1328 passionihus,
1330 1265 1528 1318 cadunt
1556 1266 1608 1320 in
1643 1267 1815 1336 ignem
1858 1269 2084 1323 combu-

503 1351 766 1418 stionum,
787 1351 1075 1421 aliquando
1097 1356 1148 1408 in
1181 1372 1377 1424 aquam
1397 1376 1409 1411 :
1429 1359 1644 1428 quando
1661 1375 1754 1414 rex
1785 1361 2082 1415 draconum

501 1440 742 1493 omnittm
774 1445 1114 1511 aquatilium,
1145 1447 1393 1515 prolligat
1421 1463 1515 1502 eos
1539 1449 1604 1504 de
1627 1448 1780 1516 ﬂatu,
1809 1457 1915 1521 quo
1937 1454 2086 1508 vide-

505 1532 945 1591 banturliberius
990 1541 1298 1606 perspirare
1320 1579 1336 1603 ,
1380 1550 1440 1594 ut
1475 1541 1767 1596 deveniant
1801 1543 1857 1598 in
1884 1544 2084 1600 altissi-

502 1639 621 1679 tuos
640 1635 803 1680 aestus
833 1630 1003 1684 maris
1036 1632 1286 1687 humana:
1310 1634 1452 1688 vita:.

573 1827 630 1883 In
661 1831 764 1884 hac
785 1831 1121 1900 expositione
1152 1834 1529 1905 astipulabitur
1557 1839 1715 1893 nobis
1740 1839 1830 1908 qui
1862 1842 1992 1896 dicit
2032 1842 2085 1897 in

503 1923 778 1992 Sapientia
830 1926 897 1977 de
950 1924 1078 1995 justi
1128 1929 1496 1997 aequabilitate
1531 1944 1545 1982 :
1579 1928 1839 1986 Narratio
1881 1935 1980 1987 viri
2011 1935 2084 2001 pii

499 2028 702 2079 semper
733 2012 991 2077 sapientia
1019 2016 1066 2046 "‘
1093 2033 1107 2081 ;
1131 2027 1186 2070 et
1215 2018 1282 2072 de
1321 2020 1608 2089 oppositis,
1644 2019 1851 2074 Stultus
1879 2039 2001 2076 vero
2030 2032 2086 2076 ut

502 2103 632 2157 luna
666 2116 904 2159 mutatur
935 2107 1000 2163 ".
1035 2107 1187 2163 Licet
1220 2125 1437 2180 quoque
1469 2113 1523 2166 in
1560 2111 1755 2168 talibus
1790 2110 1977 2171 videre
2004 2116 2086 2169 al-

503 2195 766 2252 fectiones
813 2200 1075 2266 quasdam
1134 2201 1379 2256 valentes
1428 2203 1496 2257 ad
1553 2204 2086 2260 commendationem

499 2288 778 2344 attrahere
804 2304 897 2344 eos
925 2291 1017 2360 qui
1069 2307 1176 2346 non
1223 2293 1546 2350 incumbunt
1593 2297 1778 2351 animo
1819 2297 2088 2353 instabili-

501 2380 599 2433 tati
627 2395 839 2446 eorum,
869 2397 1042 2452 usque
1071 2384 1207 2439 adeo
1239 2381 1308 2440 ut
1336 2385 1420 2442 fas
1463 2389 1536 2442 sit
1561 2389 1744 2443 dicere
1772 2388 1951 2445 inesse
1983 2390 2092 2446 illis

501 2471 897 2540 plenilunium,
945 2483 1036 2527 aut
1083 2475 1197 2530 l'ere
1237 2475 1611 2546 plenilunium.
1655 2477 1868 2535 Videris
1921 2482 2088 2534 etiam

500 2575 689 2616 rursus
728 2562 1038 2617 simulatum
1070 2566 1214 2635 quod
1271 2567 1347 2621 illi
1386 2568 1605 2624 videtur
1645 2570 1824 2626 inesse
1863 2570 2089 2636 lumen;

502 2654 708 2717 lumen,
755 2653 996 2723 inquam,
1033 2670 1138 2708 non
1185 2656 1438 2712 diurnum
1461 2701 1475 2725 ,
1505 2659 1601 2712 sed
1648 2670 1975 2716 nocturnum
2009 2661 2090 2715 lu-

504 2758 649 2809 men,
675 2745 802 2799 etin
836 2753 1040 2800 tantum
1077 2747 1363 2813 deﬁciens,
1388 2751 1565 2805 donec
1597 2765 1705 2804 non
1753 2752 1985 2822 amplius
2010 2753 2092 2807 vi-

503 2839 695 2890 deatur
740 2851 862 2892 esse
895 2837 1098 2903 lumen,
1129 2839 1273 2907 quod
1323 2839 1376 2894 in
1436 2840 1546 2896 illis
1599 2842 1751 2898 cerni
1801 2844 1990 2913 possit.
2027 2840 2088 2900 Si

501 2945 631 2998 ergo
659 2931 839 2985 omnis
868 2931 1048 2986 anima
1075 2933 1268 3003 angelo
1296 2934 1545 3002 subjecta
1581 2949 1688 3002 est,
1725 2939 1953 3008 angelus
1979 2939 2091 2994 fite-

503 3022 576 3075 rit
617 3023 720 3077 iste
771 3022 996 3078 lunatici
1031 3035 1206 3094 pater,
1243 3041 1408 3082 orans
1436 3037 1694 3098 tanquam
1726 3045 1822 3098 pro
1862 3031 1972 3085 lilio
2000 3030 2090 3086 1e-

500 3130 644 3180 sum,
671 3125 857 3185 utpote
878 3131 984 3171 non
1015 3117 1230 3174 valente
1260 3117 1329 3173 ab
1373 3118 1622 3176 inferiori
1655 3123 1821 3178 verbo
1855 3122 2090 3194 discipu-

500 3209 678 3261 lorum
716 3210 898 3264 curari
921 3207 990 3264 ab
1024 3210 1357 3270 inﬁrmitate.

571 3299 775 3355 Mutum
815 3316 879 3356 ac
901 3302 1126 3358 surdum
1172 3304 1527 3373 daemonium,
1573 3316 1702 3364 sunt
1742 3309 2086 3366 irrationales
2111 3323 2154 3381 ε

499 3391 818 3448 σίΥθοιίοιιοε
848 3395 1347 3468 propensionesque
1381 3398 1448 3451 ad
1474 3399 1550 3463 id,
1580 3401 1722 3470 quod
1755 3402 1970 3456 videtur
1991 3403 2086 3457 bo-

502 3501 653 3551 num,
702 3499 733 3539 a
773 3487 987 3542 ratione
1021 3489 1390 3559 depromptae,
1435 3505 1573 3560 quas
1621 3492 1738 3562 ipsa
1789 3493 2089 3550 irrationali

504 3580 707 3648 impetu
750 3581 1104 3649 producehat,
1129 3597 1358 3653 quaeque
1383 3597 1413 3636 a
1442 3585 1742 3640 videntibus
1762 3587 2091 3655 putabantur

503 3671 692 3724 istba3c
737 3669 917 3725 facere
965 3673 1261 3728 secundum
1307 3674 1571 3730 rationem
1635 3676 1899 3731 doctrinae
1940 3675 2087 3734 Jesu.

506 3765 734 3820 Diﬂicile
757 3779 884 3819 vero
909 3769 1094 3821 curari
1132 3777 1310 3838 potest
1333 3769 1642 3836 huiusmodi
1669 3772 1914 3834 morbus,
1941 3771 2090 3825 vide-

503 3869 702 3930 turque
757 3878 1012 3935 magnum
1041 3865 1195 3934 quid,
1231 3879 1352 3934 qua:
1404 3863 1541 3918 bene
1574 3878 1680 3918 non
1721 3863 1922 3918 habent
1949 3864 2088 3918 bene

501 3950 671 4007 fuisse
697 3953 860 4020 facta,
899 3965 1092 4024 estque
1123 3956 1259 4009 adeo
1289 3955 1344 4010 in
1391 3955 1511 4011 istis
1545 3971 1736 4026 magna
1781 3956 2085 4026 hujusmodi

499 4039 809 4111 eﬂicientia,
845 4054 904 4099 ut
933 4045 1103 4100 monti
1135 4059 1258 4099 eam
1295 4061 1617 4116 comparare
1654 4046 1835 4112 liceat,
1865 4062 1985 4118 quze
2013 4029 2089 4101 iri-

503 4133 652 4203 diget
695 4145 754 4188 ut
797 4137 1210 4194 transferatura
1243 4140 1482 4209 patiente
1523 4156 1618 4209 per
1664 4154 1880 4195 omnem
1925 4139 2086 4194 fidem

503 4229 766 4281 curantis.
820 4229 915 4283 Est
960 4246 1124 4299 porro
1170 4232 1351 4287 omnis
1395 4230 1530 4286 ﬁdes
1571 4241 1886 4300 comparata
1919 4246 2089 4301 grano

503 4317 776 4388 sinapeos.
811 4320 944 4386 Quia
976 4323 1127 4377 nihili
1161 4325 1379 4392 quidem
1427 4333 1710 4394 reputatur
1748 4324 1884 4378 lldrs
1910 4326 1976 4377 ab
2001 4324 2091 4377 lto-

505 4409 766 4475 minibus,
810 4423 866 4466 et
901 4414 1270 4468 modicissima
1314 4429 1400 4468 res
1431 4424 1515 4469 est
1561 4414 1703 4484 apud
1735 4415 1855 4468 illos
1879 4455 1894 4479 ,
1925 4425 2089 4484 atque

504 4498 626 4554 vilis
673 4515 792 4556 esse
837 4502 1085 4571 videtur;
1115 4514 1169 4559 at
1218 4505 1306 4559 ubi
1335 4505 1528 4560 sortita
1567 4503 1730 4559 fuerit
1764 4514 1965 4560 terram
2002 4507 2090 4560 bo-

2183 720 2291 773 Καὶ
2321 720 2489 791 ψυχαὶ
2516 723 2647 791 γοῦν
2697 742 2842 788 τινες
2878 726 3138 794 ὑγιαίνειν
3199 728 3297 798 μὲν
3337 730 3390 780 ὲν
3437 731 3710 805 σωφροσύνῃ

2181 812 2321 882 τάχα
2345 814 2674 885 νομίζονται,
2709 819 2802 871 κα)⁹
2837 817 2985 888 βιοῦν
3020 817 3097 882 ὡς
3122 818 3320 888 ὁλόγος
3355 819 3596 888 βούλεται·
3618 818 3710 876 εἶτα

2182 905 2293 958 ἐσθ’
2342 908 2431 961 ὅτε
2491 910 2926 964 καταπίπτουσιν
2979 912 3085 965 ὑπὸ
3127 912 3236 966 τῶν
3271 913 3451 968 παθῶν
3503 916 3597 969 άπὸ
3637 918 3710 970 τοῦ

2183 999 2471 1072 ἕστηκεναι
2526 1003 2822 1058 δοκεῖν.....
2869 1005 2998 1075 περὶ
3029 1005 3128 1077 τὴν
3177 1007 3389 1078 ἀπάτην
3428 1007 3515 1060 τοῦ
3555 1009 3714 1073 αἰῶνος

2181 1089 2371 1144 τούτου
2391 1092 2484 1144 καὶ
2521 1095 2638 1156 ταῖς
2662 1091 2873 1157 λοιπαῖς
2895 1093 3228 1165 ἐπιθυμίαις.
3267 1091 3442 1159 Οὗτοι,
3459 1114 3713 1168 πνευματι-

2183 1181 2295 1246 κῶς
2324 1183 2518 1248 εἰπεῖν,
2551 1185 2977 1257 σεληνιάξονται,
3013 1186 3466 1258 καταϐαλλόμενοι
3507 1189 3598 1240 ὑπὸ
3629 1189 3716 1241 τῶν

2184 1273 2242 1324 ἐν
2273 1275 2385 1336 τοῖς
2416 1274 2768 1346 ὲνδρμυχοῦσι
2813 1276 3008 1330 πάθεσι
3044 1279 3422 1347 πνευματικῶν
3462 1279 3552 1349 τῆς
3580 1297 3716 1349 mw;-

2188 1364 2325 1435 ρίας,
2361 1365 2649 1420 πίπτουσιν
2679 1370 2758 1432 εἰς
2784 1369 2844 1422 τὸ
2877 1370 2987 1441 πῦρ
3011 1371 3120 1426 τῶν
3149 1373 3459 1443 πυρώσεων·
3495 1373 3643 1425 ἐνίοτε
3674 1373 3719 1426 δὲ

2185 1458 2263 1518 εἰς
2289 1457 2348 1509 τὸ
2377 1456 2540 1529 ὕδωρ,
2561 1459 2650 1510 ὅτε
2686 1459 2712 1510 ὁ
2738 1458 2991 1528 βασιλεὺς
3021 1462 3236 1516 πάντων
3264 1463 3374 1516 τῶν
3395 1464 3449 1514 ἐν
3475 1465 3578 1524 τοῖς
3594 1461 3720 1514 ὕδασι

2185 1545 2513 1616 δρακόντων,
2557 1549 2906 1604 καταϐάλλων
2949 1554 3148 1617 αὐτοὺς
3203 1553 3311 1607 ἀπὸ
3343 1554 3434 1608 τοῦ
3480 1553 3722 1624 ἐλεύθερον

2185 1636 2359 1690 δοκεῖν
2380 1639 2656 1706 ἀναπνεῖν,
2701 1644 2794 1696 ἐπὶ
2832 1643 2892 1696 τὸ
2917 1645 3085 1698 εἴκειν
3119 1647 3229 1718 (95)
3261 1649 3341 1710 είς
3373 1646 3440 1699 τά
3467 1646 3592 1717 βάθη
3635 1646 3725 1698 τῶν

2187 1730 2445 1801 κυμάτων
2484 1732 2585 1802 τῆς
2616 1733 2890 1808 Θαλάσσης
2921 1737 3015 1790 τοῦ
3047 1738 3156 1791 τῶν
3189 1739 3486 1811 ἀνθρώπων
3519 1739 3639 1809 βίου.

2258 1825 2441 1897 Ταύτῃ
2472 1829 2536 1898 τῇ
2561 1827 2807 1900 διηγήσει
2835 1829 3190 1900 συμϐαλεῖται
3212 1833 3342 1903 ἡμῖν
3371 1833 3398 1884 ὁ
3426 1830 3586 1899 λέγων
3605 1831 3652 1883 ὲν
3675 1831 3726 1899 τῇ

2189 1917 2396 1984 Σοφίᾳ,
2434 1919 2560 1990 περὶ
2596 1919 2694 1990 μὲν
2724 1921 2822 1989 τῆς
2869 1920 2964 1973 τοῦ
3008 1921 3217 1975 δικαίου
3255 1923 3594 1994 ὁμαλότητος·
3625 1920 3731 1986 Διή-

2191 2024 2368 2078 γησις
2395 2009 2686 2077 εὐσεϐοῦς
2721 2010 2819 2065 διὰ
2861 2013 3089 2080 παντὸς
3131 2016 3339 2083 σοφία»
3391 2015 3515 2086 περὶ
3556 2013 3607 2066 δὲ
3645 2011 3732 2065 τῶν

2191 2102 2615 2174 ἀποδεδομένωνο
2643 2105 2697 2157 '0
2721 2103 2791 2157 δὲ
2817 2104 3022 2174 ἄφρων
3043 2107 3123 2172 ὡς
3145 2105 3378 2174 σελήνη
3407 2103 3731 2159 ἀλλοιοῦται.

2190 2196 2300 2248 Καὶ
2340 2195 2454 2248 ἐστι
2501 2197 2595 2250 καὶ
2627 2198 2684 2249 ὲν
2717 2199 2830 2260 τοῖς
2871 2197 3130 2262 τοιούτοις
3167 2199 3294 2252 ἰδεῖν
3323 2198 3500 2269 ὁρμὰς
3547 2211 3734 2248 συνεπι-

2193 2288 2429 2341 σπᾶσθαι
2457 2287 2760 2359 δυναμένας
2793 2289 2930 2361 πρὸς
2951 2289 3169 2343 ἔπαινον
3190 2291 3314 2354 τοὺς
3347 2290 3424 2362 μὴ
3449 2289 3736 2359 ἐφιστάντα-ς

2191 2381 2364 2434 αὐτῶν
2380 2380 2458 2452 τῷ
2482 2381 2883 2453 άνερματίστῳ,
2919 2380 3060 2435 ὥστε
3085 2384 3259 2435 εἰπεῖν
3293 2381 3360 2436 ἂν
3384 2382 3539 2435 οἱονεὶ
3570 2379 3737 2433 πανσέ-

2191 2474 2350 2544 ληνον
2392 2469 2531 2528 εἶναι
2581 2476 2637 2527 ὲν
2681 2475 2884 2538 αὐτοῖς,
2930 2475 2963 2546 ἢ
2999 2477 3128 2547 παρ’
3186 2475 3366 2544 ὀλίγον
3419 2475 3735 2544 πανσέληνον.

2195 2567 2357 2630 Ἴδοις
2381 2567 2426 2618 δ’
2448 2565 2513 2620 ἂν
2537 2566 2700 2621 πάλιν
2725 2567 3061 2638 μιμούμενον
3093 2568 3150 2621 τὸ
3173 2567 3332 2632 δόξαν
3352 2563 3487 2622 εἶναι
3506 2571 3558 2621 ὲν
3586 2567 3739 2629 αὐτοῖς

2192 2659 2326 2729 φῶς⁹
2357 2660 2477 2730 οὐχ).
2501 2659 2616 2729 φῶς
2636 2661 2892 2731 ἡμερινὸν
2922 2661 3209 2731 τυγχάνον,
3232 2660 3369 2714 ἀλλὰ
3390 2661 3502 2729 φῶς
3524 2674 3738 2727 νυκτερι-

2191 2753 2302 2816 νὸν,
2357 2755 2450 2806 καὶ
2483 2753 2576 2806 ἐπὶ
2608 2752 2863 2806 τοσοῦτον
2919 2751 3105 2823 λῆγον,
3146 2752 3252 2817 ἕως
3285 2753 3423 2825 μηδὲ
3445 2752 3612 2806 δοκεῖν
3647 2748 3743 2817 φῶς

2191 2843 2330 2900 εἶναι
2377 2845 2804 2918 ὲπιϐλεπόμενον
2847 2845 2958 2917 (94)
2987 2847 3043 2899 ὲν
3088 2846 3270 2909 αὐτοῖς
3303 2845 3544 2916 γένηται.
3578 2844 3635 2897 Εἰ
3667 2836 3742 2894 οὖν

2193 2939 2341 2991 πᾶσα
2388 2937 2532 3010 ψυχὴ
2578 2938 2668 2990 ὑπ’
2705 2937 2920 3009 ἀγγέλῳ
2959 2937 3238 3003 τέτακται,
3269 2939 3298 2990 ὁ
3340 2937 3438 2991 τοῦ
3465 2932 3746 3007 σεληνιαζο-

2178 3031 2360 3102 ’μένου
2395 3031 2578 3103 πατὴρ
2602 3031 2667 3085 ἂν
2717 3023 2871 3094 οὗτος
2921 3029 3086 3094 ἀξιῶν
3115 3030 3192 3095 ὡς
3211 3031 3338 3102 περὶ
3372 3029 3489 3084 υἱοῦ
3528 3029 3614 3082 τὸν
3661 3027 3746 3095 ’1η-

2193 3122 2342 3188 σοῦν,
2379 3125 2456 3187 ὡς
2491 3123 2565 3195 μὴ
2598 3123 2893 3195 δυνηθέντα
2929 3123 3038 3195 (95)
3070 3123 3178 3176 άπὸ
3201 3124 3589 3196 ὑποδεεστέρου
3611 3121 3746 3191 λόγου

2191 3216 2300 3270 τῶν
2327 3215 2586 3287 μαθητῶν
2616 3215 3020 3288 θεραπευθῆναι
3055 3217 3160 3270 ὑπὸ
3191 3215 3284 3270 τοῦ
3313 3217 3538 3280 πάθους.

2262 3307 2488 3360 Ἔστιδὲ
2510 3307 2705 3361 ἄλαλον
2730 3309 2823 3362 καὶ
2838 3308 3022 3377 κωφὸν
3049 3308 3325 3379 δαιμόνιον
3355 3311 3413 3362 αἱ
3443 3302 3750 3377 άλογοιπρὺς

2189 3400 2250 3454 τὸ
2269 3401 2460 3456 δοκοῦν
2489 3401 2653 3455 καλὸν
2684 3401 2877 3474 ὁρμαὶ,
2909 3401 3015 3456 ὑπὸ
3035 3400 3130 3454 τοῦ
3165 3401 3323 3470 λόγου
3357 3400 3748 3470 ἐκϐαλλόμεναι.

2189 3492 2256 3557 ἃς
2282 3493 2444 3557 αὐτὸς
2483 3495 2658 3548 ἐποίει
2707 3494 2888 3566 ἀλόγῳ
2922 3496 3085 3566 φορᾷ,
3130 3494 3484 3565 νομιζόμεναι
3522 3492 3621 3546 ὑπὸ
3662 3489 3752 3542 τῶν

2191 3584 2495 3655 βλεπόντων
2530 3585 2671 3639 κατὰ
2723 3585 2881 3656 λόγον
2925 3585 3101 3640 ταῦτα
3153 3585 3418 3657 πράττειν
3447 3585 3546 3656 τῆς
3601 3579 3750 3654 Ἰησοῦ

2188 3675 2554 3741 διδασκαλίας.
2587 3677 2842 3734 Δυσίατον
2871 3678 2928 3733 δὲ
2949 3678 3108 3732 τοῦτο
3126 3678 3186 3731 τὸ
3218 3677 3412 3743 πάθος,
3437 3695 3531 3732 και
3563 3674 3756 3747 ἰσχυρὸν

2188 3769 2336 3824 δοκεῖ
2357 3766 2536 3831 καλῶς
2561 3768 2874 3841 πεπρᾶχθαι
2891 3768 2959 3821 τά
2978 3770 3052 3840 μὴ
3081 3768 3280 3833 καλῶς,
3307 3769 3404 3822 καὶ
3433 3769 3576 3822 ἐστιν
3605 3766 3754 3826 οὕτως

2190 3860 2248 3912 ὲν
2287 3861 2400 3922 τοῖς
2449 3858 2713 3923 τοιούτοις
2749 3859 2960 3932 μεγάλη
2993 3859 3278 3932 ἡτοιαύτη
3324 3861 3594 3931 ἐνέργεια,
3633 3857 3755 3911 ὥστε

2189 3950 2393 4022 ταύτην
2425 3950 2542 4023 ὄρει
2597 3951 3061 4023 παραϐάλλεσθαι,
3100 3951 3332 4023 δεομένη
3391 3954 3479 4006 ἵνα
3513 3947 3755 4023 μετατεθῇ

2189 4041 2298 4097 ἀπὸ
2331 4041 2423 4099 τοῦ
2455 4043 2773 4114 ⁸πάσχοντος
2822 4042 2912 4096 διά
2946 4044 3128 4113 πάσης
3187 4045 3428 4108 πίστεως
3471 4045 3565 4098 τοῦ
3615 4041 3757 4114 θερα·

2190 4131 2464 4195 πεύοντος.
2504 4133 2656 4185 Ἔστι
2709 4133 2766 4188 δὲ
2809 4135 2841 4204 ἠ
2899 4135 3047 4187 πᾶσα
3092 4133 3274 4197 πίστις
3321 4129 3756 4205 παραϐαλλομένη

2190 4223 2372 4293 κόκκῳ
2401 4223 2690 4288 σινάπεως·
2738 4224 2862 4277 ἐπεὶ
2907 4224 3265 4290 ὲξουθενεῖται
3319 4225 3420 4298 μὲν
3475 4223 3621 4296 παρά
3665 4221 3758 4274 τῶν

2189 4314 2492 4386 ἀνθρώπων
2524 4318 2556 4387 ἡ
2606 4317 2809 4380 πίστις,
2841 4316 2934 4371 καὶ
2961 4315 3298 4388 βραχύτατόν
3323 4319 3467 4380 ἐστι,
3502 4315 3594 4368 καὶ
3626 4312 3758 4365 εὐτε-

2189 4403 2280 4469 λὲς
2312 4401 2450 4459 εἶναι
2484 4406 2753 4476 φαίνεταιο
2790 4405 3029 4477 τυχοῦσα
3052 4407 3108 4460 δὲ
3132 4409 3235 4478 γῆς
3269 4407 3506 4478 ἀγαθῆς,
3537 4404 3760 4459 τουτέστι

2189 4496 2388 4568 ψυχῆς,
2441 4497 2652 4566 γίνεται
2703 4499 2919 4570 δένδρον
2961 4499 3123 4570 μέγα·
3160 4499 3299 4552 ὥστε
3352 4499 3508 4552 οὐδὲν
3545 4498 3642 4570 μὲν
3669 4495 3762 4548 τῶν

504 4603 629 4644 nam
652 4631 668 4656 ,
697 4590 748 4644 id
781 4603 865 4647 est
903 4595 1162 4657 animam,
1201 4595 1259 4648 tit
1300 4595 1463 4654 arbor
1487 4609 1714 4664 procera
1746 4609 1917 4664 usque
1951 4596 2088 4649 adeo

2193 4590 2470 4660 ἀπτέρων,
2502 4591 2567 4643 τά
2618 4590 2676 4644 δὲ
2722 4590 3080 4662 ὲπτερωμένα
3130 4591 3517 4663 πνευματικῶς
3562 4586 3763 4643 πετεινὰ

505 4693 564 4736 ιιι
601 4681 805 4737 nullum
839 4683 942 4738 alis
972 4687 1270 4739 carentium
1295 4727 1308 4750 ,
1337 4686 1524 4756 utique
1553 4702 1680 4742 vero
1701 4685 1840 4740 alata
1869 4687 2086 4758 spirita-

2193 4681 2280 4734 τοῦ
2311 4681 2540 4752 ούρανοῦ
2561 4683 2939 4754 κατασκηνοῦν
2961 4683 3220 4757 δύνασθαι
3249 4686 3304 4737 ὲν
3321 4686 3432 4747 τοῖς
3447 4683 3658 4746 κλάδοις
3678 4679 3764 4752 τῆς

503 4771 627 4826 liter
649 4772 892 4829 volucria
923 4777 1068 4843 caeli,
1100 4777 1350 4833 habitare
1383 4779 1595 4849 possint
1630 4779 1684 4834 in
1729 4779 1896 4834 ramis
1925 4789 2086 4835 tanta:

2193 4773 2444 4844 τοιαύτης
2477 4773 2736 4838 πίστεως.

503 4863 664 4932 hujus
686 4865 830 4921 lidei.

507 4950 569 5006 Ὺ.
597 4951 690 5006 45.
722 4953 994 5042 .an’ibus
1032 4969 1218 5042 putem
1272 4960 1660 5042 admirantibus
1713 4963 1778 5042 de
1840 4963 2080 5018 omnibus

2193 4951 2334 5042 Στίξ.
2378 4968 2506 5042 lytr;
2537 4950 2793 5042 Udi-tto:
2829 4951 2898 5004 δὲ
2920 4951 3352 5042 ,θαυιεαζόντων
3403 4952 3507 5039 eis!
3569 4950 3760 5042 πῇςιξξ

644 5025 828 5093 quibus
861 5027 980 5096 fecit
1015 5020 1172 5083 Jesus
1196 5074 1210 5097 ,
1249 5032 1385 5082 dixit
1413 5031 1481 5083 ad
1503 5032 1786 5102 discipulos
1809 5051 1932 5088 suos
1967 5049 1986 5087 :

2259 5020 2347 5112 οζς
2369 5020 2658 5104 ἐποίησεν
2676 5025 2708 5076 o'
2752 5021 2976 5090 Ἰησοῦς
2989 5063 3003 5087 ,
3036 5020 3166 5078 me
3188 5023 3338 5092 πρὸς
3355 5023 3498 5089 τοὺς
3511 5024 3764 5094 μαθητὰς

2261 5111 2467 5150 αὐτου.
3359 5118 3362 5120 ν

511 5175 549 5229 ν
610 5179 702 5233 ιι.
745 5179 931 5236 Ponite
958 5201 1046 5239 vos
1077 5185 1131 5239 in
1160 5187 1381 5240 auribus
1419 5189 1599 5241 vestris
1639 5205 1902 5243 sermones
1933 5192 2078 5246 istos.

583 5247 752 5304 Filius
785 5254 922 5314 enim
949 5256 1175 5310 hominis
1200 5260 1486 5312 tradendus
1513 5269 1585 5311 est
1615 5258 1669 5312 iu
1697 5275 1884 5314 manus
1912 5261 2082 5315 homi-

577 5410 622 5464 Α
656 5428 894 5480 quonam
930 5419 1224 5474 tradendus
1258 5419 1391 5476 est?
1430 5420 1722 5490 Apostolus
1755 5422 1972 5491 quidem
2005 5423 2088 5477 di-

505 5500 604 5565 cit,
628 5507 886 5561 traditum
931 5509 1100 5566 fuisse
1151 5513 1348 5568 Filiunt
1397 5529 1427 5568 a
1474 5513 1623 5578 Deo,
1655 5515 1908 5583 inquiens
1941 5530 1953 5566 :
1982 5515 2088 5580 Qui

505 5597 722 5662 prOprio
756 5596 898 5652 Filio
936 5618 1031 5655 suo
1068 5620 1172 5657 non
1213 5606 1576 5672 pepercit,sed
1605 5623 1700 5673 pro
1736 5606 1882 5659 nobis
1915 5611 2087 5662 omni-

507 5687 601 5738 bus
623 5688 846 5743 tradidit
869 5690 1018 5746 illum
1048 5693 1115 5760 ",
1141 5709 1427 5764 passurum
1454 5710 1647 5768 nempe
1675 5711 1774 5766 pro
1796 5705 1909 5753 toto
1935 5713 2090 5754 umn-

576 5802 625 5834 ”
650 5801 816 5862 Ercli.
855 5820 1022 5872 xxv",
1066 5806 1154 5862 l2.
1229 5809 1275 5841 "
1297 5809 1427 5866 ibid.
1503 5811 1549 5844 "
1583 5809 1739 5867 Rom.
1767 5826 1886 5879 vnt,
1921 5811 2011 5868 '52.

574 5895 690 5969 (95)
725 5895 886 5969 orte
911 5898 1088 5969 ἥκειν.

573 5967 688 6038 (95.)
722 5967 880 6024 Forte
906 5967 1052 6026 deest
1078 5969 1162 6026 ἄν.

2191 5188 2339 5258 Στίχ.
2372 5185 2470 5259 μδ’.
2502 5184 2690 5240 Θέσθε
2725 5185 2894 5259 ὑμεῖς
2935 5188 3034 5259 εἰςΔ
3058 5186 3130 5240 τὰ
3154 5181 3274 5259 ὦτα
3303 5185 3473 5259 ὑμῶν
3495 5185 3644 5259 τοὺς.
3672 5182 3765 5259 Je-

2259 5256 2405 5327 γσυξ
2422 5259 2690 5322 τούτους.
2733 5257 2796 5309 '0
2817 5257 2934 5327 γὰρ
2951 5257 3080 5323 Υἱὸς
3102 5258 3206 5311 τοῦ
3230 5256 3550 5326 ἀνθρώπου
3568 5256 3767 5326 μέλλει

2259 5325 2693 5396 ,παραδίδοσθαι
2724 5330 2812 5394 είς
2828 5325 2831 5326 ⁷
2849 5325 3051 5396 χεῖρας
3075 5329 3418 5396 ἀνθρώπων.

2270 5421 2407 5474 Ὑπὸ
2457 5421 2601 5484 τίνος
2651 5421 2760 5492 ἄρα
2815 5419 2997 5491 μέλλει
3061 5419 3485 5490 παραδίδοσθαι;
3556 5419 3616 5474 Ὀ
3678 5413 3766 5486 μὲν

2198 5511 2518 5577 Ἀπόστολός
2553 5529 2684 5582 φησι
2746 5513 3144 5582 παραδεδόσθαι
3207 5514 3311 5567 ὑπὸ
3347 5514 3439 5567 τοῦ
3498 5511 3635 5566 Θεοῦ
3686 5511 3766 5562 τὸν

2187 5603 2336 5669 Υίὸν,
2364 5603 2504 5668 ὲκώς
2522 5603 2765 5676 (96)”Ὀς
2782 5622 2846 5674 τε
2863 5605 2966 5658 τοῦ
2987 5604 3142 5659 ἰδίου
3177 5606 3315 5660 Υἱοῦ
3335 5608 3444 5660 οὐκ
3469 5605 3766 5676 ἐφείσατο,

2197 5699 2332 5754 ἀλλ’
2370 5698 2524 5768 ὑπὲρ
2552 5697 2721 5770 ἡμῶν
2758 5699 3000 5756 πάντων
3035 5699 3378 5770 παρέδωκεν
3398 5699 3612 5764 αὐτὸν,
3639 5693 3770 5765 ὑπὲρ

2257 5905 2370 5980 (95)
2401 5905 2562 5980 [orte
2589 5906 2927 5980 δυνηθέντος.

2263 5977 2376 6044 (οδ)
2405 5975 2604 6033 Εξπῶν.
