3958 6508
236 497 330 554 549
1499 499 1791 557 SCHOLIA
1830 501 1896 556 IN
1935 501 2196 560 LUCAM.

3253 501 3274 513 Χ
3364 502 3472 558 350

230 615 337 668 ὅλου
388 610 481 664 τοῦ
527 611 735 682 κόσμου
784 615 1124 686 πεισόμενον,
1175 617 1262 670 ἴνα
1306 617 1422 687 ἄρῃ
1469 618 1634 672 αὐτοῦ
1680 616 1779 682 τὴν

1898 619 1990 685 do,
2022 629 2081 674 ut
2111 619 2228 689 ejus
2281 618 2484 672 tolleret
2509 629 2776 687 peccatum
2801 619 2866 672 ”.
2904 619 3061 674 Dices
3087 627 3266 674 autem
3299 606 3466 675 etiam

231 705 529 774 ἁμαρτίανο
563 705 707 786 ἐρεῖς
737 705 795 758 δὲ
841 706 934 759 καὶ
968 707 1074 760 ὑπὸ
1100 708 1193 761 τοῦ
1233 708 1477 763 διαϐόλου
1501 710 1796 784 παραδεδό-

231 797 338 848 σθαι
367 795 549 859 αὐτὸν,
581 797 670 865 ὑφ’
697 791 759 851 οὗ
783 798 1160 868 παραδίδονται
1185 802 1299 864 τοῖς
1320 801 1796 872 αἱχμαλωτεύσασι

227 887 287 940 τὰ
306 887 470 956 ζεύγη
504 889 598 941 καὶ
629 889 678 941 οἱ
712 888 820 942 ὄνοι
841 890 934 942 τοῦ
982 889 1123 955 Ἰὼϐ,
1154 888 1270 946 εἶτα
1306 896 1420 956 τοῖς
1450 893 1706 947 ἱππεῦσιν
1737 895 1795 947 αῖ

229 978 472 1050 κάμηλοι,
506 978 586 1050 τῷ
627 981 761 1052 πυρὶ
786 981 855 1034 τά
885 983 1156 1054 πρόϐατα,
1190 983 1268 1055 τῷ
1301 984 1360 1052 ἐξ
1396 987 1601 1058 ἐρήμου
1632 985 1796 1039 πνεύ-

231 1089 345 1142 ματι
401 1073 459 1125 αἱ
494 1074 683 1126 τούτου
737 1073 1034 1148 θυγατέρες
1081 1077 1175 1130 καὶ
1221 1079 1270 1131 οἱ
1325 1079 1450 1132 υἱοί.
1491 1079 1672 1132 Ἔστω
1701 1074 1793 1134 οὖν

227 1163 429 1236 πρῶτον
463 1165 568 1218 ὑπὸ
612 1164 706 1218 τοῦ
761 1166 976 1238 Πατρδς
1025 1169 1460 1240 παραδεδομένος
1498 1172 1528 1224 ό
1556 1171 1681 1235 Υἱὸς
1714 1174 1793 1236 εἰς

225 1260 401 1330 χεῖρας
438 1256 758 1330 ἀνθρώπων
791 1255 907 1313 εἶτα
945 1261 1050 1314 ὑπὸ
1081 1261 1174 1315 τοῦ
1225 1263 1415 1327 Ἰούδα,
1445 1265 1524 1328 είς
1555 1265 1618 1318 ὃν
1655 1265 1793 1336 μετά

225 1349 278 1402 τὸ
299 1350 509 1419 ψωμίον
538 1350 784 1420 εἰσῆλθεν
799 1353 827 1404 ό
848 1353 1092 1417 Σατανᾶς
1107 1353 1473 1426 ἀρχικώτερον
1495 1357 1588 1410 τοῦ
1622 1358 1792 1411 Ἰούδα

225 1443 542 1513 παραδιδοὺς
590 1444 770 1498 αὐτόν.
843 1445 980 1498 Ἀλλ’
1025 1447 1053 1498 ό
1111 1448 1208 1517 μὲν
1253 1448 1442 1520 Πατὴρ
1498 1449 1604 1503 τοῦ
1638 1449 1790 1504 ιδίου

231 1534 355 1587 Ποῦ
377 1536 491 1588 οὐκ
517 1535 803 1604 ἐφείσατο
833 1537 1210 1610 φιλανθρωπίᾳ
1237 1543 1302 1611 τῇ
1347 1541 1481 1611 πρὸς
1513 1542 1658 1612 ἡμᾶς
1696 1543 1789 1596 καὶ

220 1627 558 1699 χρηστότητι·
617 1631 646 1682 ό
695 1629 752 1682 δὲ
817 1629 1015 1694 Ἰούδας
1077 1632 1344 1705 μοχθηρίᾳ
1399 1633 1782 1705 προαιρέσεως.

221 1721 556 1786 Θανατωθεὶς
569 1722 646 1788 δὲ,
679 1722 787 1776 τὸν
808 1723 873 1777 τὸ
900 1723 1116 1792 κράτος
1135 1725 1354 1795 ἔχοντα
1377 1727 1482 1780 τοῦ
1505 1726 1782 1792 θανάτου,

217 1812 324 1882 ήτοι
375 1814 478 1884 τῆς
519 1815 812 1886 ἁμαρτίας,
841 1815 1119 1872 διάϐολον
1160 1819 1518 1889 κατήργησε.
1548 1821 1786 1885 Θάνατος

218 1904 314 1976 γὰρ
339 1907 371 1976 ή
396 1907 642 1978 ἁμαρτία
668 1909 892 1980 κυρίως,
921 1910 1063 1964 κατὰ
1094 1912 1174 1963 τό’
1210 1911 1385 1980 Ψυχὴ
1413 1911 1783 1981 ἁμαρτάνου-

1898 726 1928 764 a
1977 710 2192 765 diabolo
2235 710 2490 763 traditum
2530 709 2698 764 fuisse
2741 709 2931 773 illum,
2961 726 2988 762 a
3019 725 3128 780 quo
3182 713 3470 766 traduntur

1896 803 2296 875 captivantibus
2334 805 2497 859 etiam
2524 801 2656 876 juga
2682 813 2738 858 et
2782 804 2920 858 asini
2945 802 3068 870 Job,
3096 813 3280 872 postea
3314 808 3469 874 equi-

1897 899 2039 953 tibus
2089 896 2306 962 cameli,
2342 895 2451 966 igni
2496 911 2656 961 oves,
2703 901 2866 950 vento
2904 896 3104 951 deserti
3147 897 3307 964 hujus
3346 897 3470 951 lilia:

1894 999 1948 1044 et
1973 989 2086 1044 lilii.
2112 989 2240 1044 Esto
2283 989 2482 1059 igitur;
2521 989 2755 1056 primum
2781 1004 2809 1041 a
2835 987 2994 1041 l’atrc
3019 989 3247 1043 traditus
3279 999 3360 1043 est
3381 987 3472 1044 ΕΞ-

1897 1077 1999 1133 lius
2045 1079 2099 1134 in
2131 1091 2324 1132 manus
2368 1077 2676 1141 hominum,
2703 1077 2895 1131 deinde
2933 1079 3001 1131 ab
3032 1076 3191 1144 Iuda,
3225 1083 3276 1131 lu
3305 1093 3465 1146 quem

1895 1180 2015 1240 post
2067 1169 2367 1225 buccellam
2408 1168 2684 1239 ingressus
2736 1179 2820 1224 est
2867 1167 3138 1235 Satanas,
3176 1171 3269 1240 qui
3315 1171 3470 1242 longe

1892 1271 2018 1317 ante
2049 1259 2242 1315 Judam
2267 1262 2564 1317 tradiderat
2592 1277 2737 1317 eum.
2778 1263 2848 1316 At
2882 1261 3042 1317 Pater
3068 1264 3281 1331 proprio
3327 1263 3468 1317 Filio

1890 1370 1986 1408 suo
2017 1370 2120 1408 non
2154 1355 2400 1423 pepercit,
2433 1354 2766 1410 humanitate
2806 1371 2868 1409 ac
2903 1356 3236 1423 benignitate
3288 1371 3383 1410 Sua
3417 1357 3469 1410 iu

1892 1459 1989 1498 nos
2020 1461 2033 1496 :
2067 1441 2235 1499 Judas
2285 1459 2449 1512 vero,
2489 1446 2691 1500 malitia
2734 1446 3048 1500 voluntatis.
3097 1445 3255 1501 Morti
3309 1462 3472 1516 porro

1889 1537 2067 1600 datus,
2085 1552 2203 1590 eam
2224 1537 2314 1606 qui
2338 1539 2614 1606 imperium
2638 1539 2856 1592 habebat
2883 1539 3086 1603 mortis,
3105 1539 3218 1593 sive
3240 1538 3470 1608 peccati,

1887 1625 2155 1679 diabolum
2213 1629 2664 1682 exauctoravit".
2713 1627 3000 1684 Peccatum
3057 1630 3203 1684 enim
3257 1628 3472 1697 proprie

1889 1734 2034 1773 mors
2060 1727 2168 1781 est,
2194 1718 2347 1787 juxta
2393 1720 2520 1774 illud
2570 1737 2584 1774 :
2625 1719 2816 1773 Anima
2851 1737 3090 1788 peccans,
3123 1721 3236 1789 ipsa
3276 1721 3468 1773 morie-

1888 1821 1976 1864 tur
2005 1814 2070 1868 ”.
2101 1814 2178 1868 Ac
2200 1815 2460 1882 principes
2495 1815 2708 1883 quidem
2739 1819 3016 1870 astiterunt
3042 1818 3294 1870 adversus
3313 1815 3472 1868 Clari-

1885 1913 2022 1957 stum
2053 1905 2068 1935 ί
2105 1920 2119 1955 2
2145 1920 2244 1959 nos
2270 1920 2397 1958 vero
2427 1905 2550 1960 inde
2593 1907 2759 1974 adjuti
2789 1909 2933 1976 quod
2972 1908 3086 1976 ipse
3111 1908 3324 1960 occisus
3355 1906 3471 1961 lue-

216 2012 308 2061 σα,
337 1997 496 2066 αὑτὴ
527 1977 930 2054 ἀποθανεῖται.
959 2002 1069 2055 Kal.
1097 2005 1150 2055 οἱ
1197 2002 1292 2072 μὲν
1307 1977 1606 2070 ἀρχοντες
1633 2018 1779 2073 παρ-

1887 1996 1977 2059 rit,
2003 1996 2233 2051 dicimus
2266 1997 2394 2052 illud
2425 1998 2816 2065 :dirumpamus
2851 1999 3059 2052 vincula
3093 2015 3273 2052 eorum
3309 2000 3350 2052 ⁸.
3378 1998 3470 2052 Ει-

212 2087 480 2158 ἔστησαν
518 2093 666 2161 κατὰ
701 2092 807 2146 τοῦ
832 2093 1109 2162 Χριστοῦ,
1141 2096 1304 2166 ἡμεῖς
1330 2093 1386 2147 δὲ
1413 2095 1785 2166 ὠφεληθέντες

211 2182 280 2252 τῷ
310 2184 519 2237 ἐκεῖνον
535 2186 894 2251 ἅπεκτάσθαι,
921 2187 1100 2258 φαμὲν
1116 2187 1194 2240 τό·
1215 2188 1626 2258 Διαρρήξωμεν
1645 2189 1787 2256 τοὺς

211 2273 465 2344 δεσμοὺς
481 2276 699 2331 αὐτῶν.
730 2279 1070 2349 Σύμμορφοι
1104 2279 1213 2351 γάρ
1245 2281 1555 2349 γεγονότες
1587 2279 1667 2346 τῷ
1681 2285 1785 2335 θα-

209 2366 355 2431 νάτῳ
383 2368 498 2422 τοῦ
535 2371 817 2438 Χριστοῦ,
846 2372 1029 2425 οὐκέτι
1063 2373 1228 2443 ἐσμὲν
1274 2372 1378 2426 ὑπὸ
1401 2376 1527 2438 τοὺς
1555 2376 1787 2448 δεσμοὺς

209 2459 305 2514 τῶν
331 2461 610 2516 ἐναντίων·
644 2463 759 2518 ἀλλ’
798 2465 953 2518 αὐτοὶ
987 2465 1187 2535 μᾶλλον
1225 2465 1581 2535 ἐκγελῶνται
1625 2473 1787 2539 παρὰ

210 2552 304 2607 τοῦ
335 2553 766 2623 κατοικοῦντος
806 2557 876 2609 ἐν
916 2555 1195 2625 οὐρανοῖς
1245 2557 1497 2627 Πατρός,
1531 2561 1630 2615 καὶ
1664 2562 1785 2617 ὑπὸ

210 2643 304 2697 τοῦ
328 2646 557 2713 Κυρίου
573 2645 1047 2715 μυκτηρίζονται.
1104 2647 1366 2712 Ἀναστὰς
1406 2647 1514 2721 γὰρ
1543 2651 1786 2724 συμμόρ-

1888 2089 2033 2142 enim
2066 2088 2361 2157 conformes
2412 2090 2542 2160 facti
2582 2093 2742 2145 morti
2790 2091 2988 2146 Christi
3009 2092 3029 2123 ³
3052 2131 3067 2157 ,
3101 2106 3205 2146 non
3240 2090 3468 2160 amplius

1891 2195 2080 2234 smnus
2113 2181 2214 2236 sub
2250 2182 2477 2237 vinculis
2523 2184 2975 2244 adversariorum,
3017 2184 3111 2238 sed
3159 2184 3258 2251 ipsi
3291 2181 3474 2254 potius

1887 2272 2182 2325 irridentur
2214 2274 2276 2327 ab
2321 2291 2380 2328 eo
2408 2276 2502 2344 qui
2534 2276 2735 2329 habitat
2760 2279 2816 2330 in
2845 2277 2986 2330 cretis
3012 2274 3194 2341 Patre,
3211 2287 3259 2328 et
3287 2292 3320 2330 a
3357 2274 3464 2329 Do-

1887 2365 2030 2418 mino
2053 2367 2503 2424 subsannantur‘.
2527 2368 2836 2434 Resurgens
2855 2371 2996 2425 enim
3020 2369 3326 2424 conformes
3371 2382 3472 2424 nos

1888 2453 2014 2509 fecit
2043 2457 2208 2512 etiam
2240 2460 2656 2515 resurrectionis
2684 2476 2795 2516 suae
2819 2501 2834 2526 ,
2874 2476 2978 2516 non
3013 2459 3249 2529 amplius
3277 2459 3471 2514 seden—

1889 2551 1970 2598 tes
2012 2545 2339 2604 intenebris
2370 2560 2428 2604 et
2475 2547 2662 2604 umbra
2713 2551 2946 2618 mortis,
2991 2559 3276 2621 propterea
3321 2550 3468 2618 quod

1887 2644 2067 2691 ortum
2107 2638 2178 2693 sit
2207 2655 2372 2711 super
2398 2657 2496 2697 nos
2525 2642 2703 2697 lumen
2735 2640 2850 2696 Dei.

209 2754 330 2805 (ρους
361 2739 516 2809 ἡμᾶς
548 2740 813 2811 πεποίηκε
847 2741 1058 2812 καὶτῆς
1087 2741 1252 2796 αὐτοῦ
1286 2744 1653 2812 ἀναστάσεως,
1721 2747 1905 2804 οὐκέτι
1954 2753 2354 2828 καθεζομένους
2404 2759 2462 2814 ἐν
2510 2759 2690 2813 σκότει
2748 2762 2844 2814 καὶ
2891 2760 3019 2830 σκιᾷ
3085 2757 3339 2825 θανάτου,
3378 2757 3472 2813 διὰ

207 2829 262 2882 τὺ
284 2832 564 2887 ἀνατεῖλαι
589 2835 676 2904 ἐφ’
705 2835 852 2905 ἡμᾶς
891 2834 1005 2904 φῶς
1037 2834 1133 2888 τοῦ
1167 2835 1321 2889 Θεοῦ.

208 2921 497 3001 Στίῃμζνι
534 2924 803 3001 Ἐγένετο
830 2925 900 3001 δὲ
939 2927 1357 3001 πορευομένων
1387 2929 1594 3001 αὐτῶν
1616 2930 1685 2984 ἐν
1713 2930 1787 3001 τῇ

880 3017 914 3062 ς
966 2999 1174 3052 αὐτόν’
1227 2999 1639 3066 Ἀκολουθήσω
1688 2999 1788 3056 σοι

269 2989 404 3064 ᾆδῷ,
437 2989 569 3047 εἶπέ
607 2989 702 3061 τις
763 2996 874 3064 πρὸ

267 3062 422 3120 ὅπου
442 3064 552 3117 ἐὰν
575 3062 828 3135 ἀπέρχῃ,
845 3068 1041 3135 Κύριε.

206 3153 338 3224 Στίχ.
367 3162 487 3228 νιγ.
511 3156 621 3228 Καὶ
637 3152 805 3210 εἶπεν
829 3157 989 3222 αὐτῷ
1014 3159 1046 3210 d
1087 3158 1344 3224 Ἰησοῦς⁹
1369 3161 1441 3213 Al
1477 3159 1781 3228 ἀλώπεκες

1896 2933 1960 2989 V.
1997 2935 2086 2990 57.
2128 2938 2331 2991 Accidit
2357 2949 2553 3006 autem,
2589 2940 2982 2993 ambulantibus
3009 2940 3083 2994 eis
3116 2941 3172 2993 in
3210 2940 3292 2992 eia
3321 2980 3337 3005 ,
3377 2940 3468 2993 di-

1964 3009 2044 3130 git
2081 3009 2296 3088 quidam
2327 3015 2397 3062 ad
2424 3011 2571 3063 illum
2602 3025 2621 3064 :
2652 3009 2860 3080 Sequar
2888 3020 2958 3075 te,
2991 3025 3302 3080 quocunque
3328 3010 3466 3074 abit.

2015 3094 2206 3131 omme.

1891 3165 1956 3223 ν.
1991 3167 2082 3240 58.
2116 3167 2184 3220 Et
2219 3169 2355 3222 dixit
2396 3171 2445 3223 ei
2479 3169 2674 3224 Jews:
2720 3170 2914 3240 Vulpes
2955 3171 3123 3240 lustra
3161 3171 3386 3234 habent,
3414 3180 3465 3225 et

266 3226 540 3315 ξωλεοὺς
567 3225 801 3293 ἔχουσι,
848 3227 944 3314 καὶ
991 3228 1344 3315 taygeta.
1359 3228 1466 3281 τοῦ
1508 3225 1778 3315 ,οὐραῖορ

1958 3238 2190 3315 volucres
2217 3239 2330 3315 caeli
2364 3240 2562 3315 habent
2595 3225 2898 3315 habituctila
2932 3239 3145 3295 :Filius
3181 3225 3470 3295 autem'ho-

264 3294 481 3370 ἔχουσι
512 3296 1023 3370 κατασκηνώσεις·
1057 3302 1090 3351 ό
1139 3299 1211 3370 δε
1258 3299 1388 3365 Υἱὸς
1431 3301 1536 3354 τοῦ
1568 3294 1784 3370 ἀνθρώ-

265 3380 377 3419 που
403 3369 521 3420 οὐκ
555 3365 677 3436 ἔχει
705 3368 823 3421 ποῦ
844 3367 961 3436 τὴν
994 3367 1270 3437 κεφαλὴν
1301 3370 1502 3437 κλίνῃ.

264 3458 322 3511 Ei
357 3460 463 3529 μὲν
487 3455 582 3513 οὖν
613 3458 828 3530 ἕτοιμος
851 3455 901 3512 εἴ
925 3461 1088 3524 αὐτὸς
1112 3461 1312 3531 ὁμοίως
1348 3463 1470 3532 ἐμοὶ
1503 3463 1602 3516 ούκ
1633 3463 1775 3535 ἕχον-

202 3565 248 3600 τι
279 3549 377 3602 ποῦ
406 3549 512 3620 τὴν
548 3549 788 3621 κεφαλὴν
826 3550 1025 3614 κλῖναι,
1069 3553 1274 3623 αἱρήσῃ
1303 3551 1391 3606 διά
1416 3553 1516 3623 τὴν
1542 3537 1682 3628 ἐμήν
1698 3555 1778 3630 δι-

201 3637 488 3692 δασκαλίαν
537 3639 598 3692 τὸ
625 3640 996 3694 ἀκατάστατον
1024 3641 1258 3696 ἐνταῦθα
1315 3643 1487 3697 ἐλπίδι
1523 3647 1620 3717 τῆς
1670 3648 1780 3701 τῶν

200 3729 437 3801 οὐρανῶν
472 3729 766 3799 βασιλείας,
794 3733 879 3786 ἐπ’
901 3733 1075 3787 οὐδενὶ
1093 3734 1191 3805 τὴν
1217 3735 1521 3790 ἀνάπαυσιν
1545 3738 1779 3795 ἐνταῦθα

205 3819 269 3888 μὴ
292 3821 634 3891 προσδοκῶν,
659 3821 772 3875 ἀλλ’
796 3823 854 3877 ἐν
878 3823 958 3894 τῷ
983 3823 1242 3894 μέλλοντι.
1279 3827 1342 3877 Οἱ
1371 3825 1479 3897 γὰρ
1510 3829 1634 3897 ἐμοὶ
1675 3846 1778 3898 μαν

200 3908 365 3980 θηταὶ,
424 3913 770 3985 δικαιοσύνην
813 3914 1129 3979 ἀσκοῦντες,
1158 3917 1217 3969 ὲν
1245 3916 1323 3987 τῷ
1362 3918 1553 3988 κόσμῳ
1602 3919 1777 3991 τούτῳ

200 4000 365 4072 θλίψιν
395 4005 605 4068 ἕξουσι·
655 4008 881 4079 πονηροὶ
909 4007 964 4060 δὲ
1009 4009 1103 4061 καὶ
1139 4009 1354 4080 γόητες,
1390 4010 1632 4078 ἀλώπεξι
1681 4015 1776 4066 καὶ

197 4103 457 4162 πετεινοῖς
476 4099 707 4172 ούρανοῦ
754 4100 1248 4172 παραϐαλλόμενοι,
1281 4104 1339 4155 ὲν
1366 4102 1443 4172 τῷ
1473 4103 1572 4174 βίῳ
1605 4106 1776 4176 τούτῳ

197 4191 526 4261 προκόψουσι
561 4192 869 4256 πλανῶντες
892 4195 987 4248 καὶ
1007 4193 1366 4265 πλανώμενοι.

269 4281 634 4355 ’Υψηλότερον
685 4285 761 4338 δέ·
819 4286 948 4338 Ὅτε
989 4285 1266 4358 ἐτεθνήκει
1311 4287 1390 4358 τῷ
1438 4287 1702 4358 νεανίσκῳ
1745 4289 1774 4340 ό

198 4375 366 4446 πατὴρ
420 4378 522 4429 καὶ
549 4373 615 4447 ἦν
644 4377 856 4448 νεκρὸς,
908 4378 1030 4432 τότε
1065 4378 1173 4431 ἀπὸ
1203 4378 1295 4431 τοῦ
1335 4377 1510 4449 Ἰησοῦ
1543 4379 1769 4450 ἐκλήθη.

195 4464 488 4536 Νομιστέον
504 4469 580 4532 δὲ,
606 4471 707 4532 ὅτι,
732 4470 920 4539 ὥσπερ
937 4473 966 4523 ό
987 4471 1189 4542 κόσμος
1211 4470 1407 4541 Παύλῳ
1430 4470 1772 4543 ἐσταύρωται

1957 3309 2116 3362 minis
2145 3325 2252 3363 non
2284 3309 2434 3364 habet
2460 3311 2549 3364 ubi
2577 3321 2729 3380 caput
2756 3311 2990 3366 reclinet.

1955 3465 2013 3521 Si
2043 3467 2207 3536 igitur
2233 3479 2455 3538 paratus
2486 3483 2545 3524 es
2593 3479 2673 3536 tu,
2721 3469 2945 3540 perinde
2988 3479 3152 3541 atque
3180 3485 3282 3542 ego
3303 3513 3321 3540 ,
3355 3487 3462 3528 non

1881 3557 2086 3617 habens
2111 3561 2200 3615 ubi
2225 3573 2385 3632 caput
2417 3560 2648 3617 reclines
2677 3577 2694 3628 ;
2727 3562 2894 3632 eliges
2919 3578 3015 3633 per
3045 3578 3219 3618 meam
3256 3563 3461 3620 doctri-

1882 3664 2007 3704 nam
2043 3649 2446 3707 instabilitatem
2473 3653 2580 3718 hic,
2609 3668 2704 3723 spe
2736 3655 2886 3722 regni
2936 3654 3222 3720 caelorum,
3244 3655 3296 3709 in
3319 3655 3463 3709 nulla

1882 3757 1940 3797 re
1966 3743 2201 3812 quietem
2244 3744 2333 3798 hic
2379 3755 2736 3814 exspectans,
2782 3746 2877 3800 sed
2935 3746 2986 3800 in
3023 3745 3202 3801 futuro
3240 3748 3461 3806 saculo.

1881 3835 2137 3905 Discipuli
2173 3851 2411 3904 namque
2441 3837 2545 3891 inci
2579 3836 2845 3904 justitiam
2885 3849 3232 3902 exercentes,
3268 3841 3322 3894 in
3354 3840 3460 3894 hoc

1880 3927 2080 3980 mundo
2110 3924 2454 3982 amictionem
2475 3914 2769 3983 habebunt.
2799 3929 3060 3984 llomines
3087 3946 3215 3986 vero
3255 3931 3382 3985 mali
3405 3942 3460 3986 et

1879 4018 2253 4086 fascinatorcs,
2276 4020 2525 4089 vulpibus
2553 4031 2609 4077 et
2638 4022 2948 4077 volucribus
2984 4023 3106 4077 caeli
3137 4024 3457 4093 comparati,

1877 4111 1930 4165 in
1956 4110 2060 4168 bac
2091 4112 2199 4166 vita
2230 4113 2533 4182 proﬁcient,
2561 4113 2892 4182 decipientes
2934 4125 2990 4168 et
3021 4115 3256 4185 decepti.

1947 4290 2243 4348 Sublimius
2272 4292 2684 4360 veronuando
2720 4303 2969 4350 mortuus
3004 4303 3088 4350 est
3123 4295 3454 4352 adolescenti

1876 4395 2032 4455 pater
2071 4389 2298 4455 eratque
2347 4386 2616 4450 cadaver,
2657 4396 2784 4440 tunc
2831 4402 2858 4438 a
2899 4385 3027 4442 Jesu
3076 4397 3298 4442 vocatus
3349 4396 3450 4442 est.

1874 4473 2304 4531 Existimandum
2336 4484 2420 4530 est
2441 4491 2601 4540 vero,
2629 4478 2771 4546 quod
2801 4477 3256 4545 quemadmodum
3298 4493 3453 4530 mun-

193 4560 276 4610 καὶ
324 4561 526 4630 νεκρὸς
555 4557 643 4632 ἦν,
693 4563 814 4615 ἐπεὶ
860 4561 1110 4634 τεθνήκει
1156 4562 1304 4633 αὐτῷ
1331 4563 1402 4616 τὰ
1432 4564 1528 4617 τοῦ
1561 4565 1768 4636 κόσμου

1887 4568 1975 4622 ius
2007 4567 2173 4624 Paulo
2215 4565 2510 4622 cruciﬁxus
2551 4576 2674 4633 est,
2704 4577 2758 4622 et
2794 4579 3040 4623 mortuus
3087 4579 3246 4635 erat;
3282 4569 3454 4638 siqui-

193 4651 512 4723 πράγματα,
545 4655 742 4724 μηκέτι
773 4654 910 4708 αύτά
944 4654 1232 4708 σκοποῦντι
1247 4655 1322 4718 ὼς
1349 4654 1654 4727 βλεπόμενα
1675 4659 1770 4710 καὶ

191 4743 518 4816 πρόσκαιρασ
543 4745 716 4807 οὕτως
748 4747 963 4817 ἑκάστῳ
989 4745 1182 4817 δικαίῳ
1205 4745 1433 4818 τέθνηκε
1454 4749 1482 4800 ό
1504 4747 1766 4812 διάϐολος,

189 4833 326 4899 ὅστις
349 4837 504 4908 αύτῷ
539 4835 632 4907 ἔζη
659 4838 1040 4908 ἁμαρτάνοντι.
1080 4837 1205 4903 Πᾶς
1235 4837 1343 4907 γὰρ
1363 4841 1394 4892 ό
1420 4837 1606 4892 ποιῶν
1656 4839 1770 4907 τὴν

190 4924 475 4996 ἁμαρτίαν
499 4929 570 4982 ἐκ
613 4929 717 4982 τοῦ
759 4929 1042 4983 διαϐόλου
1097 4931 1462 4999 γεγέννηται·
1503 4932 1663 4984 παντὶ
1712 4932 1768 4986 δὲ

191 5016 550 5089 ἁμαρτάνοντι
607 5022 700 5074 καὶ
754 5021 1046 5075 σκοποῦντι
1101 5023 1170 5076 τὰ
1200 5021 1327 5092 τῇδε
1361 5021 1426 5093 ζῇ
1469 5024 1498 5074 ό
1531 5024 1766 5093 πονηρὸς

189 5111 385 5181 πατήρ.
426 5112 597 5165 Παντὶ
637 5113 712 5176 δὲ,
747 5106 791 5180 ᾧ
831 5114 1061 5184 τέθνηκε
1094 5116 1122 5167 ό
1176 5114 1432 5186 πονηρὸς,
1471 5114 1666 5183 λέγοιτ’
1700 5114 1766 5167 ἂν

189 5198 285 5252 ὑπὸ
307 5201 403 5254 τοῦ
425 5203 662 5274 Χριστοῦ
691 5205 771 5270 τὸ,
804 5205 1145 5260 Ἀκολούθει
1162 5222 1284 5274 μοι.
1315 5206 1424 5260 Καὶ
1441 5205 1579 5276 τάχα
1597 5206 1767 5260 τοιοῦο

185 5293 268 5346 τόν
309 5297 428 5348 ἐστι
465 5296 743 5366 μυστικῶς
781 5298 1067 5369 νοούμενον
1109 5297 1170 5350 τὸ
1212 5299 1322 5352 δεῖν
1366 5299 1640 5370 μισεῖσθαι
1674 5299 1764 5367 ὑφ’

186 5385 334 5455 ἡμῶν
383 5389 475 5441 τὸν
523 5390 758 5460 πατέρα,
808 5393 856 5444 εί
893 5391 1180 5461 μέλλοιμεν
1229 5391 1366 5455 ἄξιοι
1405 5391 1624 5445 ἔσεσθαι
1669 5389 1762 5443 τοῦ

195 5478 384 5549 Ἰησοῦ.
406 5483 480 5534 Τὸ
499 5483 576 5547 δὲ,
604 5482 749 5551 Τοὺς
775 5483 1030 5552 νεκροὺς
1059 5482 1245 5551 θάψαι
1260 5483 1404 5548 τοὺς
1419 5481 1649 5536 ἑαυτῶν
1672 5499 1764 5535 νε-

185 5575 379 5640 κροὺς,
407 5575 787 5646 ἀλληγορεῖται
808 5579 988 5647 μόνον.
1016 5578 1293 5632 ϐάπτουσι
1303 5577 1412 5647 γάρ
1437 5594 1553 5640 πως
1576 5577 1760 5645 νεκροὶ

181 5663 301 5728 τοὺς
343 5667 551 5720 ἑαυτῶν
583 5668 810 5738 νεκροὺς
842 5669 898 5721 ὲν
919 5669 1147 5732 ἑαυτοῖς,
1185 5669 1344 5738 τάφοι
1378 5667 1473 5720 καὶ
1521 5669 1759 5738 μνημεῖα

210 5869 292 5925 ι⁹’
317 5869 479 5924 Joan.
509 5888 550 5930 ι.
580 5871 666 5926 99.
746 5873 793 5906 ’³
824 5872 987 5927 llebr.
1027 5889 1086 5936 It,
1125 5875 1212 5928 H.
1287 5875 1333 5906 ⁹⁹
1371 5874 1566 5930 Ezeclt.
1635 5892 1779 5938 xvm,

230 5937 387 5996 l'rov.
417 5955 457 6004 ι,
483 5942 570 5999 26.
649 5943 713 5997 ἰ
751 5942 906 6001 Joan.
942 5960 1022 6004 ιιι,
1057 5944 1110 6000 8.
1191 5945 1209 5976 ⁸
1242 5943 1375 6000 Luc.
1429 5961 1512 6004 nt.
1544 5946 1630 6002 59.
1709 5947 1727 5977 ⁷
1769 5947 1779 6004 i

1917 5875 2007 5928 20.
2101 5877 2118 5908 ¹
2153 5874 2297 5933 Psal.
2325 5891 2385 5943 ιι,
2413 5874 2469 5934 9..

1887 5986 1899 6001 .
1943 5947 2030 6002 60.

1713 5964 1720 5977 ’
1769 5963 1899 6006 ιυια.
1943 5963 2030 6002 υυ.

185 5939 206 5967 ⁸
230 5937 387 5996 l'rov.
417 5955 457 6006 ι,
483 5942 570 5999 26.
649 5943 713 5997 ἰ
751 5942 906 6001 Joan.
942 5960 1022 6013 ιιι,
1057 5944 1110 6000 8.
1191 5945 1209 5976 ⁸
1242 5943 1375 6000 Luc.
1429 5961 1512 6014 nt,
1544 5946 1630 6002 59.

1872 4660 1994 4714 dem
2027 4669 2257 4714 mortuae
2289 4669 2445 4716 erant
2468 4661 2516 4714 ei
2543 4661 2830 4714 mundanae
2864 4675 2968 4724 res,
2998 4663 3194 4730 quippe
3224 4661 3314 4732 qui
3347 4677 3450 4715 non

1873 4748 2104 4818 amplius
2134 4749 2256 4806 illas
2308 4751 2658 4821 respiciebat,
2705 4761 2896 4820 utpote
2927 4760 3246 4821 apparentes
3293 4754 3452 4806 modo

1871 4851 1926 4895 et
1952 4842 2291 4896 transitorias
2329 4843 2454 4897 :sic
2493 4841 2691 4912 cuique
2729 4841 2881 4910 justo
2917 4852 3162 4896 mortuus
3199 4851 3280 4897 est
3332 4841 3450 4895 dia-

1868 4931 2062 4999 bolus,
2120 4934 2213 5002 qui
2268 4934 2317 4987 ei
2359 4934 2573 4988 vivebat
2623 4933 2894 5002 peccanti.
2951 4930 3137 4985 Omnis
3171 4932 3308 4984 enim
3355 4931 3448 4999 qui

1868 5026 1994 5093 facit
2044 5033 2346 5092 peccatum,
2390 5039 2454 5077 ea:
2499 5025 2709 5078 diabolo
2740 5037 2893 5078 natus
2921 5034 2999 5078 est
3026 5025 3048 5056 ⁸
3084 5041 3096 5078 :
3135 5038 3280 5077 omni
3319 5036 3447 5075 vero

1867 5117 2132 5187 peccanti,
2160 5126 2217 5170 et
2245 5116 2555 5184 respicienti
2596 5118 2710 5172 haec
2761 5118 3016 5171 citeriora
3052 5126 3106 5170 et
3137 5117 3404 5168 mundana
3427 5151 3444 5177 ,

1869 5205 2004 5258 vivit
2028 5206 2201 5258 malus
2232 5215 2405 5273 pater.
2439 5204 2512 5259 At
2537 5205 2841 5275 cuicunque
2865 5214 3112 5260 mortuus
3137 5204 3300 5258 luerit
3330 5219 3447 5256 ma-

1867 5294 1951 5353 lus
1996 5304 2182 5364 pater,
2215 5293 2428 5350 dicetur
2472 5309 2502 5348 a
2539 5294 2758 5352 Christo
2784 5333 2798 5359 ,
2832 5294 3056 5365 Sequere
3105 5312 3184 5348 me
3206 5294 3248 5350 ‘.
3281 5293 3444 5350 Forte

1867 5386 2029 5441 etiam
2083 5387 2309 5457 mystice
2360 5387 2690 5442 intellectum
2741 5389 3072 5442 tantumdem
3117 5388 3258 5442 valet
3284 5388 3436 5453 illud,

1866 5489 2116 5549 oportere
2143 5479 2268 5533 odio
2297 5479 2482 5533 babcrl
2524 5496 2550 5532 a
2578 5479 2736 5534 nobis
2772 5488 3000 5548 patrem,
3027 5479 3071 5535 si
3107 5479 3442 5559 voluerimus

1867 5571 2015 5644 digni
2073 5569 2294 5626 Christo
2346 5586 2485 5626 esse.
2529 5571 2662 5626 Illud
2707 5588 2903 5643 porro,
2936 5573 3174 5628 Mortuus
3222 5574 3442 5641 sepelire

1866 5676 2097 5719 mortuos
2127 5681 2250 5720 suos
2267 5667 2311 5732 ",
2331 5666 2619 5735 allegorice
2648 5675 2853 5721 tantum
2884 5668 3078 5737 exponi
3115 5675 3308 5738 potest.
3340 5667 3442 5744 Se-

2575 5876 2597 5909 ¹
2624 5874 2752 5932 ibid.
2915 5873 2933 5908 ³
2967 5874 3122 5932 Rom.
3175 5889 3306 5941 vm,
3342 5874 3433 5930 29.
