3926 6528
211 423 288 475 5θῶ
1470 418 1760 476 SCIIOLIA

1907 418 2164 478 LUCAM.

3352 431 3459 486 εει

207 542 325 617 Esi}.
359 540 476 617 με’ζ
511 544 719 617 Μαρία
773 545 850 617 δὲ
897 543 1013 612 τὴν
1057 542 1303 617 ᾀγαθὴν
1325 542 1551 617 “quidm
1577 539 1776 608 ἐξελέ-

1893 538 1947 594 ν.
1980 542 2070 617 ιε.
2111 541 2492 617 Haria_autem
2535 544 2722 598 bonum
2759 553 2959 613 partem
2991 544 3176 616 elegit,
3205 562 3323 617 qua:
3355 564 3460 604 non

256 611 404 676 ξατο,
439 611 576 678 ἥτις
606 616 732 667 οὐκ
767 611 1244 684 ἀφαιρεθήσεται
1272 611 1376 668 ἀπ’
1400 611 1613 682 αὐτῆς.

260 702 340 763 Ei;
364 701 460 771 μὲν
483 697 579 755 οὖν
602 703 694 766 τὸ,
737 705 917 772 Ἑνός
931 706 1062 762 ἐστι
1089 704 1279 774 χρεία,
1303 705 1365 758 τὸ
1399 702 1776 775 Ἀγαπήσεις,

206 794 435 864 χρήσιμον
469 792 612 863 (98),
664 794 788 849 τὸν
833 797 1106 864 πλησίον
1133 811 1248 850 σου
1291 796 1372 862 ὡς
1400 796 1651 850 ἑαυτόν·
1701 797 1780 858 εις

206 884 247 934 δὲ
285 883 355 944 τὸ,
411 883 676 952 Ὀλὶγων
727 886 873 941 ἐστὶ
929 887 1118 956 χρεία,
1169 886 1508 958 παραθήσεις
1559 887 1654 940 τό’
1696 889 1778 941 Οὐ

205 972 432 1041 κλέψεις,
461 975 536 1028 οὐ
589 977 1234 1047 ψευδομαρτυρήσεις,
1289 980 1382 1033 καὶ
1448 979 1502 1031 εἴ
1548 996 1601 1031 τι
1652 979 1780 1034 ἄλλο

205 1067 367 1134 ὁμοίως
416 1064 663 1137 εἴρηται.
720 1069 970 1142 Ἐκλάϐῃ
1018 1069 1074 1123 δὲ
1119 1067 1347 1139 Μάρθαν
1401 1066 1500 1139 μὲν
1555 1069 1636 1131 εἰς
1679 1067 1778 1139 τὴν

206 1157 385 1228 πρᾶξιν,
414 1157 645 1227 Μαρίαν
694 1160 759 1212 δὲ
798 1163 882 1224 εἰς
915 1161 1013 1232 τὴν
1043 1160 1289 1233 θεωρίαν.
1340 1162 1410 1212 Ἦ
1437 1161 1536 1230 τὴν
1574 1159 1672 1230 μὲν
1699 1161 1778 1223 εἰς

203 1252 276 1320 τὴν
308 1249 586 1314 Ἰουδαίαν,
628 1253 746 1323 τὴν
781 1253 840 1306 δὲ
872 1256 955 1317 είς
990 1254 1087 1325 τὴν
1130 1253 1189 1318 ἐξ
1217 1253 1384 1307 ἐθνῶν
1431 1252 1772 1324 Ἐκκλησίαν.

207 1341 259 1394 Ἦ
279 1340 494 1412 Μάρθαν
523 1341 632 1412 μὲν
670 1345 764 1407 εἰς
792 1345 926 1408 τοὺς
951 1346 1016 1398 ὲκ
1060 1343 1358 1417 περιτομῆς
1387 1343 1778 1405 πιστεύσαντας

204 1433 274 1484 καὶ
302 1432 675 1500 φυλάττοντας
723 1435 1046 1499 Ἰουδαϊκῶς
1091 1435 1160 1489 τὰ
1203 1435 1296 1488 τοῦ
1342 1437 1526 1508 νόμου,
1559 1435 1777 1508 Μαρίαν

202 1522 241 1575 δὲ
263 1523 370 1586 τοὺς
391 1521 604 1576 τούτων
638 1526 1135 1598 ἀπηλλαγμένους,
1185 1529 1278 1582 καὶ
1307 1528 1486 1599 μόνοις
1514 1530 1626 1592 τοῖς
1673 1529 1778 1600 ’1η-

205 1613 274 1664 soi)
301 1615 418 1666 ποσὶ
448 1615 1051 1688 προσκαθεζομένους.
1101 1619 1383 1690 Διαφόρως
1416 1619 1524 1690 γὰρ
1555 1618 1777 1672 ἐπιϐάλ-

202 1703 299 1767 λων,
318 1706 567 1776 εὑρήσεις
597 1707 857 1779 Μάρθαν
882 1711 982 1780 μὲν
1015 1711 1498 1782 σωματικωτέραν,
1526 1712 1620 1766 καὶ
1646 1712 1774 1783 περὶ

202 1796 337 1850 πολλὰ
374 1798 739 1871 είλουμένην,
786 1802 1014 1874 Μαρίαν
1047 1802 1103 1854 δὲ
1144 1804 1209 1873 τῇ
1245 1801 1448 1874 θεωρίᾳ
1493 1802 1650 1874 μόνῃ,
1681 1803 1775 1856 καὶ⁹

203 1893 288 1953 τοῖς
315 1895 725 1962 πνευματικοῖς
757 1895 1230 1968 προσανέχουσαν.

832 2157 994 2210 ΚΕΦ.
1038 2158 1132 2212 IA'.

202 2242 320 2330 trix;
340 2241 401 2330 β’.
451 2245 663 2330 Πᾴςερ
697 2246 903 2330 ἡμῶν,
949 2250 982 2301 ὁ
1123 2247 1246 2330 τοῖς
1268 2247 1576 2330 ὀθρανοᾼῖςς
1608 2249 1774 2319 ἁγια-

254 2315 433 2379 σθήτω
461 2315 530 2369 τὸ
563 2316 781 2385 ὄνομά
812 2335 934 2371 σου
953 2334 968 2347 ο
999 2317 1218 2372 ἐλθέτω
1248 2320 1287 2388 ἡ
1318 2319 1608 2383 ,ϐασιλεία
1636 2315 1772 2373 σου.

251 2398 396 2475 οἶμαι
423 2406 502 2469 δὲ,
540 2407 632 2460 ὅτι
687 2407 880 2470 οὐδεὶς
908 2407 1054 2475 λέγοι
1090 2405 1168 2477 τῷ
1193 2406 1312 2477 Θεῷ
1353 2407 1413 2460 τὸ
1441 2407 1650 2476 Πάτερ,
1700 2409 1774 2480 μὴ

201 2496 596 2569 ππληρωμένος
610 2498 723 2552 τοῦ
740 2499 850 2569 τῆς
875 2497 1144 2562 υἱοθεσίας
1170 2497 1504 2570 πνεύματος·
1530 2500 1622 2552 καὶ
1647 2499 1776 2563 Υἱὸς

200 2588 397 2653 δοξάζων
430 2589 680 2661 Πατέρα
718 2589 878 2658 λέγοι
920 2589 988 2644 ἂν
1034 2589 1254 2658 Πάτερ·
1295 2589 1536 2660 φυλάξας
1576 2590 1632 2643 δὲ
1677 2591 1776 2661 τὴν

201 2680 397 2751 ἐντολὴν,
441 2681 546 2752 τὴν
609 2679 904 2750 λέγουσαν
923 2697 938 2710 θ
1004 2679 1292 2749 Ἀγαπᾶτε
1339 2680 1481 2746 τοὺς
1522 2679 1775 2750 ἐχθροὺς

201 2770 347 2842 ὑμῶν,
377 2775 825 2846 προσεύχεσθε
859 2772 1012 2841 ὑπὲρ
1056 2771 1176 2826 τῶν
1221 2772 1556 2827 διωκόντων
1596 2769 1773 2842 ὑμᾶς,

201 2863 323 2931 ὅπως
348 2865 612 2935 γένησθε
654 2863 778 2920 υἱοὶ
809 2864 925 2919 τοῦ
955 2862 1183 2932 Πατρός
1209 2863 1395 2934 ὑμῶν,
1425 2865 1531 2918 τοῦ
1559 2864 1629 2919 ἐν
1652 2865 1775 2931 τοῖς

199 2957 456 3024 δίψαν-οῖς.

261 3048 494 3103 Ἐλθέτω
535 3049 578 3116 ἡ
613 3048 932 3113 ,βασιλεία
965 3063 1099 3103 σου.
1140 3049 1256 3102 Ἵνα
1301 3047 1622 3120 καταργηθῇ
1678 3049 1776 3120 μὲν

202 3140 319 3192 πᾶσα
341 3140 481 3212 ἀρχὴ
511 3141 620 3194 καὶ
650 3139 887 3206 ἐξουσία
915 3140 1008 3194 καὶ
1037 3139 1285 3211 δύναμις,
1318 3139 1473 3193 ἔτιδὲ
1506 3141 1600 3192 καὶ
1626 3141 1774 3192 πᾶσα

1951 612 2225 680 auferetur
2249 614 2314 666 ab
2343 630 2425 666 ea.

1949 701 2028 753 Ad
2056 701 2453 770 explanandum
2487 703 2616 759 illud
2644 721 2659 759 :
2697 703 2812 759 Uno
2838 722 2968 774 opus
3001 716 3104 770 est,
3129 706 3266 761 n'ile
3299 706 3460 762 fuerit

1880 792 2020 860 quod
2096 791 2292 846 dicitur
2338 807 2353 847 :
2404 794 2600 864 Diliges
2664 798 2958 865 proximum
3014 808 3164 851 tuum
3216 799 3352 852 sicut
3409 808 3462 852 te

1879 884 2068 949 ipsum.
2120 883 2256 940 Cum
2295 886 2383 941 illo
2432 897 2636 953 antem,
2693 887 2886 944 Paucis
2935 902 3010 944 est
3064 907 3216 955 opus,
3266 889 3461 946 cont‘er

1881 976 2060 1030 illud:
2111 975 2233 1031 Non
2283 977 2570 1046 furaberis,
2625 996 2726 1033 non
2785 982 2924 1035 dices
2976 983 3170 1048 falsum
3222 983 3459 1036 testimoo

1879 1067 2022 1120 nium
2054 1069 2122 1134 ¹²,
2149 1078 2205 1124 et
2239 1069 2284 1123 si
2322 1071 2451 1138 quid
2486 1071 2631 1124 aliud
2681 1071 2933 1126 similiter
2963 1073 3163 1126 dictum
3213 1084 3318 1128 est.
3355 1073 3460 1127 Ac-

1878 1157 2044 1226 cipies
2088 1173 2303 1228 quoque
2337 1158 2603 1213 Martham
2654 1159 2720 1214 ad
2763 1159 3091 1214 innuendam
3143 1162 3412 1216 actionem
3439 1199 3456 1225 ,

1879 1248 2100 1303 Mariam
2141 1265 2269 1303 vero
2301 1252 2367 1304 ad
2406 1251 2736 1304 innuendam
2789 1251 3327 1318 contemplationem.
3358 1249 3457 1304 Vel

1877 1339 2023 1393 illam
2050 1339 2265 1410 quidem
2296 1342 2348 1396 in
2380 1343 2680 1413 symbolum
2712 1341 2931 1406 Jndaxe,
2963 1343 3103 1397 hanc
3137 1343 3188 1396 in
3227 1342 3456 1407 ﬁguram

1878 1431 2132 1486 Ecclesiae
2161 1433 2422 1502 gentium.
2459 1433 2584 1487 Sive
2613 1433 2822 1488 Martha
2852 1433 3179 1504 signiﬁcabit
3209 1449 3327 1497 eos,
3361 1433 3453 1502 qui

1875 1535 1942 1574 ex
1993 1522 2409 1577 circumcisione
2470 1523 2852 1588 crediderunt,
2901 1533 2955 1576 et
3007 1522 3176 1590 legem
3231 1521 3456 1576 .lndaice

1875 1613 2198 1679 observant;
2230 1613 2397 1667 Maria
2430 1615 2616 1669 innuet
2646 1630 2740 1669 eos
2764 1616 2853 1684 qui
2884 1632 2914 1668 a
2946 1613 3207 1683 legalibus
3243 1614 3454 1667 liberati

1876 1716 2022 1769 sunt,
2053 1716 2106 1758 et
2144 1709 2211 1760 ad
2251 1707 2398 1761 solos
2426 1706 2556 1761 Jesu
2596 1708 2760 1778 pedes
2789 1708 3051 1762 assident.
3085 1707 3458 1762 Diversimode

1875 1798 2019 1850 enim
2057 1813 2168 1852 rem
2226 1798 2586 1868 perpendens,
2635 1799 2877 1854 invenies
2915 1798 3184 1853 Martham
3233 1797 3456 1867 quidem

1804 1885 1849 1944 Β
1879 1888 2039 1942 rebus
2084 1888 2362 1957 corporeis
2414 1889 2641 1944 nimium
2693 1890 2976 1960 aliquanto
3023 1891 3352 1954 obnoxiam,
3401 1899 3458 1943 et

1881 1979 2025 2050 circa
2063 1983 2228 2034 multa
2266 1992 2568 2036 versantem
2596 2021 2612 2045 ,
2645 1981 2866 2036 Mariam
2898 1999 3028 2037 vero
3075 1981 3175 2038 soli
3214 1990 3459 2038 contem-

1883 2071 2129 2140 plationi,
2156 2081 2208 2128 et
2239 2072 2403 2128 rebus
2434 2073 2809 2142 spiritualibns
2839 2083 3146 2134 vacantem.

2520 2162 2674 2218 CAP.
2715 2163 2808 2220 XI.

1883 2249 1947 2304 ν.
1979 2252 2034 2305 2.
2061 2252 2219 2307 Pater
2255 2265 2451 2316 noster,
2477 2256 2654 2335 quiin
2682 2256 2858 2320 caelis;
2884 2258 3247 2318 sancti/inetur
3275 2275 3459 2312 nomen

2249 2335 2395 2376 tuum
2425 2339 2444 2377 :
2472 2336 2642 2378 veniat
2683 2342 2897 2395 regnum
2928 2336 3096 2382 tuum.

1954 2412 2111 2480 Puto,
2143 2415 2266 2484 quia
2299 2431 2459 2471 nemo
2483 2416 2689 2470 diceret
2728 2417 2835 2472 Deo
2863 2417 3048 2485 Pater,
3076 2420 3176 2474 nisi
3225 2421 3459 2490 repletus

1882 2507 2074 2574 spiritu
2131 2507 2434 2576 adoptionis
2476 2525 2491 2562 :
2542 2522 2606 2563 ac
2654 2506 2822 2564 Filius
2851 2508 3162 2580 gloriﬁcans
3207 2509 3458 2575 Patrem,

1883 2598 2024 2653 «licet
2052 2597 2262 2666 utique,
2299 2597 2480 2664 Pater,
2508 2609 2564 2653 at
2595 2602 2908 2656 custodiens
2946 2603 3280 2668 mandatum,
3313 2606 3459 2672 quod

1882 2689 2005 2744 ait:
2053 2689 2270 2760 Diligite
2321 2692 2564 2747 inimicos
2637 2704 2855 2757 vestros,
2913 2705 3058 2748 orate
3128 2709 3223 2763 pro
3289 2707 3463 2764 perse-

1880 2781 2154 2849 quentibus
2186 2797 2294 2846 vas,
2327 2791 2383 2836 ut
2415 2783 2536 2836 sitis
2565 2782 2668 2848 filii
2703 2781 2879 2838 Patris
2911 2786 3086 2850 vestri,
3118 2785 3208 2855 qui
3237 2785 3291 2838 in
3321 2782 3464 2839 caelis

1881 2883 1954 2926 est
1983 2872 2027 2905 ³⁸

1961 3049 2152 3106 Veniat
2190 3066 2407 3119 regnum
2437 3055 2610 3106 tuum.
2652 3049 2724 3104 Ut
2766 3059 3058 3104 evacuetur
3089 3050 3267 3104 omnis
3309 3059 3464 3120 pote-

1883 3153 1996 3199 stas
2039 3153 2094 3197 et
2128 3139 2324 3205 virtus,
2380 3142 2619 3210 itemque
2671 3155 2830 3196 omne
2883 3157 3103 3212 regnum
3145 3141 3366 3204 mumli,
3409 3151 3465 3196 et

203 3228 406 3296 βασιλεία
431 3230 531 3284 τοῦ
555 3231 808 3302 κόσμου,
848 3231 945 3284 καὶ
979 3233 1012 3302 ἡ
1047 3229 1402 3300 βασιλεύουσα
1425 3233 1482 3285 ὲν
1507 3235 1618 3296 τοῖς
1645 3231 1772 3302 θνη-

1893 3235 2015 3305 mod
2047 3235 2234 3304 regnat
2285 3233 2335 3286 in
2370 3233 2686 3288 mortalibus
2731 3235 3052 3300 corporibus
3092 3234 3296 3287 nostris
3325 3248 3454 3302 pec-

201 3325 282 3386 :oi;
302 3323 447 3395 ἡμῶν
480 3323 750 3396 σώμασιν
783 3321 1071 3394 ἁμαρτία⁸
1109 3322 1325 3377 πάντων
1357 3321 1414 3375 δὲ
1443 3320 1648 3375 τούτων
1677 3321 1774 3392 βα-

205 3416 383 3490 σιλεύσῃ
395 3419 433 3479 ιό
461 3418 632 3482 Θεός.

205 3509 317 3579 Στὶχ.
351 3511 418 3580 Υ.
465 3512 588 3566 Τὸν
633 3510 833 3579 ἄρτον
876 3509 1046 3578 ἡμῶν
1091 3508 1197 3562 τὸν
1235 3508 1551 3562 ἐπιούσιον
1586 3505 1779 3559 δίδου.

263 3599 594 3670 Ἀναγκαίως
639 3599 700 3653 δὲ
748 3599 857 3652 καὶ
888 3596 950 3650 τὸ
994 3598 1122 3651 καθ’
1167 3597 1398 3664 ἡμέραν
1437 3593 1777 3664 πρόσκειται.

203 3687 344 3743 Οἱονεὶ
368 3689 476 3762 γὰρ
500 3687 904 3757 ὲπισκευαστή
930 3687 1075 3738 ἐστιν
1100 3685 1254 3755 ήμῶν
1279 3686 1312 3755 ἡ
1338 3682 1451 3755 ζωὴ
1473 3684 1505 3756 ἡ
1529 3681 1778 3753 ἀληθινὴ,

206 3783 270 3835 iv:
292 3786 420 3838 κατὰ
447 3786 593 3840 Θεὸν
632 3784 785 3858 ζήσῃ
813 3783 846 3836 ὁ
874 3780 985 3834 ἔσω
1007 3779 1318 3852 ἄνθρωπος.

205 3873 320 3947 Στίχ.
353 3885 411 3946 ε’,
441 3885 520 3943 ς’,
559 3877 634 3942 ζ’.

257 3967 318 4020 Τὸ
349 3971 444 4040 μὲν
471 3967 598 4035 οὖν,
649 3969 745 4034 Τίς
777 3968 855 4032 ἐξ
882 3964 1068 4036 ὑμῶν,
1099 3963 1234 4036 πρὸς
1263 3962 1390 4025 τοὺς
1421 3957 1665 4032 μαθητὰς
1692 3957 1781 4010 λέ-

209 4075 357 4126 γετιιν
395 4063 456 4116 τὸ
495 4063 584 4128 δὲ,
628 4061 757 4126 ἔξει
805 4060 1016 4128 φίλον,
1044 4057 1131 4110 ἵνα
1161 4056 1290 4126 είπῃ
1324 4053 1415 4107 τὸν
1456 4051 1590 4105 Θεὸν
1631 4050 1781 4120 φίλον

207 4157 502 4225 τδγχάνοντα
530 4158 657 4218 τοῖς
697 4153 908 4222 ἁγίοις,
937 4151 1012 4214 ὡς
1035 4151 1240 4220 Μωῦσῇ
1269 4147 1363 4200 καὶ
1387 4144 1465 4216 τῷ
1509 4143 1780 4212 Ἀϐραάμ.

209 4246 328 4318 Τάχα
348 4251 402 4303 δὲ
431 4251 536 4304 καὶ
569 4244 943 4319 μεσονύκτιον
964 4243 993 4294 ὁ
1023 4238 1451 4310 συνεσταλμένος
1479 4230 1634 4298 οὗτός
1666 4235 1782 4287 ἐστι

1881 3337 2060 3382 catum
2086 3341 2100 3389 ;
2130 3337 2292 3393 super
2322 3325 2406 3378 his
2439 3333 2620 3378 autetn
2648 3325 2902 3380 onmibns
2935 3337 3122 3396 regnet
3155 3328 3316 3381 Deus.

1953 3501 2021 3560 ν.
2047 3505 2102 3561 '5.
2139 3504 2333 3558 Panem
2371 3514 2604 3557 nostrum
2633 3503 2966 3574 suﬁicieutem
2995 3505 3084 3558 da.

1963 3595 2290 3652 Necessario
2365 3594 2676 3666 adjungitnr
2730 3598 2988 3666 quotidie.
3053 3596 3464 3662 Quodammodo

1881 3689 2024 3743 enim
2061 3688 2414 3743 instaurativa
2447 3697 2530 3743 est
2570 3696 2814 3741 nostrum
2852 3705 2976 3743 vera
3023 3689 3152 3751 vita,
3181 3697 3239 3742 ut
3267 3703 3467 3742 secun-

1881 3781 2006 3834 dmn
2038 3781 2205 3835 Deum
2238 3780 2385 3834 vivat
2417 3781 2645 3835 interior
2679 3781 2860 3835 homo.

1953 3870 2020 3925 V.
2051 3871 2110 3932 5.
2134 3871 2189 3933 6,
2219 3870 2271 3926 7.

1953 3961 2083 4016 Illud
2109 3961 2298 4032 igitur,
2329 3960 2462 4028 Quis
2489 3977 2553 4014 ex
2590 3961 2756 4024 vobis,
2789 3961 2853 4015 ad
2898 3960 3196 4030 discipulos
3232 3960 3463 4024 dicitur;

1882 4065 1937 4108 at
1970 4054 2135 4120 illud,
2183 4053 2392 4107 habebit
2440 4055 2703 4116 amicum,
2746 4053 2822 4106 ait
2872 4067 2982 4118 quo
3026 4059 3234 4105 asserat
3297 4049 3462 4103 Deum

1883 4147 2116 4202 amicum
2161 4161 2280 4201 csse
2318 4153 2660 4207 sanctorum,
2708 4152 2766 4198 nt
2807 4143 3006 4215 Moysis
3055 4152 3110 4197 et
3158 4141 3458 4196 Abraham.

1887 4234 2279 4290 \‘erosimiliter
2343 4233 2765 4297 medinoctimn,
2815 4243 2899 4289 est
2967 4233 3130 4289 breve
3185 4233 3285 4286 hoc
3339 4231 3466 4284 vine

1888 4340 2094 4398 tempus
2144 4328 2362 4397 quando
2424 4327 2826 4381 exterminator
2882 4325 3188 4392 ingreditur
3253 4338 3467 4378 omnem

211 4431 351 4484 οὶκίαν
369 4434 468 4505 τῆς
503 4434 570 4485 ὲν
596 4431 800 4501 κόσμῳ
841 4425 1140 4494 Αἰγύπτου,
1169 4422 1298 4477 ἔνθα
1336 4422 1410 4495 μὴ
1437 4421 1722 4493 κέχρισται
1747 4421 1776 4490 ἡ

1893 4423 2104 4475 domum
2157 4417 2442 4474 mundana:
2504 4416 2759 4489 Egypti,
2807 4417 2898 4472 ubi
2934 4433 3040 4472 non
3092 4417 3191 4471 fuit
3240 4428 3464 4474 uncttnn

213 4521 312 4588 ςλιὰ
340 4525 414 4596 τῷ
436 4523 545 4578 τοῦ
575 4519 831 4594 Χριστοῦ
862 4520 1073 4590 αἵματι.
1105 4517 1255 4569 Αίτεῖ
1284 4515 1340 4568 δὲ
1370 4516 1398 4568 ὁ
1426 4512 1669 4584 μαθητὴς
1693 4510 1776 4564 τὸν

1893 4512 2051 4566 limen
2120 4511 2386 4582 sanguine
2453 4507 2683 4565 Christi.
2745 4509 2992 4564 Postulat
3062 4507 3358 4578 disctpulus
3403 4508 3473 4561 ab

214 4613 332 4678 φίλον
364 4595 523 4688 τρεῖς
547 4616 781 4686 ἄρτους,
810 4609 1136 4682 βουλόμενος
1157 4607 1353 4679 θρέψαι
1377 4608 1443 4677 τῇ
1477 4605 1604 4676 περὶ
1626 4603 1776 4676 Τριά-

1893 4603 2070 4658 amico
2106 4609 2214 4657 tres
2254 4615 2440 4670 panes,
2491 4600 2678 4656 volens
2719 4601 2931 4656 nutrire
2971 4599 3216 4655 doctrina
3263 4600 3328 4654 de
3373 4595 3469 4651 Dei

212 4705 277 4769 δος
300 4707 552 4780 θεολογίᾳ
577 4708 674 4762 τὸν
697 4705 1000 4776 γενόμενον
1028 4703 1162 4774 πρὸς
1185 4701 1345 4755 αὑτὸν
1371 4699 1478 4754 ἀπὸ
1513 4699 1614 4770 τῆς
1637 4696 1776 4763 ὁδοῦ,

1896 4695 2134 4752 trinitate
2164 4698 2468 4751 venientem
2503 4696 2569 4751 ad
2602 4709 2661 4752 se
2691 4695 2760 4748 de
2793 4695 3007 4756 itinere.
3045 4702 3103 4746 ut
3141 4693 3213 4746 ait
3243 4708 3257 4744 :
3300 4691 3470 4746 Extra

215 4799 329 4851 καθά
366 4817 577 4872 φησιν’
641 4797 887 4863 Ἐκτὸς,
913 4795 1057 4865 ἐμοῦ
1107 4796 1179 4849 οὺ
1223 4793 1490 4846 δύνασθε
1535 4787 1776 4857 ποιῆσαι

1893 4804 1972 4841 me
2006 4806 2109 4844 non
2164 4791 2379 4858 potestis
2428 4789 2598 4856 facere
2658 4788 2944 4858 quidquam
2971 4787 3034 4839 “.
3080 4787 3147 4839 At
3201 4785 3472 4853 quomodo

215 4877 378 4946 οὐδέν.
419 4890 594 4944 Ἀλλὰ
625 4889 748 4953 πῶς
797 4886 1155 4956 ἀποκρίνεται
1196 4883 1398 4937 ἔσωθεν
1436 4885 1464 4937 ὁ
1509 4881 1661 4951 φίλος
1699 4879 1776 4932 λέ-

1898 4883 2184 4952 respondet
2216 4883 2283 4937 de
2314 4883 2459 4937 intus
2492 4883 2718 4946 antiCus,
2749 4881 2937 4936 dicens
2975 4897 2988 4934 ε
3026 4878 3107 4932 Ne
3148 4879 3276 4930 mihi
3316 4892 3473 4944 nego-

217 4993 327 5042 TW°
358 4982 452 5048 Μή
486 4999 594 5050 μοι
626 4982 831 5034 κόπον
875 4975 1130 5044 πάρεχε;
1159 4976 1422 5046 Ζητήσεις
1461 4972 1539 5033 δὲ,
1579 4972 1776 5042 μήποτε

1895 4973 2026 5026 tium
2067 4972 2335 5041 facessas?
2366 4970 2588 5038 Quaeres
2624 4984 2774 5032 vero,
2807 4985 2875 5024 an
2912 4970 3048 5021 forte
3088 4966 3179 5035 qui
3225 4965 3473 5018 laborant

219 5070 256 5121 οἱ
281 5075 574 5137 κοπιῶντες
608 5073 706 5127 καὶ
743 5071 1170 5142 πεφορτισμένοι
1198 5068 1324 5130 τοὺς
1353 5063 1561 5119 ἑαυτῶν
1588 5061 1776 5125 κόπους

1897 5074 1951 5118 et
1996 5063 2202 5116 onerati
2247 5071 2394 5126 sunt,
2441 5061 2554 5116 suis
2593 5060 2872 5116 laboribus
2908 5077 3012 5112 non
3063 5056 3334 5111 facessant
3371 5070 3470 5106 ιιι·-

221 5167 470 5236 ταρέχωσι
499 5167 579 5238 τῷ
611 5165 858 5236 Σωτῆρι.
891 5163 981 5215 Διὸ
1015 5163 1117 5228 τὰς
1140 5161 1457 5223 ἀσθενείας
1489 5152 1658 5223 ἡμῶν
1688 5151 1776 5221 φέ-

1896 5155 2099 5223 gotittnt
2165 5153 2456 5205 Salvatori.
2511 5151 2807 5220 Propterea
2879 5149 3208 5215 inﬁrmitates
3267 5154 3472 5198 nostras

221 5272 306 5319 tat.
322 5235 413 5313 καὶ
436 5235 573 5326 περῖ
590 5235 1102 5327 ἠμῶνόδυνᾷται.
1128 5253 1199 5307 Ἦ
1221 5252 1409 5321 ὥσπερ
1424 5246 1560 5317 τῷδε
1582 5245 1654 5316 μὴ
1679 5243 1776 5313 (99]

1893 5253 2098 5312 portat,
2143 5251 2189 5295 et
2236 5258 2328 5308 pro
2364 5243 2508 5295 nobis
2561 5241 2699 5294 dolet
2740 5241 2804 5293 ¹⁸.
2843 5239 2937 5294 Vel
2990 5239 3130 5292 sicut
3186 5235 3312 5288 huic
3366 5249 3472 5285 non

226 5346 353 5401 ὑπνοῖ
373 5352 402 5402 b
424 5351 580 5414 Θεὸς,
621 5349 777 5416 ἄλλῳ
806 5346 866 5398 δὲ
905 5345 1266 5416 ἁμαρτάνοντι
1297 5337 1610 5413 ὀργίζεσθαι
1637 5334 1776 5403 λέγε-

1899 5335 2098 5387 dormit
2137 5331 2296 5397 Deus,
2345 5333 2500 5386 alteri
2538 5348 2670 5387 vero
2718 5331 2966 5401 peccanti
3023 5331 3182 5384 irasci
3229 5327 3470 5383 dicitur:

225 5451 316 5490 ται·
343 5440 480 5492 οὕτω
509 5441 604 5492 καὶ
640 5439 822 5492 κόπον
843 5435 986 5505 ἔχειν
1012 5436 1118 5488 ἀπὸ
1141 5433 1235 5488 τοῦ
1259 5433 1589 5504 παρέχοντος
1620 5429 1776 5500 αὐτῷ.

1899 5426 1970 5479 ita
2000 5427 2164 5480 etiam
2192 5424 2496 5479 molestiam
2529 5423 2730 5478 habere
2751 5424 2818 5477 ab
2851 5420 3109 5476 aﬂ‘erente
3134 5419 3258 5474 sibi.

281 5527 342 5581 Σὺ
368 5530 423 5582 δὲ
454 5531 577 5603 ὅρα,
620 5530 672 5582 εί
716 5527 908 5594 ἄρτος
949 5523 1045 5594 μὲν
1081 5525 1114 5596 ὴ
1164 5521 1438 5592 ἀναγκαία
1479 5519 1580 5590 τῆς
1613 5519 1776 5590 ψυχῆς

1967 5516 2045 5572 Tu
2080 5533 2239 5588 porro
2267 5516 2570 5580 considera,
2599 5529 2775 5568 annon
2805 5514 2978 5607 panis,
3011 5513 3075 5567 sit
3107 5509 3472 5568 necessarium

211 4341 360 4409 καιρὸς
385 4342 480 4394 τοῦ
524 4341 671 4410 βίου,
705 4339 799 4392 ὅτε
823 4333 1152 4406 ὀλοθρευτὴς
1173 4331 1478 4402 εἰσέρχεται
1501 4330 1580 4392 εἰς
1602 4329 1782 4380 πᾶσαν

287 5691 323 5721 ¹¹
356 5693 463 5748 Jac.
507 5709 583 5756 ιι,
619 5692 693 5756 8;
737 5688 905 5742 Rom.
953 5700 1082 5750 xm,
1133 5686 1188 5740 9.
1269 5683 1312 5714 ¹³
1350 5680 1542 5736 Matth.
1587 5697 1640 5745 v,
1675 5680 1762 5734 M.
1846 5679 1888 5710 "
1924 5677 2076 5732 Joan.
2128 5693 2214 5738 xv,
2258 5674 2321 5730 .5.
2425 5673 2470 5712 ι’
2511 5674 2610 5727 Isa.
2665 5688 2758 5726 Lm
2787 5711 2800 5735 ,
2842 5671 2894 5726 Δ.

282 5802 374 5868 (98)
405 5805 634 5859 Videtur
727 5797 1080 5852 scribendum
1139 5796 1405 5867 χρήσιμον
1453 5796 1512 5844 τὸ
1543 5831 1556 5856 ,
1619 5775 1986 5861 Ἀγαπήσεις.

286 5872 374 5941 (99)
410 5876 572 5930 Forte
607 5871 741 5943 μέν.
