3958 6510
211 383 302 441 δη
1453 373 1746 432 SCl-IOIJA

1893 374 2152 435 LUCAM.
3324 391 3428 447 558

207 501 286 556 καὶ
326 497 456 569 ὑπὲρ
504 494 788 568 ἄνθρωπον
828 494 1195 557 αἰσθάνονται,
1248 496 1452 569 ὁρῶσαι
1489 497 1557 550 τὰ
1605 497 1744 560 θεῖα,

1864 499 2126 554 inominem
2191 500 2367 570 posita
2427 501 2706 566 sentiunt,
2758 503 3006 560 videntes
3065 505 3282 574 divina,
3331 523 3427 561 au-

203 589 460 644 ἀκούουσαι
506 587 684 656 φωνῆς
735 585 893 650 Θεοῦ,
950 586 1243 657 γευόμεναι
1301 587 1503 651 ζῶντος
1553 589 1742 659 ἁρτου,

1866 589 2055 645 lientes
2095 606 2282 647 vocem
2316 593 2432 659 Dei,
2477 603 2758 663 gustantes
2796 611 2988 666 panem
3026 599 3241 664 vivum,
3289 599 3429 654 olfa-

202 681 583 752 όσφραινόμεναι
614 679 851 750 Χριστοῦ
881 677 1070 751 μύρων
1094 680 1344 744 εὐωδίας,
1369 679 1551 734 ἐλαίου
1583 679 1746 748 ἀγαλ-

1862 681 2050 736 :ientes
2078 683 2439 756 fragrantiam
2471 696 2868 753 unguentorum
2917 689 3144 753 Christi,
3174 691 3277 746 olei
3327 706 3425 745 ex-

201 775 417 835 λιὰσεως,
446 771 739 842 ἁπτόμεναι
769 772 929 841 λόγου
961 772 1188 837 ζῶντος·
1212 774 1434 837 αἵτινες,
1468 773 1742 838 ἐξευτελι-

1857 775 2184 839 sultationis,
2232 786 2286 830 et
2320 785 2729 833 contrectantes
2771 779 3010 834 Verbum
3056 783 3260 836 vivum.
3295 782 3420 852 (Qui

200 863 391 933 ζόμεναι
421 860 522 913 ὑπὸ
558 860 666 913 τῶν
693 859 760 914 τὰ
789 860 1100 931 πνεύματος
1145 861 1356 933 μωρίαν
1394 863 1487 914 καὶ
1522 860 1630 914 εῦω
1663 860 1740 931 (5)

1854 881 2037 923 sensus
2092 869 2192 922 viri
2231 867 2400 938 justi)
2448 873 2711 925 attenuati
2755 872 2823 926 ab
2870 873 2938 928 iis
2971 874 3060 944 qui
3114 876 3417 945 spiritualia

200 951 474 1023 κρινόντων,
531 948 631 1002 οῦκ
684 951 821 1002 είσιν
871 949 1290 1022 ὲπιλελησμέναι
1362 950 1592 1004 ἐνώπιον
1646 951 1739 1004 τοῦ

1856 959 2003 1013 stulta
2049 969 2102 1015 et
2135 961 2262 1014 vilia
2303 970 2573 1030 reputant,
2607 977 2712 1017 non
2752 972 2880 1018 sunt
2923 967 2975 1019 in
3023 966 3294 1022 oblivione
3343 978 3419 1022 ta-

197 1038 324 1093 Θεοῦ.
353 1038 420 1090 Τὸ
462 1037 643 1107 μέντοι
677 1038 936 1108 ἐμφαῖνον
979 1039 1160 1110 ῥητὸν,
1197 1041 1330 1112 μηδὲ
1369 1041 1432 1093 τὸ
1461 1041 1739 1112 ὲλὰχιστον

1856 1063 1964 1101 nen
2007 1063 2190 1102 coram
2245 1049 2373 1103 Deo.
2425 1050 2728 1106 Dictionem
2780 1052 3136 1108 nihilominus
3173 1071 3295 1124 quae
3342 1059 3419 1112 si-

198 1130 441 1204 στρουθίον
493 1129 916 1202 ἐπιλελησμένον
966 1129 1105 1186 εἶναι
1154 1133 1384 1186 ἐνώπιον
1419 1134 1528 1192 ,τοῦ
1580 1133 1736 1198 Θεοῦ,

1852 1139 2093 1208 gniﬁcat,
2147 1154 2214 1195 ne
2270 1142 2550 1196 minimam
2605 1143 2819 1213 quidem
2855 1146 3118 1200 aviculam
3172 1147 3222 1200 in
3277 1149 3415 1202 obli-

195 1221 508 1288 συνεξέτασον
535 1223 648 1284 τοῖς
681 1222 1006 1292 ἐμφαίνουσι
1037 1225 1242 1295 ῥητοῖς,
1286 1225 1738 1279 ὲπιλανθὰνεσθαί

1855 1228 2000 1282 tione
2050 1244 2173 1283 csse
2204 1245 2387 1284 coram
2433 1231 2572 1298 Deo,
2612 1235 2882 1304 perpende
2925 1251 3046 1290 cum
3095 1236 3418 1293 dictionibus

191 1329 324 1365 τινων
350 1312 434 1365 τὸν
463 1312 596 1365 Θεὸν
635 1313 704 1366 δι’
734 1316 1010 1387 ἁμαρτίαν
1039 1317 1236 1370 αὐτῶν.
1281 1318 1486 1388 Ῥητῶς
1519 1319 1616 1388 μὲν
1644 1314 1736 1371 οῦν

1856 1319 2293 1388 iiguiticantibus,
2339 1323 2506 1379 Deum
2571 1328 2929 1394 quorumdam
2999 1327 3245 1382 oblivisci
3294 1344 3419 1398 pro-

187 1407 237 1458 τὸ
259 1405 572 1477 λεπτομερὲς
590 1407 688 1477 τῆς
718 1407 1001 1477 Προνοίας,
1026 1410 1120 1462 καὶ
1143 1411 1176 1479 ὴ
1208 1410 1371 1481 μέχρι
1393 1411 1502 1462 τῶν
1523 1410 1736 1464 λεπτῶν

1858 1420 1955 1465 iter
1987 1422 2204 1481 peccata
2237 1429 2444 1469 eorum.
2496 1414 2834 1472 Litteraliter
2867 1433 3000 1487 ergo
3039 1420 3088 1471 in
3124 1420 3272 1474 hisce
3322 1421 3421 1476 de-

187 1499 374 1567 γνῶσις,
403 1500 458 1551 ὲν
497 1500 710 1563 τούτοις
736 1499 1018 1572 δηλοῦται·
1074 1502 1282 1572 νοητῶς
1324 1503 1384 1556 δὲ
1426 1503 1613 1556 πίπτει
1643 1504 1736 1556 ἐπὶ

1852 1500 2079 1555 βίθῑεῑιη·
2125 1503 2189 1555 ad
2224 1503 2443 1558 minima
2483 1520 2712 1577 quaeque
2743 1509 2946 1577 porrigi
2992 1508 3415 1576 Providentiam,

183 1591 264 1662 τῆς
287 1592 400 1661 γῆς,
443 1586 532 1645 οἷα
568 1591 846 1664 στρουθία,
885 1593 947 1646 τὸ
975 1594 1258 1666 φρόνιμον.
1317 1594 1487 1648 Ἐπὰν
1519 1594 1576 1648 δὲ
1622 1595 1735 1649 ἄνω

1856 1603 1886 1644 :t
1917 1607 2085 1662 usque
2106 1594 2172 1647 ad
2200 1596 2442 1649 notitiam
2469 1611 2646 1652 rerum
2679 1600 3138 1656 tenuissimarum.
3161 1600 3419 1671 Spiritus-

185 1681 383 1753 φέρεσθε
413 1681 508 1753 (4),
557 1683 628 1736 τὰ
659 1684 810 1737 κὰτω
851 1682 1006 1755 ζητεί
1034 1687 1146 1748 τοῖς
1172 1685 1274 1755 τῆς
1315 1685 1520 1756 σαρκὸς
1547 1686 1732 1755 ἐνεχο-

1857 1681 1955 1735 iter
1980 1697 2148 1737 vero:
2181 1683 2325 1736 cadit
2355 1684 2406 1738 in
2459 1693 2684 1750 terram,
2717 1687 2862 1742 velut
2893 1689 3139 1756 aviculae,
3174 1692 3412 1761 pruden-

185 1775 338 1844 μένοις
367 1775 913 1848 κακοῖςηπαραδοθὲν
956 1777 1037 1839 είς
1065 1776 1235 1839 πάθος
1272 1776 1514 1848 ἀτιμίας,
1550 1777 1644 1830 καὶ
1671 1777 1732 1830 τὸ

1860 1773 1928 1825 ia.
1961 1773 2093 1826 Dum
2143 1775 2287 1828 enim
2319 1775 2554 1830 sublime
2591 1775 2785 1843 fertur,
2828 1793 2946 1847 qua:
2981 1779 3244 1835 inferiora
3289 1795 3416 1837 sunt

181 1863 426 1936 ἐλεύθερον
461 1863 602 1934 μετὰ
632 1863 726 1917 τοῦ
759 1865 943 1935 τιμίου
973 1865 1336 1928 ἁπολελωκός.
1386 1863 1639 1928 Τοιοῦτος
1669 1863 1724 1916 δὲ

1846 1865 2231 1942 ›θιῑι,νρι”οριει’
2261 1868 2558 1922 obtinentia
2599 1868 2782 1923 carnis
2825 1870 2986 1935 vitia;
3021 1871 3324 1941 traditaque
3357 1875 3409 1928 in

179 1959 202 2008 ό
237 1956 327 2009 ὑπὸ
350 1956 438 2009 τοῦ
472 1957 634 2026 λόγου
668 1958 1078 2031 μετεωρισθεὶς,
1112 1959 1206 2012 καὶ
1241 1959 1309 2012 τὰ
1336 1959 1501 2030 γήϊνα
1527 1960 1726 2030 φρονή-

1844 1951 2132 2010 missionem
2180 1957 2510 2026 ignominiae,
2541 1961 2704 2014 etiam
2742 1959 3050 2016 libertatem
3081 1977 3203 2016 cum
3233 1966 3407 2032 pretio

182 2068 278 2114 σας.
308 2051 453 2105 Κατὰ
492 2053 550 2106 δὲ
593 2052 652 2106 τὸ
673 2053 835 2124 ῥητὸν
883 2053 1065 2115 πάλιν,
1092 2053 1152 2106 τό
1178 2071 1191 2083 ·
1222 2036 1310 2107 Οὐ
1333 2051 1598 2106 πεσεῖται
1623 2053 1720 2105 ἐπί

1843 2043 2048 2097 imittit.
2097 2043 2412 2114 llujusmodi
2455 2063 2616 2116 porro
2654 2056 2739 2102 est
2779 2049 2870 2120 qui
2906 2063 2934 2102 a
2971 2050 3138 2105 verbo
3184 2051 3250 2105 ad
3279 2052 3406 2107 sub-

179 2142 272 2210 τὴν
296 2141 400 2213 γῆν
426 2144 575 2198 ἄνευ
609 2146 714 2199 τοῦ
745 2145 973 2213 Πατρός
1007 2145 1194 2215 ὑμῶν,
1237 2146 1298 2198 ού
1343 2145 1441 2218 τὴν
1473 2145 1724 2216 βούλησιν

1845 2132 1972 2187 imia
2017 2133 2278 2200 elevatus,
2334 2136 2497 2189 etiam
2539 2152 2662 2206 qua:
2711 2147 2929 2193 terrena
2969 2148 3099 2193 sunt
3131 2141 3292 2210 sapit.
3327 2141 3408 2195 Ad

177 2237 429 2301 δείκνυσιν,
455 2237 595 2291 ἁλλὰ
620 2238 718 2310 τὴν
757 2239 1087 2310 πρόγνωσιν.
1116 2239 1236 2292 Τῶν
1265 2239 1374 2311 γὰρ
1402 2238 1720 2310 γινομένων,

1848 2226 2060 2281 itteram
2093 2243 2316 2292 rursus,
2353 2227 2506 2291 illud,
2553 2245 2657 2282 non
2693 2230 2848 2284 cadet
2885 2247 3042 2300 super
3071 2241 3264 2285 terram
3295 2233 3409 2288 sine

175 2327 204 2381 ἁ
225 2329 307 2399 μὲν
328 2329 457 2383 κατὰ
484 2329 742 2402 βούλησιν
771 2332 1003 2400 γίνεται,
1026 2331 1062 2386 ἁ
1087 2331 1142 2386 δὲ
1164 2331 1291 2385 κατ’.
1309 2331 1577 2396 εὐδοκίαν,
1599 2330 1635 2386 ἁ
1664 2330 1721 2385 δὲ

1842 2316 1991 2371 Patre
2028 2329 2195 2373 vestro
2221 2319 2286 2382 ",
2317 2335 2420 2374 non
2455 2319 2784 2374 voluntatem
2831 2322 3088 2385 ostendit,
3133 2324 3226 2377 sed
3269 2338 3405 2393 prat-

177 2419 291 2473 κατὰ
314 2420 676 2494 συγχώρησιν.

1838 2409 2128 2465 scientiam.
2177 2410 2377 2466 Eorum
2429 2413 2573 2466 enim
2625 2428 2744 2481 qua:
2779 2413 3131 2482 contingunt,
3177 2413 3282 2467 alia
3335 2429 3401 2468 ex

1821 2498 2103 2554 voluntate
2145 2499 2304 2568 ﬁunt,
2353 2503 2458 2558 alia
2497 2517 2564 2557 ex
2617 2501 2977 2572 beneplacito,
3029 2503 3132 2556 alia
3172 2518 3237 2558 ex
3278 2519 3403 2575 per-

1822 2591 2102 2647 missione.

784 2684 942 2739 ΚΕΦ.
979 2687 1071 2741 1Γ’.

2456 2683 2608 2740 CAI’.
2648 2683 2786 2738 XIII.

174 2773 394 2853 Στίχκκξ.
450 2778 648 2853 Πάλιν
682 2774 796 2853 ρῦλν
829 2775 992 2833 εἷπε·
1029 2781 1147 2835 Τίνι
1174 2783 1442 2853 ὁμοιώσω
1470 2781 1585 2852 τὴν
1603 2784 1717 2849 ,βαι

1838 2771 2032 2853 Ἀβίλη
2053 2773 2252 2829 lterum
2300 2793 2422 2847 ergo
2467 2779 2599 2831 dixit
2635 2793 2654 2830 :
2697 2777 2800 2831 Cui
2831 2777 3136 2831 auimilabo
3185 2793 3401 2849 regnum

227 2843 444 2902 άὶνίείαν
477 2851 588 2904 τοῦ
621 2849 805 2913 Θεοῦ;
1203 2843 1220 2853 ’
1528 2843 1539 2852 ’
1604 2843 1618 2849 ’

477 2851 588 2904 τοῦ
621 2849 805 2913 Θεοῦ;
1203 2843 1220 2853 ’
1528 2843 1539 2852 ’
1604 2843 1618 2849 ’
1821 2911 1862 2913 ἡ
1895 2843 2032 2898 Dei?

173 2913 293 2996 Στςχ.
335 2926 435 2996 xor.
488 2921 701 2996 ὀμοία
739 2911 881 2996 ,ἐστὶ
913 2921 1082 2996 ζύμῃ,
1130 2921 1212 2996 ἢν
1244 2921 1532 2996 ,ςλαϐοὲσᾳ
1556 2925 1714 2993 γυνὴ

1838 2912 1885 2971 γ.
1911 2913 2234 2996 21.ηεξιιὶίέ
2262 2924 2340 2996 est
2371 2917 2650 2996 leniente,
2685 2935 2790 2996 quo
2820 2928 3034 2996 accepto
3061 2916 3250 2972 mulier
3279 2917 3401 2970 abs-

225 2988 466 3110 Ξκιρυψεν
485 2985 577 3058 sit}
603 2991 864 3062 ἀλεύρου
883 2985 1213 3061 σάὶατρία,
1233 2992 1345 3060 ἕως
1361 2990 1432 3050 οὗ
1453 2985 1714 3065 ἐζυλεὼθὴ

293 3077 374 3114 ον.

1889 2986 2063 3038 condit
2093 2985 2150 3037 in
2187 2985 2381 3054 [crime
2418 2996 2537 3042 suta
2566 2985 2881 3054 tria,'donec
2911 2988 3280 3056 fermentatum
3319 2997 3399 3040 est

1888 3064 2075 3107 totum.

231 3147 442 3220 Ἐτὲρως
473 3150 598 3204 ἐστὶ
649 3150 855 3216 λαϐεῖν,
897 3151 1012 3222 τὴν
1061 3153 1160 3225 μὲν
1203 3155 1457 3225 γυναῖκα
1496 3157 1578 3220 είς
1613 3155 1712 3224 τὴν
1741 3202 1780 3225 η

1885 3149 2007 3203 Alio
2040 3149 2198 3204 modo
2228 3150 2356 3206 licet
2398 3152 2667 3222 accipere,
2705 3153 2982 3207 mulierem
3029 3153 3248 3221 quidem
3298 3167 3397 3220 pro

180 3236 486 3312 Ἐκκλησίαν,
515 3243 641 3312 τὴν
665 3243 721 3297 δὲ
748 3243 933 3315 ζύμην
978 3247 1057 3311 είς
1094 3247 1156 3300 τὸ
1181 3246 1410 3318 Πνεῦμα
1437 3247 1499 3301 τὸ
1524 3247 1706 3317 ἅγιον.
1740 3236 1743 3241 ’

1834 3241 2089 3308 Ecclesia,
2129 3251 2182 3297 et
2232 3243 2544 3310 fermentum
2585 3260 2686 3314 pro
2745 3243 2948 3314 Spiritu
3007 3255 3218 3298 sancto.
3272 3243 3397 3298 Tria

169 3329 293 3384 Σάτα
314 3333 365 3386 δὲ
390 3335 539 3403 τρία,
577 3335 758 3406 σῶμα,
793 3336 1028 3408 πνεῦμα,
1065 3338 1262 3411 ψυχήν.
1310 3339 1613 3409 Ἀγιὰζεται
1656 3337 1711 3392 δὲ

1838 3342 1956 3399 :ata,
2003 3341 2130 3387 sunt
2171 3349 2391 3404 corpus,
2419 3334 2664 3402 spiritus,
2714 3336 2916 3390 anima.
2974 3335 3401 3391 Sanctiﬁcantur

169 3423 306 3476 ταῦτα
341 3429 401 3498 τῇ
430 3426 582 3502 ζύμῃ
613 3428 708 3482 τοῦ
735 3429 890 3498 ἁγίου
927 3430 1260 3501 Πνεύματος,
1291 3431 1432 3484 ὥστε
1461 3431 1710 3500 γενέσθαι

1836 3440 1929 3479 nec
1964 3424 2227 3480 fermento
2266 3425 2500 3497 Spiritus
2535 3429 2735 3492 sancti,
2768 3437 2826 3482 ut
2863 3429 2995 3482 ﬁant
3032 3443 3151 3482 cum
3193 3425 3396 3498 Spiritu

170 3514 277 3584 πρὸς
311 3518 366 3570 τὸ
397 3519 548 3588 ἁγιον
587 3520 813 3591 Πνεῦμα
851 3519 910 3574 ἓν
953 3520 1200 3594 φύραμα.
1235 3522 1357 3573 Ἐτι
1397 3520 1575 3593 ζύμην
1614 3523 1711 3594 τὴν

1836 3527 2000 3571 uncto
2037 3533 2140 3572 una
2171 3518 2505 3588 conspersio.
2552 3517 2824 3574 Praeterea
2863 3518 3116 3574 Salvator
3155 3519 3399 3574 nominat

169 3605 252 3658 ἀπὸ
273 3607 357 3660 τοῦ
388 3611 592 3680 σπόρου
632 3611 1174 3683 τελεσιουργηθεῖσαν
1201 3609 1428 3682 δύναμιν
1464 3613 1493 3664 ό
1523 3611 1712 3683 Σωτὴρ

1835 3608 2075 3677 Spiritum
2139 3620 2415 3678 sanctum,
2471 3611 2586 3666 sive
2634 3614 2887 3667 virtutem
2937 3627 3056 3682 qua:
3104 3628 3134 3666 a
3191 3611 3398 3666 semine

167 3695 382 3768 ὀνομάζει
404 3701 464 3755 τὸ
490 3701 725 3774 Πνεῦμα
749 3703 810 3756 τὸ
835 3704 1009 3773 ἁγιον,
1031 3702 1220 3756 τοῦτον
1247 3701 1592 3773 αἰνιξάμενος
1621 3703 1711 3755 τὸν

1829 3703 2119 3769 ›ει·ίὶι;ἰιυι·,
2180 3705 2540 3769 fermentum,
2597 3707 2933 3762 subinnuens
3000 3708 3102 3761 hoc
3188 3707 3392 3761 modo:

168 3788 348 3856 τρόπον.
402 3792 459 3845 '0
481 3795 620 3864 γοῦν
649 3795 747 3866 τῆς
773 3795 1029 3865 οὐρανίου
1060 3795 1336 3866 βασιλείας
1358 3795 1542 3865 λόγος,
1575 3797 1712 3866 μετά

1825 3794 2003 3850 Sermo
2021 3812 2212 3866 nempe
2235 3797 2384 3867 regni
2410 3797 2694 3865 cmlorum,
2727 3810 2844 3868 post
2871 3802 3098 3868 primam
3122 3799 3388 3852 sationem

166 3877 242 3948 τὴν
270 3882 476 3955 πρώτην
516 3889 576 3940 ὲν
610 3885 922 3959 ἀνθρώποις
963 3887 1170 3959 σπορὰν
1195 3886 1470 3958 αὐξηθεὶς,
1501 3887 1711 3960 καρπὸν

1830 3889 1966 3944 inter
2023 3888 2269 3943 homines
2330 3899 2555 3958 accepto
2629 3891 2999 3954 ineremento,
3073 3887 3393 3957 redditaque

168 3970 359 4038 ἀποδοὺς
393 3977 609 4050 ἐντελῆ,
658 3979 752 4032 τοῦ
787 3980 944 4048 ἁγίου
976 3979 1294 4050 Πνεύματος
1329 3980 1427 4051 τὴν
1455 3981 1711 4051 ἐπιχορη-

1827 3980 1990 4032 'ructu
2024 3979 2289 4048 perfecto,
2338 3979 2576 4048 Spiritus
2605 3979 2780 4034 sancti
2828 3977 3390 4033 subministrationem

166 4064 263 4131 γίαν
306 4073 409 4136 τοῖς
447 4072 537 4126 διὰ
586 4073 698 4126 τῶν
741 4078 972 4146 πρώτων
1016 4073 1415 4143 ὠφελουμένοις
1457 4074 1707 4143 παρέχει,

1835 4071 1878 4123 is
1920 4070 2010 4138 qui
2045 4084 2142 4139 per
2170 4069 2284 4124 haec
2320 4072 2491 4139 prima
2522 4069 2691 4137 adiuti
2742 4077 2890 4134 sunt,
2936 4069 3184 4138 largitur,
3222 4069 3395 4121 instar

166 4157 309 4231 ζύμης
339 4162 490 4234 δίκην
536 4166 772 4236 φύραμα
809 4163 1106 4236 ζυμούσης.
1151 4164 1292 4235 Γυνὴ
1321 4164 1376 4217 δὲ
1413 4163 1646 4236 ταύτην,
1677 4167 1709 4234 ή

1832 4158 2060 4214 'ermenti
2106 4158 2356 4213 videlicet
2406 4174 2639 4212 massam
2689 4158 3091 4213 fermentantis.
3126 4155 3238 4209 Hoc
3287 4154 3395 4208 ler-

166 4251 294 4318 σοφία
320 4255 407 4310 τοῦ
447 4257 613 4321 Θεοῦ,
652 4260 731 4322 είς
764 4257 995 4330 ἀλεύρου
1041 4259 1177 4311 σάτα
1217 4257 1343 4327 τρία
1387 4255 1705 4328 ἐγκρύπτει.

1834 4260 2050 4304 uentum
2100 4251 2312 4314 mulier,
2366 4250 2458 4304 Dei
2513 4264 2710 4319 nempe
2762 4247 3066 4318 sapientia,
3115 4248 3164 4300 in
3203 4245 3394 4300 farina:

163 4343 262 4408 Τοῖς
279 4347 394 4414 γοῦν
420 4350 814 4422 πορισαμένοις
838 4351 902 4402 ὲκ
929 4349 1127 4420 πολλῆς
1149 4348 1468 4419 ἐπιμελείας
1493 4349 1584 4416 καὶ
1608 4348 1710 4417 τῆς

1830 4351 1933 4394 sata
1981 4341 2084 4394 tria
2136 4343 2394 4396 occultat.
2445 4341 2515 4395 lis
2552 4342 2805 4395 videlicet
2837 4341 2927 4410 qui
2977 4339 3078 4394 sibi
3112 4354 3393 4407 compara-

164 4435 235 4488 τοῦ
261 4440 446 4512 σπόρου
485 4442 767 4514 γεωργίας
809 4441 1038 4513 ἀλεύρου
1081 4441 1218 4495 σάτα
1253 4440 1395 4512 τρία,
1439 4440 1704 4511 δόγματα,

1824 4441 2030 4498 terunt,
2072 4447 2136 4485 ex
2192 4433 2358 4486 multa
2411 4433 2771 4488 sollicitudine
2802 4443 2856 4486 et
2896 4430 3103 4484 cultura
3133 4429 3387 4493 seminis,

166 4524 285 4580 θείαν
313 4533 506 4600 γνῶσιν
553 4533 659 4603 τὴν
692 4533 818 4605 περὶ
849 4533 1061 4603 Πατρὸς
1101 4533 1196 4586 xui.
1240 4518 1370 4585 Υίοῦ
1415 4532 1509 4585 καί⁸
1551 4531 1705 4600 ἁγίου

1829 4521 2001 4576 'arina:
2049 4533 2164 4578 sata
2195 4525 2323 4588 tria,
2358 4527 2458 4580 hoc
2484 4535 2568 4580 est
2614 4525 2864 4593 dogmata
2907 4532 2963 4576 et
3002 4521 3244 4575 divinam
3297 4534 3392 4572 co-

167 4613 456 4689 Πνεύματος,
500 4623 533 4695 ἡ
573 4622 666 4675 τοῦ
706 4622 841 4675 Θεοῦ
883 4623 1043 4692 σοφία
1064 4623 1125 4675 τὸ
1169 4623 1322 4690 ἆγιον
1359 4623 1584 4693 Πνεῦμα
1619 4639 1709 4692 χο-

1827 4619 2108 4688 ;nitionem
2141 4619 2207 4675 de
2226 4619 2408 4688 Patre,
2430 4621 2568 4677 Filio
2595 4634 2660 4674 ac
2689 4619 2892 4687 Spiritu
2922 4627 3133 4680 sancto,
3163 4613 3390 4682 ipsamet

166 4714 307 4773 ρηγεί.
344 4713 403 4764 Ἦ
441 4714 486 4767 δ’
526 4713 690 4785 αὐτὴ,
721 4713 843 4767 καθ’
873 4713 1066 4785 ἑτέραν
1099 4714 1356 4777 διάνοιαν,
1403 4714 1580 4768 πάντα
1616 4713 1706 4767 τὸν

1828 4710 1911 4764 Dei
1957 4711 2527 4782 sapientiaSpiritum
2579 4721 2828 4765 sanctum
2881 4705 3214 4776 suppeditat.
3267 4701 3391 4754 Haec

166 4797 213 4848 ἐκ
234 4799 355 4855 Θεοῦ
384 4805 675 4878 ἄνθρωπον
704 4807 769 4858 ὲκ
800 4803 1050 4876 σώματος
1078 4807 1171 4858 καὶ
1194 4804 1371 4875 ψυχῆς
1404 4805 1499 4857 καὶ
1541 4803 1706 4857 πνεύ-

1847 4802 2041 4868 adem,
2086 4802 2240 4870 juxta
2289 4803 2452 4858 aliam
2503 4801 2834 4872 intelligendi
2890 4799 3180 4858 rationem,
3219 4802 3410 4847 totum-

167 4905 298 4956 ματος
319 4897 650 4958 συνεστῶτα,
689 4899 756 4968 τῇ
791 4897 1120 4969 ὲπιχορηγίᾳ
1161 4897 1259 4967 τῆς
1287 4895 1438 4960 θείας
1467 4895 1704 4964 ἐμπνεύ-

1850 4908 1879 4945 x
1921 4893 2028 4946 Deo
2059 4893 2331 4948 hominem
2359 4908 2426 4948 ex
2456 4908 2704 4962 corpore,
2733 4891 2908 4944 anima
2937 4897 2991 4942 et
3033 4885 3231 4953 spiritu
3265 4897 3413 4936 conm

167 4993 290 5044 σεως,
325 4984 498 5059 ζύμην
538 4989 947 5059 ὲγκρύπτουσα,
975 4986 1074 5058 τὴν
1103 4985 1163 5051 ὲξ
1201 4987 1372 5056 αὐτῆς
1414 4986 1700 5054 ὠφέλειαν,

1820 4992 2045 5037 stantem
2067 5023 2084 5046 ,
2114 4984 2400 5055 largitione
2429 4985 2626 5042 divinae
2665 4980 3034 5051 inspirationis
3065 4977 3383 5032 fermentum

165 5075 223 5134 εἷς
242 5077 450 5150 ἀλεύρου
480 5083 622 5135 σάτα
655 5082 779 5153 τρία
818 5080 887 5134 τὰ
913 5077 1231 5149 νενοημένα,
1261 5077 1367 5141 ἕως
1388 5072 1449 5131 οῦ
1477 5075 1702 5148 ζυμωθῇ

1820 5075 2078 5139 occultat,
2129 5091 2283 5131 suam
2332 5090 2524 5145 nempe
2556 5075 2875 5136 utilitatem,
2923 5071 2979 5125 in
3031 5068 3220 5122 farina:
3271 5071 3383 5118 sata

164 5160 272 5216 ὅλον.
315 5161 478 5233 Οὗτος
529 5169 685 5239 γοῦν,
734 5173 800 5241 τῇ
849 5170 1048 5240 μετοχῇ
1093 5168 1191 5238 τῆς
1233 5165 1484 5238 οὐρανίου
1528 5165 1706 5237 ζύμης

1822 5167 1914 5222 tria
1957 5167 2278 5235 spiritaliter
2325 5169 2624 5230 intellecta,
2674 5168 2845 5222 donec
2899 5163 3254 5218 lermentetur
3305 5163 3385 5206 to-

163 5257 376 5325 ποιωθεὶς
419 5268 516 5317 καὶ
557 5263 851 5334 ζυμωθεὶς,
902 5260 1154 5332 ούρὰνιος
1195 5262 1290 5314 καὶ
1338 5260 1706 5330 πνευματικὸς

1822 5271 1948 5312 tum.
1977 5257 2074 5313 Vir
2117 5259 2284 5330 igitur
2330 5260 2640 5329 huiusmodi
2690 5253 3104 5328 participatione
3147 5244 3385 5302 cmleslis

163 5357 518 5422 χρηματίσεται
559 5357 864 5428 ἄνθρωπος,
905 5354 999 5408 καὶ
1044 5353 1185 5407 νέον
1225 5354 1483 5422 φύραμα,
1529 5352 1604 5414 ὡς
1645 5351 1704 5405 ὃν

1821 5350 2068 5405 Frumenti
2115 5351 2458 5420 qualiﬁcatus
2505 5363 2561 5407 et
2600 5350 2976 5410 fermentatus,
3027 5339 3267 5398 celestis
3319 5351 3384 5390 ac

164 5443 264 5505 μιᾶς
289 5448 531 5517 κράσεως
554 5447 856 5518 γενομένης
896 5445 1004 5498 τῶν
1039 5442 1205 5516 τριῶν
1237 5442 1480 5513 ἁλεύρων
1508 5441 1703 5495 ἀποδε-

1819 5441 2107 5509 spiritualis
2153 5443 2318 5498 homo
2354 5444 2524 5508 audit,
2565 5451 2621 5497 et
2659 5457 2790 5495 nova
2821 5434 3120 5504 conspersit)
3145 5433 3209 5494 ⁸⁸,
3244 5432 3382 5484 iacta

161 5526 380 5600 δομένων,
428 5539 523 5591 καὶ
555 5537 658 5608 τῆς
700 5541 758 5592 ὲν
805 5537 989 5599 αὐτοῖς
1024 5534 1376 5606 ὲμπνεύσεως
1414 5531 1509 5586 τοῦ
1539 5532 1699 5602 ἁγίου

1820 5533 2206 5604 ]uodammodo
2237 5549 2340 5589 una
2385 5535 2620 5590 mixtura
2663 5531 2826 5587 trium
2862 5527 3159 5582 farinarum
3202 5523 3383 5576 diver-

219 5664 251 5694 "
289 5666 467 5722 IIatth.
516 5685 584 5732 ι,
623 5667 711 5723 29.
811 5668 855 5699 ¹⁸
895 5667 909 5722 Ι
954 5667 1077 5723 Cor.
1105 5681 1154 5729 v,
1191 5665 1242 5722 7.

219 5800 280 5872 45)
309 5802 461 5860 Forte
490 5803 686 5859 εῦωνα.
1774 5811 1782 5864 4

1774 5803 1850 5874 (ί)
1883 5801 2040 5858 Forte
2075 5801 2293 5873 φέρεται
