3958 6536
521 368 628 424 359

1378 357 1935 418 SUPPLEMENTUM
1977 359 2067 414 AD
2105 357 2428 415 OlllGENlS
2462 358 2872 414 EXEGE'I‘IC.\.

3634 371 3716 426 560

520 500 706 540 sarum
757 491 812 537 et
863 479 1238 552 inSpirationis
1296 482 1470 534 sancti
1537 479 1776 549 Spiritus
1837 480 1890 534 in
1948 479 2100 548 ipsis.

2211 477 2545 548 Πνεύματος.
2578 477 2690 530 Καὶ
2721 478 2788 548 δὴ
2833 477 2951 541 νέος
2982 477 3146 548 ἄρτος
3181 477 3274 530 καὶ
3299 481 3627 550 πνευματικὸς
3648 503 3719 553 γε’

521 579 698 647 Atque
729 575 800 630 ita
830 573 1076 642 profecto
1099 586 1271 626 novus
1299 572 1456 641 panis
1478 581 1534 626 et
1563 571 1870 642 spiritualis
1897 569 2101 634 ell'ecti,

520 672 816 728 secundum
842 667 1185 738 Apostolum,
1217 667 1309 737 qui
1354 666 1429 720 ait
1458 685 1472 720 :
1505 665 1657 720 Unus
1684 667 1838 736 panis
1867 675 1914 720 et
1939 681 2120 718 unum-

520 779 712 832 corpus
750 775 931 814 sumus
965 757 1119 813 multi
1146 759 1213 825 η,
1242 758 1534 826 imaginem
1582 773 1647 813 ac
1694 757 2101 813 similitudinem

522 853 860 910 resnmemus
895 852 1050 921 panis
1089 850 1413 905 viviﬁcantis
1453 851 1729 906 universa.
1758 850 1848 919 qui
1883 852 1947 902 de
1975 852 2102 902 con

520 947 782 1002 descendit
808 946 880 1012 '°,
931 959 1142 1014 nosque
1171 944 1378 1000 similes
1425 944 1528 997 sibi
1577 943 1777 998 effecit.
1807 941 2104 997 Commode

519 1047 700 1093 autem
756 1038 970 1093 mulieri
1023 1029 1340 1093 assimilah'o
1377 1037 1468 1090 Dei
1515 1036 1835 1106 sapientiam
1882 1035 1936 1088 in
1984 1033 2101 1100 his;

520 1131 762 1185 Christus
795 1146 913 1184 vero
943 1140 1017 1184 est
1048 1128 1142 1182 Dei
1185 1129 1373 1192 virtus,
1403 1137 1449 1180 et
1479 1126 1575 1180 Dei
1609 1125 1864 1194 sapientia
1889 1125 1957 1189 ²¹,
1985 1137 2105 1192 qua:

524 1224 818 1292 respondet
861 1220 1203 1278 similitudini
1239 1220 1512 1274 fermenti.
1549 1219 1703 1272 Sicut
1733 1219 1877 1271 enim
1917 1216 1968 1270 in
2011 1231 2104 1285 pa-

523 1316 706 1370 rabola
760 1315 1007 1378 seminis,
1051 1313 1224 1369 coloni
1278 1327 1564 1383 personam
1604 1321 1659 1365 et
1702 1312 1898 1365 satoris
1937 1309 2106 1364 intro-

520 1407 698 1473 duxit,
730 1408 818 1460 ubi
853 1406 994 1460 haud
1022 1406 1274 1476 equidem
1307 1404 1705 1459 rationabiliter
1736 1403 1876 1458 facta
1913 1401 2106 1456 fuisset

529 1499 769 1552 mulieris
819 1499 1020 1552 mentio
1045 1516 1060 1553 :
1086 1498 1158 1551 ita
1191 1499 1278 1552 hic
1308 1496 1489 1552 delato
1540 1496 1807 1550 fermento
1841 1495 1896 1549 in
1919 1493 2104 1547 farina:

525 1599 642 1644 sata
680 1591 804 1656 tria,
837 1591 1218 1662 apprOpriatur
1239 1591 1518 1661 parabola,
1541 1599 1596 1643 ut
1615 1587 1826 1643 mulieri
1858 1587 2105 1657 panilicat

521 1683 790 1739 assimilet
835 1699 994 1753 quem
1041 1686 1094 1739 in
1148 1685 1234 1738 illa
1281 1693 1516 1739 satorem
1568 1683 1959 1736 nominaverat.

523 1774 588 1831 V.
614 1776 703 1831 29.
741 1774 808 1829 Et
837 1777 1042 1832 venient
1069 1776 1135 1830 ab
1178 1777 1376 1829 oriente
1402 1786 1449 1829 et
1482 1775 1744 1829 occidente
1775 1787 1823 1829 et
1854 1775 1920 1844 ab
1953 1775 2103 1844 aqui-

647 1845 766 1900 lone
793 1857 842 1901 et
883 1847 1125 1913 meridie,
1151 1857 1198 1900 et
1235 1847 1532 1900 recumbent
1566 1845 1622 1898 in
1662 1860 1824 1915 regno
1855 1843 1974 1898 Dei.

587 2005 743 2076 Apud
785 2003 1100 2059 Matthaeum
1127 2013 1183 2058 et
1227 2003 1486 2074 parabola
1535 2003 1817 2073 complexa
1849 2011 1964 2066 est,
2007 2018 2102 2071 per

519 2111 681 2170 quam
745 2106 1010 2150 vocantur
1061 2094 1224 2150 veluti
1272 2096 1340 2150 ad
1394 2094 1652 2159 vineam,
1704 2094 1772 2148 ad
1831 2104 2100 2164 pmcepta

520 2204 734 2260 nempe,
761 2187 999 2259 operarii
1030 2187 1166 2242 varii
1203 2187 1368 2242 variis
1399 2185 1689 2252 aetatibus;
1733 2195 1792 2240 ut
1829 2188 1882 2240 in
1929 2195 2102 2240 matu-

518 2283 653 2348 tino,
684 2291 742 2338 et
770 2283 918 2338 circa
952 2280 1195 2346 tertiam,
1221 2289 1278 2336 et
1309 2290 1543 2348 sextam,
1580 2289 1636 2334 et
1689 2294 1886 2333 nonam
1915 2288 1971 2333 et
2013 2293 2106 2332 un-

517 2377 782 2432 decimam
847 2375 1058 2430 horam.
1111 2371 1365 2428 Forsitan
1421 2373 1586 2442 igitur
1654 2379 1768 2426 tota
1823 2369 2102 2425 hominum

516 2467 654 2531 vita,
696 2475 782 2522 est
826 2467 984 2522 istius
1027 2465 1299 2536 parabolae
1328 2464 1469 2519 dies.
1513 2463 1653 2516 Sunt
1683 2461 1775 2531 qui
1819 2461 1887 2514 ab
1915 2462 2102 2515 adole-

517 2559 725 2614 scentia
755 2568 813 2614 et
847 2559 918 2613 ab
951 2559 1172 2613 ineunte
1216 2565 1378 2610 actate
1429 2554 1605 2608 vocati
1643 2561 1788 2618 sunt,
1831 2552 1867 2606 ii
1914 2566 2105 2622 nempe

518 2651 612 2720 qui
645 2651 994 2706 illucescente
1022 2664 1244 2713 aurora,
1274 2664 1304 2701 a
1335 2647 1563 2701 Domino
1589 2645 1838 2700 mercede
1853 2643 2102 2700 conducti

519 2755 663 2803 sunt.
700 2747 745 2799 A
783 2743 941 2798 tertia
993 2743 1126 2796 hora
1173 2749 1460 2804 vocantur,
1502 2737 1593 2807 qui
1645 2747 1916 2791 vocantur
1959 2745 2106 2804 post-

518 2854 686 2910 quam
717 2835 1097 2891 adoleverint:
1132 2833 1277 2888 circa
1324 2845 1524 2885 nonam
1562 2829 1624 2894 ii,
1665 2829 1757 2899 qui
1797 2837 1917 2897 post
1955 2828 2104 2898 juve-

521 2930 647 2986 nilis
673 2928 850 2985 aatatis
881 2934 1070 2982 :estnm
1101 2934 1158 2980 et
1201 2925 1436 2996 pondus,
1479 2921 1591 2992 jam
1639 2930 1987 2977 senescentes
2037 2921 2104 2974 ad

522 3021 615 3078 Dei
663 3018 863 3073 cultum
910 3014 1302 3087 perducuntur.
1356 3013 1526 3068 Senes
1577 3012 1667 3083 qui
1707 3010 1818 3080 jam
1867 3012 1934 3066 ad
1983 3011 2106 3064 vita:

517 3113 723 3166 exitum
757 3108 921 3163 vicini
973 3115 1134 3172 sunt,
1182 3120 1278 3176 per
1320 3103 1662 3159 undecimam
1717 3103 1906 3158 horam
1964 3101 2105 3156 indi-

2205 569 2415 639 νόμενοι
2457 569 2600 622 κατά
2625 569 2717 623 τὸν
2759 569 3095 634 Ἀπόστολον,
3137 571 3197 634 ὃς
3231 588 3419 641 φησιν’
3458 571 3550 640 Εἷς
3577 578 3719 646 ἄρτος

2204 659 2304 712 καὶ
2333 659 2405 713 ἐν
2424 659 2596 730 σῶμά
2633 661 2821 730 ἐσμεν
2849 665 2904 714 οἱ
2925 663 3168 726 πολλοὶ,
3200 663 3384 718 εἰκόνα
3407 666 3494 718 καὶ
3511 667 3723 737 ὁμοίωσιν

2205 750 2593 823 ἀναληψόμεθα
2627 750 2720 805 τοῦ
2761 751 3026 816 ζωοποιοῦ
3070 752 3178 805 τῶν
3210 752 3346 807 ὅλων
3384 754 3555 826 ἄρτου,
3585 758 3641 824 ὂς
3670 762 3725 815 ἐκ

2205 843 2311 896 τοῦ
2369 842 2632 910 οὐρανοῦ
2685 844 3111 912 καταϐέϐηκεν,
3158 845 3333 916 ἑαυτῷ
3373 847 3727 918 παραπλησίους

2205 932 2298 987 καὶ
2324 935 2474 1004 ἡμᾶς
2503 933 2983 1004 ἀπεργασάμενος.
3029 932 3099 989 Εὖ
3131 935 3188 989 δὲ
3216 939 3431 1006 γυναικὶ
3453 940 3728 1010 ἀφομοιὼσω

2203 1025 2303 1096 τὴν
2319 1023 2507 1094 σοφίαν
2522 1025 2615 1079 τοῦ
2631 1025 2765 1080 Θεοῦ
2782 1027 3077 1093 ὲντούτοιςο
3096 1029 3422 1098 Χριστὸςδέ
3439 1031 3592 1086 ἐστιν
3603 1034 3634 1100 τ’]
3646 1035 3728 1088 τοῦ

2206 1118 2354 1172 Θεοῦ
2378 1116 2650 1188 δύναμις,
2682 1120 2780 1173 καὶ
2815 1119 2964 1174 Θεοῦ
2990 1123 3197 1190 σοφία,
3225 1123 3556 1196 καταλλήλως
3567 1125 3633 1195 τῷ
3654 1126 3730 1198 τῆς

2205 1209 2383 1281 ζύμης
2406 1210 2783 1282 ὑποδείγματι.
2834 1213 3046 1284 Ὥσπερ
3075 1213 3183 1287 γάρ
3214 1215 3308 1269 ἐπὶ
3334 1215 3429 1283 τῆς
3467 1214 3732 1286 παραϐολῆς

2203 1302 2298 1356 τοῦ
2327 1303 2551 1374 σπόρου,
2577 1303 2822 1376 γεωργοῦ
2857 1304 3145 1376 πρόσωπον
3172 1306 3265 1360 καὶ
3288 1308 3520 1379 σπορέως
3533 1309 3729 1378 εἰσῆγεν,

2203 1397 2303 1450 οὐκ
2320 1395 2384 1450 ἂν
2413 1395 2647 1466 εὐλόγως
2676 1398 2735 1449 ὲν
2764 1397 2992 1464 ἐκείνοις
3022 1397 3476 1470 μνημονευθείσης
3500 1400 3734 1468 γυναικὸς,

2204 1487 2328 1541 οὔτε
2359 1488 2434 1558 (ὅ)
2463 1488 2739 1543 κάνταῦθα
2767 1489 2860 1542 ἐπὶ
2894 1477 3071 1562 ζύμης
3114 1491 3417 1562 φερομένης
3445 1493 3520 1555 εἰς
3544 1491 3735 1563 ἀλεύρου

2206 1579 2341 1634 σάτα
2357 1580 2502 1651 τρία,
2530 1579 2870 1652 οἰκειοῦταιή
2895 1581 3196 1654 παραϐολὴ,
3225 1583 3443 1652 γυναικὶ
3466 1584 3737 1655 ἀρτοποιου-

2183 1667 2342 1739 ίμένῃ
2361 1667 2453 1721 τὸν
2479 1667 2540 1732 ἐξ
2575 1667 2786 1740 ἐκείνης
2816 1670 3204 1742 ὠνομασμένον
3231 1673 3437 1744 σπορέα
3461 1674 3736 1727 ἀπεικάσαι.

2207 1758 2355 1829 Στίχ.
2401 1760 2504 1814 κθ’.
2558 1761 2670 1815 Καὶ
2707 1761 2972 1829 ἥξουσιν
3021 1763 3141 1818 ἀπὸ
3179 1764 3492 1819 ἀνατολῶν
3539 1765 3626 1818 καί
3660 1764 3741 1818 δυ-

2135 1847 2174 1900 Β
2272 1829 2443 1899 σμῶν
2481 1832 2578 1901 καὶ
2606 1831 2803 1900 ,βορῤᾶ
2843 1833 2940 1886 καὶ
2974 1835 3175 1898 νότευ,
3205 1836 3304 1889 καί
3343 1835 3740 1901 ἀνακλιθήσον-

2270 1915 2364 1953 ται
2392 1901 2462 1953 ὲν
2492 1900 2564 1970 τῇ
2589 1903 2880 1971 ,ϐασιλείᾳ
2904 1903 3010 1957 τοῦ
3051 1904 3221 1959 Θεοῦ.

2273 1992 2432 2064 Παρά
2460 1992 2516 2045 δέ
2548 1994 2627 2065 τῷ
2659 1995 2923 2067 Ματθαίῳ
2952 1995 3046 2050 καί
3085 1997 3373 2071 παραϐολὴ
3404 1997 3661 2060 πλέκεται,
3687 1996 3740 2049 δι’

2203 2082 2271 2159 ἧς
2299 2087 2586 2143 καλοῦνται
2610 2091 2684 2154 ὡς
2719 2093 2798 2155 εἰς
2840 2093 3137 2164 ἀμπελῶνα
3173 2097 3255 2159 εἰς
3296 2095 3399 2161 τάς
3441 2095 3642 2157 ἐντολὰς
3673 2095 3744 2165 ἐρ-

2205 2181 2367 2248 γάται
2394 2181 2639 2254 διάφοροι
2670 2185 2727 2236 ἐν
2757 2183 3036 2258 διαφόροις
3068 2188 3325 2260 ἡλικίαις,
3366 2187 3442 2253 ὡς
3481 2189 3536 2241 ἐν
3576 2186 3744 2259 πρωΐᾳ,

2205 2273 2300 2326 καὶ
2328 2275 2456 2345 περὶ
2474 2275 2688 2346 τρίτην,
2714 2277 2808 2329 καὶ
2831 2277 2996 2350 ἕκτην
3025 2281 3121 2333 καὶ
3150 2280 3343 2351 ἐνάτην
3377 2281 3470 2335 καὶ
3494 2279 3746 2346 ἑνδεκάτην

2203 2363 2371 2434 ὥραν.
2399 2364 2550 2434 Τάχα
2575 2366 2672 2436 μὲν
2697 2362 2790 2421 οὖν
2815 2368 2960 2432 ἄπας
2985 2372 3014 2423 ὁ
3035 2371 3144 2424 τῶν
3171 2372 3474 2444 ἀνθρώπων
3498 2371 3603 2442 βίος
3627 2370 3748 2422 ἐστὶν

2206 2458 2238 2527 ὴ
2274 2458 2414 2512 κατά
2435 2460 2536 2530 τὴν
2562 2462 2876 2534 παραϐολὴν
2903 2463 3106 2536 ἡμέρα.
3136 2466 3245 2518 Καὶ
3284 2467 3333 2518 οἰ
3363 2466 3463 2537 μὲν
3487 2467 3549 2518 ἐκ
3574 2463 3749 2516 παίδων

2207 2548 2300 2602 καὶ
2334 2548 2558 2621 πρώτης
2591 2550 2807 2624 ἡλικίας
2845 2553 3136 2624 κληθέντες
3161 2558 3209 2608 οἰ
3237 2557 3356 2628 ἅμα
3383 2559 3450 2627 τῇ
3481 2556 3554 2626 ἓῳ
3581 2552 3752 2626 μισθω-

2207 2643 2392 2710 θέντες
2416 2647 2524 2701 εἰσὶ
2547 2649 2701 2720 παρὰ
2732 2648 2829 2704 τοῦ
2850 2649 3112 2705 δεσπότου
3133 2668 3146 2682 ο
3172 2653 3221 2704 οἰ
3250 2651 3309 2705 δὲ
3348 2650 3488 2722 μετά
3508 2649 3567 2702 τὸ
3592 2645 3752 2719 μειρά-

2206 2755 2323 2791 κιον
2349 2741 2397 2792 οἰ
2425 2740 2533 2793 ἀπὸ
2557 2742 2656 2812 τῆς
2693 2743 2884 2814 τρίτης
2910 2741 3088 2816 ὥρας·
3127 2745 3175 2797 οἰ
3209 2743 3266 2797 δὲ
3303 2743 3445 2815 μετά
3468 2743 3556 2796 τὸν
3580 2742 3632 2794 ἐν
3661 2736 3756 2791 νεό-

2205 2848 2326 2902 τητι
2371 2830 2626 2887 καύσωνα
2659 2836 2753 2887 καὶ
2783 2835 2844 2888 τὸ
2878 2834 3043 2907 βάρος
3071 2835 3164 2888 ἐπὶ
3194 2835 3294 2906 τὴν
3321 2834 3624 2889 θεοσέϐειαν
3648 2829 3754 2897 ἀγόο

2211 2940 2359 2993 μενοι
2388 2920 2691 2995 πρεσϐύται
2716 2925 2766 2977 οἰ
2794 2925 2922 2998 περὶ
2945 2924 3044 2996 τὴν
3076 2924 3272 2996 ἐνάτην
3293 2944 3305 2956 ·
3329 2927 3382 2979 οἰ
3411 2925 3469 2979 δὲ
3493 2923 3620 2996 πρὸς
3644 2922 3756 2990 αὐτῇ

2207 3019 2272 3087 τῇ
2311 3014 2477 3087 ἐξόδῳ
2509 3017 2764 3087 γέροντες
2791 3017 2891 3089 ἤδη
2927 3015 3210 3087 δηλοῦνται
3235 3016 3324 3071 διά
3348 3017 3453 3088 τῆς
3477 3012 3756 3082 ἑνδεκάτης.

2211 3107 2320 3161 Καί
2355 3108 2479 3160 ἐπεὶ
2515 3106 2857 3179 προαίρεσις,
2889 3108 2949 3162 ού
2991 3107 3203 3180 χρόνος,
3245 3108 3585 3174 ἐξετάζεται,
3628 3104 3680 3157 ὃν
3713 3102 3761 3154 ἐν

519 3212 734 3258 cantur.
782 3199 850 3255 Et
883 3199 1012 3270 quia
1066 3199 1319 3262 intentio,
1368 3213 1474 3253 non
1518 3205 1732 3264 tempus
1777 3194 2100 3257 attenditur,

2207 3199 2390 3252 πίστει
2418 3199 2687 3272 πεποίηκὲ
2723 3217 2806 3264 τις
2825 3218 2837 3230 ·
2870 3199 2958 3254 διά
2980 3200 3141 3255 τοῦτο
3163 3203 3280 3265 τοῖς
3307 3201 3369 3269 ἐξ
3408 3192 3471 3254 οὗ
3498 3197 3762 3269 κέκληνται

517 3294 665 3364 quod
717 3293 770 3346 in
805 3289 911 3346 llde
952 3289 1076 3360 quis
1126 3289 1426 3358 impendit;
1463 3287 1667 3342 idcirco
1718 3285 1845 3354 illis,
1887 3285 1979 3356 qui
2035 3298 2102 3338 ex

517 3399 627 3454 quo
676 3383 857 3438 vocati
892 3390 1042 3446 sunt,
1086 3395 1209 3451 qua:
1243 3380 1348 3436 sibi
1387 3381 1638 3450 imposita
1695 3379 1934 3446 fuerunt,
1974 3376 2103 3432 eli'e—

517 3491 676 3541 cere,
717 3475 878 3530 datur
937 3475 1127 3530 eadem
1188 3473 1380 3529 salutis
1431 3487 1683 3528 merces:
1721 3471 1851 3526 illud
1909 3484 2102 3538 nempe

519 3568 824 3632 denarium,
871 3567 1013 3637 quod
1047 3567 1115 3622 ab
1158 3565 1314 3621 initio
1351 3564 1589 3620 ablatum
1641 3564 1744 3619 fuit
1791 3578 1820 3617 a
1868 3562 2102 3632 maligno

519 3676 618 3732 per
665 3660 1061 3726 seductionem,
1113 3660 1237 3714 dum
1274 3657 1636 3729 transgressio
1666 3655 1932 3726 spiritalis
1966 3669 2102 3725 prae-

519 3754 659 3824 cepti
702 3753 842 3807 facta
877 3762 986 3817 est;
1038 3751 1234 3805 divina:
1281 3759 1448 3819 atque
1485 3748 1708 3804 omnino
1740 3747 1936 3818 regalis
1970 3747 2103 3802 inta-

518 3848 679 3918 ginis.
738 3847 857 3914 Quo
907 3845 1037 3900 mihi
1101 3845 1318 3898 videtur
1373 3844 1752 3897 characterem
1809 3851 2101 3908 notamque

521 3941 806 4010 ipsiusmet
837 3939 986 4010 regni
1013 3939 1322 4000 ostendere,
1349 3935 1615 4006 siquidem
1643 3933 1849 3987 denarii
1892 3931 2103 4002 insigne

519 4033 842 4102 insculptam
901 4032 1044 4102 regis
1114 4029 1406 4099 imaginem
1475 4025 1768 4098 signiﬁcat.
1834 4025 2100 4092 Quoniam

519 4124 684 4195 igitur
708 4131 976 4193 quotquot
1004 4122 1056 4177 in
1089 4122 1304 4177 vineam
1331 4130 1386 4176 et
1417 4119 1692 4177 civitatem
1727 4117 1894 4173 divini
1925 4116 2102 4174 cultus

520 4213 748 4281 ingressi
785 4212 1026 4277 fuerant,
1066 4225 1338 4281 unamque
1367 4219 1424 4265 et
1451 4210 1697 4264 eamdem
1727 4208 2099 4279 operationem

517 4307 831 4376 attigerant,
858 4307 1101 4376 ejusdem
1139 4304 1294 4375 regni
1327 4313 1608 4373 compotes
1648 4303 1842 4358 tierent
1883 4316 2099 4371 aequum

517 4406 638 4452 erat
681 4413 696 4450 :
741 4396 946 4452 idcirco
999 4397 1197 4452 merito
1247 4395 1502 4450 omnibus
1554 4393 1874 4459 denarium,
1951 4392 2100 4462 regni

521 4502 716 4556 nempe
763 4487 1066 4559 symbolum
1107 4487 1386 4551 redditur;
1419 4500 1483 4540 ex
1536 4486 1732 4555 quibus
1773 4483 1864 4539 alii
1917 4484 1971 4538 in
2007 4483 2099 4554 ju-

521 4589 743 4634 ventute
773 4579 950 4634 vocati
982 4587 1139 4647 sunt,
1181 4579 1271 4632 alii
1309 4580 1456 4634 circa
1507 4578 1955 4642 adolescentiam,
1984 4579 2100 4648 qui-

523 4673 646 4726 dam
680 4673 826 4728 circa
870 4672 1105 4726 medium
1147 4671 1399 4726 humanae
1426 4670 1549 4726 vitae
1596 4679 1826 4740 tempus,
1856 4671 2098 4725 nonnulli

522 4780 652 4820 vero
689 4766 851 4820 etiam
878 4774 1160 4834 pestquatn
1179 4766 1245 4819 ad
1275 4765 1450 4818 virum
1476 4745 1770 4832 perfectum
1802 4762 1914 4831 jam
1939 4771 2100 4832 atque

525 4866 978 4911 tuaturescentetn
1031 4863 1389 4924 pervenerant
1441 4872 1456 4907 :

521 4963 774 5003 occasum
803 4947 916 5017 jam
947 4949 1070 5001 vita:
1104 4955 1475 5016 properantes.

596 5039 778 5094 Possit
820 5050 876 5095 et
906 5037 1066 5094 aliter
1099 5038 1220 5108 quis
1258 5039 1665 5107 interpretando
1708 5038 1917 5100 dicere,
1947 5039 2091 5106 quod

521 5148 644 5202 quae
692 5149 722 5185 ει
767 5132 1025 5201 parabola
1088 5130 1498 5200 signiﬁcantur,
1542 5140 1844 5201 congruant
1897 5131 1963 5185 iis
2006 5131 2097 5199 qui

519 5223 632 5290 jam
665 5223 732 5276 ab
789 5222 904 5290 ipsa
939 5221 1113 5291 prima
1161 5220 1284 5274 vita:
1331 5219 1760 5284 constitutione,
1812 5233 1996 5296 usque
2031 5219 2099 5272 ad

523 5316 1051 5368 consummationem
1079 5311 1268 5366 szeculi
1304 5312 1451 5382 digni
1489 5311 1758 5366 habentur
1786 5311 1971 5364 divina
2007 5325 2102 5364 vo-

525 5401 765 5455 catione.
821 5400 1008 5470 Itaque
1057 5401 1262 5454 dixerit
1306 5401 1482 5470 primo
1527 5401 1684 5456 mane
1726 5400 1897 5455 fuisse
1941 5415 2099 5455 voca-

528 5500 610 5545 tos
643 5492 709 5545 ad
742 5493 1098 5547 excolendum
1139 5493 1234 5548 Dei
1283 5493 1522 5556 cultum,
1567 5504 1832 5562 quotquot
1873 5494 1940 5547 ab
1983 5495 2096 5546 ori-

601 5608 643 5639 ¹⁹
683 5605 937 5674 lCor.x,
986 5609 1072 5660 l7.
1149 5608 1194 5638 ’°
1234 5607 1391 5662 Joan.
1439 5623 1527 5671 vn,
1574 5607 1666 5661 Η.

593 5699 670 5770 (5)
706 5699 865 5770 Forte
903 5700 1063 5754 οὓτω.

596 5769 674 5837 (ὕ)
706 5769 943 5834 Maximi,
989 5770 1221 5838 Eusebii,
1245 5780 1296 5826 et
1324 5770 1596 5842 Origenis.

2204 3292 2272 3347 τά
2297 3291 2654 3348 ἐπιϐάλλοντα
2683 3295 3007 3364 πεποιηκόσι
3039 3294 3238 3348 δίδοται
3271 3295 3301 3348 ό
3331 3295 3452 3358 ἴσος
3489 3295 3584 3364 τῆς
3610 3305 3761 3358 σωτη-

2206 3386 2329 3458 ρίας
2359 3386 2554 3457 μισθός
2577 3403 2590 3416 ο
2628 3385 2701 3457 (6)
2731 3384 2790 3440 τὸ
2819 3386 3047 3440 συλαθέν
3085 3386 3206 3442 κατ’
3243 3387 3422 3460 ἀρχὰς
3450 3385 3556 3441 ὑπὸ
3576 3383 3662 3437 τοῦ
3687 3398 3766 3437 πο-

2203 3479 2370 3551 νηροῦ
2415 3478 2480 3533 δι’
2519 3479 2734 3550 ἀπάτης
2776 3479 2915 3533 κατά
2953 3479 3050 3544 τὴν
3087 3481 3187 3552 τῆς
3226 3479 3450 3552 ἐντολῆς
3482 3476 3766 3551 παράϐασιν

2202 3571 2329 3640 πνίξ
2371 3572 2447 3644 (7)
2480 3572 2578 3643 τῆς
2622 3571 2773 3635 θείας
2813 3571 2909 3625 καὶ
2953 3571 3387 3643 βασιλικωτάτης
3439 3571 3645 3633 εἰκόνος
3691 3566 3768 3628 δη-

2203 3665 2408 3740 νάριον,
2439 3665 2507 3718 δι’
2547 3658 2608 3719 οὗ
2639 3664 2787 3718 δοκεῖ
2819 3682 2908 3735 μοι
2947 3665 3009 3718 τὸ
3049 3665 3338 3736 γνώρισμα
3371 3666 3474 3737 τῆς
3519 3658 3767 3734 βασιλείας

2202 3759 2371 3830 αὐτῆς
2412 3756 2750 3828 ὑποφαίνειν,
2781 3759 2864 3810 ὅτι
2908 3757 3170 3828 βασιλέως
3209 3757 3662 3829 ἐντετυπωμένην
3701 3753 3768 3805 εἰ-

2205 3851 2338 3904 κόνα
2373 3850 2468 3904 τοῦ
2518 3851 2777 3922 δηναρίου
2819 3850 2880 3903 τὸ
2920 3850 3181 3921 χάραγμα
3227 3851 3510 3922 σημαίνει.
3574 3844 3770 3914 Ἐπειδὴ

2202 3944 2379 3997 τοίνυν
2427 3943 2635 4006 πάντας
2672 3944 2799 4007 τοὺς
2843 3943 2936 3996 ἐπὶ
2974 3944 3066 3996 τὸν
3093 3944 3415 4015 ἀμπελῶνα,
3456 3945 3557 3999 καὶ
3597 3943 3653 3996 τὸ
3687 3938 3774 4007 τῆς

2204 4032 2513 4097 θεοσεϐείας
2544 4033 2848 4104 πολίτευμα
2887 4035 3278 4108 παρελθόντας,
3317 4039 3455 4107 μιᾶς
3486 4054 3548 4089 τε
3576 4030 3773 4102 καὶτῆς

2203 4124 2372 4195 αὐτῆς
2434 4125 2696 4197 ἐργασίας
2743 4125 3073 4197 ἁψαμένους,
3132 4127 3234 4198 τῆς
3296 4128 3474 4200 αὐτῆς
3523 4123 3778 4200 βασιλείας

2207 4217 2493 4285 μετασχεῖν
2522 4209 2590 4285 ἦν
2617 4215 2826 4268 δίκαιον
2847 4215 3064 4270 ’τούτου
3094 4217 3251 4288 χάριν
3267 4217 3500 4282 εἰκότως
3515 4219 3626 4281 τοῖς
3656 4214 3774 4266 πᾶσι

2201 4305 2301 4376 τῆς
2316 4303 2602 4367 Βασιλείας
2617 4305 2677 4358 τὸ
2701 4303 2967 4376 σύμϐολον
2987 4305 3048 4359 τὸ
3076 4307 3327 4380 δηνάριον
3349 4307 3666 4363 ἀποδίδοται
3687 4321 3700 4335 ·
3713 4297 3778 4357 ὧν

2201 4396 2250 4448 οἰ
2276 4395 2373 4466 μέν
2398 4397 2455 4448 ἐν
2490 4395 2704 4465 νεότητι
2729 4395 3053 4468 ἐκλήθησαν,
3083 4399 3130 4450 οἰ
3156 4398 3213 4451 δὲ
3241 4396 3385 4468 ἀμφὶ
3410 4399 3517 4471 τὴν
3551 4396 3644 4450 τοῦ
3670 4410 3776 4447 νεα·

2203 4488 2314 4541 νίου
2368 4488 2601 4559 ἡλικίαν,
2623 4491 2680 4555 οἰ
2710 4489 2766 4542 δὲ
2795 4506 2859 4541 πε
2869 4491 2920 4561 pl.
2935 4489 3025 4542 τὸν
3046 4491 3207 4561 μέσον
3223 4489 3317 4542 τοῦ
3334 4489 3636 4562 ἀνθρώπου
3654 4485 3782 4555 ζωῆς

2203 4579 2414 4650 χρόνον,
2441 4580 2491 4630 οἱ
2531 4578 2589 4632 δὲ
2627 4579 2717 4632 τὸν
2758 4579 2924 4650 ἄνδρα
2965 4579 3168 4632 τέλειον
3203 4580 3300 4652 ἤδη
3343 4582 3442 4635 καὶ
3491 4575 3782 4650 ὑπερϐεϐηο

2204 4671 2336 4724 κότα
2371 4671 2750 4742 ἀνειληφότες·
2793 4672 2842 4723 οἱ
2870 4670 2926 4723 δὲ
2973 4672 3112 4725 κατὰ
3147 4672 3236 4724 τὸν
3276 4671 3604 4743 πρεσϐύτην
3638 4665 3784 4723 αὐτὸν

2206 4764 2460 4836 γηραλέοι
2488 4763 2692 4825 λοιπὸν,
2725 4763 2819 4817 καί¹
2843 4765 2971 4836 περὶ
2998 4764 3208 4835 δυσμάς
3237 4765 3456 4834 ἔχοντες
3481 4765 3579 4818 τοῦ
3612 4763 3742 4834 βίου.

1516 4852 1792 4924 postremo
1859 4853 2073 4922 quidam
2120 4854 2262 4908 circa
2307 4856 2534 4910 senilem
2616 4865 2868 4921 aetatem,
2931 4855 3156 4925 longqu
3202 4859 3568 4928 ca:teroquin,
3613 4866 3669 4911 et
3727 4852 3784 4903 all

2277 5042 2434 5094 Εἴποι
2467 5041 2511 5094 δ’
2545 5042 2611 5096 ἄν
2645 5060 2727 5106 τις
2758 5043 2853 5098 καὶ
2885 5043 3089 5116 ἑτέρως
3118 5043 3483 5115 ἐξηγούμενος
3522 5035 3790 5111 ἐφαρμότ-

2205 5149 2316 5186 τειν
2364 5134 2432 5187 τὰ
2481 5132 2580 5204 τῆς
2624 5135 2942 5207 παραϐολῆς
2997 5136 3324 5207 δηλούμενα.
3369 5139 3490 5198 τοῖς
3535 5130 3791 5187 ἀνέκαθεν

2203 5227 2268 5278 ἐκ
2305 5225 2527 5298 πρώτης
2568 5226 2663 5280 τοῦ
2720 5228 2838 5299 βίου
2887 5230 3197 5292 συστάσεως
3260 5229 3423 5300 μέχρι
3486 5222 3792 5282 συντελείας

2201 5317 2293 5370 τοῦ
2340 5319 2537 5382 αἰῶνος
2589 5320 3036 5393 καταξιουμένοις
3100 5322 3198 5392 τῆς
3263 5321 3453 5374 ἐνθέου
3526 5320 3790 5391 κλήσεως,

2207 5410 2366 5463 Ὥστε
2400 5411 2516 5482 ἅμα
2542 5414 2686 5484 πρωὶ
2718 5414 3016 5486 κεκλῆσθαι
3060 5415 3237 5484 λέγειν
3271 5416 3363 5468 ἐπὶ
3394 5415 3497 5487 τὴν
3529 5415 3634 5486 τῆς
3687 5411 3795 5466 θεο-

2206 5500 2421 5565 σεϐείας
2473 5504 2736 5572 ἐργασίαν
2801 5507 2928 5570 τοὺς
2987 5508 3129 5560 κατὰ
3187 5508 3283 5578 τὴν
3326 5506 3506 5580 ἀρχὴν
3551 5505 3651 5560 τοῦ
3687 5503 3794 5574 βίον

1762 5609 1804 5638 ει
1849 5607 1864 5660 I
1893 5609 2016 5661 Cor.
2046 5623 2084 5673 ι,
2113 5606 2206 5662 at.

2276 5703 2352 5773 (7)
2381 5703 2541 5762 Forte
2575 5707 2970 5779 πνευματικῆς.
