3958 6512
173 427 277 481 365

1457 423 1752 480 SCHOLIA
1791 422 1857 478 IN
1897 423 2156 478 ιυυωι.

3322 422 3424 474 ὃῦθ

168 543 280 608 τοῖς
308 542 537 607 ἑαυτοὺς
564 542 909 599 ἀποθεὼσασι
925 543 1072 616 Θεῷο
1116 543 1172 599 '0
1199 544 1345 610 Θεὸς
1376 544 1484 616 γάρ
1505 544 1636 597 ἐστι
1655 541 1752 612 (9),

1880 540 2019 610 \pud
2055 553 2156 594 nos
2188 537 2354 609 igitur
2397 537 2648 594 homines
2681 533 2887 591 homini
2938 532 3270 589 assimilatas
3305 543 3425 589 est:

167 637 352 706 φησὶν,
380 635 452 688 ὲν
476 635 798 706 ovs-artum"
823 635 992 692 θεῶν.

807 815 964 868 ΚΕΦ.
1008 815 1107 868 ΙΕ’.

171 907 316 978 Στίχ.
350 914 457 976 κγ’.
482 907 591 963 Καὶ
613 907 966 978 ἐνέγκαντες
993 909 1100 964 τὸν
1139 909 1380 979 μόσχον
1413 906 1514 960 τὸν
1552 921 1751 960 σιτευ-

456 979 583 1043 τὸν,
622 977 731 1033 καί
750 983 1046 1050 φαγόντες
1069 977 1514 1049 εὐφρανθῶμεν.

237 1071 387 1126 ENA
435 1071 544 1144 χρὴ
590 1073 680 1126 τὸν
718 1073 881 1127 τόπον
928 1075 1026 1127 καὶ
1073 1072 1407 1146 ὑψηλότερον
1455 1070 1750 1142 θεωρῆσαι,

170 1165 610 1236 προκατάρχεται
645 1165 846 1235 λόγων,
877 1165 1084 1237 ἠθικῶν
1121 1167 1218 1237 μὲν
1237 1207 1252 1229 ,
1287 1162 1398 1218 οἷον
1430 1163 1659 1234 τροφῆς,
1694 1163 1753 1216 ὲν

167 1257 243 1328 τῷ
286 1259 576 1328 φαγόντες
607 1297 623 1322 ,
671 1259 982 1312 ἐποπτικῶν
1021 1257 1112 1322 δὲ,
1163 1251 1274 1310 οἷον
1322 1256 1520 1317 ποτοῦ,
1562 1255 1620 1308 ἐν
1676 1251 1754 1324 τῷ

169 1351 612 1420 εὐφρανθῶμεν.
661 1346 835 1419 Οἷνος
867 1351 975 1423 γάρ
1024 1351 1180 1421 ἁρχὴ
1227 1351 1644 1420 εὐφροσύνης,
1678 1347 1753 1411 ὼς

170 1443 499 1515 γέγραπται.

798 1534 956 1587 ΚΕΦ.
999 1533 1117 1601 ις’.

169 1621 316 1703 Στίχ.
350 1623 437 1689 ιζ’.
458 1625 882 1704 Ερκσπῶτερσν
897 1624 964 1704 σέ
978 1625 1111 1678 ἐστι
1122 1625 1234 1704 ,τὸν
1248 1625 1507 1704 οὐρανὸν
1522 1624 1620 1678 καί
1639 1622 1754 1704 τὴν

201 1694 321 1762 γῆν
332 1694 675 1764 παρελθεῖν.
691 1696 727 1762 ἢ
745 1695 852 1749 τοῦ
865 1696 1052 1764 νόμου
1062 1695 1210 1763 μίαν
1223 1696 1468 1763 κεραίαν
1489 1694 1719 1748 πεσεῖν.

237 1787 364 1839 Ἐτι
392 1786 503 1854 μία
535 1788 741 1855 κεραία
786 1789 847 1842 οὐ
883 1788 1012 1860 παρ’
1060 1787 1286 1858 Ἕλλησι
1330 1788 1488 1858 μόνον
1535 1786 1652 1840 ἐστὶ
1693 1786 1755 1838 τὸ

171 1877 302 1930 ἰῶτα
325 1919 340 1940 ,
377 1878 515 1933 ἀλλὰ
560 1881 654 1932 καὶ
684 1881 815 1951 παρ’
861 1879 1132 1952 Ἑϐραίοις
1157 1879 1217 1932 τὺ
1249 1881 1378 1951 παρ’
1426 1880 1608 1943 αὐτοῖς
1651 1895 1755 1932 κα-

1860 630 2000 699 apud
2045 644 2140 684 eos
2179 643 2306 683 vero
2349 629 2439 699 qui
2488 628 2630 684 sein
2691 627 2822 682 deos
2866 624 3128 688 referunt,
3177 625 3303 679 Deo.
3345 623 3427 678 ιιι.

1859 721 1978 790 quit
2023 720 2167 774 enim
2210 736 2224 772 :
2259 718 2397 772 Deus
2432 719 2570 773 stetit
2607 719 2662 772 in
2687 731 2955 786 synagoga
2999 715 3215 769 deorum
3245 714 3310 768 ⁸¹.

2482 809 2634 865 CAP.
2676 808 2794 863 XV.

1861 902 1927 960 ν.
1958 905 2048 959 25.
2082 903 2148 958 Et
2171 903 2449 973 afferentes
2479 901 2705 1024 villulam
2727 901 2994 971 pinguem,
3027 909 3076 954 et
3107 899 3429 954 camedentes

2539 984 2778 1024 a’temttr.

2539 984 2778 1024 wtemur.

1933 1065 1990 1122 Si
2032 1067 2162 1121 licet
2203 1065 2349 1120 hunc
2391 1065 2568 1118 locum
2613 1061 2902 1118 sublimius
2938 1062 3320 1134 contemplari,
3355 1061 3430 1116 itt-

1860 1160 2038 1215 stituit
2066 1172 2374 1223 sermones,
2428 1155 2663 1210 morales
2711 1154 2952 1225 quidem,
2994 1165 3120 1226 puta
3169 1156 3431 1210 ciborum.

1860 1253 1988 1306 dum
2031 1251 2108 1306 ait
2147 1253 2513 1313 comedentes;
2569 1247 2932 1318 speculativos
2974 1263 3120 1310 vero,
3169 1258 3294 1316 puta
3339 1263 3430 1316 po-

1864 1353 2035 1406 tuum,
2070 1341 2197 1397 dum
2254 1341 2428 1409 inquit
2471 1347 2728 1395 laetemur.
2775 1338 3054 1408 Siquidem
3117 1335 3304 1391 Vinum
3351 1341 3432 1391 iu-

1871 1435 2024 1487 itium
2053 1443 2128 1488 est
2165 1431 2363 1486 laetitia:
2386 1431 2458 1500 ³⁸,
2483 1434 2624 1487 sicut
2647 1432 2906 1499 scriptum
2933 1440 3035 1486 est.

2483 1521 2636 1578 CAP.
2677 1521 2818 1578 XVI.

1861 1617 1926 1673 V.
1951 1619 2037 1673 Π.
2067 1615 2301 1671 Facilius
2334 1626 2510 1670 autem
2536 1624 2613 1669 est
2647 1615 2835 1668 calum
2854 1623 2901 1668 et
2920 1622 3119 1667 terram
3150 1615 3435 1683 prseterire,

2143 1704 2303 1757 quam
2342 1697 2398 1740 ut
2443 1685 2569 1754 legis
2609 1701 2744 1739 unus
2767 1700 2901 1752 apex
2926 1685 3156 1738 excidat.

1930 1779 2198 1834 Praeterea
2227 1795 2365 1832 unus
2408 1793 2564 1846 apex,
2601 1791 2710 1831 non
2749 1786 2832 1831 est
2879 1777 3038 1830 modo
3084 1776 3192 1830 iota
3221 1772 3434 1832 Graeco-

1861 1890 2004 1939 rum,
2043 1874 2136 1928 sed
2157 1872 2363 1936 littera,
2399 1886 2520 1941 quae
2545 1871 2710 1928 etiam
2753 1869 2895 1940 apud
2929 1869 3182 1924 Hebraeos
3219 1881 3436 1925 vocalut

171 1965 428 2036 λούμενον
459 1967 582 2021 ίώθ.
611 1968 841 2023 Δύναται
864 1970 920 2024 δὲ
954 1969 1088 2024 ίῶτα
1120 1969 1462 2040 συμϐολικῶς
1502 1969 1755 2038 λέγεσθαι

1880 1966 1972 2021 'od.
2011 1964 2196 2020 Potest
2240 1975 2421 2020 autem
2463 1962 2760 2036 symbolice
2798 1963 2958 2018 Jesus
3005 1961 3270 2032 appellari
3311 1963 3438 2028 iota,

181 2057 412 2130 Ἰησοῖς,
467 2059 697 2132 ἐπείπερ
744 2062 778 2132 ἡ
827 2060 970 2133 ἀρχὴ
1003 2061 1096 2115 τοῦ
1141 2061 1404 2132 ὀνόματος
1449 2060 1615 2114 αὐτοῦ
1660 2061 1756 2114 καὶ

173 2153 296 2224 παρ’
327 2153 554 2224 Ἕλλησι
591 2155 683 2208 καὶ
731 2155 862 2227 παρ’
904 2156 1174 2228 Ἑϐραίοις
1213 2155 1321 2208 ἀπὸ
1348 2153 1440 2208 τοῦ
1476 2153 1576 2210 ίὼθ
1617 2155 1754 2226 γρά-

175 2261 348 2312 φεται.
398 2245 554 2299 Ἔστι
589 2246 770 2300 τοίνυν
795 2247 853 2300 ὲν
902 2246 981 2319 τῷ
1012 2247 1162 2317 νόμῳ
1201 2247 1230 2300 6
1271 2245 1442 2314 Λόγος
1478 2245 1572 2298 τοῦ
1619 2244 1755 2298 Θεοῦ

175 2335 244 2406 μὴ
296 2336 715 2407 παρερχόμενος
758 2337 950 2402 αὐτὸν,
1000 2336 1136 2408 μηδὲ
1187 2336 1452 2408 πρότερον
1519 2335 1752 2400 πίπτων,

176 2429 274 2496 ἕως
294 2429 376 2482 ἂν
397 2429 596 2484 πάντα
626 2431 866 2502 γένηται
889 2450 902 2463 ·
926 2431 1046 2485 τότε
1071 2432 1126 2485 δὲ
1150 2433 1364 2486 πίπτων
1381 2472 1394 2496 ,
1420 2433 1506 2485 ἵνα
1535 2432 1756 2485 πλείονα

177 2524 382 2594 καρπον
409 2524 579 2596 φέρῃο
616 2524 678 2578 οὐ
711 2525 987 2597 νικηθεὶς,
1036 2524 1172 2579 ἀλλά
1214 2524 1590 2592 ταπεινώσας
1619 2526 1755 2578 ἐαυ-

179 2614 291 2680 τὸν,
323 2615 424 2668 καί
457 2617 778 2686 γενόμενος
810 2616 1080 2684 ὑπήκοος
1123 2616 1300 2688 μέχρι
1333 2616 1622 2680 θανάτου,
1657 2619 1756 2671 θα-

179 2703 358 2760 νᾶτου
391 2706 462 2760 δὲ
490 2709 778 2777 σταιιροῦ.

826 2802 984 2855 ΚΕΦ.
1021 2804 1101 2857 ΙΖ’

180 2867 316 2950 Στίχ.
352 2868 441 2950 ιϐ’.
471 2871 576 2924 Καὶ
604 2872 1029 2950 είσερχσμένορ
1047 2873 1348 2950 αὑτοῦβίς
1367 2890 1501 2927 τινα
1528 2872 1754 2950 fagum“,

277 2939 613 3013 πήντησαν
633 2939 803 3007 αὐτῷ’
820 2942 966 2996 δέκα
989 2945 1198 3013 λεπροὶ
1220 2943 1456 3012 ἄνδρες,
1490 2942 1547 2997 οἳ
1573 2939 1754 3012 ἐστη-

239 3026 366 3064 ι-ιιν
397 3011 722 3079 πόρρωθεν.

183 3101 297 3172 Στίχ
357 3109 452 3170 ιτ⁹⁶
487 3103 793 3174 Καὶίαὺτοί
833 3100 990 3173 ἦραν
1021 3105 1260 3174 φωνὴν,
1289 3107 1570 3174 λέγοντες
1591 3123 1603 3136 ·
1653 3107 1758 3174 ἰηο

500 3173 618 3228 σοῦ
645 3175 958 3244 ἐπιστάτα,
983 3173 1248 3244 ἐλέησον
1275 3175 1449 3246 ἡμᾶς.

1863 2057 1989 2126 quia
2021 2056 2234 2111 initium
2264 2055 2504 2112 nominis
2529 2055 2652 2126 ejus
2685 2065 2792 2110 tant
2824 2054 2965 2121 apud
3000 2053 3242 2116 Cra-cos.
3275 2069 3440 2122 quam

1864 2149 2006 2218 apud
2048 2147 2304 2204 Hebraeos
2337 2163 2432 2218 per
2463 2147 2562 2219 jod
2593 2147 2871 2202 scribitur.
2913 2147 3007 2201 Est
3044 2146 3205 2216 igitur
3243 2147 3294 2200 in
3327 2146 3438 2217 lege

1867 2242 2104 2297 Verbum
2144 2241 2235 2295 Dei
2264 2254 2601 2310 nequaquam
2637 2239 2779 2294 illam
2810 2240 3149 2309 praeteriens,
3173 2255 3270 2295 nec
3293 2241 3439 2310 prius

1861 2333 2142 2393 escitlens.
2182 2332 2346 2385 donec
2381 2333 2560 2386 omnia
2598 2330 2732 2400 ﬁant
2761 2330 2828 2383 “.
2873 2329 3025 2384 Tunc
3069 2341 3249 2385 autem
3294 2331 3437 2386 exci-

1862 2420 2018 2483 dens,
2054 2429 2112 2472 nt
2151 2417 2387 2474 I'rnctntn
2436 2420 2696 2489 majorem
2747 2419 2885 2474 ierat
2919 2437 2933 2474 :
2970 2435 3074 2474 non
3116 2419 3310 2483 victus,
3347 2420 3438 2474 sed

1862 2511 2148 2566 Immiiians
2200 2513 2556 2580 semetipsum,
2593 2521 2640 2566 et
2683 2512 2854 2579 Iactus
2908 2509 3150 2566 obediens
3186 2527 3348 2580 usque
3373 2512 3438 2563 ad

1862 2611 2105 2668 mortem,
2153 2613 2376 2658 mortem
2410 2612 2587 2657 autem
2620 2605 2792 2658 crucis
2823 2603 2888 2657 ³³.

2468 2781 2618 2838 CAP.
2671 2783 2840 2839 XVII.

1868 2871 1932 2929 V.
1971 2873 2056 2927 12.
2087 2877 2155 2928 Et
2203 2875 2500 2928 introeunte
2539 2873 2632 2928 illo
2681 2875 2736 2928 in
2788 2875 3066 2938 quemdam
3110 2875 3300 2937 vicum,
3351 2889 3438 2930 oc-

1933 2954 2209 3025 currerunt
2258 2947 2306 2999 ei
2373 2946 2553 2998 decem
2606 2938 2804 3012 lepro'si
2877 2946 2996 3012 uiri,
3045 2947 3134 3015 qui
3188 2955 3441 2998 steterunt

1933 3030 2158 3068 emmus.

1869 3101 1930 3157 V.
1985 3103 2074 3157 15.
2119 3101 2187 3156 Et
2235 3103 2337 3174 ipsi
2385 3103 2683 3174 extulerunt
2725 3118 2923 3167 vocem,
2975 3103 3202 3158 dicentes
3254 3119 3274 3156 :
3315 3101 3442 3160 less

2285 3173 2549 3242 magister,
2588 3175 2830 3227 miserere
2853 3174 3020 3228 nobis.

245 3267 353 3320 Καί
382 3283 454 3336 γε
477 3267 605 3329 τοὺς
634 3268 763 3339 περὶ
797 3267 1004 3340 λέπρας
1035 3269 1232 3339 νόμους
1264 3269 1653 3340 ὑπολαμϐάνῃς
1691 3268 1757 3339 δή

1940 3262 2188 3319 Profecto
2212 3263 2358 3335 leges
2384 3279 2507 3334 qua:
2528 3273 2657 3320 sunt
2682 3265 2749 3319 de
2774 3265 2923 3333 lepra
2951 3264 3255 3335 intelligere
3278 3279 3442 3336 queas

184 3373 293 3412 τινα
323 3360 431 3429 τῆς
483 3357 663 3429 ψυχῆς
709 3359 1017 3432 διαγραφὴν
1061 3360 1334 3431 διάφορον.
1381 3361 1476 3424 Τίς
1527 3360 1637 3432 γάρ
1665 3361 1764 3415 οὐκ

185 3451 244 3503 ἃν
270 3451 556 3522 ἀπορήσαι
580 3450 756 3523 ὁρῶν,
790 3452 873 3506 ὅτι
903 3452 979 3524 πὴ
1016 3453 1114 3523 μὲν
1155 3456 1188 3525 ἡ
1232 3452 1412 3524 λέπρα
1458 3452 1766 3525 ἀκάθαρτον

187 3547 318 3598 ποιεῖ
344 3545 443 3598 τὸν
473 3543 763 3615 ἄνθρωπον
791 3545 1128 3618 ἐγγενομένη
1157 3545 1327 3620 χρωτὶ
1355 3545 1546 3611 ζῶντι,
1588 3545 1665 3617 πὴ
1709 3545 1767 3598 δὲ

187 3635 357 3688 πᾶσαν
376 3633 725 3705 ἀκαθαρσίαν
744 3635 855 3706 (I0)
881 3635 1105 3690 ἀπολύει
1129 3636 1250 3690 ὅλον
1268 3636 1468 3710 λεπρὸν
1485 3637 1765 3706 γεγονότα.

187 3724 310 3779 Τότε
341 3726 461 3798 γὰρ
487 3725 796 3798 ἀκάθαρτος
829 3722 968 3783 εἶναι
992 3728 1302 3797 λογίζεται,
1330 3729 1418 3783 ὅτε
1447 3727 1594 3802 χρὼς
1638 3727 1767 3793 ζῶν,

189 3817 317 3885 μετά
354 3817 421 3870 τὸ
472 3816 762 3889 όλόλεπρον
811 3818 1100 3888 γεγονότα,
1144 3819 1417 3890 μιαίνεται
1444 3819 1538 3872 τοῦ
1569 3819 1770 3884 ζῶντος

188 3907 390 3977 χρωτὸς
429 3906 534 3978 τὴν
563 3906 620 3973 ἐξ
667 3906 804 3961 ὅλων
844 3907 1051 3980 λέπραν
1090 3948 1103 3961 .
1145 3946 1159 3962 .
1193 3947 1206 3960 .
1241 3949 1254 3962 .
1289 3949 1302 3963 .
1344 3948 1358 3963 .
1391 3949 1404 3961 .
1445 3902 1586 3962 εἶναι
1613 3907 1769 3977 λεγο-

192 3998 371 4069 μένην.
452 3999 726 4070 Ἠγοῦμαι
784 3999 896 4071 γάρ
951 4001 1052 4072 τὴν
1101 4000 1311 4073 λέπραν
1375 4001 1496 4055 ἀντὶ
1561 3999 1772 4070 ἀλόγων

191 4087 561 4158 λαμϐάνεσθαι
595 4089 698 4160 τῆς
739 4088 919 4160 ψυχῆς
961 4089 1337 4161 παθημάτων,
1375 4091 1465 4144 τὸν
1501 4091 1556 4144 δὲ
1595 4089 1771 4155 ζῶντα

190 4179 365 4248 χρῶτα
412 4180 541 4233 ἀντὶ
588 4179 691 4250 τῆς
732 4179 955 4252 λογικῆς
995 4180 1402 4245 καταστάσεως.
1473 4183 1633 4235 Δοκεῖ
1681 4179 1773 4235 οὖν

195 4287 275 4340 μοι
309 4274 615 4344 μυστήριον
668 4273 926 4343 παρέχειν
970 4275 998 4326 6
1041 4273 1217 4341 λόγος.
1265 4273 1353 4327 Ἐν
1399 4273 1508 4344 γὰρ
1557 4277 1623 4346 τῇ
1668 4274 1774 4330 τῶν

193 4359 398 4431 βρεφῶν
431 4361 624 4434 ἡλικία
673 4362 1001 4432 ἀνέγκλητός
1046 4365 1192 4416 ἐστιν
1229 4364 1262 4434 ἠ
1305 4361 1478 4433 ιζνυχὴ,
1518 4362 1616 4433 τῆς
1650 4363 1773 4417 ἀλο-

193 4454 308 4519 γίας
335 4455 657 4508 ἀπολύουσα
690 4454 860 4526 αὐτὴν
893 4454 1094 4518 παντὸς
1117 4454 1306 4524 ψόγου.
1374 4455 1500 4508 Ἐὰν
1538 4455 1596 4508 δὲ
1635 4453 1772 4527 ὀφθῇ

195 4544 331 4613 χρὼς
363 4544 477 4609 ζῶν
504 4546 566 4598 ὲν
603 4545 739 4616 αὐτῇ
765 4583 779 4608 ,
823 4545 852 4598 ὅ
890 4546 1038 4598 ἐστιν
1060 4585 1072 4607 ,
1104 4545 1198 4598 ὲάν
1226 4545 1460 4617 ἄρχηται
1485 4544 1580 4597 τοῦ
1617 4545 1774 4614 λόγου

1869 3369 1968 3426 pro
2006 3355 2225 3412 diversa
2277 3357 2512 3426 quadam
2575 3355 2772 3409 anitum
2824 3355 3060 3424 pictura.
3115 3356 3248 3423 Quis
3297 3357 3442 3410 enim

1870 3462 1980 3502 non
2029 3448 2238 3503 haereat
2280 3448 2497 3515 videns,
2540 3462 2684 3502 nunc
2722 3448 2942 3518 quidem
2981 3447 3186 3518 leprnm
3232 3447 3443 3503 eﬂicere

1870 3541 2143 3597 hominem
2179 3541 2538 3607 immundum,
2578 3543 2626 3596 si
2659 3542 2792 3596 vivae
2819 3541 2945 3596 insit
2970 3541 3117 3607 cuti;
3147 3556 3289 3596 nunc
3319 3556 3448 3595 vero

1871 3633 1939 3688 ab
1973 3633 2118 3688 omni
2153 3648 2276 3686 eum
2305 3633 2620 3704 impuritate
2661 3635 2926 3696 eximere,
2961 3633 3053 3702 qui
3093 3641 3237 3688 totus
3266 3633 3446 3702 lepro-

1871 3741 1967 3781 sus
2005 3725 2204 3780 fuerit?
2237 3724 2389 3780 Tunc
2419 3726 2564 3781 enim
2609 3726 2922 3782 immundus
2971 3739 3096 3780 esse
3145 3735 3448 3794 reputatur,

1871 3816 2090 3888 quando
2117 3817 2259 3871 cutis
2287 3817 2432 3883 viva,
2475 3826 2766 3886 postquam
2803 3826 2949 3873 totus
2978 3817 3224 3888 leprosus
3255 3819 3448 3882 evasit,

1872 3911 2294 3977 contaminetur,
2325 3919 2448 3964 cute
2473 3908 2594 3963 viva
2627 3909 2987 3964 contrahente
3010 3923 3075 3964 ex
3106 3919 3223 3964 toto
3246 3909 3446 3978 Iepram

1872 4015 2129 4070 qu:e......
2161 4015 2284 4054 esse
2315 3999 2516 4054 dicitur
2539 3989 2672 4070 (II).
2693 3998 2953 4056 Existimo
2971 3999 3114 4054 enim
3142 3999 3450 4070 lepratnac-

1874 4092 1978 4160 cipi
2008 4105 2106 4162 pro
2140 4089 2612 4145 irrationabilibus
2647 4091 2843 4144 anima:
2874 4089 3246 4159 passionibus,
3272 4101 3327 4144 et
3350 4105 3451 4145 cu-

1878 4193 1983 4236 tem
2019 4182 2195 4237 vivam
2237 4197 2335 4250 pro
2361 4181 2615 4236 rationali
2640 4181 2757 4252 ejus
2783 4181 3191 4238 constitutione.
3227 4179 3450 4237 Videtur

1875 4275 2057 4344 itaque
2101 4274 2234 4329 mihi
2283 4289 2466 4329 sermo
2501 4273 2816 4345 mys:erium
2868 4273 3144 4329 exhibere.
3183 4273 3239 4328 In
3277 4272 3449 4329 infan-

1880 4368 1956 4422 tili
1985 4365 2183 4422 etenim
2211 4374 2370 4421 mtate
2401 4365 2677 4435 inculpata
2701 4375 2785 4420 cst
2815 4366 3018 4434 anima,
3054 4365 3302 4422 esimens
3332 4381 3453 4421 sese

1879 4461 1948 4515 ab
1989 4458 2137 4515 omni
2189 4457 2590 4528 vituperatione
2631 4457 3088 4526 irrationalitatis.
3134 4459 3204 4513 At
3245 4460 3291 4516 si
3338 4461 3452 4514 visa

1881 4550 2042 4604 fuerit
2085 4549 2227 4604 cutis
2259 4549 2380 4603 viva
2431 4547 2485 4603 in
2521 4563 2608 4612 ea,
2651 4547 2754 4603 hoc
2795 4559 2900 4616 est,
2949 4550 2992 4606 si
3044 4549 3269 4622 incipiat
3314 4551 3454 4606 ratio

197 4635 530 4707 ΰωφὺωσις,
564 4636 686 4690 τότε
717 4636 860 4709 ἀρχὴ
897 4637 995 4707 τῆς
1021 4637 1294 4708 ἁμαρτίας
1323 4636 1650 4707 ὑφίσταται,
1677 4639 1763 4692 ἓως

1887 4642 2124 4708 exoriri,
2163 4651 2291 4697 tunc
2314 4641 2523 4698 sulistat
2557 4641 2883 4712 principium
2910 4644 3137 4712 peccati.
3179 4657 3454 4714 quousque

197 4723 629 4800 ὲπικρατήσηται
664 4727 756 4780 τοῦ
801 4726 1010 4800 χρωτὸς
1074 4727 1167 4780 τοῦ
1227 4727 1458 4793 ζῶντος,
1507 4729 1773 4794 τουτέστι,

197 4816 281 4870 τοῦ
304 4818 473 4887 λόγου
512 4817 838 4884 αὑξάνοντος
875 4820 972 4874 καὶ
994 4819 1405 4891 τελειουμένου,
1450 4821 1570 4886 ὅλος
1610 4821 1773 4892 γένη-

197 4924 276 4963 ται
299 4913 330 4964 6
358 4910 513 4982 χρὼς
539 4909 670 4974 ζῶν,
701 4911 794 4964 καὶ
825 4911 1008 4966 τέλεον
1043 4914 1076 4983 ἡ
1109 4911 1286 4985 λέπρα
1319 4912 1671 4986 ἐξαφανισθῇ.

835 5003 992 5058 ΚΕΦ.
1032 5004 1140 5056 IH'.

199 5087 336 5163 Στιίχ.
369 5100 448 5168 δέ..
484 5093 595 5160 Τὰς
626 5094 880 5168 ἐντολὰς
911 5091 1119 5168 016a¢'_
1159 5096 1256 5168 Μὴ
1287 5098 1624 5166 μοιχεύσῃς
1643 5139 1659 5161 ν
1687 5098 1774 5168 μὴ

265 5162 596 5238 φονεύσῃς,
623 5164 710 5238 μὴ
737 5162 993 5238 κλέψῃς,
1025 5166 1124 5219 καί
1159 5162 1252 5238 μὴ
1287 5162 1781 5238 ὶίιειιᾷνδομαρτυρήί-

263 5248 414 5300 σεις.
461 5235 602 5303 Τᾲια
622 5234 730 5288 τὸν
756 5235 982 5304 πατέρα
999 5252 1115 5290 σου
1143 5234 1242 5290 καί
1263 5234 1378 5306 τὴν
1391 5234 1617 5308 μητέρα
1640 5234 1777 5293 σοι).

275 5323 655 5396 Ἐξελέγχεται
721 5327 779 5381 δὲ
811 5329 869 5382 ὲν
933 5327 1010 5399 τῷ
1071 5327 1214 5400 λόγῳ
1259 5330 1696 5402 Μαρκιωνιστῶν
1721 5349 1780 5386 τε

159 5427 164 5438 ·
204 5418 472 5488 παράνοια
525 5420 616 5473 καὶ
679 5421 994 5492 Μανιχαίων
1016 5460 1032 5487 ,
1067 5423 1118 5476 οἶ
1147 5422 1240 5477 τὸν
1291 5423 1454 5494 νόμον
1503 5423 1780 5495 ἀλλότριον

204 5504 332 5563 εἷναί
381 5528 518 5580 φασι
555 5513 815 5584 Χριστοῦ.
858 5515 994 5586 Φησὶ
1046 5514 1156 5588 γὰρ
1202 5518 1230 5571 6
1262 5517 1508 5588 Μάρκος,
1547 5517 1630 5569 δτι
1683 5516 1783 5587 ἐμ.

1884 4733 2127 4788 obtineat
2170 4733 2438 4788 viventem
2482 4741 2658 4787 cutem
2697 4749 2712 4787 :
2746 4732 2800 4786 id
2829 4743 2934 4795 est,
2977 4743 3306 4802 augescente
3336 4748 3456 4788 ora-

1887 4825 2032 4879 tione
2070 4834 2231 4894 atqne
2272 4821 2534 4892 perfecta,
2573 4832 2682 4877 tota
2711 4822 2807 4877 ﬁat
2839 4823 2998 4879 cutis'
3032 4824 3179 4887 viva.
3214 4835 3268 4880 et
3307 4823 3454 4894 peni-

1883 4923 1972 4969 tus
2006 4915 2152 4986 Iepra
2184 4923 2497 4970 evanescat.

2485 5005 2636 5062 CAP.
2677 5005 2861 5061 XVIII.

1885 5097 1950 5158 V.
1981 5099 2077 5155 20.
2121 5098 2391 5166 Prteeepta
2426 5099 2564 5153 nosti
2590 5112 2610 5152 :
2638 5097 2760 5152 Non
2801 5097 3164 5166 fornicaberis,
3197 5115 3301 5152 non
3325 5099 3455 5154 oeci-

1957 5172 2072 5233 des,
2125 5186 2228 5224 non
2276 5169 2556 5238 furaberis,
2603 5178 2651 5222 et
2694 5183 2797 5220 non
2834 5169 2973 5221 dices
3009 5169 3202 5235 falsum
3235 5171 3454 5224 testimo-

1958 5243 2124 5294 nium.
2159 5238 2373 5292 Honora
2400 5249 2600 5307 patrem
2631 5248 2779 5290 tuum
2801 5247 2848 5290 et
2878 5247 3097 5291 matrem
3125 5249 3298 5294 luam.

1958 5329 2282 5388 Coniutatur
2320 5330 2423 5386 bac
2471 5331 2719 5386 oratione
2777 5331 3249 5384 Marcionis-larunt
3289 5328 3456 5382 Mani-

1888 5425 2271 5490 cltzrorurnqne
2300 5422 2540 5486 vesania,
2595 5422 2684 5492 qui
2717 5422 2889 5490 legem
2931 5420 3159 5476 alienam
3197 5417 3458 5474 aCltristc

1889 5530 2010 5572 esse
2034 5523 2334 5570 autumant.
2361 5514 2448 5568 Ait
2485 5515 2630 5570 enim
2663 5512 2898 5580 Marcus,
2930 5515 3071 5585 quod
3100 5512 3378 5582 respiciens
3407 5509 3458 5563 is

269 5641 312 5672 ³¹
346 5641 492 5699 Psal.
517 5660 705 5706 um.
732 5646 782 5700 I.
860 5645 904 5678 ³³
933 5647 1096 5701 Eccli.
1134 5647 1402 5711 “31,35.
1479 5647 1523 5680 “
1553 5647 1682 5703 Luc.
1714 5664 1763 5703 ι]

1880 5646 1959 5701 52.
2036 5645 2082 5678 ³⁸
2111 5645 2339 5716 Philipp.
2366 5659 2427 5712 tt,
2456 5642 2508 5698 8.

273 5799 542 5875 (infirme
578 5803 730 5875 ἔστη.

276 5871 387 5936 ιιο)
415 5870 579 5930 Forte
607 5870 789 5937 πάσης
810 5874 1170 5940 ἀκαθαρσίας.

1896 5893 1926 5932 Σ
1969 5807 2076 5879 (Η)
2102 5806 2274 5866 Locus
2315 5807 2640 5879 impeditus,
2669 5806 2735 5864 ad
2759 5823 2916 5878 quem
2947 5810 3130 5866 confer
3159 5809 3232 5865 sis
3289 5806 3457 5866 Lavit.

1937 5895 2016 5932 III.
