3942 6518
474 433 573 487 ὃῖί
752 428 853 459 Ἴ

1595 422 1982 485 ANONYMUS
2018 429 2084 484 IN
2123 426 2263 485 JOB.
2302 455 2372 468 -υ
2406 424 2538 483 I.IB.
2581 427 2621 484 I.
3599 425 3687 482 57!

476 582 3658 624 Μ

1730 765 2466 931 SPURIA.

743 1197 1471 1327 ANONYMI
1552 1200 1715 1325 IN
1788 1198 2068 1329 JOB
2147 1176 3575 1375 COMMENTARIUS“).

1872 1442 1974 1515 (Ex
2000 1442 2133 1499 edit.
2159 1439 2359 1512 Rumi.)

1220 1749 1785 1844 PROLOGU
1807 1750 1861 1843 S
1935 1752 2219 1841 INTE
2242 1753 2303 1842 Β
2326 1752 2751 1843 PRETIS
2819 1734 2938 1845 (³)..

549 1950 859 2009 Peritorum
900 1965 1019 2007 mos
1046 1959 1131 2006 est
1182 1950 1556 2013 medicorum,
1589 1958 1649 2002 ut
1687 1966 1810 2005 cum
1852 1951 1918 2004 ad
1961 1949 2235 2003 inﬁrmum
2275 1949 2617 2015 introierint,
2661 1958 2717 2004 et
2757 1948 3075 2019 qualitatem
3113 1949 3384 2020 passionis
3424 1950 3709 2016 agnoverint

474 2023 828 2093 aegrotantis,
861 2036 923 2077 ea
966 2036 1087 2090 quae
1116 2022 1426 2075 necessaria
1448 2022 1547 2093 vel
1587 2031 1711 2088 apta
1747 2031 1872 2074 sunt
1905 2037 2049 2075 ειη-ιε
2076 2062 2090 2083 ,
2124 2021 2325 2093 agnitae
2358 2020 2648 2074 adhibeant
2679 2021 2916 2093 passioni
2975 2036 3080 2076 nec
3127 2020 3598 2093 anteproinlirmn
3624 2023 3707 2076 ali-

479 2089 641 2163 quam
678 2092 937 2146 ordinant
970 2089 1157 2163 curam
1186 2131 1202 2155 ,
1237 2106 1400 2163 quam
1443 2092 1497 2146 in
1538 2092 1751 2163 integro
1778 2092 1893 2158 ejus
1927 2089 2249 2163 agnoverint
2279 2105 2530 2163 causam,
2559 2089 2946 2163 ne_pro_oculoi
2962 2105 3148 2146 aurem
3179 2089 3472 2145 videantur
3505 2106 3708 2163 curare,

478 2160 570 2217 aut
607 2178 704 2229 pro
747 2178 910 2217 manu
942 2162 1108 2230 capiti
1140 2162 1487 2231 reperiantur
1517 2162 1843 2216 medicinam
1874 2160 2134 2217 conferre
2173 2180 2185 2214 :
2222 2161 2369 2231 quod
2399 2170 2483 2215 est
2504 2160 2729 2215 omnino
2756 2160 3166 2231 imperitorum,
3200 2171 3362 2231 atque
3389 2170 3555 2213 artem
3581 2162 3711 2229 igne.-

476 2235 713 2287 rantium
767 2232 1068 2287 medicinae.
1100 2230 1384 2286 Sic’etiam
1416 2231 1596 2286 omnis
1650 2233 1949 2300 interpres,
1989 2232 2097 2301 nisi
2123 2242 2252 2285 ante
2282 2230 2390 2284 vim
2432 2246 2496 2285 ac
2546 2232 3115 2301 sensumicognoverit
3145 2230 3396 2301 lectionis
3422 2272 3437 2295 ,
3464 2232 3712 2301 quomodo

474 2303 677 2372 poterit
708 2302 864 2355 [idem
910 2303 965 2356 in
1004 2301 1257 2356 omnibus
1290 2314 1617 2357 conserVare
1650 2302 1963 2371 interpretis
1994 2302 2017 2355 ἲ
2056 2300 2168 2355 Nisi
2212 2315 2456 2372 sensum,
2485 2302 2726 2370 inquam,
2752 2300 2989 2372 dilucide
3019 2312 3182 2372 atque
3207 2300 3422 2369 integre
3456 2300 3599 2369 juxta
3629 2300 3714 2354 lin-

476 2369 597 2442 gua:
622 2372 908 2427 vernacula
940 2372 1253 2442 perlegerit,
1283 2387 1392 2425 non
1427 2372 1589 2426 facile
1615 2372 1723 2427 ullo
1745 2369 1925 2437 modo,
1949 2388 2012 2427 ea
2045 2386 2167 2442 qua:
2198 2373 2266 2425 ab
2285 2369 2406 2442 alio
2425 2369 2582 2442 edita
2615 2372 2774 2436 sunt’,
2807 2371 2861 2425 in
2888 2369 3116 2442 alterius
3140 2372 3336 2439 linguae
3367 2385 3610 2440 saporem
3638 2384 3716 2423 ve-

476 2440 679 2498 raciter
708 2440 998 2513 exprimet.
1025 2440 1241 2497 Et'cun:
1271 2443 1387 2498 haec
1412 2456 1516 2496 non
1548 2444 1942 2513 observaverit,
1968 2440 2078 2496 aut
2100 2450 2250 2513 certe
2274 2441 2434 2511 (quod
2471 2456 2557 2497 me
2593 2442 2773 2513 dicere
2810 2440 3003 2513 pudet)
3038 2441 3393 2513 ignoraverit,
3431 2451 3520 2494 aut
3552 2454 3715 2513 aurem

477 2528 578 2577 pro
606 2510 795 2577 oculo,
835 2523 928 2565 aut
955 2521 1122 2583 caput
1152 2527 1249 2581 pro
1277 2528 1438 2567 manu
1471 2521 1728 2583 tanquam
1762 2512 2044 2583 imperitus
2091 2510 2555 2583 medicuscurare
2582 2511 2839 2583 incipiet.
2874 2510 2998 2583 Haec
3035 2510 3077 2565 a7
3103 2512 3261 2583 nobis
3308 2512 3433 2583 ideo
3463 2511 3715 2583 p_r:eniissa

474 2593 625 2657 sunt,
657 2583 786 2651 quia
814 2580 1171 2657 cognovimus
1198 2584 1285 2657 vel
1331 2583 1511 2652 potius
1538 2580 1765 2653 legimus
1792 2582 1933 2657 hunc
1964 2584 2060 2657 qui
2093 2582 2146 2635 in
2190 2580 2441 2657 manibus
2463 2592 2548 2637 est
2577 2582 2719 2657 beati
2750 2580 2853 2657 Job
2875 2582 3093 2657 librum
3121 2582 3333 2650 aliquos
3360 2581 3432 2636 de
3473 2580 3715 2657 Graacoin

475 2650 730 2708 Latinum
764 2668 872 2713 non
890 2650 1098 2707 Latino
1124 2650 1360 2708 vertisse
1385 2650 1638 2707 sermone
1658 2694 1674 2718 ,
1699 2662 1753 2706 et
1784 2653 1909 2722 quia
1939 2650 2096 2706 valde
2124 2653 2258 2707 satis
2286 2652 2354 2704 ab
2391 2652 2706 2722 interpretis
2747 2650 2925 2707 uﬂicio
2951 2652 3401 2722 discrepaverunt
3420 2691 3436 2713 ,
3475 2660 3528 2705 et
3553 2651 3715 2722 quisa

474 2723 711 2778 veritate
733 2732 899 2794 atque
924 2723 1104 2794 regula
1138 2723 1607 2794 interpretationis
1641 2719 2221 2794 longe'discesserunt,
2251 2722 2373 2776 ideo
2395 2719 2610 2794 omnem
2639 2722 2941 2794 sapientem
2968 2734 3096 2792 peto
3116 2719 3212 2787 {in
3244 2719 3405 2789 cujus
3436 2734 3620 2774 manus
3638 2719 3718 2794 llic

474 2795 615 2849 liber
646 2793 936 2865 devolutus
960 2793 1145 2859 fuerit,
1170 2801 1245 2865 ut
1263 2792 1393 2848 ante
1425 2793 1571 2848 hunc
1601 2792 1881 2865 prologum
1914 2793 2155 2865 relegat,
2189 2807 2353 2865 quam
2389 2792 2471 2865 ad
2492 2793 2801 2865 hujusclibri
2842 2792 3130 2847 lectionem
3167 2794 3432 2865 accedat,
3466 2800 3524 2845 ut
3551 2805 3611 2844 ex
3635 2792 3721 2843 hu-

473 2866 566 2932 jus
613 2863 954 2932 praefationis
986 2873 1135 2919 textu
1165 2862 1513 2932 informatus,
1555 2860 1621 2918 ei
1652 2860 1898 2932 quo'hasc
1934 2860 2529 2933 interpretatal‘uerint
2554 2860 2813 2932 perfacile
2844 2871 3162 2933 cognoscat.
3195 2860 3609 2933 Spondeosane
3642 2874 3714 2913 me

474 2931 506 2988 a
533 2931 786 2990 veritatis
816 2936 1146 2989 auctoritate
1174 2934 1483 2989 nullatenus
1513 2931 1831 2989 discessisse
1850 2973 1867 2999 ,
1894 2934 1985 2989 sed
2022 2931 2164 2988 sicut
2194 2932 2263 2985 ab
2297 2932 2390 3003 illo,
2416 2931 2590 3000 posita
2620 2942 2749 2989 sunt
2776 2933 2867 3003 qui
2895 2931 3010 2988 haec
3039 2932 3192 3001 prior
3227 2931 3432 2996 edidit,
3458 2931 3529 2985 ita
3552 2942 3719 3003 eorum

478 3013 658 3061 status
696 3006 1077 3075 integritatem
1101 3006 1157 3058 in
1190 3004 1340 3060 nullo
1367 3004 1613 3059 vitiatam
1644 2998 1859 3074 penitus
1890 3016 2231 3075 reservasse,
2263 2998 2505 3071 nihilque
2526 2998 2825 3075 scabrum}
2861 2998 3347 3075 neque'asperum,
3384 3015 3561 3070 neque
3590 2998 3721 3053 addi-

372 3086 379 3095 ‘
474 3085 613 3140 tum,
645 3072 991 3143 demptumve
1009 3074 1242 3144 diligens
1272 3075 1442 3130 lector
1472 3072 1708 3130 inveniet
1738 3094 1751 3130 :
1782 3090 1947 3144 quam
1980 3074 2054 3128 illi
2090 3073 2248 3127 (idem
2272 3074 2535 3144 praemissi
2556 3074 2881 3142 interpretes
2909 3072 3097 3128 facere
3125 3088 3229 3126 non
3256 3078 3721 3144 praesumpserant.

474 3138 640 3216 Quod
656 3138 820 3199 etiam
849 3154 974 3216 peto
998 3153 1050 3199 te
1071 3138 1444 3200 studiosorum
1479 3144 1751 3207 lectorum.
1775 3138 2097 3216 niaximum,
2123 3138 2285 3212 atque
2315 3143 2629 3216 diligentem
2666 3138 2919 3216 veritatis
2946 3138 3272 3216 amatorem,
3299 3151 3357 3195 ut
3376 3138 3619 3216 etiamm
3645 3138 3728 3216 illa

473 3209 677 3270 mentis
708 3209 1025 3285 vivacitate,
1058 3224 1223 3285 atque
1249 3216 1428 3270 sancti
1460 3216 1625 3270 animi
1670 3216 1989 3271 curiositate
2009 3214 2076 3267 ad
2111 3209 2300 3267 eorum
2339 3209 2461 3283 quin
2488 3213 2632 3270 dicta
2668 3223 2790 3285 sunt
2817 3214 3083 3285 rationem
3117 3213 3331 3285 reiecta
3347 3212 3628 3280 pervenias
3654 3209 3723 3285 le_-

474 3287 678 3341 ctione.
707 3284 958 3341 Invenies
989 3279 1175 3357 procul
1202 3286 1368 3341 dubio
1403 3287 1572 3340 multa
1595 3301 1693 3341 eos
1717 3285 2132 3357 praetermisisse
2160 3322 2175 3345 ,
2219 3279 2432 3337 necnon
2461 3293 2515 3338 et
2560 3284 2845 3357 addidisse_
2880 3282 3154 3357 superﬂue
3196 3279 3433 3352 plurima
3464 3291 3621 3352 atque
3666 3279 3725 3333 ab

472 3357 795 3427 interpretis
834 3354 1015 3412 cilicio
1048 3356 1261 3427 longius
1290 3357 1603 3427 recessisse.
1634 3354 1763 3423 Quae
1791 3373 1914 3409 cum
1946 3356 2235 3427 diligenter
2267 3357 2558 3427 agnoveris
2578 3395 2593 3419 ,
2627 3370 2787 3427 quem
2833 3354 3014 3423 legere
3043 3355 3274 3427 debeas,
3306 3367 3545 3422 quemve
3587 3364 3733 3427 recu-.

473 3440 595 3481 sare
621 3422 639 3491 ζ
667 3426 929 3494 perfacile
955 3422 1272 3497 cognosces.
1305 3425 1419 3480 Non
1458 3442 1587 3480 vero
1612 3422 1715 3480 non
1749 3429 1870 3480 ideo
1903 3429 2014 3479 haec
2046 3422 2279 3497 dicimus
2296 3422 2323 3488 ,ἡ
2344 3426 2489 3497 quod
2518 3441 2616 3480 nos
2644 3422 2767 3497 aliis
2798 3422 3137 3496 anteponere
3170 3424 3457 3497 velimus:
3496 3436 3625 3497 cum,
3646 3422 3716 3497 si:

473 3510 596 3550 mus
623 3487 993 3565 imperitiores
1022 3487 1185 3565 atque
1215 3497 1542 3566 abjectiores
1565 3499 1821 3551 omnibus
1854 3495 2165 3564 hominibus
2194 3487 2497 3549 secundum
2529 3495 2847 3563 Apostolum
2883 3487 3135 3566 sermone
3154 3535 3171 3559 ,
3201 3509 3307 3566 non
3339 3493 3570 3566 scientia
3603 3508 3616 3545 :
3641 3487 3733 3544 sed

474 3574 685 3620 attente
707 3563 951 3621 iaventes
981 3569 1033 3621 in
1066 3563 1324 3622 omnibus
1346 3568 1591 3633 veritas,
1622 3582 1685 3623 ea
1711 3582 1887 3636 quam
1919 3566 2075 3622 nobis
2107 3565 2332 3620 inventa
2358 3576 2508 3634 sunt,
2542 3581 2757 3621 summo
2787 3566 2988 3629 studio,
3008 3564 3120 3627 Deo
3136 3563 3499 3636 sullragante,
3533 3563 3597 3623 in.
3616 3574 3723 3625 om,-

474 3637 639 3691 nibus
673 3636 965 3707 diligenter
998 3637 1225 3707 implere
1258 3637 1592 3692 curavimus.

1562 3857 2055 3916 ARGUMENTUM
2094 3857 2165 3914 IN
2203 3856 2464 3913 LIBRUM
2501 3859 2643 3917 JOB.

545 4001 612 4056 In
635 4013 778 4056 terra
808 4003 1015 4072 quidem
1042 4003 1307 4059 habitasse
1327 4003 1690 4059 JobAusitidi
1714 4006 1773 4061 in
1797 4004 1990 4072 ﬁnibus
2019 4001 2276 4057 Idumam:
2303 4003 2617 4074 etiArabiaL
2652 4004 2847 4074 fertur,
2878 4013 2926 4058 et
2958 4014 3073 4058 erat
3102 4004 3295 4058 einnte
3323 3997 3723 4074 nomen_Jobab.

470 4073 537 4145 Et
566 4074 762 4145 accepit
802 4068 1021 4145 umorem
1050 4073 1358 4129 Arabissam
1384 4115 1399 4141 ,
1434 4087 1479 4145 et
1522 4076 1704 4145 genuit
1729 4068 1899 4142 [ilium
1926 4089 2074 4144 quem
2119 4076 2320 4128 vocavit
2354 4073 2529 4127 Enon.
2568 4068 2704 4127 Erat
2731 4084 2908 4145 autem
2949 4077 3058 4143 ipse
3094 4074 3241 4142 filius
3265 4073 3480 4143 quidem
3506 4068 3638 4123 lare
3672 4070 3728 4145 de

472 4144 617 4195 Esau
637 4143 764 4211 ﬁliis
799 4143 970 4210 ﬁlius,
997 4145 1062 4197 de
1086 4155 1255 4197 matre
1282 4162 1401 4199 vero
1432 4141 1626 4208 Bosra,
1650 4141 1809 4198 itaut
1845 4146 1912 4197 sit
1938 4141 2164 4214 quintus
2201 4145 2267 4196 ab
2312 4145 2605 4214 Abraham.
2642 4145 2711 4199 Et
2748 4144 2802 4197 hi
2836 4141 3132 4213 sunt'reges
3168 4146 3257 4213 qui
3277 4141 3636 4214 regnaverunt
3676 4141 3726 4214 in

474 4208 676 4285 Edoni,
706 4215 773 4285 in_
794 4208 913 4285 qua,
937 4223 991 4267 et
1017 4215 1128 4283 ipse
1161 4218 1436 4285 regnavit,
1476 4218 1567 4269 sed
1600 4217 1802 4283 primus
1829 4216 1885 4268 in
1926 4208 1989 4268 ea
2024 4214 2262 4284 regnavit
2299 4213 2725 4285 Balaach_ﬁlius
2757 4214 2918 4285 Beor.
2950 4225 2998 4267 et
3031 4208 3216 4285 nomen
3246 4208 3483 4285 ejusdem
3517 4208 3728 4285 ciuitatis

472 4283 710 4355 .Qeuaba.
737 4281 864 4336 Post
894 4281 1234 4355 hunc‘auteni
1261 4285 1487 4347 Batnae,
1515 4281 1630 4348 post
1661 4302 1779 4339 eum
1808 4285 1980 4338 Jobab
2000 4281 2098 4355 qui
2122 4293 2341 4355 vocatur
2377 4283 2503 4339 Job.
2535 4281 2662 4339 Post
2689 4284 2809 4355 Job_
2823 4294 3001 4355 autem
3036 4284 3082 4337 Η
3093 4281 3279 4348 usam,
3294 4284 3523 4355 quierat
3551 4282 3730 4354 dux}:

474 4351 866 4427 Themanarum
896 4357 1128 4427 regione.
1159 4352 1227 4408 Et
1252 4366 1367 4424 post
1391 4356 1543 4410 illum
1569 4356 1980 4426 regnavitAdad
2010 4351 2154 4423 [ilius
2183 4353 2395 4421 Badad,
2436 4356 2529 4427 qui
2555 4356 2752 4410 excidit
2782 4353 3024 4419 Modiam
3049 4355 3106 4408 in
3132 4351 3317 4424 campo
3351 4352 3538 4418 Moab,
3572 4361 3617 4405 et
3643 4351 3727 4402 no-

473 4437 591 4475 men
620 4423 851 4480 civitatis
885 4424 1001 4494 ejus
1034 4425 1211 4479 Avith.

484 4551 3721 4578 Μ

1063 4725 1634 4818 ANONYMI
1718 4727 1841 4814 ΙΝ
1919 4722 2138 4815 JOB
2211 4726 2575 4815 LIBER
2646 4725 3139 4818 PRIMUS...

535 5049 695 5107 Sicut
734 5052 863 5109 caeli
906 5053 1199 5110 luminaria
1249 5071 1315 5111 ac
1362 5056 1543 5113 sidera
1594 5057 1650 5111 in
1696 5057 2044 5117 ﬁrmamento
2075 5071 2125 5130 Α
2152 5073 2254 5114 nes
2294 5068 2350 5117 et
2390 5059 2773 5130 generationes
2808 5057 3133 5114 mirabiliter
3167 5057 3449 5123 relucent,
3485 5056 3591 5112 alia
3617 5053 3732 5125 qni-

463 5144 586 5202 cteli
637 5163 665 5200 a
712 5146 822 5201 Deo
865 5147 1059 5202 collata
1108 5148 1323 5204 cunctis
1369 5150 1743 5205 indesinenter
1783 5166 1906 5220 quae
1949 5152 2049 5213 sub
2155 5151 2279 5205 dem
2307 5167 2403 5221 per
2435 5163 2761 5218 noctein,ut
2786 5154 2913 5208 luna
2942 5161 2997 5207 et
3017 5151 3210 5217 stellae,
3247 5152 3354 5205 alia
3384 5150 3734 5205 nihilominus

464 5236 607 5293 caelo
650 5248 778 5293 sunt
811 5238 1057 5311 fulgent,
1091 5251 1255 5311 atque
1290 5241 1547 5298 omnibus
1586 5257 1706 5312 quae
1744 5258 1910 5314 super
1942 5255 2049 5298 ter-

466 5343 584 5381 ram
614 5338 741 5383 sunt
764 5343 863 5401 per
896 5340 1142 5402 tempora
1174 5346 1239 5387 ac
1272 5340 1520 5403 tempora
1546 5371 1562 5398 ,
1604 5348 1702 5404 per
1733 5333 2049 5405 generatio-

534 5481 613 5554 (l)
657 5484 920 5559 Anonymi
941 5528 956 5551 ,
987 5495 1095 5543 etc.
1120 5486 1184 5559 In
1229 5487 1462 5559 vulgatis
1502 5496 1659 5543 antea
1684 5488 1814 5543 editi
1847 5487 2045 5559 onibus

463 5551 1005 5627 Origenitrilinitur,
1033 5558 1129 5627 sed
1181 5551 1353 5627 ipsius
1387 5574 1492 5613 non
1538 5574 1660 5614 esse
1711 5558 1933 5613 invictis
1960 5573 2051 5610 ar-

466 5625 741 5702 gui-uentis
770 5628 1019 5702 proba‘vit
1050 5625 1281 5683 Huetius
1310 5630 1365 5684 in
1397 5631 1713 5702 Appendice
1744 5630 1868 5684 libri
1900 5630 2046 5683 tertii

466 5691 563 5744 Ori
602 5709 711 5756 en.,
749 5691 901 5748 lium.
926 5697 981 5751 2.

540 5708 616 5817 (ἕ)
650 5761 977 5817 Internrelis.

540 5764 560 5833 (

465 5830 911 5912 Padolironensis
932 5836 1340 5912 interpretatio
1378 5830 1498 5895 haec
1523 5840 1749 5912 _IIilario
1769 5910 1776 5912 _
1793 5841 2050 5912 episcopo

466 5904 756 5971 tribuitur,
775 5913 913 5961 teste
930 5904 1243 5967 Mabillonio
1270 5917 1488 5976 nostro,
1507 5910 1643 5966 Itin.
1666 5904 1894 5976 ltal.,'p.
1917 5904 2046 5968 20'8.

598 5761 977 5839 )__Interpreiis.
1009 5767 1065 5820 In
1098 5769 1469 5839 manuscripto
1504 5771 1694 5826 codice
1732 5769 2061 5824 monasterii.

2156 5256 2254 5311 per
2288 5242 2429 5297 diem
2458 5282 2474 5309 ,
2518 5252 2577 5296 ut
2605 5244 2740 5298 solis
2772 5242 3164 5313 speciosissimi
3203 5242 3338 5296 radii
3367 5259 3381 5296 :
3410 5240 3492 5294 sic
3518 5248 3573 5294 et
3613 5252 3735 5292 san-

2157 5316 2368 5389 ctorum
2400 5334 2620 5390 virtutis
2666 5334 2903 5406 insignia
2933 5374 2949 5402 ,
2985 5345 3148 5405 atque
3198 5332 3503 5390 beatissimi
3548 5343 3730 5385 eorum

2157 5487 2264 5544 Sed
2293 5489 2643 5561 quamvis_ex
2687 5490 2857 5546 variis
2892 5489 3202 5561 Hieronymi
3237 5486 3569 5561 testimoniis
3610 5498 3732 5540 con-

2157 5569 2265 5614 stet
2301 5560 2521 5615 beatum
2552 5559 2816 5619 Hilarium
2843 5559 3242 5621 Pictaviensem
3269 5559 3590 5629 episcopum
3622 5564 3731 5610 tra-

2158 5639 2339 5685 ctatus
2380 5646 2474 5685 seu
2517 5631 2769 5688 homilias
2818 5629 3072 5701 Origenis
3114 5632 3167 5684 in
3215 5628 3317 5685 Job
3363 5628 3733 5701 transtulisse.

2159 5702 2445 5765 prasentis
2472 5708 2655 5773 tamen
2684 5704 2869 5773 operis
2904 5698 3047 5771 quod
3092 5702 3291 5756 Ariana
3326 5701 3444 5753 labe
3474 5698 3729 5753 inlectum

2157 5780 2272 5842 est,
2300 5773 2554 5840 quodque
2591 5770 2846 5842 Origenis
2878 5770 2984 5826 non
3016 5783 3102 5827 est
3122 5810 3136 5835 ,
3167 5773 3310 5825 nulla
3339 5786 3500 5825 causa
3529 5779 3616 5822 est
3641 5778 3731 5819 cur

2159 5841 2431 5914 interpres
2477 5841 2749 5914 habeatur
2790 5845 2839 5901 is
2882 5844 2976 5913 qui
3021 5854 3214 5901 contra
3257 5843 3491 5897 Arianos
3529 5850 3731 5896 sunnna

2157 5926 2284 5968 cum
2305 5912 2469 5971 laude
2494 5912 2739 5979 scripsit.
