3942 6544
258 463 366 516 573

1391 463 1773 520 ANONYMUS‘
1804 463 1871 520 ΙΝ
1907 464 2047 521 JOB.
2088 498 2157 508 —
2192 465 2322 522 LIB.
2363 468 2405 524 Ι.

3423 469 3531 525 3ῖᾶ

257 592 459 650 agones
482 618 499 643 ,
532 581 789 635 omnibus
821 580 875 635 in
908 590 1168 651 perpetuo
1211 582 1563 652 singulariter
1598 584 1841 654 fulgent,
1872 589 1919 645 Α
1948 600 2132 650 nosse,
2166 586 2251 641 vel
2278 586 2479 651 dicere,
2516 586 2600 641 vel
2634 586 2905 653 scribere,
2932 600 3050 654 quae
3079 584 3227 640 solus
3257 583 3419 639 Pater
3459 586 3531 639 ad

256 668 514 723 omnibus
544 670 598 723 in
647 681 911 725 :eterunm
963 672 1231 727 bonorum
1278 677 1510 730 formam
1556 678 1843 743 tribuunt,

254 761 513 816 omnibus
571 762 675 817 sub
736 762 851 817 sole
903 763 1123 833 pietatis
1169 767 1476 838 exemplum
1526 771 1843 826 ostendunt.

255 851 410 919 Quod
459 862 642 908 autem
677 855 951 910 sideribus
997 864 1162 927 atque
1208 858 1573 917 luminaribus
1621 876 1847 931 compa-

256 950 842 1005 renturomnessancti
873 950 1219 1007 demonstrat
1241 953 1557 1021 Apostolus,
1603 956 1792 1010 dicens
1825 970 1841 1009 :

254 1038 425 1093 Stella
454 1042 590 1095 enim
624 1059 657 1096 a
686 1043 838 1098 stella
878 1045 1062 1115 di/fert
1091 1048 1147 1100 in
1173 1047 1437 1108 claritate.
1469 1050 1547 1102 ita
1583 1059 1631 1101 et
1669 1066 1845 1103 resur-

254 1135 417 1187 rectio
450 1141 782 1189 mortuorum
802 1137 846 1203 ¹,
873 1139 1061 1206 procul
1082 1137 1248 1193 dubio
1268 1149 1601 1195 sanctorum.
1617 1140 1842 1196 Eviden-

254 1226 363 1279 tius
397 1236 582 1280 autem
613 1229 853 1283 ostendit
886 1230 989 1284 hoc
1032 1231 1297 1300 angelus,
1331 1232 1422 1301 qui
1458 1232 1523 1285 ad
1563 1231 1839 1287 Dauielem

252 1320 467 1373 locutus
508 1329 593 1375 est
626 1320 813 1377 dicens
855 1338 870 1375 :
914 1321 1062 1377 Tum:
1096 1324 1234 1393 justi
1300 1324 1623 1394 emt/getiam
1702 1327 1841 1379 sicut

250 1411 545 1465 luminaria
583 1412 700 1467 caeli
724 1453 740 1478 ,
774 1424 1024 1485 tanquam
1054 1416 1136 1469 sol
1156 1456 1171 1481 ,
1204 1425 1252 1471 et
1290 1417 1416 1470 (una
1439 1458 1454 1482 ,
1494 1427 1540 1471 et
1589 1426 1840 1489 tanquam

249 1505 419 1558 stellre
464 1506 520 1558 in
566 1506 763 1560 strcula
788 1510 831 1562 ¹.
868 1506 1044 1576 Super
1077 1510 1465 1565 haecnniversa
1509 1510 1673 1564 etiam
1726 1513 1840 1580 ipse

250 1596 516 1650 Dominus
584 1598 635 1651 in
698 1598 1008 1669 Evangeliis
1049 1600 1183 1655 dicit
1248 1600 1446 1655 :Tunc
1484 1602 1621 1671 justi
1666 1603 1835 1673 fulge-

248 1688 371 1743 bunt
401 1690 457 1741 in
485 1701 761 1761 conspectu
780 1692 956 1748 Patris
974 1694 1060 1748 sui
1082 1696 1170 1764 qui
1190 1704 1264 1749 est
1302 1696 1354 1748 in
1381 1696 1522 1749 caelis
1546 1697 1590 1748 ³.
1617 1697 1707 1752 Sic
1732 1698 1836 1751 ita-

247 1796 354 1850 que
381 1782 645 1853 effulgent
679 1794 844 1856 atque
871 1787 1107 1840 emicant
1136 1801 1326 1841 omnes
1352 1786 1562 1853 sancti,
1590 1803 1698 1843 non
1747 1803 1837 1842 so-

248 1874 355 1928 lum
393 1878 450 1929 in
493 1886 737 1948 tempore
775 1880 1180 1947 restitutionis,
1226 1880 1323 1936 sed
1353 1891 1409 1935 ct
1436 1897 1577 1936 nunc
1610 1882 1662 1935 in
1701 1890 1835 1935 tem-

247 1980 380 2036 pore
414 1967 577 2037 hujus
607 1969 896 2037 praesentis
920 1970 1122 2026 StecuIi.
1160 1971 1315 2025 Alius
1350 1972 1494 2026 enim
1529 1973 1633 2028 lide
1668 1973 1835 2043 fulget

245 2071 302 2112 ut
336 2061 652 2127 Abraham;
688 2063 826 2117 alius
861 2065 1111 2119 castitate
1142 2064 1287 2120 lucet
1321 2075 1378 2119 ut
1410 2066 1646 2136 Joscph;
1695 2068 1835 2121 alius

249 2150 608 2206 nihilominus
656 2154 1073 2208 mansuetudine
1100 2192 1116 2218 ,
1152 2162 1211 2208 ut
1247 2153 1413 2209 homo
1464 2153 1556 2208 Dei
1592 2153 1831 2224 Moyses.

243 2243 371 2297 hem
420 2260 555 2299 vero
603 2246 742 2300 alius
780 2246 1092 2300 constantia
1139 2256 1303 2316 atque
1350 2246 1638 2302 tolerantia
1666 2248 1836 2301 vehe-

243 2337 511 2390 mentium
545 2337 791 2392 dolorum
819 2380 834 2405 ,
872 2339 1013 2393 sicut
1057 2338 1397 2393 admirabilis
1444 2336 1584 2403 Job,
1635 2338 1703 2392 de
1728 2352 1835 2407 quo

242 2431 517 2502 plurimus
555 2445 735 2485 sermo
762 2471 778 2496 ,
808 2431 876 2485 de
906 2444 1017 2501 quo
1043 2430 1339 2486 vehemens
1369 2431 1664 2500 disputatio
1683 2469 1699 2495 ,
1735 2444 1832 2484 cu-

238 2520 324 2591 ius
353 2532 566 2576 sancta:
593 2522 811 2576 virtutis
840 2521 1095 2591 insignia,
1114 2523 1270 2592 cujus
1297 2522 1678 2577 admirabilem
1712 2536 1837 2577 con—

241 2610 507 2665 stantiam
540 2650 554 2675 ,
586 2610 743 2680 cujus
790 2610 1209 2666 inenarrabilem
1257 2611 1598 2668 tolerantiam
1623 2651 1640 2677 ,
1678 2612 1835 2679 cujus

241 2700 589 2757 miserabiles
620 2702 855 2766 dolores,
890 2704 1013 2772 quis
1042 2703 1264 2758 edicere
1292 2742 1309 2768 ,
1340 2703 1421 2756 vel
1460 2701 1619 2771 juxta
1666 2706 1835 2759 meri-

240 2803 350 2847 tum
384 2792 659 2863 proferre,
692 2795 778 2850 vel
803 2794 1064 2850 admirari
1099 2796 1295 2856 valeat.
1331 2811 1451 2865 qua:
1476 2795 1682 2865 scripta
1710 2804 1836 2849 sunt

240 2886 512 2959 Syrorum
558 2887 742 2958 lingua
770 2929 786 2954 ,
819 2890 936 2944 sive
969 2888 1038 2944 ab
1077 2889 1195 2959 ipso
1223 2887 1325 2945 Job
1350 2929 1366 2953 ,
1397 2889 1513 2944 sive
1542 2889 1615 2945 ab
1640 2889 1833 2943 amicis

240 2978 402 3047 ejus?
450 2978 534 3034 0b
589 2980 696 3035 bon
751 2980 896 3035 enim
944 2981 1075 3035 dicit
1117 2982 1233 3052 ipse
1276 2980 1626 3036 beatissimus
1677 2980 1829 3035 Job:

243 3070 374 3135 Quis
409 3073 561 3125 dabit
602 3083 657 3126 ut
685 3074 988 3127 scribantur
1019 3090 1284 3129 sermones
1324 3074 1458 3139 mei,
1490 3084 1538 3127 et
1565 3083 1834 3141 ponantur

239 3162 293 3215 in
330 3163 473 3215 libro
518 3165 571 3216 in
613 3172 921 3233 perpetuum
944 3165 1007 3218 εἳ
1049 3166 1401 3234 Interpretata
1435 3176 1614 3220 autem
1646 3175 1773 3221 sunt
1800 3181 1831 3220 a

242 3269 441 3325 magno
471 3254 565 3310 illo
592 3256 709 3311 viro
741 3255 926 3327 Moyse
958 3257 1010 3311 in
1045 3256 1366 3313 ll'ebraicam
1394 3257 1652 3328 linguam,
1671 3268 1832 3329 atque

241 3346 361 3401 ﬁliis
416 3342 600 3402 lsracl’
633 3349 851 3403 tradita.
893 3350 1047 3417 Quod
1097 3352 1337 3405 ostendit
1385 3352 1496 3421 ipsa
1545 3352 1828 3419 Scriptura

237 3433 370 3500 Job,
416 3437 609 3492 dicens
643 3459 654 3492 :
684 3437 799 3493 Hoc
832 3441 1210 3507 interpretatus
1249 3452 1325 3496 est
1356 3459 1421 3496 ea:
1450 3442 1716 3513 Syrorum
1759 3444 1829 3497 li-

248 3530 357 3583 bro.
392 3528 437 3582 A
471 3544 581 3599 quo
631 3531 1067 3601 interpretatus?
1102 3534 1451 3589 Manifestum
1499 3546 1583 3589 est
1625 3538 1769 3605 quod
1799 3550 1831 3589 a

244 3617 434 3691 Moyse
463 3620 517 3674 in
547 3619 856 3676 Hebraeum.
882 3622 1015 3678 Item
1046 3639 1175 3679 vero
1207 3639 1235 3677 a
1265 3624 1618 3695 Septuaginta
1655 3625 1830 3680 luter-

241 3712 487 3780 pretibus
536 3728 604 3766 cx
646 3712 873 3769 Hebraeo
920 3715 971 3769 in
1008 3714 1258 3771 Graecum
1300 3715 1597 3771 translatus
1636 3726 1738 3771 est.
1774 3717 1830 3772 In

242 3802 481 3893 Egyth
509 3806 724 3861 scilicet
762 3806 888 3861 olim
926 3807 1139 3878 Moyses
1187 3807 1333 3861 illum
1366 3822 1430 3862 ex
1465 3807 1605 3878 Syro
1636 3808 1688 3861 in
1722 3806 1831 3891 lle-

239 3882 779 3951 brazum'transtulit.
831 3896 963 3951 ltem
1002 3897 1053 3950 in
1100 3896 1334 3967 Egypto
1384 3898 1546 3950 etiam
1602 3882 1831 3966 Septua-

239 3979 383 4047 ginta
416 3983 522 4036 sub
552 3980 844 4038 Ptolemazo
877 4000 943 4039 ex
993 3983 1225 4039 Hebraeo
1280 3986 1333 4038 in
1362 3985 1642 4040 'Graccum
1681 3986 1828 4039 illum

240 4072 686 4139 transtulerunt,
734 4086 789 4131 et
837 4078 964 4134 inde
1007 4095 1074 4131 ex
1122 4078 1361 4149 [Egypto
1407 4094 1502 4148 per
1546 4080 1831 4134 universas

240 4176 428 4234 gentes
478 4168 623 4222 beati
673 4170 776 4224 Job
808 4171 1090 4241 Scriptura
1134 4173 1405 4243 divulgata
1436 4183 1519 4226 cst
1550 4190 1564 4225 :
1595 4174 1829 4242 primum

240 4260 458 4327 quidem
493 4260 547 4313 in
579 4260 781 4317 Arabia
811 4262 1038 4333 Syriace
1070 4264 1294 4332 scripta,
1335 4265 1423 4319 ubi
1460 4275 1511 4319 et
1539 4264 1641 4320 Job
1669 4267 1827 4320 habi-

242 4355 388 4405 tabat
420 4371 433 4407 :
468 4362 591 4424 post
622 4354 725 4409 hoc
750 4370 881 4409 vero
909 4367 965 4409 et
1001 4356 1056 4410 in
1102 4355 1346 4411 Hebraeis
1371 4397 1385 4422 ,
1416 4366 1470 4412 et
1499 4359 1550 4411 in
1582 4358 1788 4413 Grazcis
1812 4401 1827 4426 ,

239 4453 403 4511 atque
430 4443 488 4499 in
520 4446 778 4502 omnibus
804 4448 1079 4516 gentibus,
1102 4446 1256 4514 juxta
1285 4448 1399 4501 haec
1428 4462 1548 4517 qua:
1583 4449 1829 4503 intimata

237 4545 397 4604 atque
448 4546 673 4593 ostensa
718 4548 885 4607 sunt,
930 4539 1214 4593 immutata
1261 4548 1422 4609 atque
1470 4540 1829 4612 interpretata

1950 673 2121 728 solum
2154 675 2349 729 Filium
2394 675 2604 731 locutus
2640 685 2725 730 est
2770 676 2997 732 dicens:
3026 673 3319 729 Faciamus
3355 676 3529 728 horni-

1950 781 2065 819 uem
2087 768 2132 830 ⁸,
2168 776 2222 821 et
2253 777 2450 823 caetera
2488 768 2767 832 universa,
2800 766 2904 822 nisi
2940 766 3089 822 solus
3124 766 3336 839 Moyses
3363 807 3379 832 ,
3408 781 3529 837 qua)

1951 858 2212 915 revelavit
2253 860 2328 915 illi
2378 860 2614 930 Spiritus
2653 869 2877 915 sanctus
2913 858 3229 915 Paracletus
3268 859 3361 930 qui
3392 875 3531 930 prte-

1932 968 2077 1008 'sens
2106 963 2221 1008 erat
2246 970 2261 1010 :
2289 953 2369 1007 sic
2411 952 2662 1008 similiter
2696 953 2878 1008 nullus
2917 952 3062 1008 illius
3089 953 3347 1023 temporis
3379 962 3530 1023 pote-

1949 1058 2034 1101 rat
2066 1060 2224 1102 nosse
2257 1048 2308 1101 in
2336 1058 2545 1101 secreto
2573 1062 2694 1116 qua:
2727 1047 2865 1101 Deus
2891 1046 2957 1100 ad
2990 1045 3263 1100 diabolum
3308 1045 3526 1101 locutus

1946 1149 2030 1193 est
2061 1154 2158 1208 pro
2212 1139 2582 1206 increpatione
2608 1137 2727 1205 ejus
2761 1152 2884 1207 qua:
2915 1137 2967 1191 in
3004 1151 3070 1191 eo
3095 1147 3216 1191 erat
3239 1136 3528 1206 cogitatio-

1946 1232 2169 1296 nis,nisi
2210 1231 2358 1287 solus
2386 1231 2621 1302 Moyses,
2638 1231 2724 1286 cui
2752 1240 2948 1286 cuncta
2991 1239 3114 1287 sunt
3141 1230 3378 1285 revelata
3407 1244 3529 1299 ante

1948 1333 2077 1377 ante
2102 1334 2265 1377 erant
2295 1323 2612 1377 abscondita
2642 1363 2657 1386 ,
2686 1337 2784 1392 pro
2810 1322 2878 1376 iis
2907 1323 2997 1392 qui
3032 1333 3161 1377 tunc
3187 1320 3321 1393 legis
3348 1322 3530 1391 auspi-

1942 1414 2083 1467 cium
2115 1424 2268 1468 erant
2301 1414 2764 1482 accepturi.Quod
2798 1425 2981 1468 autem
3013 1413 3225 1484 Moyses
3254 1412 3369 1468 htcc
3392 1413 3531 1469 scri-

1943 1507 2111 1573 pserit
2146 1506 2197 1561 in
2222 1505 2462 1578 Egypto
2485 1546 2501 1571 ,
2532 1507 2702 1562 etiam
2742 1506 2895 1574 juxta
2945 1507 3119 1576 ipsum
3156 1515 3368 1575 tempus
3403 1520 3527 1560 cunt

1940 1597 2180 1665 ejusdem
2209 1598 2279 1653 sit
2310 1599 2519 1653 numeri
2551 1600 2786 1653 maxime
2802 1599 3214 1669 comprobatur.
3246 1597 3380 1652 Nam
3417 1599 3527 1653 sic-

1941 1699 1996 1743 ut
2024 1690 2245 1759 quintus
2265 1691 2501 1747 eratJob
2523 1691 2590 1746 ab
2624 1690 2923 1755 Abraham,
2949 1690 3021 1743 ita
3052 1689 3238 1758 quinta
3272 1688 3528 1757 progenie

1940 1783 2140 1839 missus
2156 1794 2240 1838 est
2261 1784 2470 1855 Moyses
2490 1784 2720 1839 educere
2743 1783 2882 1838 ﬁlios
2899 1783 3066 1841 Israel
3087 1782 3152 1835 de
3180 1790 3327 1835 terra
3356 1778 3533 1851 Egy—

1940 1876 2036 1944 pti.
2070 1874 2245 1945 Super
2275 1877 2391 1931 haec
2418 1885 2601 1931 autem
2626 1875 2835 1939 omnia,
2863 1889 2895 1928 ο
2924 1873 3107 1936 amici,
3140 1870 3446 1925 invenimus
3470 1869 3527 1924 in

1940 1968 2285 2038 antiquorum
2318 1969 2498 2033 dictis,
2530 1968 2673 2038 quod
2706 1982 2828 2021 cum
2864 1980 3091 2035 magnus
3120 1963 3211 2017 ille
3235 1961 3449 2032 Moyses
3471 1960 3527 2015 in

1937 2059 2171 2129 Egypto
2199 2075 2227 2112 a
2262 2059 2371 2112 Deo
2408 2059 2604 2113 fuisset
2633 2059 2867 2124 missus,
2910 2066 2967 2111 et
2988 2056 3363 2111 vehementem
3399 2052 3528 2107 allii-

1938 2154 2174 2207 ctionem
2204 2150 2443 2206 ﬁliorum
2478 2151 2643 2205 Israel
2676 2150 2926 2215 videret,
2954 2158 3009 2202 et
3034 2148 3306 2202 consolari
3333 2162 3429 2202 eos
3457 2149 3526 2203 ab

1939 2244 2218 2298 anxietate
2266 2242 2636 2298 lamentabilis
2683 2257 2876 2297 eorum
2918 2238 3227 2303 alllictionis
3259 2255 3362 2309 qua
3406 2239 3558 2295 illos-

1936 2336 2181 2408 Egyptii
2229 2336 2579 2405 allligcbant,
2625 2336 2848 2391 minime
2878 2336 3130 2400 valeret,
3171 2336 3527 2391 vehementes

1939 2432 2061 2486 illos
2103 2440 2267 2499 atque
2302 2429 2571 2485 terribiles
2615 2428 2720 2485 Job
2757 2429 2978 2484 dolores
3009 2443 3106 2496 pro
3150 2428 3527 2484 consolatione

1938 2522 2044 2576 illis
2071 2520 2426 2582 enarraverit,
2464 2534 2671 2574 necnon
2696 2528 2752 2575 et
2784 2520 2836 2573 in
2868 2518 3150 2587 Scriptura
3190 2532 3285 2572 eos
3321 2531 3527 2587 ponens

1936 2614 2116 2668 adhuc
2143 2628 2266 2667 cum
2307 2622 2493 2668 essent
2532 2611 2895 2676 recentiores,
2928 2609 3006 2664 illi
3034 2609 3232 2679 popqu
3264 2608 3522 2665 dederit:

1937 2715 1997 2760 ut
2026 2721 2123 2776 per
2144 2707 2505 2776 cognationes
2530 2716 2587 2762 et
2616 2706 2795 2760 tribus
2817 2719 2949 2760 suas
2978 2704 3097 2758 haec
3132 2703 3399 2772 legentes,
3432 2714 3527 2759 ve-

1938 2799 2221 2855 hementes
2252 2810 2419 2870 atque
2454 2794 2731 2855 terribiles
2773 2798 2894 2853 illos
2934 2796 3077 2852 beati
3117 2796 3261 2852 illius
3292 2795 3396 2850 viri
3422 2795 3525 2851 do-

1936 2888 2081 2945 lores
2109 2889 2391 2944 audientes
2416 2929 2433 2955 ,
2466 2889 2700 2945 invicem
2742 2903 2801 2945 se
2841 2886 3284 2951 consolarentur,
3313 2892 3369 2940 et
3397 2899 3523 2941 cum

1934 2982 2191 3052 patientia
2221 2993 2384 3052 atque
2412 2983 2712 3053 gratiarum
2755 2981 3062 3036 actionibus
3112 2978 3253 3033 mala
3280 2992 3401 3049 quae
3424 2990 3525 3033 eos

1934 3073 2406 3128 circumdederant
2442 3072 2766 3139 sufferrent,
2809 3084 2866 3128 et
2888 3081 2948 3128 ut
2975 3074 3172 3127 bonam
3202 3084 3526 3125 remunera-

1938 3166 2139 3221 tionem
2171 3167 2387 3222 Domini
2417 3183 2578 3236 quam
2608 3166 2711 3222 Job
2739 3174 2866 3236 post
2901 3165 3255 3220 tolerantiam
3291 3160 3523 3232 largitus

1860 3294 1903 3353 ο
1937 3265 2021 3311 est
2049 3256 2352 3321 audientes,
2384 3257 2545 3310 etiam
2583 3257 2686 3326 ipsi
2716 3255 3092 3311 liberationem
3115 3262 3440 3323 sperarent,
3464 3259 3525 3308 et

1938 3346 2201 3402 beneﬁcia
2232 3349 2405 3405 beata:
2445 3348 2729 3403 mercedis.
2755 3346 3000 3402 laborum
3028 3360 3251 3401 suorum
3316 3358 3521 3413 exspeo

1935 3450 2171 3497 ctarent.
2205 3441 2371 3510 llnjus
2395 3456 2629 3509 namque
2654 3444 2731 3497 rei
2747 3442 2968 3497 evidens
2994 3450 3157 3510 atque
3177 3435 3519 3492 irrelutabile

1935 3533 2193 3589 indicium
2227 3544 2313 3589 est
2360 3535 2461 3589 hoc
2486 3575 2500 3600 ,
2535 3534 2680 3604 quod
2714 3534 2882 3588 etiam
2916 3532 3097 3587 adhuc
3132 3543 3305 3601 usque
3333 3528 3386 3583 in
3431 3528 3522 3584 bo-

1935 3629 2182 3684 diernum
2236 3629 2377 3684 diem
2432 3628 2575 3683 beati
2613 3626 2715 3683 Job
2765 3626 3055 3682 tolerantia
3103 3632 3232 3679 ante
3281 3636 3377 3679 eos
3428 3621 3521 3691 qui

1934 3730 2060 3777 sunt
2083 3722 2140 3776 in
2169 3721 2355 3776 dolore
2375 3730 2430 3776 et
2452 3720 2597 3775 luctu
2632 3729 2796 3789 atque
2812 3718 3029 3789 planctu
3056 3715 3255 3787 legitur
3272 3728 3373 3784 pro
3393 3727 3522 3768 con-
3580 3776 3583 3781 ξ

1933 3815 2200 3870 solatione
2247 3824 2414 3883 atque
2459 3812 2843 3867 exhortatione
2882 3810 3134 3864 dolorum
3180 3807 3395 3862 illorum
3421 3843 3439 3870 ,
3466 3812 3521 3859 et

1936 3922 2032 3975 pro
2065 3905 2339 3960 ablatione
2367 3904 2631 3974 angustia:
2667 3900 2848 3957 cordis
2882 3913 3095 3954 eorum.
3129 3895 3402 3952 Similiter
3426 3908 3519 3947 au-

1936 4010 2041 4053 tem
2078 4007 2133 4052 et
2162 4000 2219 4052 in
2245 4006 2514 4052 conventu
2556 3994 2811 4049 ecclesia:
2842 3995 2896 4048 in
2922 3992 3117 4047 diebus
3155 3989 3368 4046 sanctis
3390 3987 3517 4056 legi-

1934 4102 2021 4146 tur
2059 4092 2239 4161 passio
2281 4089 2382 4145 Job
2416 4130 2431 4154 ,
2460 4090 2513 4142 in
2546 4088 2737 4142 diebus
2763 4085 2958 4158 jejunii
2988 4125 3004 4149 ,
3037 4085 3092 4138 in
3123 4082 3315 4138 diebus
3350 4077 3516 4134 absti-

1934 4185 2131 4241 nentia:
2151 4225 2165 4249 ,
2193 4183 2246 4238 in
2281 4183 2473 4238 diebus
2506 4182 2560 4236 in
2594 4180 2794 4253 quibus
2823 4190 3081 4250 tanquam
3111 4176 3517 4246 compatiuntur

1934 4278 1967 4331 ii
1999 4277 2089 4346 qui
2125 4275 2380 4344 jejunant
2404 4283 2459 4330 et
2485 4273 2795 4337 abstinent,
2824 4269 3134 4326 admirabili
3174 4269 3252 4323 illi
3286 4266 3419 4335 Job,
3464 4265 3517 4322 in

1931 4368 2126 4423 diebus
2169 4368 2227 4421 in
2252 4367 2451 4437 quibus
2485 4366 2537 4419 in
2562 4363 2771 4433 jejunio
2804 4373 2860 4418 et
2893 4360 3227 4417 abstinentia
3271 4367 3517 4415 sanctam

1934 4459 2147 4514 Domini
2193 4459 2363 4514 nostri
2413 4457 2540 4512 Jesu
2586 4455 2793 4511 Christi
2842 4455 3153 4526 passionem
3195 4460 3515 4508 sectamur:

1933 4561 1993 4605 ut
2022 4551 2316 4605 terribilem
2343 4550 2460 4619 ejus
2487 4548 2795 4619 passionem
2827 4555 3178 4602 transeuntes
3205 4544 3271 4599 ad
3301 4544 3514 4599 beatam

235 4636 332 4681 est.
369 4628 508 4683 Erat
538 4630 797 4684 nimirum
832 4629 1044 4700 pridem
1080 4629 1311 4699 Syriace
1339 4647 1405 4685 ex
1442 4644 1596 4701 parte
1621 4635 1822 4703 scripta
1860 4659 1902 4715 ι)
1932 4645 2054 4713 ejus
2104 4643 2559 4697 resurrectionem
2602 4640 2798 4696 venire
2843 4653 3156 4693 mereamur
3180 4675 3199 4701 ,
3241 4634 3517 4705 compassi

236 4731 340 4771 non
377 4719 451 4772 ita
492 4719 784 4790 diligenter
808 4735 985 4789 neque
1013 4721 1086 4773 ita
1119 4722 1429 4790 vigilanter,
1465 4725 1819 4792 quemadmo-

236 4808 357 4862 dum
380 4820 572 4879 postea
599 4826 629 4865 a
664 4810 866 4881 Moyse.
893 4811 1035 4865 Solae
1060 4811 1205 4865 enim
1232 4815 1635 4881 responsiones,
1655 4824 1819 4885 atque

237 4904 627 4970 replicationes
675 4921 704 4958 a
749 4905 1050 4974 primordio
1080 4908 1301 4972 scriptae
1331 4916 1478 4959 sunt.
1529 4905 1662 4959 Nam
1695 4907 1820 4976 quis

238 4993 446 5050 illorum
478 5004 697 5065 poterat
729 5012 891 5053 nosse
917 4999 1196 5068 quomodo
1225 4998 1482 5053 venerint
1529 4999 1733 5069 angeli,
1763 5009 1821 5053 ut

235 5095 439 5139 starent
470 5095 599 5141 ante
632 5086 800 5142 Deum
828 5129 844 5153 ,
874 5089 958 5143 vel
990 5089 1265 5160 quomodo
1292 5088 1543 5144 diabolus
1571 5091 1783 5145 venerit
1803 5133 1817 5155 ,

150 5210 155 5215 .
236 5178 315 5229 vel
345 5179 476 5247 quid
512 5179 744 5244 dixerit,
779 5179 863 5234 vel
895 5180 1025 5250 quid
1057 5181 1449 5250 responderit?
1482 5181 1674 5238 Nullus
1702 5182 1823 5237 illo-

237 5285 352 5322 rum
379 5282 595 5339 poterat
620 5271 723 5327 hoc
757 5288 919 5329 nosse
944 5313 960 5339 ,
994 5276 1077 5329 vel
1119 5276 1221 5330 hoc
1251 5277 1393 5344 quod
1425 5277 1566 5333 Deus
1596 5279 1662 5331 ad
1693 5278 1816 5332 dia-

237 5360 407 5415 bolum
435 5362 650 5419 locutus
669 5364 851 5430 fuerit,
883 5367 984 5420 nisi
1013 5368 1158 5422 solus
1194 5368 1407 5438 Moyses
1434 5366 1666 5436 Spiritus
1693 5384 1822 5424 sau-

237 5456 304 5506 eti
338 5455 685 5512 revelatione.
719 5458 873 5513 Sicut
900 5461 1044 5513 enim
1086 5462 1152 5514 de
1176 5458 1382 5514 iactura
1416 5460 1541 5514 coeli
1573 5472 1627 5513 et
1657 5472 1818 5517 terrm

239 5561 393 5602 nemo
423 5550 566 5603 alius
605 5551 675 5603 ita
720 5552 1009 5621 diligenter
1051 5562 1262 5621 poterat
1294 5569 1476 5614 nosse,
1511 5552 1594 5604 vel
1641 5553 1813 5622 loqui,

238 5638 317 5692 vel
347 5641 591 5695 scribere
614 5640 757 5695 sicut
792 5640 1028 5714 Moyses,
1062 5644 1134 5697 ita
1165 5659 1268 5697 nec
1306 5658 1368 5696 ca
1398 5659 1517 5711 quae
1549 5644 1694 5698 circa
1719 5643 1820 5699 Job

238 5743 381 5801 gesta
412 5745 560 5791 sunt.
599 5736 706 5792 Sed
738 5737 811 5791 ita
844 5738 1044 5804 adhuc,
1074 5740 1219 5795 sicut
1247 5753 1408 5795 nemo
1447 5739 1584 5796 alius
1610 5748 1824 5812 poterat

308 5915 515 5977 'lCor.
545 5934 635 5988 xv,
668 5920 758 5989 ll,
798 5921 885 5977 42.
967 5926 989 5957 ³
1018 5923 1152 5980 Dan.
1185 5940 1279 5992 xu,
1319 5924 1371 5981 5.

1444 5928 1463 5957 ³
1498 5922 1694 5986 Matth.
1733 5940 1850 5994 nn,
1892 5925 1978 5980 43.

1924 4752 2067 4790 nunc
2089 4746 2149 4790 ut
2177 4744 2230 4790 et
2254 4749 2687 4805 conreguemus,
2723 4728 3076 4788 condoleutes
3106 4729 3270 4785 modo
3298 4728 3350 4781 in
3386 4737 3517 4781 tem-

1922 4844 2056 4901 pore
2072 4827 2491 4896 passionis,utet
2513 4824 2953 4896 congaudeamus
2974 4831 3095 4892 post
3110 4822 3213 4876 hoc
3237 4820 3291 4875 in
3310 4830 3515 4887 tempo-

1924 4937 1983 4975 re
2011 4920 2444 4975 resurrectionis.
2475 4918 2648 4984 Quam
2685 4917 2995 4987 passionem
3036 4914 3299 4970 Dominus
3323 4922 3511 4965 noster

1923 5007 2078 5062 Jcsns
2110 5006 2364 5062 Christus
2388 5006 2454 5060 ad
2491 5016 2665 5060 terras
2688 5006 2916 5060 veniens
2947 5006 3000 5058 in
3034 5004 3274 5058 humano
3309 5017 3510 5068 corpus

1927 5116 1985 5154 re
2027 5099 2287 5152 sustinuit
2317 5113 2413 5168 pro
2445 5097 2691 5152 omnium
2723 5097 3003 5151 hominum
3037 5094 3257 5157 salute,
3309 5102 3370 5145 ut
3414 5108 3511 5161 per

1928 5190 2241 5259 passionem
2287 5203 2420 5243 sane
2450 5197 2682 5244 mortem
2734 5188 3071 5242 interficeret
3096 5226 3111 5251 ,
3141 5199 3240 5253 per
3268 5197 3510 5238 resurre-

1928 5280 2164 5336 ctionem
2196 5294 2326 5333 vero
2354 5294 2511 5334 suam
2550 5280 2845 5334 recidivam
2871 5279 3038 5333 vitam
3065 5275 3279 5332 cunctis
3312 5283 3511 5329 osten-

1928 5374 2099 5426 deret.
2130 5372 2297 5441 Cujus
2324 5371 2592 5441 passionis
2622 5382 2787 5441 atque
2828 5370 3252 5425 resurrectionis
3297 5368 3510 5424 Domini

1926 5464 2156 5517 fortnam
2186 5471 2347 5531 atque
2378 5462 2687 5532 exetnplum
2734 5461 2861 5530 quia
2896 5459 2995 5515 Job
3031 5461 3213 5530 passio
3239 5459 3293 5513 in
3321 5458 3510 5514 multis

1930 5556 2151 5625 gerebat
2178 5596 2192 5619 ,
2222 5556 2361 5609 sicut
2392 5555 2425 5608 ii
2454 5555 2548 5624 qui
2577 5553 2888 5622 diligentius
2916 5553 3285 5623 requisierunt
3310 5592 3323 5616 ,
3350 5565 3508 5620 repco

1934 5658 2120 5703 reruut
2150 5667 2163 5702 :
2195 5648 2391 5703 merito
2420 5648 2582 5701 etiam
2617 5662 2761 5702 nunc
2805 5646 2858 5700 in
2897 5646 3089 5701 diebus
3116 5644 3422 5715 passionis,
3458 5645 3507 5697 in

1933 5740 2125 5795 diebus
2156 5738 2642 5804 sanctiﬁcationis,
2680 5738 2735 5792 in
2771 5737 2965 5794 diebus
2992 5736 3211 5809 jejunii,
3238 5735 3383 5793 beati
3410 5732 3515 5789 Job

2072 5926 2092 5959 ⁸
2116 5924 2215 5984 Job
2243 5944 2350 5993 sis,
2388 5927 2479 5982 23.
2573 5927 2593 5961 ⁸
2627 5928 2760 5985 Gen.
2799 5942 2835 5991 ι,
