3902 6512
487 428 597 485 575

1583 419 1967 477 ANONYMUS
2002 418 2070 472 IN
2107 416 2247 475 JOB.
2287 447 2356 458 -
2392 418 2520 473 LIB.
2560 419 2601 473 I.

3626 425 3728 480 576

484 542 671 614 passio
710 541 929 609 legitur,
962 539 1255 593 meditatur
1299 544 1462 607 atque
1507 545 1799 592 scrutatur.
1851 537 1959 593 Sed
1993 535 2060 589 ad
2086 538 2137 595 Δ
2162 534 2262 588 sibi
2305 544 2469 591 erant
2513 535 2742 590 invicem
2768 574 2784 601 ,
2825 546 2988 607 atque
3035 537 3231 609 integei
3283 539 3484 607 amici,
3532 551 3721 612 utpote

484 639 723 707 priorem
756 641 1095 690 revertamur
1127 644 1461 686 sermonem.

557 729 802 784 Diximus
827 725 971 796 quod
1002 738 1229 795 magnus
1276 723 1365 777 ille
1406 722 1620 793 Moyses
1664 719 1911 776 scribens
1938 734 2061 790 pas-

484 823 693 880 sionem
726 818 829 875 Job
855 859 870 884 ,
906 826 961 874 et
986 816 1226 873 dolorem
1253 857 1270 882 ,
1309 825 1365 871 et
1394 815 1633 870 laborem
1666 856 1681 882 ,
1714 826 1876 886 atque
1922 830 2055 870 eon-

483 914 783 978 stantiam,
830 925 931 982 pro
983 909 1359 965 consolatione
1409 908 1621 963 dederit
1674 908 1799 962 filiis
1842 906 2053 971 Israel;

481 1004 681 1061 blande
716 1014 773 1060 et
813 1004 1046 1073 benigne
1080 1016 1145 1056 ac
1180 1000 1389 1071 placide
1436 1001 1666 1069 loquens
1701 1001 1767 1054 ad
1817 1014 1943 1062 eos,
1991 1012 2055 1052 ac

481 1098 669 1153 dicens
702 1110 719 1150 :
761 1095 1088 1149 Constantes
1117 1101 1312 1156 estote,
1338 1091 1431 1145 lilii
1463 1090 1661 1157 Israel;
1697 1091 2051 1159 animaequio-

480 1202 574 1242 res
607 1193 806 1248 estote,
851 1184 1143 1254 posteritas
1167 1183 1400 1236 Abrahze
1428 1220 1445 1246 ,
1482 1182 1750 1237 sustinete
1795 1181 2007 1236 dolores
2034 1220 2050 1246 ,

480 1279 704 1337 suﬂ‘erte
739 1280 857 1334 haec
887 1278 1051 1345 mala,
1085 1278 1213 1346 quia
1239 1286 1294 1331 et
1321 1276 1451 1329 olim
1479 1283 1598 1328 erat
1624 1275 1845 1342 quidam
1890 1275 2051 1331 homo

479 1372 533 1428 in
564 1372 787 1441 regione
812 1370 1081 1433 Ausitide,
1121 1367 1208 1423 cui
1240 1381 1436 1421 nomen
1469 1372 1588 1419 erat
1620 1363 1723 1419 Job
1760 1384 1773 1419 :
1806 1365 1897 1433 qui
1926 1381 2047 1420 cum

478 1472 624 1518 esset
650 1463 831 1532 justus
860 1470 916 1515 et
940 1474 1129 1524 verax,
1159 1467 1214 1513 et
1238 1458 1354 1511 sine
1374 1456 1617 1526 querela,
1660 1456 1906 1525 ingentes
1932 1470 2052 1512 sus-

478 1554 640 1609 tinuit
662 1552 901 1615 dolores,
924 1564 1107 1604 amara
1140 1548 1480 1619 supportavit
1509 1556 1802 1612 tormenta,
1828 1556 2050 1617 propter

475 1646 652 1701 zelum
692 1643 1036 1706 adversarii,
1069 1652 1230 1710 atque
1278 1639 1604 1709 nequissimi
1651 1638 1853 1693 diaboli
1903 1638 2047 1694 invi-

471 1738 645 1795 diam.
684 1736 759 1791 Ita
802 1746 857 1790 et
890 1751 986 1790 vos
1010 1775 1025 1799 ,
1059 1733 1279 1803 inquit,
1313 1734 1475 1788 modo
1502 1748 1529 1787 a
1570 1730 1858 1787 Pharaone
1884 1746 2049 1786 vexa-

473 1831 631 1893 mini,
663 1831 731 1883 ab
761 1827 1029 1899 Egyptiis
1055 1827 1466 1896 oppressionem
1501 1826 1750 1895 patimini
1779 1864 1795 1889 ,
1833 1824 1901 1880 ab
1934 1826 2039 1879 im-

474 1919 921 1976 misericordibus
951 1919 1298 1972 vehementes
1331 1916 1612 1970 sustinetis
1645 1914 1881 1983 dolores,
1918 1930 2041 1970 cum

474 2014 696 2068 omnino
732 2026 839 2064 non
880 2008 1304 2079 comprobemini
1343 2016 1692 2077 peccatores,
1724 2021 1900 2075 neque
1928 2006 2044 2061 cul-

473 2103 702 2174 pahiles,
732 2101 825 2156 sed
856 2110 911 2155 et
940 2098 1139 2163 sancti,
1176 2096 1304 2151 boni
1335 2098 1596 2162 factores,
1628 2105 1685 2151 et
1716 2096 1963 2166 perfecti,
1988 2106 2044 2154 et

472 2196 610 2266 grati
647 2192 805 2249 amici
838 2202 893 2248 et
939 2191 1072 2260 ipsis
1117 2201 1173 2246 et
1219 2192 1468 2261 patribus
1495 2204 1683 2245 eorum
1716 2189 1851 2245 estis
1889 2203 2041 2243 com-

470 2287 682 2357 probati
716 2294 881 2356 atque
910 2283 1141 2339 ostensi.
1177 2282 1284 2339 Sed
1318 2297 1442 2338 cum
1485 2283 1601 2337 haec
1647 2280 1895 2351 patimini
1931 2279 2044 2335 illi-

468 2379 576 2433 cite
602 2378 670 2431 ab
708 2376 984 2448 )Egyptiis
1008 2376 1063 2431 in
1105 2376 1421 2431 servitutem
1470 2375 1712 2437 redacti,
1742 2385 1797 2429 et
1836 2373 2043 2443 absque

469 2469 623 2538 culpa
656 2467 724 2522 ab
749 2468 830 2522 eis
860 2466 1161 2531 macerati,
1195 2478 1358 2535 atque
1391 2465 1587 2534 injuste
1621 2464 1804 2519 afﬂicti
1848 2479 1915 2518 ne
1943 2465 2037 2520 de-

465 2559 708 2614 feceritis
732 2603 747 2627 ,
784 2573 960 2628 neque
1008 2556 1437 2614 succubueritis.
1483 2556 1659 2613 Nolite
1703 2557 1815 2610 fieri
1850 2556 2039 2625 despe-

463 2661 648 2707 rantes
684 2690 701 2717 ,
750 2652 843 2706 sed
905 2652 1171 2706 sustinete
1214 2660 1553 2717 constanter,
1602 2658 1766 2720 atque
1812 2648 2039 2705 sollerte

458 2746 717 2802 viriliter.
757 2744 874 2799 Erit
921 2758 1157 2813 namque
1199 2752 1254 2800 et
1292 2743 1448 2799 vobis
1488 2745 1739 2801 liberatio
1767 2747 2035 2815 quemad-

462 2839 683 2892 modum
712 2847 767 2891 et
798 2838 896 2894 illi.
933 2836 1212 2891 Reddetur
1236 2836 1400 2890 etiam
1432 2836 1589 2892 vobis
1614 2836 1903 2891 retributio
1934 2838 2035 2891 hu-

453 2931 545 2998 jus
579 2928 948 2984 tribulationis
975 2968 991 2992 ,
1024 2928 1166 2983 sicut
1212 2937 1269 2981 et
1304 2928 1379 2982 illi
1427 2928 1639 2982 reddita
1685 2937 1791 2983 est.
1834 2927 1890 2982 Si
1931 2942 2033 2982 vos

458 3036 598 3091 quos
625 3020 977 3074 honorabiles
1008 3029 1172 3089 atque
1202 3020 1402 3075 divites
1429 3033 1550 3074 esse
1582 3020 1874 3089 oportebat
1903 3033 2033 3087 pro-

460 3127 582 3186 pter
616 3126 830 3185 patrum
870 3116 1173 3170 bonitatem
1206 3127 1367 3184 atque
1393 3114 1643 3180 divitias,
1680 3112 2032 3168 inhonorabio

2162 626 2327 679 unius
2352 626 2567 695 generis
2590 638 2756 696 atque
2792 629 2950 683 unius
2994 629 3191 699 lingua:
3216 670 3233 696 ,
3262 640 3353 697 et,
3400 642 3462 688 ut
3490 634 3729 697 breviter

2160 717 2337 774 dicam
2356 756 2375 782 ,
2409 717 2571 772 unius
2600 718 2777 788 gentis
2806 731 2966 774 erant
2995 728 3052 776 et
3080 722 3317 789 contigui
3364 722 3724 786 habitatores.

2156 808 2291 863 Nam
2328 818 2457 865 tunc
2504 809 2773 865 universa:
2821 811 2993 867 tribus
3025 811 3242 871 ldumai
3284 814 3539 870 vocitata:
3582 830 3723 885 sunt,

2155 915 2222 955 ex
2258 900 2477 955 nomine
2518 900 2662 955 Esau
2700 901 2773 954 ita
2804 913 3153 973 nuncupatas.
3190 902 3344 959 Nunc
3371 919 3503 961 vero
3530 921 3723 964 omnes

2155 1004 2263 1045 uno
2289 990 2508 1045 nomine
2537 990 2745 1047 Arabes
2767 992 3141 1063 appellantur,
3163 1010 3269 1050 non
3297 995 3474 1051 solum
3503 995 3723 1055 Idumaei

2154 1082 2243 1151 qui
2286 1093 2444 1137 erant
2471 1098 2537 1137 ex
2562 1083 2701 1138 Esau
2727 1123 2744 1150 ,
2776 1086 2870 1141 sed
2916 1095 2973 1141 et
3000 1087 3323 1146 Ammanitae
3355 1099 3409 1143 et
3434 1089 3683 1145 Moabitae
3705 1131 3721 1157 ,

2152 1186 2345 1228 omnes
2384 1174 2591 1243 pariter
2626 1189 2771 1229 nunc
2822 1176 2877 1231 in
2923 1175 3162 1233 Arabum
3209 1180 3430 1234 nomine
3463 1182 3728 1248 perstrin-

2152 1278 2374 1335 guntur.
2406 1265 2533 1320 Ilznc
2578 1265 2761 1336 itaque
2807 1266 3083 1333 diximus,
3135 1278 3193 1323 ut
3234 1270 3584 1324 ostendamus
3632 1272 3723 1341 qui

2149 1352 2350 1408 fuerint
2380 1354 2605 1421 Ausitze,
2642 1371 2709 1409 ex
2745 1370 2974 1424 quorum
3010 1354 3111 1412 Job
3153 1357 3450 1429 appellatur
3480 1363 3721 1431 regione,

2148 1445 2276 1513 quia
2309 1447 2480 1500 tribus
2501 1457 2657 1502 erant
2683 1455 2737 1502 et
2755 1448 3103 1517 cognationes
3132 1449 3324 1517 Edoni,
3356 1451 3446 1522 qui
3474 1463 3529 1508 et
3556 1453 3721 1507 Esau.

2152 1534 2285 1591 Nam
2319 1538 2458 1593 sicut
2487 1539 2662 1595 tribus
2692 1538 2889 1605 Israel,
2923 1539 3014 1609 qui
3047 1550 3102 1595 et
3125 1538 3292 1596 Jacob
3317 1584 3332 1607 ,
3360 1544 3434 1597 ita
3464 1554 3521 1598 et
3553 1544 3726 1603 tribus

2148 1626 2341 1694 Edom,
2373 1630 2464 1700 qui
2506 1640 2561 1685 et
2592 1629 2769 1696 Esau,
2804 1629 2958 1698 juxta
3001 1631 3249 1688 carnales
3278 1634 3450 1689 tribus
3476 1675 3491 1698 ,
3521 1646 3578 1689 et
3618 1652 3724 1692 non

2144 1719 2300 1787 juxta
2348 1723 2529 1777 studia
2571 1723 2858 1795 spiritalia.
2890 1724 3093 1781 Ausitae
3136 1740 3263 1796 ergo
3300 1736 3354 1781 et
3386 1727 3591 1783 Eucbei
3618 1767 3634 1793 ,
3670 1740 3726 1784 et

2148 1811 2306 1869 Minei
2336 1824 2392 1869 et
2426 1815 2802 1885 Themanitte,
2848 1834 3040 1876 omnes
3082 1821 3284 1888 pariter
3332 1818 3552 1874 Idumaei
3600 1820 3721 1875 fue-

2148 1920 2293 1968 runt.
2323 1910 2406 1967 0b
2448 1913 2551 1968 hoc
2583 1929 2714 1985 ergo
2754 1916 2885 1971 dicit
2915 1934 2929 1971 :
2960 1915 3131 1971 HOmO
3170 1917 3386 1988 quidam
3421 1919 3476 1971 in
3511 1919 3723 1988 regions

2144 2002 2403 2059 Ausitide.
2456 2004 2652 2061 Statim
2707 2006 2761 2062 in
2802 2008 3100 2078 primordio
3151 2008 3360 2063 Iaudem
3413 2008 3722 2063 beatissimi

2144 2093 2245 2151 Job
2274 2097 2628 2155 demonstrat.
2663 2098 2800 2155 Nam
2842 2116 2965 2156 cum
3009 2101 3281 2156 hominem
3332 2101 3477 2155 illum
3510 2116 3723 2155 memo-

2144 2198 2254 2256 rat,
2277 2192 2514 2247 ostendit
2542 2192 2792 2263 protinus
2819 2195 2962 2263 quod
3002 2193 3092 2249 ille
3123 2194 3281 2249 homo
3313 2193 3497 2259 fuerit,
3523 2202 3578 2246 et
3607 2207 3720 2247 non

2137 2281 2442 2352 jumentum
2480 2297 2656 2354 neque
2698 2286 2897 2347 bestia.
2936 2283 3111 2342 Homo
3154 2290 3369 2357 quidam
3414 2298 3525 2340 erat
3565 2301 3585 2341 :
3621 2286 3729 2340 sed

2141 2377 2269 2445 quia
2318 2377 2481 2431 homo
2525 2393 2646 2434 esse
2683 2382 3091 2448 comprobatur,
3140 2379 3331 2433 merito
3377 2378 3557 2433 factus
3592 2392 3720 2432 esse

2138 2469 2465 2524 ostenditur.
2500 2468 2674 2523 Homo
2705 2472 2923 2538 quidam
2960 2480 3093 2525 erat.
3133 2468 3284 2524 Unus
3330 2478 3447 2524 erat
3482 2484 3552 2523 ex
3594 2484 3719 2523 om-

2140 2558 2298 2613 nibus
2330 2558 2639 2614 hominibus
2680 2560 2974 2615 secundum
3005 2574 3224 2630 corpus,
3254 2559 3553 2613 secundum
3585 2575 3718 2613 cor-

2140 2650 2439 2719 ruptionem
2466 2690 2482 2715 ,
2509 2652 2602 2705 sed
2632 2650 2923 2721 singularis
2950 2660 3071 2706 erat
3114 2666 3221 2721 prie
3248 2652 3499 2706 omnibus
3529 2651 3717 2705 homi-

2137 2743 2296 2797 nibus
2328 2742 2481 2812 juxta
2515 2742 2736 2812 spiritus
2762 2743 3073 2798 instantiam
3105 2752 3160 2797 et
3200 2742 3394 2797 animae
3422 2743 3719 2798 sincerita-

2136 2845 2280 2899 tem,
2327 2846 2491 2905 atque
2533 2836 2757 2906 justitia:
2806 2837 3217 2907 perfectionem.
3271 2835 3443 2893 Homo
3492 2837 3720 2906 quidam

2134 2937 2269 2984 erat.
2308 2927 2448 2984 Vere
2477 2930 2865 2998 homo,utpote
2892 2931 3055 2984 homo
3081 2928 3276 2993 factus,
3312 2940 3371 2984 ut
3394 2932 3555 2984 homo
3581 2943 3717 2999 per-

2133 3036 2378 3084 manens,
2409 3032 2592 3089 utpote
2627 3021 2693 3075 ad
2730 3021 3016 3090 imaginem
3054 3019 3143 3074 Dei
3173 3031 3409 3085 creatus,
3439 3029 3493 3075 et
3530 3020 3598 3072 ad
3632 3019 3714 3074 si-

2134 3111 2489 3167 militudinem
2517 3111 2883 3180 jumentorum
2917 3126 2981 3167 ac
3014 3112 3309 3167 bestiarum
3334 3122 3496 3181 atque
3537 3112 3717 3180 repti-

459 3209 538 3263 les
570 3217 736 3277 atque
781 3209 938 3275 egeni
982 3207 1158 3263 elfecti
1201 3207 1333 3262 estis
1357 3247 1373 3273 ,
1408 3207 1573 3262 nolite
1617 3221 1979 3275 expavescere
2009 3224 2023 3261 :
2054 3220 2095 3279 ο
2130 3208 2261 3263 lium
2291 3223 2395 3264 non
2430 3217 2514 3264 est
2547 3208 2886 3272 immutatus,
2904 3208 3063 3263 sicuti
3083 3210 3279 3263 dicitur
3310 3208 3377 3261 de
3399 3207 3723 3276 aliquibus:

455 3295 584 3362 quia
612 3304 666 3349 et
696 3295 957 3364 prmfatus
987 3296 1074 3349 hic
1099 3295 1183 3350 vir
1205 3295 1307 3351 10b
1350 3296 1417 3350 de
1455 3296 1583 3350 sede
1614 3296 1779 3364 regali
1816 3304 1871 3350 et
1907 3296 2029 3365 glo-

456 3385 602 3438 riosa
649 3385 716 3439 ad
746 3385 1151 3454 sterquilinium
1197 3385 1483 3441 devolutus
1514 3395 1597 3440 est
1632 3401 1755 3441 cum
1798 3387 2029 3455 ignomi-

455 3475 569 3540 nia,
603 3490 667 3529 ex
703 3476 988 3530 immensis
1014 3477 1218 3531 divitiis
1252 3485 1415 3544 atque
1451 3476 1729 3545 opulentia
1760 3478 1827 3531 ad
1859 3479 2028 3533 mise-

454 3568 680 3621 rabilem
710 3577 1081 3637 paupertatem
1112 3568 1430 3623 immutatus
1462 3579 1547 3624 est
1574 3580 1737 3638 atque
1766 3570 2024 3640 inopiam.

454 3658 513 3712 Si
547 3658 784 3729 Egyptii
832 3674 971 3729 quos
1021 3661 1229 3715 amicos
1275 3676 1397 3716 esse
1443 3670 1759 3731 oportuerat
1806 3674 2028 3733 propter

452 3754 684 3823 gratiam
710 3751 909 3823 Ioseph
936 3796 950 3820 ,
993 3765 1157 3825 atque
1185 3755 1555 3811 sinceritatem
1585 3754 1748 3811 Israel
1774 3797 1789 3822 ,
1822 3758 1889 3812 ad
1922 3758 2027 3812 ini-

452 3844 720 3898 micorum
768 3844 1066 3912 nequitiam
1110 3846 1378 3901 immutati
1408 3856 1575 3913 sunt,
1604 3864 1705 3903 nec
1732 3848 1839 3904 hoc
1873 3850 2026 3905 vobis

448 3934 522 3987 sit
566 3934 767 3989 mirum
801 3952 816 3989 :
850 3937 980 4005 quia
1017 3945 1072 3991 et
1114 3935 1217 3993 Job
1257 3937 1380 3993 boni
1419 3939 1492 3993 illi
1536 3940 1750 3995 sodales
1776 3980 1792 4005 ,
1832 3941 1922 4010 qui
1971 3941 2022 3995 ei

449 4026 630 4080 devoti
660 4036 823 4097 atque
856 4028 1053 4098 integri
1099 4029 1262 4084 amici
1309 4043 1433 4085 esse
1460 4030 1801 4095 debuerant,
1828 4032 1892 4084 ad
1919 4032 2024 4085 ini-

449 4117 710 4172 micitiam
742 4122 994 4176 conversi
1039 4131 1206 4186 sunt,
1248 4133 1304 4177 et
1335 4124 1404 4178 ad
1452 4124 1745 4179 maximam
1780 4125 2019 4189 relucta-

449 4205 679 4271 tionem,
720 4218 887 4278 atque
908 4211 1345 4267 criminationem
1390 4212 1539 4268 circa
1570 4213 1715 4268 illum
1750 4214 2029 4269 immutati.

443 4306 591 4352 sunt.
626 4297 722 4353 llis
749 4314 881 4369 ergo
908 4302 1107 4357 similia
1136 4302 1301 4358 etiam
1336 4318 1432 4360 vos
1453 4344 1468 4369 ,
1507 4306 1679 4373 inquit
1704 4347 1721 4372 ,
1754 4308 2021 4361 sustinen-

446 4398 550 4454 tes,
579 4391 672 4445 lilii
707 4390 893 4455 Israel,
934 4394 1177 4462 usquein
1213 4393 1375 4450 linem
1402 4406 1741 4467 supportate,
1765 4413 1937 4467 usque
1962 4400 2017 4454 in

444 4480 610 4535 linem
642 4482 883 4538 sul'lerte.
917 4484 1037 4539 Erit
1065 4486 1212 4541 enim
1243 4494 1423 4541 vestra
1464 4487 1729 4559 inspectio
1750 4531 1766 4555 ,
1790 4490 1934 4545 sicut
1961 4498 2017 4545 et

2133 3301 2307 3355 Homo
2336 3302 2591 3355 vanitatis
2624 3301 2816 3355 similis
2842 3302 3017 3369 factus
3045 3312 3123 3357 est
3154 3303 3259 3356 illis
3283 3303 3325 3355 ".
3364 3302 3432 3356 Et
3476 3302 3664 3357 adhuc
3696 3318 3713 3362 :

2132 3390 2304 3447 Homo
2334 3409 2449 3445 cum
2477 3395 2531 3445 in
2571 3393 2767 3447 honore
2810 3403 2940 3447 esset
2972 3409 3078 3446 non
3104 3394 3397 3459 intellexit,
3424 3410 3723 3459 compara-.

2130 3492 2213 3535 tus
2257 3493 2332 3535 est
2366 3482 2628 3549 jumentis
2666 3480 3059 3549 insipientibus,
3102 3488 3155 3534 et
3191 3480 3385 3533 similis
3415 3478 3594 3548 factus
3634 3487 3713 3531 est

2127 3571 2235 3623 ill-is
2253 3572 2293 3624 ⁸.
2328 3568 2503 3624 Homo
2531 3571 2749 3639 quidam
2772 3579 2909 3632 erat.
2933 3570 3204 3638 patientiae
3232 3568 3562 3637 exemplum.
3580 3583 3713 3626 con-

2126 3662 2339 3714 stantiae
2382 3660 2791 3724 testimonium,
2838 3660 3138 3716 tolerantia:
3191 3662 3473 3717 indicium.
3530 3659 3723 3715 Homo.

2126 3754 2344 3821 quidam
2372 3762 2488 3808 erat
2519 3770 2676 3822 quem
2695 3753 2960 3818 innumeri
2987 3754 3206 3809 beatum
3234 3753 3516 3817 dixerunt,
3542 3768 3709 3821 quem

2126 3853 2417 3913 praesentes
2452 3845 2752 3899 timuerunt
2778 3883 2795 3909 ,
2820 3860 2978 3915 quem
3006 3846 3263 3902 absentes
3296 3845 3521 3899 reveriti
3552 3854 3715 3908 sunt,

2124 3951 2281 4005 quem
2304 3936 2481 4005 angeli
2513 3936 2763 3991 admirati
2796 3947 2956 4000 sunt,
2984 3952 3145 4005 quem
3178 3937 3293 4005 ipse
3322 3936 3592 3990 Dominus
3617 3936 3708 3990 di-

2124 4026 2277 4083 lexit.
2317 4026 2488 4083 Homo
2516 4028 2732 4097 quidam
2773 4036 2889 4083 erat
2918 4043 3077 4097 quem
3114 4027 3493 4097 nequissimus
3530 4042 3708 4081 aemu-

2122 4118 2265 4174 latus
2294 4128 2401 4185 est,
2432 4120 2519 4174 cui
2554 4118 2901 4175 adversarius
2928 4119 3225 4179 invidebat.
3256 4133 3416 4188 quem
3447 4119 3717 4173 inimicus

2122 4210 2402 4266 hominum
2435 4210 2685 4267 diabolus
2717 4213 2857 4282 apud
2904 4211 3190 4265 Dominum
3243 4213 3704 4281 reprehendebat.

2120 4298 2291 4356 Homo
2329 4300 2550 4369 quidam
2577 4310 2698 4357 erat
2718 4302 2810 4371 qui
2836 4303 3037 4357 versuti
3066 4302 3211 4357 illius
3246 4301 3502 4358 draconis
3533 4314 3706 4373 caput

2119 4394 2481 4461 conculcavit,
2506 4395 2599 4466 qui
2627 4394 2955 4451 sceleratum
2979 4395 3252 4451 diabolum
3287 4396 3338 4450 in
3363 4395 3548 4466 fugam
3572 4412 3705 4451 con-

2120 4484 2319 4550 vertit,
2355 4486 2449 4553 qui
2498 4487 2551 4540 in
2608 4501 2838 4557 corpore
2885 4486 3267 4556 incorporeum
3301 4489 3705 4558 supplantavit.

445 4571 590 4626 illius
616 4570 760 4627 facta
788 4582 892 4630 est.
924 4575 1063 4638 Erit,
1088 4584 1253 4644 atque
1288 4577 1547 4633 reddetur
1580 4580 1737 4635 vobis
1771 4580 2015 4636 toleran-
2047 4560 2093 4618 Ῑ)
2119 4572 2293 4631 Ηυωο
2329 4577 2552 4646 quidam
2594 4590 2711 4633 erat
2733 4618 2749 4644 .
2795 4581 2955 4634 homo
2986 4595 3114 4635 vere
3146 4589 3406 4650 tanquam
3433 4592 3704 4637 constan-

445 4663 535 4719 tia:
564 4665 954 4729 remuneratio,
989 4666 1131 4721 sicut
1149 4675 1205 4721 et
1235 4666 1310 4721 illi
1342 4669 1550 4723 reddita
1579 4678 1680 4725 est.
1709 4670 1835 4726 Haec
1861 4687 2017 4726 nam-

440 4768 551 4823 que
593 4765 647 4808 et
680 4755 765 4813 bis
808 4755 1003 4811 similia
1036 4756 1247 4829 Moyses
1271 4758 1496 4827 loquens
1543 4761 1610 4816 ad
1659 4762 1802 4818 lilios
1846 4760 2013 4820 Israel

441 4846 664 4916 scripsit
708 4846 895 4905 dicens
923 4866 938 4903 :
968 4847 1142 4905 Homo
1180 4852 1399 4922 quidam
1428 4863 1542 4907 erat
1576 4854 1633 4909 in
1663 4858 1871 4926 regione
1902 4856 2015 4911 Au..-

439 4937 595 4991 sitide
625 4939 668 4991 ⁶.
702 4938 874 4994 Homo
898 4950 1083 5010 utpote
1114 4954 1312 4998 natura
1350 4945 1625 5000 exsistens
1654 4946 1816 5001 homo
1848 4965 1861 5000 :
1888 4947 2013 5016 qui-

440 5030 564 5082 dam
595 5045 725 5085 vero
749 5071 764 5095 ,
795 5042 981 5100 utpote
1011 5049 1087 5103 ex,
1113 5035 1367 5092 omnibus
1399 5037 1710 5107 singularis.
1748 5040 1801 5097 In
1836 5041 2013 5108 regio-

438 5134 507 5173 ne
536 5130 717 5175 autem
757 5122 1006 5179 Ansitide
1033 5164 1049 5189 ,
1082 5134 1267 5195 utpote
1301 5127 1394 5195 qui
1432 5128 1542 5183 illic
1588 5139 1923 5194 moraretur,
1954 5139 2011 5186 et

438 5212 550 5268 illic
582 5224 744 5269 natus
770 5225 933 5285 atque
966 5232 1032 5271 ex
1063 5219 1191 5286 ipsis
1235 5218 1399 5273 fuerit
1426 5260 1442 5283 ,
1470 5230 1525 5274 et
1555 5222 1698 5276 inter
1727 5236 1822 5276 eos
1854 5222 2007 5275 advi-

435 5304 600 5359 xerit.
638 5304 704 5359 Et
736 5306 829 5375 qui
859 5315 986 5361 sunt
1016 5308 1101 5362 isti
1144 5309 1393 5364 Ausitaa?
1420 5308 1603 5365 Genus
1628 5310 1789 5374 Esau,
1831 5322 2007 5379 poste-

437 5395 573 5451 ritas
604 5407 767 5465 atque
800 5399 974 5453 tribus
1006 5399 1197 5453 Edom.
1227 5398 1361 5453 Nam
1399 5401 1599 5456 Ausitze
1652 5415 1707 5455 et
1737 5401 1921 5468 Minci,
1950 5413 2005 5456 et

438 5488 662 5557 Euehei,
683 5506 739 5545 et
751 5490 1111 5557 Themanitze,
1133 5502 1410 5549 etcaaterm
1439 5510 1628 5549 omnes
1652 5498 1821 5551 tribus
1844 5509 2002 5552 erant

434 5592 498 5632 ex
532 5585 859 5649 c0gnatione
888 5595 1050 5653 atque
1094 5588 1342 5654 prosapia
1378 5587 1517 5640 Esau
1551 5585 1644 5640 lilii
1687 5588 1835 5641 Isaac
1859 5627 1874 5650 ,
1908 5588 1998 5655 qui

433 5678 490 5723 et
520 5671 689 5726 Edom
723 5676 1143 5744 cognominatus
1189 5685 1296 5732 est.
1343 5675 1551 5732 Idcirco
1591 5680 2006 5737 cobabitatores,

512 5858 531 5892 ⁸
557 5858 656 5918 Job
689 5876 725 5929 ι,
764 5862 815 5917 l.
870 5865 900 5941 γ’
932 5863 1076 5921 Psal.
1106 5880 1287 5936 cum,
1327 5868 1381 5925 s.
1462 5870 1481 5901 ⁸
1515 5866 1660 5929 Psal.
1699 5887 1893 5942 sunt,
1918 5874 2007 5934 2|.

2121 4666 2363 4727 tissimus
2397 4668 2777 4738 belligerator,
2804 4679 3060 4740 tanquam
3086 4671 3382 4738 singularis
3410 4688 3703 4728 monoma-

2115 4761 2253 4815 chus
2273 4799 2301 4826 ,l
2329 4768 2589 4832 tanquam
2638 4772 2949 4820 constanter
2997 4774 3150 4819 stans
3196 4766 3459 4821 adversus
3506 4780 3703 4821 omnes

2114 4851 2318 4908 diaboli
2355 4855 2650 4923 exercitus,
2683 4866 2940 4927 tanquam
2971 4858 3064 4928 qui
3086 4857 3441 4927 singulariter
3467 4859 3536 4913 de
3570 4873 3701 4912 om-

2113 4945 2271 5000 nibus
2300 4945 2604 5002 dmmonum
2633 4950 2927 5006 virtutibus
2968 4952 3250 5007 victoriam
3286 4952 3586 5022 sumpserit
3607 4966 3704 5006 so-

2115 5037 2221 5093 lus.
2265 5038 2434 5095 Homo
2480 5043 2697 5110 quidam
2727 5054 2876 5109 erat,
2914 5060 3031 5101 non.
3050 5056 3171 5099 erat
3213 5044 3391 5100 bellua
3438 5055 3701 5109 cruenta,

2112 5143 2218 5183 non
2254 5140 2375 5186 erat
2422 5148 2646 5203 serpens
2688 5137 2925 5205 nequitia
2950 5177 2965 5202 ,
2997 5152 3101 5190 non
3144 5145 3264 5191 erat
3306 5151 3481 5205 equus
3512 5152 3700 5205 neque

2112 5220 2292 5277 mulus
2340 5224 2550 5279 luXuria
2601 5242 2777 5297 neque
2822 5228 3157 5297 petulantia,
3208 5242 3313 5281 non
3366 5237 3487 5280 erat
3536 5230 3697 5282 canis

2110 5314 2393 5382 spurcitia,
2423 5332 2598 5385 neque
2634 5318 2819 5387 vulpes
2847 5318 2971 5374 dolo
2996 5329 3157 5387 atque
3182 5319 3402 5379 astutia,
3437 5334 3544 5370 non
3571 5330 3696 5371 erat

2110 5407 2355 5475 scorpius
2382 5449 2397 5473 ,
2444 5425 2617 5479 neque
2658 5413 2847 5465 veneni
2888 5412 3102 5467 lethalis
3135 5413 3318 5481 vipera
3348 5456 3361 5475 ,
3396 5414 3489 5466 sed
3525 5416 3694 5466 homo

2109 5506 2245 5551 erat.
2298 5498 2431 5551 Nam
2466 5502 2606 5557 sicut
2641 5504 2860 5559 obsceni
2906 5516 3065 5574 atque
3114 5506 3405 5574 impudici,
3456 5509 3693 5577 maligni

2107 5604 2321 5657 ίιυοίιυθ
2344 5609 2407 5648 ac
2435 5598 2633 5651 versuti
2665 5600 2751 5653 his
2779 5600 3029 5656 omnibus
3076 5610 3461 5669 comparantur
3518 5612 3691 5670 atque

2108 5685 2299 5740 horum
2330 5691 2570 5747 omnium
2604 5694 2961 5767 appellatione
2989 5704 3395 5766 nuncupantur,
3428 5695 3576 5751 sicut
3606 5698 3665 5753 di
