3942 6516
175 445 273 503 577

1264 438 1644 506 ΑΝυΝγιιυε
1673 447 1741 504 IN
1777 448 1919 509 10B.
1959 484 2028 495 —
2064 454 2175 509 LIB

3321 456 3427 519 378

173 580 318 630 citur
347 573 412 629 de
437 574 745 643 huiusmodi
777 594 790 629 :
823 574 993 630 Canes
1036 574 1264 640 improbi
1292 552 1473 630 animo
1513 576 1741 630 nescieu-
1768 578 1817 634 Α
1850 590 1953 631 non
1987 578 2109 632 talis
2134 577 2459 647 htit'quate’s
2479 584 2534 635 et
2567 584 2654 634 tltt‘
2687 583 2824 633 cum
2857 574 3002 637 inter
3033 581 3227 650 impios
3255 596 3422 653 esset,

173 677 242 723 tes
274 668 611 720 saturitatem
642 667 686 719 ‘.
721 666 788 721 Et
830 666 1006 721 adhuc
1037 684 1053 722 :
1088 666 1229 737 Equi
1267 667 1574 720 admissarii
1615 667 1743 736 facti

172 769 331 821 sunt,
376 759 739 828 unusquisque
778 759 847 812 ad
877 773 1094 812 uxorem
1143 758 1372 827 proximi
1411 758 1497 810 sui
1540 756 1742 812 hinnie-

173 852 254 903 bttt
288 850 353 904 ".
391 848 455 903 Et
497 848 621 903 alibi
666 868 679 902 :
729 849 1032 919 Serpentes,
1056 849 1321 919 generatio
1352 849 1651 915 viperarum
1678 850 1744 903 ".

174 939 255 1001 Et,
282 937 567 993 Generatio
590 942 909 1009 serpentium
933 940 1254 1003 volantium,
1282 941 1376 1007 qui
1399 938 1595 993 veloces
1626 949 1746 994 sunt

173 1033 222 1085 in
265 1030 504 1083 malitia.
556 1030 622 1085 Et
664 1032 858 1085 iterum
896 1045 912 1083 :
955 1030 1336 1100 Appreltendite
1379 1032 1521 1087 vobis
1571 1034 1748 1099 vulpes

172 1122 392 1189 pusillas
415 1122 822 1177 exterminantes
855 1124 919 1177 η.
957 1121 1045 1187 Ει,
1073 1120 1345 1193 Tanquam
1366 1124 1543 1193 vulpes
1569 1124 1625 1177 in
1655 1139 1747 1178 so-

171 1213 394 1267 litudine
418 1216 545 1280 facti
581 1224 704 1267 sunt
738 1213 1001 1283 prophetat
1036 1216 1135 1279 tui,
1184 1214 1455 1270 Israel".
1488 1215 1556 1269 Et
1592 1232 1606 1270 :
1642 1214 1745 1281 Ite,

170 1306 324 1357 dicite
366 1304 513 1373 vulpi
551 1307 674 1359 huic
718 1305 873 1376 (dicit
919 1307 1179 1362 Dominus
1226 1307 1293 1361 de
1339 1306 1555 1362 Herode
1581 1306 1750 1375 “),et

172 1399 267 1450 alia
308 1398 589 1454 innumera
640 1399 724 1453 bis
774 1401 971 1455 similia
1018 1402 1269 1455 dicuntut
1327 1400 1394 1453 de
1436 1398 1745 1467 huiusmodi

170 1496 220 1547 in
261 1494 573 1561 Scriptura.
602 1495 709 1550 Sed
741 1497 935 1551 beatus
967 1496 1069 1552 Job
1104 1514 1212 1553 non
1249 1506 1367 1551 erat
1397 1490 1543 1563 talis,
1574 1513 1748 1567 neque

170 1588 247 1642 his
280 1587 501 1641 similis.
530 1586 637 1642 Sed
664 1590 826 1644 homo
853 1600 974 1644 erat
1004 1591 1384 1655 inluminatus,
1412 1600 1467 1646 et
1495 1591 1751 1645 immacu-

168 1686 303 1742 latus
340 1687 505 1747 atque
551 1679 812 1735 illibatus.
862 1680 1036 1736 ilomo
1064 1723 1080 1746 ,
1114 1692 1299 1752 utpote
1345 1682 1448 1738 hoc
1483 1682 1624 1751 quod
1682 1685 1747 1735 ad

170 1772 457 1841 imaginem
487 1781 540 1827 et
570 1774 976 1828 similitudinem
1015 1775 1110 1830 Dei
1142 1776 1317 1831 factus
1350 1786 1454 1842 est,
1478 1778 1746 1845 integrum

166 1864 497 1918 custodiens.
534 1864 624 1920 Sic
657 1866 838 1934 itaque
870 1868 1031 1922 homo
1066 1868 1287 1937 quidam
1317 1879 1433 1925 erat
1454 1868 1607 1937 juxta
1631 1870 1746 1922 haec

167 1957 420 2009 universa
457 1971 576 2025 qua:
609 1966 908 2012 monstrata
939 1969 1086 2013 sunt.
1126 1958 1243 2014 Non
1276 1969 1432 2015 erant
1461 1960 1595 2014 tales
1629 1975 1746 2013 om-

167 2062 254 2100 nes
280 2048 558 2111 homines,
596 2047 688 2103 sed
718 2064 858 2103 unus
890 2061 1009 2104 erat
1042 2051 1194 2106 solus
1222 2092 1238 2115 ,
1276 2052 1399 2107 talis
1428 2052 1644 2117 quidem
1678 2066 1743 2105 cx

166 2141 417 2195 omnibus
447 2140 548 2197 Job
575 2142 945 2198 beatissimus.
984 2143 1087 2200 Ubi
1118 2153 1296 2199 autem
1343 2154 1457 2200 erat
1506 2145 1594 2200 hic
1644 2146 1745 2199 bo-

167 2250 247 2289 tuo
272 2235 299 2288 ?
335 2235 392 2289 In
425 2251 531 2301 qua
560 2238 801 2305 regione,
835 2238 886 2291 in
927 2254 1033 2308 qua
1062 2238 1343 2308 provincia
1375 2239 1398 2293 i
1438 2237 1747 2308 Respondet

166 2328 395 2381 dicens:
436 2327 504 2381 In
556 2328 766 2393 reqione
807 2327 1069 2385 Ausitide.
1115 2329 1215 2397 Qui
1264 2340 1442 2384 autem
1492 2330 1600 2383 sint
1652 2329 1742 2386 isti

166 2420 365 2473 Ausitae
394 2460 410 2481 ,
440 2421 691 2489 superius
718 2422 1250 2489 demonstravimus,
1283 2424 1426 2492 quod
1458 2438 1522 2477 ex
1550 2435 1747 2491 genere

167 2510 385 2565 luerunt
414 2512 579 2577 Esau,
609 2516 727 2568 sive
750 2530 815 2568 ex
849 2514 976 2569 filiis
1016 2515 1179 2579 Esau,
1210 2516 1327 2569 sive
1358 2516 1426 2571 ab
1470 2516 1583 2583 ipso
1604 2515 1741 2570 Esau

168 2605 368 2657 Ausitm
397 2615 556 2659 erant
586 2606 784 2660 vocati.
821 2606 887 2661 Et
936 2607 1129 2677 quales
1170 2608 1256 2662 isti
1296 2618 1453 2661 erant
1498 2608 1746 2663 Ausith

166 2697 344 2765 lmpii,
378 2698 567 2767 injnsti
591 2742 605 2765 ,
636 2700 904 2766 inﬁdeles,
942 2700 1185 2764 obsceni,
1223 2701 1581 2762 Insatiabiles,
1605 2701 1745 2754 sicut

165 2798 213 2839 rt
247 2800 406 2853 pater
435 2805 619 2843 eorum
658 2789 819 2851 Esau,
853 2792 919 2845 de
951 2808 1058 2861 quo
1096 2791 1298 2845 dictum
1330 2801 1413 2845 est
1444 2807 1471 2845 a
1504 2793 1738 2847 sanctis:

170 2880 331 2935 Nemo
367 2883 443 2935 sit
476 2884 725 2939 obscenus
753 2894 802 2939 et
825 2883 1139 2938 insatiabilis
1166 2882 1298 2936 sicut
1329 2882 1473 2936 Esau
1512 2884 1579 2938 ¹⁸.
1606 2883 1740 2938 Cum

168 2991 285 3043 ergo
329 2985 483 3032 esset
518 2977 639 3031 talis
677 2978 792 3047 ipse
842 2978 983 3032 Esau
1015 3017 1031 3042 ,
1065 2993 1169 3032 non
1211 2976 1393 3031 docuit
1436 2976 1574 3031 ﬁlios
1616 2992 1744 3032 suos

169 3070 420 3136 pietatem
464 3085 641 3139 neque
682 3070 944 3141 justitiam
991 3086 1153 3139 quam
1190 3070 1304 3140 ipse
1338 3086 1444 3125 non
1495 3073 1742 3125 sectaba-

168 3174 263 3223 tur,
284 3164 383 3216 sed
428 3163 758 3233 impietatem
793 3178 887 3217 eos
922 3162 1127 3228 docuit,
1149 3172 1204 3217 et
1238 3162 1560 3232 iniustitiam
1579 3172 1742 3232 atque

1852 684 1957 723 non
1987 668 2280 726 declinavit
2310 672 2375 725 ad
2408 672 2765 739 impietatem.
2797 674 2932 728 Cum
2966 684 3110 730 esset
3141 675 3283 730 inter
3305 676 3425 731 inli-

1849 762 2018 827 deles,
2050 778 2154 817 non
2184 764 2375 819 habuit
2407 764 2803 820 inﬁdelitatem.
2837 766 2969 820 Cum
2998 745 3147 822 esset
3173 769 3314 823 inter
3334 767 3423 823 iu-

1843 852 2042 923 jnstos,
2075 869 2180 908 non
2213 865 2295 909 est
2323 858 2642 911 commistus
2677 858 3099 927 injustitiiszsed
3128 863 3426 929 permansit

1850 944 1903 999 in
1953 947 2133 1001 medio
2180 946 2471 1015 impiorum
2518 958 2772 1018 tanquam
2815 950 3038 1004 adamas
3085 950 3423 1016 immobilis,

1849 1035 2072 1093 lucerna
2102 1039 2565 1109 inexstingnibilis
2590 1080 2604 1103 ,
2642 1049 2899 1111 tanquam
2929 1042 3105 1096 lumen
3138 1046 3279 1112 quod
3317 1061 3421 1100 non

1851 1128 2188 1192 immutatur,
2236 1139 2493 1199 tanquam
2544 1130 2733 1185 radius
2778 1132 2871 1200 qui
2918 1147 3022 1186 non
3062 1135 3281 1188 occidit.
3331 1134 3424 1192 Sic

1848 1221 2012 1275 etiam
2048 1228 2261 1289 oportet
2287 1237 2385 1276 nus
2419 1236 2563 1285 esse,
2598 1237 2631 1277 ο
2664 1224 2848 1287 amici,
2881 1235 3104 1279 Sanctus
3138 1238 3299 1295 atque
3322 1228 3425 1281 im-

1850 1310 2151 1365 tnaculatos
2178 1351 2191 1373 ,
2226 1311 2345 1379 pios
2387 1327 2449 1366 ac
2485 1313 2765 1383 religiosos
2790 1355 2804 1377 ,
2840 1316 3163 1370 charitatem
3214 1318 3423 1386 ample-

1850 1412 2059 1457 ctentes
2085 1412 2246 1472 atque
2278 1402 2573 1471 perfectos,
2622 1404 2968 1460 inviolabiles
2997 1418 3161 1476 atque
3190 1408 3423 1462 illibatos

1850 1496 1903 1549 in
1954 1497 2131 1550 medio
2159 1497 2378 1566 generis
2407 1499 2560 1566 pravi
2591 1512 2654 1551 ac
2703 1500 2946 1569 perversi
2977 1541 2991 1565 ,
3026 1499 3085 1553 ut
3123 1501 3424 1571 lulgeamus

1852 1595 2109 1656 tanquam
2156 1588 2436 1643 luminaria
2483 1588 2605 1643 caeli
2643 1590 2695 1643 in
2756 1593 2989 1652 mundo,
3022 1594 3243 1646 verbum
3298 1594 3423 1647 vita:

1849 1682 2187 1736 continentes
2214 1682 2267 1736 iu
2292 1684 2378 1737 die
2406 1682 2637 1749 Christi,
2662 1694 2719 1738 ut
2749 1695 2803 1739 et
2823 1686 2888 1739 de
2908 1685 3061 1739 nobis
3089 1685 3301 1740 dicatur
3324 1686 3425 1741 sic-

1852 1782 1909 1826 ut
1946 1782 2001 1826 et
2055 1774 2121 1828 de
2151 1775 2308 1830 beato
2338 1775 2428 1831 illo
2455 1794 2469 1830 :
2502 1764 2571 1829 Et
2604 1787 2712 1828 erat
2748 1778 2863 1829 sine
2889 1777 3098 1844 querela
3130 1777 3282 1830 homo
3310 1778 3419 1845 ille,

1842 1864 2240 1935 justus,vera:c,
2258 1866 2353 1921 Dei
2380 1867 2550 1920 cultor
2573 1868 2639 1922 ¹⁶.
2665 1867 2836 1921 Homo
2870 1868 2959 1921 ille
2985 1881 3314 1922 tuetnoratus
3341 1878 3423 1922 at.

1850 1973 1956 2026 que
1980 1957 2311 2027 designatus.
2333 1960 2424 2027 qui
2456 1959 2507 2013 in
2541 1960 2761 2028 regione
2781 1968 2903 2012 erat
2932 1958 3197 2021 Ausitidc,
3217 1959 3300 2012 cui
3327 1974 3423 2012 no-

1849 2066 1971 2104 men
1999 2060 2113 2104 erat
2144 2049 2265 2105 Job.
2287 2049 2542 2106 Ostendit
2571 2052 2870 2116 hominem,
2890 2053 3161 2121 cognitam
3192 2050 3319 2106 fecit
3338 2066 3423 2103 re-

1847 2143 2061 2211 gionem
2082 2183 2095 2203 ,
2125 2141 2428 2211 designavit
2460 2158 2653 2197 nomen
2680 2183 2694 2205 ,
2718 2142 2905 2196 dicens
2928 2160 2941 2195 :
2969 2141 3065 2195 Cui
3100 2159 3284 2195 nomen
3310 2149 3423 2194 erat

1846 2233 1947 2289 Job
1981 2234 2045 2297 ",
2077 2234 2221 2302 quod
2247 2250 2365 2287 cum
2407 2232 2569 2301 iustis
2600 2234 2864 2303 scriptum
2893 2243 2973 2288 est
2998 2276 3013 2298 ,
3046 2234 3190 2302 quod
3231 2235 3282 2286 in
3337 2249 3423 2287 rc-

1847 2328 2009 2393 gione
2039 2328 2285 2381 vivorum
2319 2326 2587 2397 signatum
2637 2336 2753 2390 est,
2780 2328 2922 2396 quod
2962 2327 3013 2379 in
3053 2325 3423 2380 tabernaculis

1846 2419 2062 2474 aeternis
2084 2429 2165 2475 est
2204 2421 2537 2488 deputatum.
2570 2417 2669 2473 Cui
2698 2435 2883 2472 nomen
2916 2430 3027 2471 erat
3061 2416 3185 2471 Job.
3218 2417 3417 2487 Dignos

1850 2512 2049 2564 habeat
2100 2509 2262 2565 etiam
2305 2526 2404 2565 nos
2441 2510 2719 2575 Dominus,
2757 2520 2813 2564 ut
2846 2511 3064 2565 nomina
3114 2520 3305 2564 nostra
3341 2510 3419 2563 sic

1846 2602 2159 2655 scribantur
2212 2617 2334 2655 cum
2384 2603 2715 2667 viventibus,
2762 2602 2839 2655 sic
2882 2617 3002 2655 cum
3048 2601 3115 2654 iis
3159 2599 3249 2669 qui
3283 2600 3418 2655 Salvi

1848 2695 1985 2748 ﬁunt
2018 2694 2390 2760 nominentur,
2439 2694 2517 2750 sic
2556 2708 2679 2749 eum
2721 2694 2884 2764 jnstis
2936 2702 3417 2747 connumerentur.

1846 2786 1951 2842 Sed
1980 2789 2179 2855 adhuc,
2203 2788 2396 2857 inquit,
2416 2789 2569 2841 homo
2592 2788 2807 2858 quidam
2846 2796 2954 2839 erat
2987 2786 3039 2838 in
3072 2784 3279 2852 regione
3312 2783 3420 2836 Au-

1841 2880 2023 2946 sitide,
2050 2880 2137 2935 cui
2192 2897 2379 2936 nomen
2417 2891 2529 2934 erat
2558 2878 2679 2933 Job.
2714 2877 2989 2931 Adversus
3017 2877 3291 2931 diabolum
3335 2883 3423 2929 est

1844 2974 1934 3027 hic
1970 2987 2170 3039 sermo,
2203 2973 2465 3026 adversus
2497 2971 2893 3039 nequissimum
2927 2978 3007 3022 cst
3040 2969 3152 3021 lucc
3179 2966 3421 3034 disputa-

1846 3064 1945 3127 lio,
1986 3073 2239 3133 tanquam
2283 3063 2327 3118 si
2375 3063 2581 3117 diceret
2629 3081 2642 3115 :
2681 3065 2724 3116 υ
2758 3061 3143 3127 malignissime
3183 3058 3416 3123 diabolo,

1843 3168 1877 3206 ο
1903 3155 2230 3222 nequissime
2253 3154 2473 3217 Satana,
2503 3154 2760 3207 adversus
2790 3166 2948 3220 quem
2975 3148 3291 3205 altercaris?
3315 3148 3417 3200 ad-

169 3255 562 3310 inlidelitatem.
632 3254 785 3321 Quod
829 3254 872 3310 sl
921 3254 1120 3308 dixerit
1167 3253 1361 3323 aliquis
1390 3267 1409 3307 :
1434 3253 1568 3309 Cum
1615 3269 1744 3324 ergo
1769 3263 1813 3319 C
1848 3261 2033 3300 ‘0'805
2057 3260 2218 3313 τιιιθιιι
2253 3243 2451 3300 bellum
2482 3243 2666 3313 εενῖδῖ
2701 3244 2967 3298 adversus
2998 3258 3159 3312 Ψ¹¹⁵¹¹¹
3204 3240 3417 3310 Prmlla‘

174 3345 283 3399 talis
315 3344 491 3400 fuerit
521 3343 659 3398 Esau
694 3352 856 3412 atque
887 3344 1266 3414 generationes
1302 3345 1444 3415 ejus,
1472 3346 1743 3415 quomodo

171 3437 261 3489 fuit
303 3435 415 3492 Job
453 3451 519 3491 ex
550 3436 673 3501 illis,
712 3446 873 3503 atque
919 3435 1061 3489 inter
1094 3434 1216 3489 illos
1255 3437 1377 3505 pius
1409 3452 1472 3489 ac
1526 3435 1745 3490 bonus?

169 3526 235 3582 lta
267 3530 369 3583 fuit
398 3529 542 3584 sicut
573 3542 697 3582 mox
728 3527 780 3581 in
825 3526 1090 3597 principio
1134 3526 1269 3582 Abel
1320 3528 1582 3581 innocens
1620 3543 1740 3582 cum

171 3621 385 3686 iujnSto.
428 3621 570 3675 sicut
595 3618 709 3673 Noe
756 3619 937 3687 justus
966 3619 1110 3673 inter
1142 3619 1391 3687 gigantes
1425 3620 1544 3673 illos
1571 3620 1743 3674 scele-

171 3722 323 3776 ratos,
356 3713 509 3768 sicut
555 3709 954 3765 Melchisedech
988 3715 1247 3765 sacerdos
1275 3711 1369 3765 Dei
1407 3711 1654 3766 altissimi
1686 3713 1739 3766 in

170 3805 333 3858 medio
359 3802 778 3857 maledictorum
806 3802 1258 3869 Chananazorum,
1287 3802 1429 3857 sicut
1464 3803 1738 3858 Abraham

166 3898 245 3963 qni
278 3896 518 3951 credidit
542 3895 595 3950 in
624 3896 795 3950 medio
832 3894 1212 3950 Chaldaeorum
1246 3896 1389 3950 idola
1420 3896 1737 3952 colentium.

169 3986 307 4040 Sicut
351 4001 488 4052 ergo
520 3985 609 4040 isti
655 4000 842 4039 omnes
883 4001 1004 4038 cum
1057 3996 1240 4040 essent
1291 3987 1364 4055 pii
1413 4002 1475 4041 ac
1521 3986 1736 4052 sancti,

166 4088 321 4142 atque
357 4075 606 4146 religiosi
642 4074 734 4128 Dei
764 4072 927 4127 amici
952 4112 966 4137 ,
996 4088 1063 4128 ex
1093 4072 1383 4140 impiorum
1412 4083 1541 4127 sunt
1571 4088 1738 4142 gene-

168 4168 461 4221 rationibus
496 4164 765 4233 procreati
796 4180 812 4217 :
849 4164 923 4217 ita
975 4162 1319 4218 admirabilis
1360 4161 1461 4219 Job
1497 4177 1619 4217 eum
1670 4178 1735 4218 ex

165 4259 373 4313 obsceni
408 4254 915 4325 atqueittsatiabilis
950 4254 1087 4308 Esau
1118 4268 1317 4323 genere
1342 4263 1505 4323 atque
1530 4269 1737 4324 cogna-

166 4351 303 4404 tione
332 4349 643 4419 prodierit,
672 4356 896 4401 sanctus
942 4359 1006 4399 ac
1051 4345 1234 4415 justus
1277 4356 1469 4414 sponte
1513 4344 1737 4400 eﬁ‘ectus

162 4454 272 4507 est;
308 4444 414 4498 hoc
439 4442 644 4497 scilicet
679 4441 1017 4494 demonstrat
1051 4439 1239 4494 dicens
1272 4456 1286 4492 :
1322 4436 1499 4496 Homo
1521 4438 1736 4508 quidam

161 4548 262 4588 erat
291 4536 348 4590 in
377 4534 593 4604 regione
634 4531 899 4587 Ausitide.
944 4529 1075 4585 Erat
1120 4536 1378 4598 tanquam
1426 4543 1551 4583 rosa
1593 4530 1732 4585 inter

164 4624 336 4689 spinas
364 4663 380 4688 ,
413 4631 678 4690 tanquam
714 4620 885 4673 lilium
920 4620 1062 4673 inter
1109 4618 1341 4674 tribulos
1372 4620 1641 4674 candidus
1670 4636 1734 4676 ac

164 4711 351 4764 mhens
380 4750 397 4772 .
437 4709 705 4763 candidus
750 4707 856 4763 ﬁde
883 4722 947 4761 ac
984 4708 1280 4766 sanctitate
1307 4747 1328 4774 ι
1362 4709 1561 4764 rubens
1584 4712 1732 4765 velut

163 4817 293 4862 nisa,
328 4802 491 4871 plane
511 4801 639 4870 quia
677 4799 938 4854 sustinuit
964 4797 1180 4853 dolores
1203 4815 1268 4854 ac
1292 4802 1591 4869 passiones.
1622 4800 1735 4855 Ho-

159 4910 234 4949 uto
260 4894 479 4962 quidam
513 4904 624 4946 erat
648 4892 705 4945 in
748 4892 958 4960 regione
994 4889 1258 4944 Ausitide.
1296 4892 1423 4945 Erat
1469 4900 1731 4961 tauquam

161 4986 405 5039 columba
439 4986 585 5039 Inter
614 4983 879 5052 raptrices
923 4982 1159 5051 aquilas,
1194 4994 1449 5051 tanquam
1481 4998 1652 5052 agnus
1677 4983 1734 5037 in

161 5077 327 5130 medio
360 5076 611 5143 luporum
637 5074 1030 5145 diripientium,
1067 5084 1325 5145 tanquam
1361 5076 1518 5130 stella
1544 5075 1595 5129 in
1622 5090 1731 5129 me-

159 5170 237 5220 dio
271 5168 500 5222 nubium
546 5168 972 5221 teterrimarum.
1008 5166 1181 5221 Homo
1206 5167 1425 5236 quidam
1454 5177 1571 5222 erat
1599 5207 1614 5231 ,
1643 5167 1732 5236 ju-

158 5272 267 5316 stus
289 5263 435 5316 inter
465 5261 697 5330 injustos
723 5300 738 5324 ,
768 5260 910 5313 inter
955 5258 1213 5328 profanus
1270 5270 1490 5314 sanctus
1518 5300 1534 5323 ,
1590 5260 1732 5317 inter

157 5354 421 5409 obscenos
468 5353 700 5407 mundus
728 5392 743 5416 ,
788 5352 910 5420 pius
942 5363 1084 5405 mter
1115 5352 1333 5421 impios,
1385 5352 1555 5407 bonus
1588 5354 1732 5408 inter

158 5446 344 5509 malos,
372 5454 630 5515 tanquam
669 5446 995 5515 smaragdos
1030 5445 1084 5498 in
1122 5444 1256 5507 luto,
1295 5453 1550 5515 tanquam
1584 5460 1729 5500 mar-

158 5539 317 5599 garita
345 5538 404 5590 in
437 5552 627 5590 arena.
663 5536 757 5591 Sic
791 5551 1025 5603 namque
1053 5548 1173 5590 erat
1197 5548 1527 5592 memoratus
1568 5538 1728 5593 homo

159 5629 239 5683 ille
264 5630 317 5683 in
352 5630 572 5699 regione
597 5629 865 5684 Ausitide.
897 5629 1032 5686 Cum
1067 5644 1197 5698 ergo
1228 5630 1371 5685 inter
1404 5630 1536 5685 tales
1562 5640 1724 5695 esset,

731 5818 775 5849 ¹⁰
801 5816 997 5872 Jerem.
1024 5834 1075 5885 v,
1093 5817 1146 5871 8.

716 5888 757 5919 “
786 5886 885 5944 .lob
914 5904 953 5953 ι,
986 5889 1034 5945 1.

237 5819 259 5849 ⁹
289 5816 397 5871 lsa.
432 5820 651 5883 “1,”.

164 5886 203 5921 “
231 5888 396 5947 Hebr.
428 5903 519 5951 su.
550 5891 636 5946 16.
716 5888 757 5919 ⁸⁸
786 5886 885 5944 .lob
914 5904 953 5951 t,
986 5889 1034 5945 1.
1113 5889 1155 5920 ³⁷
1183 5888 1312 5943 ibid.

1227 5817 1493 5897 ‘.‘_Matth.
1525 5832 1677 5897 um,
1711 5818 1799 5873 '55.

1846 3337 1961 3392 ris?
2012 3338 2273 3391 adversus
2326 3351 2485 3405 quem
2542 3334 2659 3390 zelo
2707 3332 3089 3390 succenderis?
3141 3332 3427 3387 Adversus.

1845 3429 2140 3495 hominem,
2172 3427 2432 3482 adversus
2454 3426 2892 3497 corruptibilem,
2919 3425 3181 3479 adversus
3209 3433 3414 3475 morta-

1844 3519 1970 3586 lem,
2004 3521 2265 3574 adversus
2303 3517 2601 3582 carnalem,
2642 3519 2905 3572 adversus
2942 3524 3240 3574 terrenum,
3292 3528 3424 3565 cunt

1842 3611 1916 3665 sis
1935 3609 2360 3680 incorruptibilis
2378 3620 2431 3666 et
2459 3612 2837 3677 incorporeus,
2865 3612 3029 3678 atque
3048 3604 3373 3660 immortalis
3399 3621 3417 3661 εΔ

1841 3704 2105 3759 adversus
2136 3718 2261 3757 eum
2295 3705 2387 3773 qui
2421 3704 2473 3758 in
2511 3702 2734 3771 regione
2778 3710 3022 3754 moratur
3058 3696 3329 3758 Ausitide,
3361 3703 3415 3747 tn

1839 3795 1930 3865 qui
1958 3795 2024 3849 de
2053 3795 2191 3850 caelo
2218 3795 2483 3850 cecidisti.
2519 3793 2622 3848 Sed
2653 3802 2711 3846 et
2760 3792 2837 3848 sic
2868 3791 3166 3860 superaris,
3192 3786 3417 3841 concul-

1840 3888 2006 3952 caris,
2040 3887 2343 3942 humiliaris
2399 3888 2467 3939 ab
2499 3902 2608 3941 uno
2638 3884 2883 3950 homine,
2912 3898 3035 3937 cum
3068 3881 3143 3935 sis
3168 3880 3411 3949 spiritus,

1841 3979 1910 4031 ab
1941 3993 2051 4032 uno
2077 3992 2143 4031 ex
2175 3976 2644 4047 corruptibilibus,
2677 3986 2733 4029 tu
2761 3976 2853 4044 qui
2886 3988 2951 4029 ex
2984 3970 3417 4039 incorruptibili-

1840 4069 1941 4124 bus
1973 4070 2254 4123 cherubim
2311 4068 2556 4123 cecidisti
2591 4067 2897 4122 ordinibus.
2937 4063 3063 4119 Haec
3105 4063 3294 4131 itaque
3336 4059 3416 4114 si-

1839 4164 2026 4230 guavit
2054 4162 2279 4216 dicens:
2318 4160 2490 4215 llomo
2522 4159 2741 4231 quidam
2770 4166 2888 4212 erat
2919 4158 2973 4211 in
3002 4157 3226 4225 regione
3255 4152 3415 4207 Ausi-

1840 4254 1948 4307 tide
1977 4255 2066 4322 qui
2091 4267 2305 4307 onmem
2340 4252 2638 4307 exercitum
2675 4249 2875 4305 diaboli
2908 4248 3133 4318 fugavit,
3173 4245 3264 4316 qui
3293 4258 3414 4297 om-

1838 4360 1961 4399 nem
2012 4344 2269 4399 virtutem
2317 4344 2633 4414 nequissimi
2692 4342 3015 4404 debilitavit,
3060 4340 3152 4409 qui
3198 4351 3425 4392 omnem.

1836 4438 2091 4492 virtutem
2134 4446 2188 4493 et
2216 4445 2594 4507 argumentum
2638 4435 2836 4491 diaboli
2870 4447 3265 4504 supervacuum
3314 4429 3415 4484 de-

1843 4531 2183 4595 monstravit,
2203 4531 2292 4599 qui
2315 4543 2532 4585 omnem
2557 4540 2774 4584 ventum
2803 4538 2857 4581 et
2886 4542 3106 4596 aquam,
3134 4535 3298 4593 atque
3316 4523 3413 4577 im.

1768 4605 1811 4660 Π
1841 4630 2022 4689 petum
2056 4622 2275 4692 maligni
2314 4623 2367 4676 in
2405 4637 2465 4676 se
2495 4620 2847 4676 collidentem
2883 4626 3203 4674 constanter
3230 4626 3413 4670 sustu-

1835 4713 1917 4773 lit.
1949 4725 2005 4768 et
2028 4715 2324 4770 immobilis
2350 4715 2608 4786 perstitit.
2629 4715 2706 4768 Ac
2737 4714 2780 4769 si
2808 4728 2939 4784 ergo
2968 4712 3172 4765 diceret
3196 4726 3210 4763 :
3243 4708 3413 4763 Homo

1835 4805 2053 4875 quidam
2088 4815 2228 4870 erat,
2260 4822 2294 4862 ο
2336 4806 2569 4871 diabole,
2610 4806 2700 4876 qui
2753 4804 2847 4860 tibi
2902 4802 3206 4875 praevaluit.
3245 4799 3414 4856 Homo

1834 4897 2055 4965 quidam
2082 4907 2204 4952 erat
2258 4898 2350 4967 qui
2384 4914 2601 4952 omnem
2646 4898 2900 4951 virtutem
2957 4905 3107 4949 tuam
3143 4890 3412 4947 inﬁrmam

1833 4990 2097 5044 ostendit.
2136 4989 2311 5043 llomo
2360 4990 2578 5059 quidam
2608 4999 2727 5044 erat
2777 4988 2865 5057 qui
2899 5001 3118 5041 utnnem
3152 4981 3415 5038 malitiam

1841 5090 1984 5137 tuam
2015 5082 2069 5135 in
2092 5081 2419 5136 derisionem
2449 5082 2693 5146 deduxit,
2726 5089 2778 5135 ct
2804 5080 2948 5149 quod
2974 5086 3061 5132 est
3089 5073 3418 5137 maximum.L

1839 5171 2093 5225 habitatis
2112 5170 2164 5224 in
2196 5170 2421 5242 regione
2449 5170 2717 5234 Ausitide,
2747 5169 2797 5221 id
2821 5166 3223 5233 est,impiorum
3247 5171 3417 5229 atque

1836 5263 2168 5326 inﬁdelium,
2198 5264 2559 5317 obscenorum
2591 5274 2808 5329 quoque
2841 5269 3006 5327 atque
3060 5254 3413 5323 inleSlm‘ums

1836 5355 1969 5409 Nam
2000 5370 2123 5410 cum
2169 5356 2279 5409 illic
2320 5364 2645 5418 moraretur,
2693 5368 2798 5406 non
2832 5350 3075 5419 potuisti,
3100 5362 3132 5401 ο
3168 5342 3411 5407 diabolo.

1834 5448 2154 5511 immutare,
2189 5464 2361 5517 neque
2401 5457 2721 5501 convertere
2753 5458 2875 5496 eum
2929 5449 3045 5509 post
3097 5438 3291 5505 impios
3338 5435 3414 5493 ad

1834 5540 2192 5609 impietatem,
2225 5556 2401 5607 neque
2450 5548 2569 5607 post
2615 5534 2865 5592 inﬁdeles
2901 5536 2967 5589 ad
3004 5531 3417 5594 inﬁdelitatem,

1836 5647 2013 5701 neque
2038 5642 2155 5701 post
2191 5632 2422 5700 iniustos
2453 5632 2520 5686 ad
2549 5629 2892 5702 iniustitiam,
2915 5630 3007 5685 sed
3034 5629 3177 5682 inter
3192 5637 3413 5689 omnes,

2939 5815 2979 5847 “
3016 5812 3144 5870 Luc.
3172 5828 3286 5878 xm,
3314 5811 3417 5871 51..

1880 5821 1919 5851 ¹²
1942 5818 2096 5874 (Σίιιιι.
2124 5835 2181 5885 ιι,
2208 5820 2291 5874 15.
2371 5819 2409 5851 ¹τ
2443 5819 2640 5875 Ezcclt.
2674 5816 2858 5883 sunt.
