3902 6518
491 441 598 499 379
1593 425 1979 485 ANONYMUS
2016 422 2084 479 IN
2126 422 2265 479 JOB.
2307 453 2372 462 —-
2411 419 2538 473 LIB.
2580 420 2622 474 I.

3640 414 3750 465 389

493 570 549 615 et
576 558 727 628 apud
753 570 941 615 omnes
974 555 1208 624 iniustos
1240 553 1545 624 permansit
1587 552 1794 619 justus,
1821 550 1960 603 sicut
1984 555 2064 599 te-
2094 550 2136 604 Α
2171 556 2357 596 verax.
2391 537 2526 593 Nam
2563 536 2713 591 multi
2761 535 3011 589 videnlur
3046 531 3184 602 justi
3216 544 3355 628 esse,
3384 527 3474 628 sed
3515 542 3626 583 non
3658 543 3751 584 ve-

494 660 670 704 statur
697 663 818 701 mox
849 655 1248 713 consequenter
1278 643 1464 697 dicens
1497 661 1511 696 :
1551 641 1617 694 Et
1646 653 1757 696 erat
1805 641 1957 693 homo
1980 639 2069 692 ille

494 756 738 809 magnus,
782 736 1134 791 adniirabiiis.
1184 736 1382 790 Beatus
1439 736 1600 787 homo
1648 733 1737 788 ille
1764 732 1854 802 qui
1895 748 1923 785 a
1960 732 2068 788 Deo

493 830 866 884 testimonium
900 827 1135 896 accepit,
1174 829 1264 897 qui
1314 827 1382 880 ab
1411 827 1619 896 angelis
1668 825 1924 895 praelatus
1960 834 2067 887 est,

492 921 583 989 qui
615 919 715 989 Ipsi
747 919 966 973 diabolo
995 920 1047 972 iu
1081 916 1498 972 admirationem
1547 916 1719 981 venit,
1746 925 1931 984 utpote
1974 915 2067 983 qui

491 1009 991 1064 vehementioribus
1029 1009 1203 1078 plagis
1244 1018 1406 1078 atque
1435 1007 1757 1077 periculosis
1790 1006 2067 1060 doloribus

494 1115 599 1153 non
632 1100 944 1155 succubuit.
989 1100 1085 1155 llic
1130 1116 1261 1170 ergo
1305 1101 1467 1155 homo
1510 1109 1629 1155 erat
1660 1098 1777 1153 sine
1821 1097 2063 1166 querela,

493 1200 682 1259 utpote
706 1192 772 1245 ab
797 1192 943 1246 omni
976 1190 1186 1245 macula
1218 1191 1476 1255 illibatus,
1499 1197 1687 1258 utpote
1714 1188 1782 1241 ab
1805 1187 1949 1241 omni
1983 1200 2067 1239 re~

492 1282 856 1351 preliensione
903 1296 1110 1337 exsors.
1142 1282 1273 1337 Erat
1321 1282 1438 1335 sine
1481 1280 1700 1350 querela
1740 1294 1924 1332 coram
1959 1279 2066 1333 Deo

490 1381 545 1425 et
576 1372 906 1434 hominibus,
940 1387 1126 1426 coram
1159 1369 1367 1438 angelis
1395 1377 1452 1423 et
1483 1368 1764 1438 spiritibus
1794 1366 2066 1434 corruptio

490 1462 695 1517 bilibus
717 1470 772 1514 et
819 1459 1340 1528 incorruptibilibus.
1374 1459 1506 1512 Erat
1556 1460 1673 1513 sine
1701 1458 1947 1527 querela,
1981 1466 2067 1511 ut-

489 1562 615 1620 pote
646 1551 877 1605 formam
906 1551 958 1604 in
989 1567 1046 1606 se
1074 1552 1369 1606 ostendens
1396 1567 1548 1605 nova:
1584 1550 1796 1618 gratiae,
1827 1548 1914 1603 ubi
1946 1549 2063 1617 epi-

488 1658 713 1712 scopum
745 1642 1278 1712 irreprehensihilem
1326 1658 1447 1697 esse
1485 1650 1717 1711 oportet.
1771 1641 1905 1695 Erat
1946 1641 2065 1695 sine

486 1732 706 1801 querela
746 1733 799 1788 in
832 1735 1016 1789 animo
1046 1744 1101 1787 et
1139 1748 1385 1801 corpore,
1438 1734 1491 1787 in
1524 1733 1770 1789 consiliis
1817 1742 1871 1789 et
1918 1733 2065 1801 cogi-

491 1825 807 1889 tationibus,
835 1825 891 1879 in
920 1825 1100 1880 verbis
1127 1834 1287 1894 atque
1306 1826 1656 1893 operibus,in
1681 1824 1881 1879 studiis
1902 1833 2064 1894 atque

2173 634 2389 695 raciter,
2427 631 2521 685 sed
2578 627 2865 690 fallaciter,
2901 642 3009 680 non
3060 625 3234 692 juste.
3265 623 3357 675 sed
3392 621 3611 690 injuste,
3638 635 3748 674 non

2174 726 2333 795 plane
2373 724 2467 779 sed
2510 723 2720 777 Iictitie.
2780 720 2974 775 Merito
3024 730 3167 771 nunc
3212 714 3335 768 istic
3384 729 3507 767 cum
3538 712 3749 780 justum

2170 819 2379 873 diceret
2406 818 2622 870 beatum
2656 811 2782 875 Job,
2813 813 3008 879 adjecit
3051 810 3219 862 etiam
3270 806 3371 860 hoc
3396 806 3538 873 quod
3576 819 3749 857 verax

2170 911 2351 965 fuerit.
2381 908 2463 964 0b
2492 923 2655 978 quam
2712 905 2861 959 rem?
2892 902 2972 958 0b
3024 901 3149 963 hoc,
3184 907 3242 952 ut
3273 897 3585 953 ostenderet
3617 895 3748 965 quia

2162 1003 2375 1072 justitia
2400 1002 2519 1071 ejus
2546 1017 2671 1056 vera
2701 1010 2839 1054 erat.
2878 997 2994 1052 Non
3041 1006 3158 1052 erat
3189 993 3444 1056 mendax,
3471 1007 3579 1047 non
3624 998 3753 1047 erat

2167 1094 2442 1160 simulata,
2467 1094 2561 1149 sed
2598 1094 2808 1165 integra
2837 1102 2979 1159 erat,
3016 1100 3183 1159 atque
3217 1088 3341 1145 Deo.
3368 1084 3749 1155 acceptabilis.

2167 1186 2247 1243 0b
2275 1187 2379 1242 hoc
2404 1201 2532 1255 ergo
2552 1186 2701 1249 dicit,
2736 1201 2929 1241 verax.
2952 1182 3173 1239 Sciebat
3199 1196 3431 1249 namque
3454 1181 3632 1249 justus
3654 1178 3752 1232 ille

2168 1277 2251 1329 vir
2278 1276 2421 1345 quod
2453 1274 2713 1328 veritates
2753 1274 2984 1342 requirit
3026 1270 3319 1326 Dominus.
3344 1269 3546 1322 Idcirco
3578 1281 3758 1325 verax

2167 1380 2308 1435 erat,
2334 1384 2513 1435 verus,
2544 1384 2731 1437 purus,
2756 1350 3007 1435 simplex,
3044 1382 3148 1419 non
3182 1365 3359 1419 fictus.
3392 1362 3510 1416 Non
3537 1370 3657 1416 erat
3693 1361 3752 1415 in

2167 1463 2256 1516 illo
2279 1462 2569 1516 haesitatio.
2597 1460 2710 1513 Non
2730 1459 3050 1528 loquebtur
3067 1458 3217 1511 aliud
3242 1456 3294 1510 in
3318 1470 3434 1518 ore,
3449 1455 3595 1507 aliud
3616 1468 3753 1506 vero

2166 1556 2438 1622 cogitabat
2484 1556 2536 1607 in
2586 1554 2792 1606 animo.
2826 1550 2943 1605 Non
2994 1550 3138 1603 aliud
3186 1548 3401 1602 dicebat
3451 1545 3657 1609 verbis,
3696 1552 3755 1598 et

2166 1647 2309 1701 aliud
2340 1646 2608 1716 cogitabat
2633 1644 2820 1698 corde.
2855 1641 2971 1696 Non
2999 1652 3159 1698 erant
3207 1643 3372 1697 verba
3409 1640 3526 1711 ejus
3561 1636 3759 1691 mollia

2166 1738 2218 1792 in
2256 1739 2432 1802 labiis,
2483 1737 2663 1807 jacula
2708 1751 2840 1790 vero
2897 1735 2949 1788 in
3000 1734 3233 1797 occulto,
3281 1731 3751 1803 quemadmodum

2168 1848 2310 1886 nunc
2341 1839 2467 1884 sunt
2493 1830 2875 1900 plurimorum,
2917 1828 3371 1897 quemadmodum
3412 1835 3539 1880 sunt
3583 1826 3763 1879 innu—.

486 1917 1016 1972 conversationibus.
1039 1918 1093 1971 In
1122 1920 1269 1972 omni
1302 1918 1654 1972 nihilominus
1680 1918 1793 1971 vita
1821 1932 1917 1971 sua
1944 1926 2063 1970 erat
2094 1906 2136 1961 Β
2166 1923 2531 1987 mei-altilium,
2562 1923 2628 1977 de
2657 1922 2854 1990 quibus
2889 1920 3089 1973 dicitur
3117 1939 3128 1972 :
3158 1917 3343 1971 Molles
3379 1916 3596 1984 fuerunt
3635 1932 3761 1970 ser.

485 2010 604 2063 sine
631 2010 871 2078 querela.
925 2008 1002 2063 Ita
1041 2010 1246 2064 dictum
1278 2019 1363 2065 est
1392 2020 1514 2079 post
1546 2010 1650 2063 hoc
1698 2012 1764 2063 de
1813 2008 2063 2063 Samuele

487 2104 542 2155 in
579 2102 831 2157 laudibus
853 2113 1067 2171 patrum
1097 2121 1110 2157 :
1147 2102 1212 2155 Et
1236 2120 1337 2158 non
1366 2102 1687 2170 reprehendit
1712 2101 2059 2165 homoillum,

486 2190 541 2246 id
589 2201 693 2255 est,
752 2208 855 2247 non
891 2194 1209 2248 criminatus
1253 2202 1337 2247 est
1366 2194 1515 2247 illum
1571 2195 1752 2259 homo,
1786 2195 1914 2263 quia
1944 2205 2064 2249 erat

482 2282 605 2341 sine
633 2284 874 2354 querela,
908 2286 1048 2341 sicut
1080 2296 1137 2345 et
1163 2286 1291 2340 olim
1314 2284 1438 2340 Job.
1466 2284 1530 2343 Et
1560 2286 1705 2341 unde
1735 2286 2062 2356 invenitboc

480 2372 584 2431 Job
609 2388 665 2431 ut
690 2390 840 2434 esset
864 2378 982 2434 sine
1005 2379 1272 2433 crimine?
1298 2379 1373 2435 Ex
1403 2379 1505 2434 hoc
1528 2378 1763 2442 invenit,
1786 2380 1912 2448 quia
1940 2388 2062 2434 erat

479 2466 681 2536 justus.
719 2470 797 2525 Ex
832 2472 933 2529 hoc
965 2472 1192 2537 invenit,
1224 2472 1349 2541 quia
1381 2488 1410 2524 a
1434 2470 1647 2539 justitia
1679 2487 1791 2527 non
1819 2472 2062 2527 declina-

482 2562 581 2616 vit.
621 2562 699 2616 Ex
736 2565 839 2618 hoc
869 2564 1095 2629 invenit,
1123 2566 1249 2635 quia
1288 2565 1553 2631 justitiam
1605 2580 1713 2620 non
1747 2563 2057 2633 dereliquit,

482 2652 609 2719 quia
643 2668 671 2706 a
694 2652 905 2721 justitia
935 2671 1040 2711 non
1071 2657 1343 2722 discessit,
1374 2657 1499 2725 quia
1516 2656 1782 2725 justitiam
1828 2674 1933 2714 non
1962 2662 2049 2715 de‘

481 2746 681 2813 spexit.
714 2745 921 2802 Idcirco
957 2758 1244 2818 postquam
1288 2754 1406 2806 sine
1435 2750 1657 2821 querela
1693 2751 1842 2806 illum
1872 2764 2061 2809 osten-

482 2836 579 2899 dit,
600 2849 721 2906 post
747 2839 849 2893 hoc
878 2840 1234 2895 nihilominus
1254 2841 1421 2895 etiam
1439 2843 1646 2912 justum
1671 2842 1820 2897 illum
1834 2845 2061 2899 demon-

478 2936 664 2991 straus
715 2930 868 2996 dicit,
908 2931 1027 2987 sine
1059 2933 1282 3001 querela
1331 2933 1531 3003 justus.
1561 2932 1748 2990 Justus
1787 2946 1907 2989 erat
1932 2937 2059 3005 quia

479 3019 600 3075 sine
638 3022 869 3079 crimine
900 3033 1044 3090 erat,
1077 3034 1131 3078 et
1163 3025 1280 3080 sine
1307 3025 1527 3095 querela
1555 3036 1697 3092 erat,
1721 3027 1844 3096 quia
1877 3027 2058 3095 justus

479 3124 823 3181 nuncupatus
845 3125 949 3171 est.
986 3116 1053 3172 Et
1078 3124 1198 3170 erat
1226 3117 1387 3171 homo
1414 3116 1503 3172 ille
1536 3119 1656 3173 sine
1686 3121 1906 3188 querela
1968 3120 2058 3188 ju-

2163 2034 2341 2069 mones
2367 2032 2529 2084 super
2554 2015 2749 2079 oleum,
2774 2026 2821 2067 et
2851 2014 2955 2079 ipsi
2978 2022 3099 2066 sunt
3120 2010 3314 2080 jacula
3336 2012 3404 2067 ¹¹.
3430 2010 3496 2064 Ει
3524 2012 3747 2067 adhuc:

2167 2109 2420 2163 Proximo
2456 2126 2550 2161 suo
2584 2108 2817 2177 loquitur
2845 2108 3004 2169 bona,
3037 2115 3086 2159 et
3118 2108 3257 2159 intra
3290 2121 3345 2159 se
3384 2107 3539 2158 habet
3576 2106 3751 2163 mala.

2166 2201 2227 2254 Et
2252 2201 2422 2254 alibi:
2457 2200 2522 2253 In
2562 2199 2715 2253 labiis
2752 2200 2861 2252 suis
2906 2199 3129 2251 blandus
3181 2198 3426 2251 obdulcat
3469 2198 3763 2259 inimicus,

2160 2294 2215 2346 iu
2248 2292 2402 2346 corde
2444 2308 2539 2345 suo
2582 2307 2699 2345 vero
2756 2291 3044 2345 insidiatur
3068 2291 3135 2345 ".
3170 2291 3276 2344 Sed
3329 2304 3441 2343 non
3469 2297 3593 2343 erat
3621 2289 3763 2341 talis

2162 2384 2354 2438 beatus
2379 2381 2502 2449 Job,
2532 2383 2626 2437 sed
2645 2397 2813 2437 verax
2843 2392 2985 2444 erat.
3001 2396 3164 2437 verax
3198 2390 3383 2451 utpote
3410 2396 3608 2436 servus
3628 2381 3757 2447 ejus

2162 2476 2227 2531 de
2274 2491 2384 2546 quo
2434 2476 2657 2538 dicitur,
2691 2474 2776 2529 Sit
2808 2473 2948 2531 Deus
3000 2491 3157 2530 verax
3182 2475 3227 2507 "
3258 2493 3283 2533 :t
3318 2484 3580 2544 tanquam
3620 2488 3769 2527 vere

2160 2582 2352 2623 servus
2383 2568 2526 2623 illius
2554 2568 2619 2621 de
2650 2582 2757 2638 quo
2786 2567 2992 2622 dictum
3024 2577 3107 2622 est
3137 2582 3154 2620 :
3187 2566 3316 2621 Haec
3345 2577 3420 2620 est
3456 2566 3567 2619 uita
3590 2575 3756 2619 teter-

2161 2673 2254 2723 na,
2294 2669 2349 2712 ut
2392 2667 2707 2727 cognoscant
2757 2669 2807 2712 te
2848 2657 3020 2712 solum
3065 2675 3240 2713 verum
3282 2657 3476 2721 Deum,
3502 2667 3554 2711 et
3594 2674 3767 2726 quem:

2161 2751 2350 2805 misisti
2392 2750 2577 2806 Iesum
2605 2750 2873 2804 Christum
2897 2751 2965 2807 “.
3002 2749 3137 2805 Cum
3168 2766 3299 2819 ergo
3326 2760 3472 2804 esset
3503 2750 3621 2803 veri
3654 2748 3771 2805 Dei.

2162 2860 2353 2904 servus
2396 2858 2585 2908 verax,
2612 2855 2731 2898 erat
2776 2859 2970 2910 verax,
2997 2859 3095 2899 nec
3128 2844 3244 2914 ipse
3285 2843 3594 2907 mentiens,
3646 2857 3759 2898 nec

2161 2938 2457 2995 mendaciis
2496 2937 2936 3003 communicaus,
2978 2951 3080 2991 nec
3136 2936 3250 3005 ipse
3306 2935 3603 3001 mentiens,
3647 2950 3759 2990 nec

2160 3030 2282 3084 aliis
2314 3028 2600 3083 mendacia
2633 3043 2934 3097 congruere
2965 3028 3308 3096 permittens.
3335 3026 3515 3082 Verax
3546 3027 3601 3080 in
3626 3041 3769 3091 ore,,

2158 3123 2405 3191 verax,in
2433 3123 2619 3184 corde,
2642 3136 2806 3176 verax
2838 3122 2891 3175 in
2921 3120 3341 3191 cogitationibus
3371 3131 3428 3175 et
3486 3135 3658 3175 verax
3697 3122 3753 3174 in

479 3217 598 3262 stus
634 3207 687 3261 iu
714 3206 959 3276 judiciis,
988 3206 1171 3274 justus
1226 3208 1279 3261 in
1324 3208 1723 3277 causis,justus
1753 3210 2055 3281 inlegibus,
2085 3244 2127 3304 ρ
2163 3214 2632 3283 responsionibus,
2658 3227 2821 3267 verax
2857 3213 2912 3267 in
2951 3212 3130 3267 verbis
3171 3221 3226 3267 et
3278 3227 3443 3266 verax
3474 3211 3531 3266 in
3567 3212 3767 3276 Iactis,

475 3298 653 3368 justus
699 3300 752 3353 in
811 3300 1261 3357 ordinationibus.
1309 3302 1442 3356 Nam
1498 3319 1619 3358 cum
1673 3313 1809 3358 esset
1853 3305 1960 3359 dux
1991 3320 2058 3362 ac

478 3392 736 3460 panceps
762 3392 1055 3460 provincia:
1086 3408 1220 3459 sum,
1254 3404 1310 3449 et
1334 3398 1479 3465 leges
1522 3397 1729 3461 sanxit,
1762 3409 1817 3451 et
1853 3398 2056 3467 judicia

476 3482 764 3552 judicavit.
798 3482 903 3537 Sed
931 3483 1119 3551 procul
1148 3484 1313 3539 dubio
1334 3486 1479 3554 quod
1497 3488 1677 3540 omnia
1702 3486 1849 3557 juste
1875 3492 2059 3560 dispo-

481 3575 653 3628 suerit
677 3584 731 3629 et
755 3575 1104 3643 judicaverit,
1125 3585 1290 3645 atque
1308 3578 1736 3644 misericorditer
1759 3582 2054 3650 delinierit,

480 3678 587 3718 non
623 3666 888 3719 reveritus
920 3681 1355 3736 personam,uon
1381 3671 1657 3739 accipiens
1679 3686 1924 3737 munera,
1951 3690 2055 3728 non

480 3756 764 3812 ambulans
795 3767 915 3823 post
944 3758 1473 3827 retributiones,non
1500 3762 1809 3830 despiciens
1833 3779 2061 3834 oppres-

479 3861 624 3913 sum,
654 3862 759 3901 mm
787 3864 1052 3918 spernens
1077 3851 1317 3918 viduam,
1362 3868 1467 3908 non
1500 3854 1829 3911 obliviscens
1856 3859 2060 3927 orpha-

480 3954 609 3995 nuin
640 3957 655 3997 :
688 3956 784 4009 pro
816 3940 902 3994 bis
934 3954 1065 4008 ergo
1109 3942 1393 4008 omnibus,
1429 3953 1483 3997 et
1533 3960 1599 3998 ex
1648 3946 1732 4000 his
1784 3948 2055 4015 omnibus,

481 4042 646 4102 atque
682 4048 777 4101 per
810 4033 924 4087 lith
950 4045 1147 4089 cuncta
1178 4046 1297 4089 erat
1326 4035 1511 4104 justus
1546 4048 1803 4108 tauquam
1838 4056 2056 4097 onmem

480 4122 803 4193 injustitiam
835 4127 1184 4190 conculcans,
1214 4136 1469 4196 tanquam
1492 4145 1709 4185 omnem
1737 4129 2057 4199 injustitiam

479 4216 788 4283 cradicans,
818 4227 1073 4287 tanquam
1104 4234 1319 4274 onmem
1378 4219 1638 4289 injustum
1681 4223 1972 4279 bumilians
2004 4235 2059 4280 et

479 4323 585 4361 non
620 4311 940 4378 permittens
970 4326 1268 4381 emergere.
1302 4312 1433 4367 Erat
1463 4314 1666 4383 justus,
1698 4327 1883 4387 utpote
1914 4319 2057 4388 inju-

479 4400 642 4454 stitia:
662 4418 765 4457 non
784 4405 1213 4469 communicaris,
1234 4414 1416 4474 utpote
1431 4406 1712 4473 injustitia:
1736 4426 1841 4464 non
1863 4426 2061 4481 appro-

476 4490 771 4577 pinqiians,
800 4504 986 4562 utpote
1011 4493 1353 4561 injustitiam,
1386 4497 1510 4551 odio
1536 4497 1739 4553 habens
1769 4510 1929 4569 atque
1960 4503 2059 4555 ab-

2161 3320 2328 3360 verax
2354 3320 2477 3359 cum
2516 3303 2833 3358 hominibus
2867 3311 2922 3356 et
2950 3317 3111 3356 verax
3150 3317 3271 3355 eum
3301 3300 3534 3372 angelis,
3579 3317 3761 3356 verax

2161 3398 2214 3453 in
2267 3396 2616 3465 corruptione
2666 3404 2722 3450 et
2789 3410 2953 3448 verax
3008 3394 3061 3448 in
3111 3394 3640 3462 incorruptionibus,
3698 3406 3760 3449 et

2157 3493 2301 3561 quod
2343 3501 2425 3545 est
2468 3490 2709 3545 omnium
2752 3488 3075 3561 maximum,
3130 3502 3298 3540 verax
3350 3488 3403 3541 in
3449 3496 3756 3557 conspectu

2158 3554 2341 3635 omnia
2374 3578 2704 3648 inquirentis
2747 3554 2861 3630 Dei.
2890 3575 2971 3632 0b
3011 3576 3115 3628 hoc
3145 3575 3291 3628 enim
3326 3574 3531 3628 dicitur
3570 3554 3757 3630 {Non

2158 3674 2388 3743 peccavit
2427 3671 2530 3725 Job
2553 3673 2610 3725 in
2642 3682 2919 3738 conspectu
2947 3668 3180 3731 Domini,
3212 3678 3259 3721 et
3297 3684 3402 3720 non
3433 3668 3582 3720 dedit
3618 3668 3759 3721 insi-

2158 3769 2411 3837 pientiam
2442 3764 2548 3818 Deo
2570 3766 2637 3817 ".
2667 3764 2833 3817 David
2870 3765 3043 3817 bonus
3076 3762 3319 3830 aspectui
3355 3761 3572 3815 Domini
3604 3777 3756 3815 nun-

2160 3867 2406 3926 cupatur,
2440 3853 2542 3907 Job
2580 3870 2707 3907 vero
2739 3869 2901 3908 verax
2940 3855 2992 3907 in
3021 3862 3319 3920 conspectu
3358 3850 3456 3905 Dei
3502 3850 3758 3905 ostendi-

2161 3958 2268 4014 tur,
2304 3964 2466 4001 verax
2515 3948 2567 4001 in
2604 3947 2722 4017 lege
2770 3960 2897 4000 ante
2933 3946 3132 4015 legem,
3168 3960 3332 4000 verax
3382 3946 3437 4000 in
3474 3946 3760 4000 mandatis

2160 4050 2286 4094 ante
2327 4040 2607 4104 mandata,
2633 4054 2800 4093 verax
2834 4040 2887 4093 in
2918 4038 3293 4096 misericordia
3335 4047 3393 4093 et
3439 4038 3496 4092 in
3546 4037 3759 4107 justiﬁo

2159 4133 2465 4187 cationibus
2494 4142 2623 4185 ante
2658 4132 2955 4199 Scriptura:
2975 4130 3334 4184 sanctionem.
3356 4129 3566 4185 Horum
3598 4147 3759 4183 nam-

2159 4235 2264 4287 que
2289 4221 2531 4273 omnium
2558 4224 3132 4275 commemorationem
3166 4237 3288 4275 cum
3319 4223 3372 4275 in
3414 4232 3615 4274 natura
3650 4221 3747 4274 ha-

2159 4312 2315 4365 beret
2343 4313 2712 4380 conscriptam
2739 4328 2769 4365 a
2804 4311 3087 4376 Creatore,
3112 4322 3307 4367 cuncta
3332 4312 3450 4365 hare
3475 4312 3758 4367 veraciter

2160 4401 2502 4470 adimplevit,
2548 4414 2747 4459 cuncta
2776 4404 2891 4457 haec
2928 4404 3199 4459 veraciter
3243 4386 3516 4471 perfecit;
3542 4404 3757 4458 Idcirco

2160 4497 2432 4546 veraciter
2469 4508 2633 4547 verax
2683 4494 2881 4548 dicitur
2934 4502 3097 4562 atque
3146 4495 3569 4563 comprobatur.
3629 4493 3754 4548 Pri-

476 4574 751 4636 ominaus.
796 4581 931 4637 Erat
974 4583 1154 4651 justus
1204 4588 1461 4655 quoniam
1485 4587 1630 4642 illum
1666 4574 1945 4660 diiigebat,
1992 4595 2059 4647 de
2092 4602 2137 4660 ι)
2165 4602 2309 4640 muni
2343 4586 2563 4655 quidem
2616 4585 2735 4639 sine
2772 4584 3031 4654 querela,
3077 4594 3263 4654 utpote
3314 4584 3366 4637 in
3421 4586 3755 4652 semetipso.

477 4686 588 4740 quo
637 4674 839 4728 dicitur
884 4675 937 4728 in
990 4677 1311 4745 prophetis:
1344 4676 1410 4731 Et
1438 4690 1511 4733 est
1542 4681 1758 4749 justitia
1786 4686 2052 4739 accinctus

476 4763 682 4820 lumbos
714 4767 780 4823 ⁸⁸.
808 4767 1157 4835 Eratjustus,
1183 4772 1306 4837 quia
1342 4772 1393 4826 in
1421 4773 1531 4827 Deo
1551 4776 1829 4842 sperabat,
1859 4779 1925 4832 de
1946 4794 2054 4847 quo

476 4856 679 4912 dicitur
710 4876 725 4912 :
756 4857 946 4913 Justus
974 4859 1253 4925 Dominus,
1280 4875 1328 4917 et
1362 4865 1610 4933 justitias
1643 4866 1850 4932 dilexit,
1881 4872 2053 4940 α’(ιαὶ-

476 4958 639 5002 tatem
667 4951 795 5005 cidit
841 4951 1014 5005 vultus
1062 4952 1177 5021 eius
1203 4955 1266 5007 η.
1293 4956 1386 5010 Sic
1434 4972 1667 5027 namque
1694 4970 1811 5016 erat
1850 4962 2048 5028 justus.

474 5039 569 5096 Sic
604 5051 723 5095 erat
764 5042 967 5111 justus,
1005 5053 1064 5098 ut
1110 5047 1221 5113 ipse
1252 5046 1391 5100 Deus
1422 5047 1517 5114 qui
1559 5052 2050 5118 Coguoscitcorda,

474 5141 833 5189 attestaretur
852 5133 1078 5203 justitize
1098 5138 1235 5206 ejus.
1272 5137 1347 5192 Ita
1381 5150 1499 5194 erat
1524 5140 1725 5209 justus,
1757 5153 1817 5199 ut
1847 5145 1960 5213 ipse
1987 5147 2054 5200 de

475 5228 769 5296 semetipso
804 5228 1049 5283 diceret:
1082 5228 1306 5285 Justitia
1350 5248 1493 5287 eram
1536 5235 1774 5300 indutus,
1810 5247 1858 5289 et
1892 5239 2051 5290 vesti-

475 5324 560 5371 tus
578 5318 787 5387 judicio
818 5331 1070 5390 tauquam
1095 5324 1414 5377 vestimento.
1444 5324 1695 5395 (ἐθηρεςὶ
1715 5327 1884 5380 molas
1907 5330 2055 5398 inju-

476 5417 699 5473 storum,
726 5410 789 5462 de
823 5412 993 5464 medio
1022 5423 1195 5467 autem
1239 5415 1471 5467 dentium
1525 5418 1739 5484 rapinas
1767 5419 1959 5471 abstuli
1983 5420 2050 5472 ³ο.

478 5498 569 5555 Sic
600 5502 781 5572 itaque
805 5517 925 5558 erat
966 5506 1167 5575 justus,
1194 5517 1253 5559 ut
1278 5506 1509 5560 formam
1537 5518 1700 5577 atque
1744 5510 2049 5577 exemplum

478 5588 691 5645 Domini
724 5592 814 5648 Dei
846 5594 898 5647 in
940 5612 999 5648 se
1045 5594 1383 5663 adimplerct,
1419 5594 1536 5662 ejus
1562 5598 1651 5664 qui
1695 5613 1817 5650 cum
1853 5598 1923 5651 sit
1962 5596 2050 5665 ju-

479 5692 622 5747 stus,
649 5684 890 5754 justitias
918 5687 1125 5742 dilexit.
1156 5687 1289 5743 Cum
1316 5699 1496 5743 autem
1525 5692 1705 5758 justus
1742 5701 1905 5755 esset,
1935 5702 2051 5746 crat

551 5794 596 5871 '_'
628 5796 732 5851 Isa.
772 5813 847 5858 xi.
876 5798 930 5851 5.
1010 5802 1050 5831 η
1074 5798 1217 5871 Psal.
1246 5800 1379 5871 xta.
1460 5800 1503 5832 ³ο
1534 5799 1632 5858 Job
1670 5818 1823 5871 xxrx,
1852 5803 1935 5871 Is,
1970 5804 2055 5860 i7.

475 5859 526 5897 ³⁸
548 5861 707 5923 Joan.
740 5882 874 5928 xvii.
904 5871 956 5925 5.
1035 5871 1078 5902 ³³
1108 5867 1208 5925 Job
1234 5859 1393 5929 [.92.

2134 5805 2175 5837 ”
2204 5802 2350 5861 Psal.
2383 5817 2491 5867 LIV,
2513 5800 2605 5857 22.

2162 4679 2370 4734 Deinde
2402 4678 2607 4748 justus,
2640 4686 2824 4746 utpote
2852 4675 2999 4731 circa
3022 4690 3237 4730 omnes.
3261 4674 3396 4729 Item
3428 4690 3599 4729 verax
3627 4685 3758 4729 tan-

2160 4786 2323 4839 quam
2357 4770 2413 4823 in
2426 4776 2719 4837 conspectu
2746 4766 2860 4822 Dei.
2889 4765 3184 4835 Propterea
3209 4762 3467 4835 posthinc
3495 4768 3757 4820 universa

2160 4863 2215 4917 in
2250 4860 2604 4915 conclusione
2626 4858 2870 4913 omnium
2906 4872 3003 4927 pro
3034 4858 3424 4911 universorum
3471 4858 3757 4927 recapitu-

2161 4954 2366 5007 Iatione
2424 4952 2690 5021 adjiciens
2734 4951 2909 5003 dicit:
2952 4948 3049 5002 Dei
3089 4948 3310 5001 cultor:
3345 4948 3479 5017 quia
3528 4964 3755 5003 omnem

2161 5033 2532 5107 sanctitatem,
2557 5054 2611 5097 et
2645 5054 2865 5096 omnem
2895 5040 3189 5107 justitiam,
3214 5046 3272 5092 et
3295 5052 3461 5094 onme
3481 5053 3625 5109 Opus
3650 5038 3755 5093 bo-

2161 5150 2291 5190 num
2322 5134 2466 5204 quod
2504 5133 2607 5188 visi
2652 5132 2858 5187 fuerint
2894 5131 3144 5191 homines
3174 5128 3383 5194 facere,
3428 5130 3541 5184 nisi
3567 5129 3624 5183 in
3655 5128 3763 5185 Dei

2160 5228 2395 5295 cultura,
2429 5228 2533 5283 nisi
2560 5227 2615 5281 in
2654 5226 2747 5281 Dei
2777 5224 3057 5294 agnitione
3088 5232 3253 5292 atque
3295 5222 3653 5279 confessione
3678 5224 3755 5278 fe-

2160 5324 2356 5387 cerint,
2394 5323 2513 5377 sine
2539 5335 2700 5375 causa
2737 5317 2947 5373 faciunt
2980 5327 3146 5387 atque
3191 5329 3562 5384 supervacue.
3589 5314 3658 5371 Et
3698 5327 3757 5371 ut

2160 5414 2401 5467 breviter
2427 5422 2591 5481 atque
2628 5413 2894 5465 audenter
2942 5410 3143 5475 dicam,
3189 5408 3373 5462 omnia
3406 5423 3757 5479 quaecunque

2158 5505 2391 5560 fecerint
2424 5503 2673 5558 homines
2717 5505 2832 5557 sive
2880 5504 2930 5555 in
2978 5501 3309 5571 virginitate,
3340 5501 3461 5557 sive
3496 5502 3552 5556 in
3585 5503 3745 5557 absti-

2159 5597 2363 5660 nentia,
2389 5596 2505 5650 sive
2534 5596 2585 5648 in
2611 5596 2856 5662 corporis
2886 5596 3161 5656 castitate,
3193 5592 3307 5646 sive
3335 5592 3389 5646 iu
3417 5594 3611 5649 carnis
3641 5608 3755 5649 sua:

2158 5688 2557 5751 combustione,
2583 5688 2696 5741 sive
2720 5687 2772 5740 in
2802 5687 3067 5740 bonorum
3088 5700 3312 5739 suorum
3331 5686 3753 5753 distributione,

2684 5801 2726 5833 ³³
2756 5798 2913 5856 Prov.
2943 5815 3091 5868 xxvi,
3126 5799 3216 5857 24.
3296 5800 3341 5831 ³³
3375 5799 3540 5859 Rom.
3579 5818 3661 5869 ιιι,
3693 5802 3751 5860 εί,
