3942 6516
202 414 295 472 581

1294 422 1680 484 ANONYMUS
1717 426 1783 482 IN
1821 428 1970 486 JOB.
2014 465 2078 473 -—
2114 432 2242 491 LIB.
2283 436 2321 491 1.

3346 440 3454 502 382

200 534 387 589 omnia
429 534 603 602 gratis
629 534 857 603 faciunt,
896 537 947 592 si
980 553 1085 593 non
1129 541 1181 593 in
1233 539 1337 597 ﬁde
1381 545 1631 610 fecerint,
1665 547 1783 602 sine
1813 554 1855 609 Α
1884 560 1938 604 et
1956 553 2230 609 adoretur.
2257 555 2405 610 Nihil
2431 556 2533 612 hoc
2554 556 2753 627 justius
2778 574 2949 629 neque
2975 559 3243 627 veracius,
3265 574 3450 630 quam,

198 640 360 685 causa
401 637 569 698 agunt
596 629 698 684 nisi
728 630 779 683 in
811 632 1087 702 agnitione
1111 635 1269 691 unius
1294 637 1516 706 ingeniti
1550 639 1642 693 Dei
1672 639 1776 694 Pa-

201 720 323 785 tris,
354 729 409 774 et
434 721 486 775 in
516 720 859 778 confessione
890 724 1049 780 unius
1081 727 1339 794 unigeniti
1378 727 1497 782 Filii
1528 729 1649 795 ejus
1666 731 1775 784 Do-

195 810 332 864 mini
366 812 536 865 nostri
580 809 707 866 Jesu
754 812 979 879 Christi,
1006 826 1061 869 et
1113 815 1511 873 illuminatione
1540 821 1778 888 Spiritus

200 903 377 956 sancti
406 902 652 971 gloriosi,
679 919 742 959 ac
774 906 1096 963 venerabilis
1122 907 1413 974 Paracleti,
1443 913 1532 980 qui
1557 911 1777 980 adjuvat

200 995 575 1049 inﬁrmitatem
609 1007 813 1051 nostra:
839 999 1126 1064 orationis,
1156 1001 1341 1069 inquo
1369 1003 1563 1072 signati
1588 1018 1777 1061 sumus

200 1086 251 1139 in
285 1086 376 1140 die
434 1088 824 1156 redemptionis
866 1101 1086 1156 nostrae,
1120 1094 1220 1147 hoc
1274 1096 1518 1150 fecerint.
1548 1096 1774 1152 Omnem

199 1188 331 1242 ergo
360 1176 724 1241 sanctitatem,
756 1189 811 1234 et
842 1196 1061 1239 omnem
1092 1182 1412 1249 iniustitiam
1435 1201 1595 1255 quam
1631 1188 1774 1243 fece-

196 1268 269 1323 rit
297 1266 426 1334 quis
453 1266 588 1321 foris
619 1284 647 1321 a
675 1283 800 1322 vera
852 1269 945 1324 Dei
998 1272 1205 1326 cultura
1250 1282 1414 1345 atque
1459 1293 1589 1334 vera
1645 1280 1774 1347 ﬁde,

198 1358 373 1427 gratis
396 1358 552 1423 facit,
573 1359 627 1412 in
661 1360 963 1427 perditione
990 1364 1143 1429 facit,
1176 1380 1280 1419 non
1315 1368 1537 1435 prodest
1565 1370 1639 1433 ei,
1668 1387 1773 1426 non

200 1448 423 1517 adjuvat
455 1463 579 1503 eum
622 1448 676 1503 in
716 1450 803 1504 die
855 1451 973 1519 irae,
1006 1468 1112 1507 non
1157 1456 1407 1513 liberabit
1445 1474 1565 1514 eum
1602 1460 1658 1515 in
1689 1463 1776 1519 die

199 1541 474 1620 interitus.
515 1534 595 1597 Ad
644 1544 785 1613 quod
834 1554 913 1599 est
958 1547 1112 1601 testis
1155 1548 1445 1617 Apostolus
1478 1552 1570 1620 qui
1604 1554 1773 1611 dicit:

198 1619 369 1687 Omne
389 1635 529 1703 quod
556 1650 621 1689 ea:
664 1634 769 1703 ﬁde
802 1653 903 1690 non
929 1649 1027 1705 est,
1059 1652 1330 1707 peccatum
1363 1651 1443 1696 est
1464 1619 1531 1701 '5.
1562 1642 1778 1711 Quare?

196 1723 335 1792 Quia
360 1724 503 1779 bona
543 1726 793 1783 videntur
849 1728 1041 1785 fecisse
1092 1747 1194 1787 non
1230 1734 1455 1802 qumsita
1509 1734 1632 1800 ﬁde,
1671 1752 1775 1792 non

195 1818 433 1883 quasita
462 1820 739 1889 agnitione
774 1820 892 1891 ejus
923 1832 1155 1892 propter
1196 1839 1357 1891 quem
1389 1826 1493 1880 hoc
1524 1825 1775 1882 fecerint.

1884 651 1939 695 ut
1974 643 2023 697 ei
2059 645 2148 712 qui
2179 654 2261 699 est
2296 647 2541 700 omnium
2581 647 2721 702 Deus
2747 657 2801 701 et
2825 649 3096 715 conditor,
3126 658 3291 717 atque
3320 664 3452 718 pro-

1882 731 2050 797 visor,
2084 734 2341 788 credatur
2368 746 2426 789 ut
2472 746 2710 808 Oportet,
2738 746 2793 791 et
2821 737 3168 803 confiteatur,
3197 747 3251 791 et
3284 737 3452 807 proﬁ-

1885 832 2083 879 teatur.
2129 822 2273 881 Nihil
2306 839 2434 895 ergo
2465 829 2691 898 suscipit
2731 829 2872 883 Deus
2901 828 3110 897 absque
3156 829 3275 883 fidei
3309 829 3456 884 veri-

1885 925 2014 969 tate.
2047 915 2163 971 Non
2181 917 2323 971 enim
2352 918 2553 990 indiget
2572 921 2655 975 his
2678 936 2797 990 qua:
2824 931 3007 977 nostra
3033 931 3179 988 sunt,
3199 922 3301 976 nisi
3324 922 3456 976 solis

1883 1010 2167 1065 animabus
2184 1012 2383 1065 nostris
2409 1012 2461 1065 in
2487 1013 2717 1068 veritate
2742 1013 2864 1069 ﬁdei
2890 1014 3326 1083 persistentibus,
3351 1014 3453 1068 nisi

1885 1095 1997 1148 sola
2037 1097 2372 1151 conscientia
2408 1109 2587 1153 nostra
2626 1101 2677 1154 in
2725 1102 2954 1155 veritate
2984 1101 3100 1156 fidei
3133 1103 3235 1157 sibi
3279 1102 3454 1157 confi-

1886 1194 2046 1240 tente.
2078 1185 2202 1242 Hinc
2232 1204 2465 1258 namque
2491 1191 2669 1245 sciens
2697 1191 2885 1246 beatus
2907 1191 3009 1248 Job
3031 1192 3298 1262 justitiam
3324 1195 3455 1247 aedi-

1886 1275 2089 1342 ﬁcavit,
2144 1280 2424 1334 veritatem
2462 1280 2729 1338 fundavit.
2780 1282 2886 1338 Sed
2922 1285 3036 1339 haec
3079 1285 3330 1339 universa
3364 1286 3456 1341 Dei

1884 1368 2116 1435 cultura,
2143 1371 2246 1425 hoc
2269 1380 2372 1435 est,
2404 1371 2509 1426 ﬁde
2531 1375 2877 1429 concinnavit
2899 1385 3062 1445 atque
3088 1379 3241 1442 texit,
3266 1377 3460 1432 obdul-

1876 1464 2024 1516 cavit
2054 1471 2216 1531 atque
2257 1464 2502 1533 perfecit.
2536 1464 2629 1519 Sic
2677 1476 2894 1534 oportet
2930 1468 3093 1521 etiam
3124 1484 3244 1534 nos,
3276 1484 3311 1524 o
3357 1469 3459 1524 viri

1883 1551 2062 1619 periti,
2089 1553 2142 1606 in
2181 1553 2285 1609 ﬁde
2310 1553 2617 1619 ambulare,
2646 1554 2699 1607 in
2731 1555 2835 1611 ﬁde
2868 1566 3036 1621 stare,
3060 1558 3112 1611 in
3145 1558 3248 1613 ﬁde
3275 1572 3460 1628 perse-

1885 1657 2097 1709 verare,
2144 1646 2449 1702 inﬁdelitati
2482 1659 2643 1715 atque
2689 1649 2993 1704 inﬁdelibus
3024 1664 3130 1704 non
3166 1654 3459 1719 appropin-

1883 1750 2073 1803 quare,
2124 1751 2296 1804 neque
2355 1739 2799 1806 communicare,
2842 1753 3018 1807 neque
3069 1740 3460 1794 conventiculis

1883 1839 2092 1886 eorum,
2122 1841 2298 1895 neque
2350 1827 2609 1893 collectis,
2640 1837 2698 1882 ut
2734 1840 2928 1883 cuncta
2978 1844 3100 1898 quia
3141 1829 3374 1884 facimus
3404 1830 3457 1882 in

195 1909 242 1965 Δ
268 1926 383 1979 quo
416 1912 562 1965 enim
608 1911 841 1982 accipiet
876 1914 1227 1969 mercedem?
1261 1916 1346 1970 Ab
1376 1932 1441 1971 eo
1466 1931 1630 1986 quem
1669 1933 1776 1972 non
1808 1895 1851 1951 Β
1882 1914 1986 1969 lide
2020 1916 2128 1971 Deo
2157 1918 2511 1988 acceptabilia
2554 1920 2664 1973 sint
2696 1937 2709 1973 :
2744 1920 2883 1975 sicut
2922 1931 2977 1974 et
2997 1895 3102 1973 illa
3135 1934 3256 1989 qua:
3302 1919 3461 1989 paulo

198 2003 509 2072 requisivit,
567 2020 729 2072 quem
786 2020 891 2059 non
947 2007 1195 2075 agnovit,
1243 2008 1330 2061 cui
1367 2023 1474 2063 non
1524 2008 1778 2076 credidit,

196 2110 359 2162 quem
393 2110 501 2149 non
528 2106 612 2151 est
631 2093 937 2162 confessus,
961 2112 1137 2165 neque
1153 2096 1432 2165 professus
1453 2099 1594 2154 sicut
1619 2113 1780 2168 opor-

199 2184 323 2247 tuit,
352 2198 461 2237 non
494 2184 725 2254 accipiet
750 2186 821 2239 ab
853 2199 917 2240 eo
951 2187 1472 2252 remunerationem,
1500 2187 1602 2243 nisi
1631 2188 1780 2256 judi-

194 2278 342 2331 cium
377 2287 434 2331 et
465 2276 602 2332 iram
636 2280 711 2332 ad
748 2278 1285 2334 condemnationem.
1316 2276 1471 2334 Sicut
1497 2280 1641 2335 enim
1686 2279 1782 2351 qui

194 2367 435 2425 aediﬁcat
459 2368 583 2423 sine
609 2367 993 2437 fundamento,
1038 2370 1174 2425 nihil
1218 2371 1434 2440 proﬁcit
1474 2372 1579 2427 nisi
1610 2373 1782 2428 detri-

196 2475 444 2521 mentum
472 2475 532 2522 et
566 2464 833 2534 laborem,
864 2477 919 2523 et
946 2466 1193 2523 dolonem
1222 2487 1237 2525 :
1265 2467 1346 2523 sic
1387 2467 1644 2523 similiter
1687 2467 1780 2537 qui

196 2559 330 2614 boni
355 2557 567 2627 aliquid
596 2557 808 2614 videtur
827 2560 1029 2627 facere,
1062 2561 1108 2615 si
1134 2560 1251 2615 sine
1276 2560 1384 2615 ﬁde
1403 2560 1619 2625 fecerit,
1646 2559 1781 2615 nihil

196 2650 439 2719 proﬁcit.
467 2651 627 2707 Sicut
658 2652 805 2706 enim
833 2651 1079 2707 credenti
1107 2652 1291 2707 omnia
1325 2660 1453 2707 sunt
1480 2651 1779 2722 possibilia,

197 2752 253 2797 ut
299 2741 550 2798 salvetur
599 2752 765 2812 atque
819 2741 1163 2814 refrigerium
1198 2744 1439 2799 inveniat
1479 2745 1619 2813 apud
1655 2759 1781 2799 eum

200 2838 287 2892 cui
348 2835 624 2893 credidit:
650 2837 730 2892 sic
772 2850 879 2891 non
927 2835 1179 2895 credenti
1203 2836 1339 2891 nihil
1382 2845 1467 2892 est
1500 2836 1779 2907 possibile,

200 2944 379 2997 neque
407 2938 472 2984 ut
498 2929 682 2985 salvus
706 2928 819 2995 ﬁat,
844 2942 1021 2999 neque
1050 2939 1109 2984 ut
1143 2927 1492 2999 refrigerium
1516 2929 1780 2997 inveniat,

199 3040 376 3095 neque
406 3036 465 3079 ut
495 3025 552 3080 in
582 3025 748 3079 vitam
785 3029 1039 3078 mtroeat.
1074 3020 1189 3077 Non
1221 3030 1307 3078 est
1337 3022 1482 3077 enim
1525 3024 1783 3077 mentitus

198 3118 286 3184 qui
302 3117 414 3171 ait:
435 3112 669 3181 Quwrile
695 3113 1002 3177 Dominum,
1026 3124 1073 3168 et
1086 3112 1311 3168 inveniet
1328 3112 1508 3168 anima
1520 3112 1779 3170 vestra”.

202 3210 355 3275 Quod
393 3210 441 3263 si
471 3224 579 3264 non
610 3209 931 3279 quaesieritis
975 3208 1028 3262 in
1056 3208 1181 3272 ﬁde,
1216 3225 1325 3264 non
1355 3210 1578 3277 potestis
1615 3211 1667 3263 in
1696 3210 1780 3264 vi-

203 3316 308 3358 tam
338 3304 595 3366 introire,
623 3304 675 3358 id
712 3311 815 3370 est,
847 3304 1045 3357 animae
1084 3316 1189 3358 non
1244 3302 1602 3358 credentium.
1632 3303 1785 3357 Sicut

200 3398 343 3455 enim
376 3395 465 3452 sol
509 3395 615 3451 nisi
642 3394 938 3450 vibraverit
966 3409 1129 3466 super
1160 3394 1356 3450 faciem
1397 3402 1578 3461 terrm,
1603 3393 1785 3449 nullus

200 3504 264 3544 ex
312 3489 591 3544 fructibus
634 3487 752 3557 ejus
789 3489 1014 3552 crescit,
1060 3502 1237 3557 neque
1275 3486 1562 3551 adolescit,
1609 3502 1785 3556 neque

203 3582 553 3646 maturescit,
587 3581 667 3635 sic
712 3580 967 3635 similiter
997 3579 1102 3636 nisi
1132 3594 1231 3649 per
1258 3579 1414 3633 ﬁdem
1458 3580 1661 3634 veritas
1696 3593 1784 3633 re-

203 3673 418 3729 fulserit
453 3674 512 3728 in
545 3672 836 3727 animabus
864 3671 1167 3735 hominum,
1200 3684 1476 3739 nunquam
1501 3680 1660 3725 erunt
1689 3686 1785 3726 ac-

202 3764 506 3835 ceptabiles
531 3778 716 3820 coram
748 3764 880 3818 Deo.
906 3761 1061 3829 Quod
1086 3770 1266 3817 autem
1290 3762 1336 3816 si
1364 3762 1442 3817 sol
1476 3776 1580 3816 non
1606 3763 1787 3817 radia~

204 3859 341 3913 verit
370 3872 542 3927 super
569 3857 780 3913 fructus
809 3864 995 3923 teme,
1015 3871 1123 3911 non
1159 3856 1428 3922 oriuntur,
1464 3871 1641 3926 neque
1671 3872 1787 3910 ma-

204 3959 486 4005 turescere
517 3950 963 4019 comprobantur,
994 3945 1345 4001 manifestum
1376 3954 1458 4001 est
1484 3948 1625 4016 apud
1648 3945 1781 4000 Noe.

201 4041 336 4097 Nam
366 4057 467 4112 per
489 4057 693 4096 annum
726 4040 877 4094 illum
907 4055 1016 4109 quo
1051 4038 1163 4093 Noe
1194 4037 1295 4093 fuit
1319 4040 1370 4093 in
1395 4054 1547 4103 arca,
1572 4039 1652 4095 sol
1677 4054 1783 4093 non

202 4135 406 4190 eﬂ'ulsit
438 4149 605 4203 super
642 4144 866 4196 terram,
899 4131 1095 4202 partim
1131 4145 1262 4185 sane
1305 4133 1372 4187 ab
1406 4132 1550 4187 aeris
1596 4132 1785 4186 turba-

205 4230 353 4283 tione
399 4228 691 4286 coercitus,
746 4225 943 4293 partim
998 4232 1184 4277 autem
1239 4223 1369 4292 quia
1418 4224 1487 4279 ab
1520 4238 1785 4293 aquarum

206 4320 557 4374 multitudine
576 4327 696 4373 erat
721 4328 866 4372 terra
891 4327 1170 4385 cooperta.
1193 4316 1406 4372 idcirco
1432 4315 1643 4371 fructus
1677 4325 1787 4374 ter-

205 4427 278 4466 ra:
303 4426 450 4465 anno
474 4410 567 4465 illo
586 4424 761 4479 neque
777 4409 1246 4479 germinaverunt,
1274 4423 1450 4479 neque
1473 4419 1782 4473 creverunt,

205 4520 384 4573 neque
408 4514 785 4559 maturescere
806 4502 1142 4573 comprobati
1170 4510 1318 4564 sunt,
1339 4503 1482 4557 sicut
1506 4503 1558 4556 in
1588 4500 1785 4557 Genesi

1881 2017 2003 2076 post
2026 2004 2128 2062 Joh
2173 2007 2369 2063 fecisse
2417 2010 2703 2074 asseritur,
2735 2010 3093 2077 acceptabilia
3136 2008 3275 2064 facta
3309 2024 3458 2073 sunt,

1880 2100 2005 2166 quia
2037 2099 2301 2161 abstinuit
2323 2115 2383 2155 se
2413 2102 2482 2155 ab
2512 2101 2662 2156 omni
2691 2117 2751 2156 re
2788 2102 2949 2168 mala,
2980 2110 3037 2155 ut
3059 2100 3168 2156 Deo
3206 2110 3458 2169 accepta-

1880 2192 2004 2249 bilis
2034 2190 2189 2246 ﬁeret
2221 2192 2471 2263 religiosa
2500 2192 2619 2262 ejus
2647 2192 2881 2260 cultura,
2914 2202 2971 2248 ut
2994 2193 3126 2248 nihil
3148 2200 3290 2248 esset
3313 2192 3459 2261 quod

1879 2284 1930 2339 ei
1961 2294 2364 2354 perstreperet,
2401 2286 2484 2341 vel
2520 2288 2845 2357 praepediret
2888 2286 3036 2341 circa
3082 2284 3176 2339 Dei
3229 2284 3461 2352 conjun~

1880 2378 2122 2433 etionem
2151 2389 2312 2447 atque
2340 2377 2789 2443 familiaritatem,
2816 2388 3001 2449 utpote
3032 2378 3081 2433 ei
3112 2375 3464 2446 quieratsine

1880 2470 2122 2535 querela,
2157 2471 2333 2541 justus
2384 2485 2601 2540 quoque
2635 2485 2698 2525 ac
2746 2484 2907 2524 verax
2942 2469 3033 2523 Dei
3078 2470 3257 2524 cultor
3294 2477 3462 2537 atque

1882 2561 2157 2617 abstinens
2183 2575 2244 2616 se
2281 2560 2348 2616 ab
2376 2562 2523 2617 omni
2569 2576 2627 2617 re
2659 2561 2821 2617 mala.
2869 2561 3068 2629 Dignos
3092 2560 3255 2615 etiam
3288 2558 3461 2613 faciat

1882 2670 1981 2709 nos
2028 2652 2192 2718 Deus,
2236 2663 2295 2708 ut
2339 2654 2515 2723 ipsum
2550 2653 2829 2708 imitantes
2852 2654 2906 2708 in
2961 2653 3074 2722 ejus
3112 2650 3463 2707 beatitudinis

1886 2746 2129 2816 vestigiis
2150 2746 2418 2814 requiem,
2436 2760 2501 2801 ac
2526 2744 2868 2817 refrigerium
2893 2744 3227 2809 accipiamus
3248 2742 3304 2797 in
3326 2750 3464 2797 tein-

1884 2852 2018 2906 pore
2048 2837 2490 2893 resurrectionis.
2714 2828 2720 2836 ’

1898 2988 1905 2993 ,
1956 2930 2155 2986 Habuit
2186 2942 2370 2987 autem
2410 2930 2550 2986 ﬁlios
2575 2940 2784 2999 septem
2816 2937 2871 2984 et
2901 2928 3041 2984 ﬁlias
3072 2936 3202 2992 tres,
3224 2925 3320 2982 sed
3351 2939 3473 2991 non

1884 3040 1948 3080 ex
1999 3026 2297 3093 adulterio,
2323 3040 2500 3094 neque
2556 3038 2621 3079 ex
2676 3022 3032 3091 impudicitia,
3060 3022 3155 3076 sed
3203 3035 3269 3074 ex
3312 3018 3463 3074 licito

1885 3130 2048 3189 atque
2093 3119 2437 3174 immaculato
2510 3117 2855 3173 matrimonio
2951 3114 3169 3169 Sciebat
3227 3128 3463 3181 namque

1887 3213 2075 3268 beatus
2107 3211 2208 3268 Job
2238 3212 2366 3281 quia
2393 3226 2462 3266 ex.
2494 3211 2689 3264 illicito
2735 3219 2858 3262 toro
2901 3208 2996 3261 ﬁlii
3028 3210 3118 3277 qui
3164 3216 3467 3261 nascuntur

1856 3310 1859 3311 ⁷
1888 3315 2053 3359 testes
2080 3313 2240 3359 erunt
2267 3303 2575 3372 iniquitatis
2604 3302 2867 3356 adversus
2893 3308 3148 3368 parentes
3178 3313 3305 3353 suos
3336 3313 3461 3352 cum

1887 3394 2308 3463 interrogantur.
2334 3390 2544 3446 idcirco
2572 3392 2843 3445 veraciter
2868 3390 3003 3444 dicit
3028 3406 3044 3443 ε
3076 3387 3142 3442 Et
3169 3390 3214 3443 si
3251 3396 3473 3442 secutus

1884 3496 1959 3542 est
1988 3486 2172 3541 oculus
2204 3501 2348 3539 meus
2373 3500 2592 3538 uxorem
2643 3483 2741 3536 viri
2782 3482 3030 3546 alterius,
3072 3492 3235 3550 atque
3277 3480 3361 3535 his
3389 3480 3464 3535 si-

1888 3578 2054 3632 milia.
2077 3577 2212 3633 Cum
2231 3593 2361 3648 ergo
2384 3576 2565 3632 omnia
2585 3577 2821 3630 obscena
2843 3585 2898 3631 et
2918 3573 3277 3631 exsecrabilia
3302 3581 3466 3641 atque

1887 3673 2074 3727 illicita
2104 3671 2423 3737 declinaret,
2456 3677 2664 3739 septem
2689 3670 2881 3724 habuit
2901 3669 3062 3734 filios,
3090 3677 3145 3722 et
3168 3666 3309 3720 ﬁlias
3329 3676 3469 3728 tres,

1885 3774 2074 3827 sancte
2124 3775 2176 3819 et
2206 3766 2400 3835 pudice
2437 3760 2735 3820 secundum
2765 3760 3001 3817 officium
3050 3769 3280 3823 naturae,
3313 3767 3471 3813 caste

1885 3874 1951 3913 ac
1982 3858 2252 3913 veraciter
2279 3858 2434 3929 juxta
2452 3858 2731 3913 Creatoris
2755 3855 3192 3926 promissionem.
3223 3852 3467 3907 Fuerunt

1886 3960 2067 4007 autem
2098 3950 2172 4005 illi
2198 3950 2293 4003 ﬁlii
2332 3959 2637 4019 scptem,et
2669 3948 2792 4003 ﬁliae
2822 3957 2935 4003 tres
2964 3947 3180 4000 fuerunt
3204 3943 3301 3996 illi.
3329 3939 3476 3996 Cui?‘

1886 4040 1986 4095 Job
2001 4040 2172 4109 justo,
2197 4041 2315 4095 sine
2337 4042 2581 4111 querela,
2621 4055 2752 4095 vero
2778 4039 2876 4094 Dei
2911 4037 3132 4093 cultori.
3164 4034 3303 4089 Huic
3333 4047 3474 4100 ergo

1888 4134 2106 4197 fuerunt
2132 4132 2227 4187 ﬁlii
2262 4144 2469 4202 septem
2498 4144 2553 4189 et
2573 4133 2694 4188 ﬁliae
2725 4141 2855 4187 tres.
2882 4132 2991 4186 Deo
3019 4128 3305 4199 largiente,
3337 4140 3468 4194 pro-

1887 4225 2106 4279 vidente
2131 4222 2418 4286 Creatore,
2454 4224 2670 4280 volente
2702 4223 2947 4280 omnium
2980 4220 3199 4292 opiﬁce,
3244 4218 3473 4272 fuerunt

1888 4315 1963 4369 illi
1988 4314 2079 4369 ﬁlii
2101 4325 2309 4383 septem
2332 4324 2387 4370 et
2423 4315 2547 4370 ﬁliae
2574 4324 2706 4372 tres.
2724 4314 2941 4383 Septem
2970 4312 3063 4366 ﬁlii
3082 4312 3234 4382 juxta
3264 4307 3473 4363 hebdo-.

1889 4404 2101 4459 rnadatn
2120 4405 2328 4460 dierum
2352 4406 2560 4471 saeculi,
2581 4413 2674 4459 aut
2691 4403 2844 4473 juxta
2866 4400 3260 4458 hebdomadam
3278 4412 3473 4453 eorum

1888 4497 1979 4567 qui
2004 4498 2074 4551 ab
2097 4496 2357 4567 apostolis
2374 4501 2425 4551 in
2444 4512 2594 4552 nova:
2613 4497 2802 4567 gratia;
2826 4493 3022 4550 saeculo
3050 4500 3180 4548 sunt
3205 4488 3467 4553 ordinati,

205 4598 521 4651 scribentes
558 4599 915 4652 assentimus.
941 4595 1069 4655 Haec
1098 4609 1334 4664 namque
1362 4594 1613 4650 universa
1640 4594 1785 4649 dixi-
1818 4598 1863 4653 Ι)
1893 4596 1986 4643 aut
2004 4587 2159 4657 juxta
2192 4599 2399 4659 septem
2441 4588 2626 4644 stellas
2663 4602 2782 4659 qua:
2819 4586 3060 4655 quotidie
3087 4588 3469 4655 pertranseunt

205 4704 349 4752 mus,
376 4689 507 4758 quia
558 4690 749 4744 beatus
796 4688 899 4744 .lob
934 4703 1058 4743 cum
1098 4688 1367 4757 justitiam
1401 4698 1458 4755 et
1498 4688 1785 4745 veritatem

204 4781 459 4847 haberet,
492 4781 659 4835 etiam
692 4781 785 4837 Dei
815 4781 1105 4847 culturam,
1133 4781 1234 4835 hoc
1254 4790 1340 4835 est
1368 4780 1528 4834 ﬁdem
1560 4778 1671 4836 Deo
1692 4778 1789 4834 de-

204 4869 535 4935 lectabilem,
578 4871 871 4939 pretiosam
911 4885 1127 4943 quoque
1178 4870 1226 4925 ei
1284 4879 1449 4939 atque
1478 4867 1788 4936 acceptabi-

206 4962 312 5017 lem
352 4962 619 5017 habebat.
655 4961 808 5016 Sicut
851 4962 997 5017 enim
1042 4961 1180 5015 nihil
1211 4969 1295 5019 est
1329 4960 1651 5019 delectabile
1684 4959 1786 5014 hoe

206 5053 449 5108 minibus
467 5053 587 5108 sine
610 5053 749 5115 luce,
775 5052 855 5107 sic
887 5052 1143 5109 similiter
1170 5052 1303 5106 nihil
1329 5060 1412 5107 est
1437 5050 1783 5117 delectabile,

206 5161 389 5214 neque
431 5154 715 5214 acceptum
757 5145 887 5211 Deo,
914 5144 1119 5213 absque
1148 5144 1270 5199 ﬁdei
1297 5144 1522 5200 lumine.
1567 5143 1649 5199 Ob
1680 5144 1809 5201 hoc.

203 5248 341 5302 ergo
382 5235 513 5288 dicit
550 5235 620 5289 de
669 5230 793 5297 Job,
843 5234 938 5288 Dei
990 5235 1187 5299 cultor,
1214 5234 1361 5303 juste
1412 5248 1478 5288 ac
1518 5234 1787 5289 veraciter

203 5326 395 5380 colens
419 5325 609 5381 Deum.
646 5325 759 5383 Non
793 5337 1012 5397 propter
1054 5327 1275 5385 divitias
1311 5336 1473 5397 atque
1503 5327 1785 5396 pecunias,

202 5418 354 5472 sicut
380 5418 632 5473 diabolus
659 5421 995 5475 mendaciter
1023 5419 1218 5473 detulit
1242 5418 1390 5474 illum
1417 5420 1558 5488 apud
1588 5418 1782 5486 Deum,

204 5508 303 5562 sed
339 5518 562 5578 propter
580 5508 849 5576 justitiam
875 5524 939 5563 ac
968 5509 1252 5565 veritatem
1277 5510 1441 5565 coluit
1472 5510 1662 5565 Deum.
1691 5510 1785 5565 Ni~

204 5599 283 5654 bil
318 5600 422 5655 hoc
448 5600 651 5671 justius
690 5614 754 5655 ac
806 5601 1079 5666 veracius,
1108 5615 1270 5670 quam
1307 5609 1371 5659 ut
1397 5601 1622 5657 Creator
1662 5603 1783 5657 uni-

203 5705 492 5747 versorum
540 5707 604 5748 ac
631 5692 946 5749 benefactor
985 5693 1230 5755 omnium
1261 5693 1530 5751 veraciter
1575 5694 1785 5757 colatur

281 5850 336 5882 ²⁶
360 5850 512 5908 Rom.
541 5852 766 5917 xlv,25.
848 5853 890 5884 "
921 5851 1067 5912 Psal.
1102 5869 1295 5921 vam,
1327 5854 1417 5909 3.3.

1888 4681 2061 4750 spatia
2077 4679 2278 4739 εαξη.ὶῖ
2285 4693 2471 4737 uerunt
2492 4682 2540 4735 ei
2555 4689 2758 4752 septem
2772 4680 2866 4734 lilii
2896 4689 2951 4735 et
2980 4678 3099 4733 ﬁlia:
3128 4687 3259 4741 tres,
3276 4687 3468 4730 omnes

1889 4772 2049 4828 simul
2070 4773 2281 4838 decem,
2302 4773 2594 4828 secundum
2622 4776 2806 4829 decem
2828 4772 2991 4826 verba
3017 4770 3174 4840 legis,
3195 4781 3317 4837 quae
3344 4772 3468 4836 post

1890 4862 1993 4918 hoc
2010 4862 2132 4918 filiis
2148 4863 2315 4919 lsrael
2334 4871 2459 4918 sunt
2473 4862 2688 4917 tradita.
2706 4862 2847 4933 Ergo
2865 4861 2990 4930 quia
3001 4874 3065 4914 ea
3078 4873 3197 4929 quae
3210 4858 3261 4913 in
3281 4858 3466 4911 decem

1891 4954 2069 5009 verbis
2108 4953 2238 5024 legis
2258 4964 2384 5009 sunt
2404 4963 2690 5024 praecepta,
2721 4952 2899 5008 omnia
2921 4949 3231 5018 adimplevit
3251 4946 3374 5012 Job,
3411 4954 3467 4999 et

1892 5054 2015 5100 ante
2038 5046 2236 5114 legem,
2258 5055 2313 5100 et
2336 5054 2491 5099 extra
2509 5045 2702 5113 legem,
2727 5043 2927 5098 idcirco
2953 5053 3007 5096 et
3035 5040 3135 5110 ipsi
3164 5040 3381 5108 quidem
3410 5036 3464 5103 in

1892 5135 2122 5189 formam
2141 5145 2305 5205 atque
2324 5135 2665 5201 memoriam,
2696 5135 2803 5191 illis
2833 5148 2961 5188 vero
2985 5133 3076 5201 qui
3106 5140 3225 5200 post
3242 5130 3343 5183 hoc
3363 5127 3465 5182 sub

1894 5230 2011 5301 lege
2047 5229 2218 5298 legem
2248 5245 2354 5284 non
2384 5229 2832 5299 adimpleverunt,
2850 5226 2917 5279 ad
2943 5223 3359 5291 correptiouem,
3395 5219 3464 5275 ad

1895 5323 2415 5390 condemnationem,
2434 5324 2620 5378 decem
2638 5322 2790 5376 liberi
2808 5322 2917 5376 dati
2939 5328 3064 5375 sunt
3077 5317 3148 5382 ei,
3168 5324 3355 5383 utpote
3369 5314 3466 5383 qui

1892 5418 2117 5487 singulis
2168 5432 2356 5472 eorum
2411 5415 2746 5487 singuldrum
2801 5427 3008 5467 memor
3073 5416 3467 5480 praeceptorum

1893 5510 2073 5566 omnia
2090 5510 2483 5580 adimpleverit.
2515 5508 2622 5564 Sed
2641 5504 2982 5574 dicitaliquis
3002 5522 3018 5559 :
3036 5503 3208 5558 Porro
3230 5515 3329 5555 cur
3354 5514 3460 5553 non

1892 5601 2041 5656 dedit
2056 5601 2105 5657 ei
2137 5600 2402 5657 masculos
2424 5609 2649 5666 tantum,
2673 5598 2766 5654 sed
2790 5596 2984 5667 partim
3005 5593 3221 5665 quidem
3248 5605 3460 5646 masru-
3492 5642 3495 5647 .

1893 5695 1992 5762 los,
2014 5693 2211 5766 partim
2233 5704 2413 5753 autem
2435 5693 2696 5751 feminas?
2716 5691 2879 5748 Audi.
2910 5687 2992 5746 0b
3015 5688 3119 5745 hoc
3147 5684 3297 5742 dedit
3337 5696 3471 5753 pre-7
