3902 6520
146 410 227 464 535
1255 388 1641 458 ANONYMUS
1675 388 1743 454 IN
1781 390 1921 455 JOB.
1959 431 2029 442 —
2063 390 2193 460 LIB.
2234 392 2274 458 Ι.

3301 407 3408 465 886

146 526 184 577 in
221 528 480 592 perpetuo
518 520 945 588 nominantur,
996 528 1274 593 pr0pterea
1325 534 1449 574 cum
1481 518 1647 590 justis
1681 519 1735 574 in
1761 521 1811 581 Α
1840 520 2202 587 sauriaarent,
2246 533 2509 594 quantum
2558 524 2611 581 in
2659 524 2951 597 pecoribus
2990 532 3049 581 et
3079 525 3135 581 lu
3166 528 3410 598 quadru-

142 627 371 669 atcrnum
404 613 809 683 requiescunt
830 653 849 679 ,
876 623 1156 683 propterea
1188 625 1309 665 cum
1341 612 1552 682 angelis
1583 611 1735 665 inde—

143 707 361 761 ﬁcienter
386 703 832 761 laudabuntur.
870 707 947 761 De
984 705 1098 760 istis
1129 718 1259 774 ergo
1284 703 1416 757 dicit
1444 720 1459 757 :
1488 701 1734 757 Fuerunt

141 800 200 852 illi
239 805 425 865 septem
462 795 603 863 ﬁlii,
642 807 703 850 et
747 798 893 866 ﬁlia:
916 805 1040 851 tres.
1084 794 1218 851 Tres
1268 807 1525 865 tanquam
1579 796 1732 860 ﬁdes,

142 905 255 960 ipes.
278 889 535 942 charitas
555 927 573 953 ,
609 897 901 957 tanquam
932 904 1126 956 corpus
1154 898 1208 943 et
1247 889 1430 942 anima
1475 896 1532 942 et
1563 888 1730 958 spiri-

142 993 221 1044 tus,
248 979 526 1042 indivisa‘,
561 979 989 1047 imlissociatzn,
1025 980 1392 1033 intaminataa.
1438 978 1573 1033 Nam
1602 979 1731 1049 quia

145 1074 290 1130 tidem,
320 1084 477 1137 spem
509 1078 573 1122 et
605 1071 966 1130 clraritatem
984 1072 1125 1126 circa
1159 1070 1325 1125 Deum
1348 1081 1732 1135 servaverunt,

143 1173 387 1231 propterea
400 1172 460 1215 et
480 1176 741 1231 corpus,
758 1174 817 1217 et
845 1163 1102 1226 animam,
1121 1170 1173 1214 et
1190 1162 1439 1231 spiritum
1460 1162 1730 1219 illibatum

141 1255 512 1308 nutodierunt.
550 1252 707 1309 Post
753 1269 997 1324 quorum
1038 1254 1274 1308 omnium
1308 1254 1730 1324 disputationem

139 1362 264 1417 atque
284 1346 700 1403 ostensionem
743 1347 1021 1417 adjiciens
1050 1348 1222 1402 dicit:
1258 1344 1327 1401 Et
1366 1359 1515 1402 erant
1541 1364 1731 1416 pecora

137 1440 221 1509 ejus
238 1440 403 1492 ovium
429 1448 655 1506 septem
682 1441 893 1502 millia,
908 1442 1200 1495 secundum
1223 1455 1506 1495 numerum
1525 1450 1730 1510 septem

137 1532 361 1593 ﬁliorum;
404 1529 628 1585 cameli
663 1533 780 1584 tria
817 1531 990 1584 millia
1016 1531 1081 1598 “,
1109 1532 1409 1586 secundum
1444 1546 1730 1586 numerum

138 1624 263 1674 trium
317 1622 605 1678 ﬁliarum.
673 1621 863 1678 Simul
899 1639 1084 1679 omnes
1141 1624 1301 1679 liberi
1343 1625 1461 1695 ejus
1506 1626 1728 1693 decem,

133 1714 355 1769 similiter
380 1716 593 1769 omnia
628 1718 861 1786 pariter
897 1717 1010 1771 haec
1039 1716 1200 1771 millia
1244 1717 1456 1773 decem.
1506 1717 1729 1788 Septem

135 1810 252 1867 ﬁliis,
280 1816 494 1875 septem
532 1809 727 1863 millia
764 1811 991 1874 ovium;
1039 1818 1092 1863 et
1125 1810 1299 1866 tribus
1329 1811 1546 1865 liliahus
1571 1850 1587 1877 ,
1623 1812 1727 1864 tria

1834 613 2086 680 pedibus.
2111 614 2232 670 Non
2262 616 2408 670 enim
2440 617 2696 673 erantiia
2734 619 2853 672 auri
2896 619 3230 689 expetitores
3268 620 3413 676 sicut

1835 714 2024 755 sumus
2058 716 2250 757 omnes
2281 717 2401 768 nos,
2439 719 2545 759 non
2578 705 2934 761 intendebant
2972 715 3097 777 post
3127 723 3320 763 aurum
3356 718 3413 765 et

1835 802 2119 860 argentum
2160 792 2238 846 illi
2273 802 2399 847 tunc
2427 805 2691 863 quantum
2726 811 2825 851 nos
2856 810 3000 853 nunc
3048 798 3409 857 intendimus.

1834 882 1989 937 Nunc
2015 886 2258 938 omnium
2294 893 2538 939 nostrum
2564 887 2781 943 animus
2810 899 2933 957 post
2970 898 3162 945 aurum
3193 892 3411 948 detine-

1834 982 1924 1028 tur
1944 985 2111 1044 atque
2141 985 2430 1045 argentum
2462 976 2656 1043 inhiat,
2691 988 2748 1032 et
2777 980 2910 1041 nihil
2941 990 3133 1050 putant
3158 983 3409 1040 homines

1832 1081 1980 1121 nunc
2022 1083 2120 1138 pro
2148 1069 2357 1123 divitiis
2408 1069 2509 1123 nisi
2564 1070 2737 1123 solum
2774 1086 2965 1125 aurum
2998 1082 3055 1129 ct
3091 1088 3405 1145 argentum.

1832 1157 1987 1212 Nunc
2037 1158 2183 1213 enim
2237 1168 2363 1215 sunt
2407 1161 2700 1229 adimpleta
2758 1170 3001 1233 tempora
3052 1165 3140 1219 illa
3181 1182 3305 1236 quae
3341 1170 3410 1224 de

1834 1248 1994 1320 longe
2048 1250 2337 1319 designans
2389 1252 2680 1321 Apostolus
2740 1255 2873 1309 dicit
2919 1271 2934 1308 :
2980 1255 3048 1311 In
3102 1259 3407 1313 novissimis

1830 1340 2013 1393 diebus
2043 1342 2321 1395 advenient
2362 1342 2490 1395 anui
2526 1344 2845 1410 periculosi,
2885 1355 2935 1399 et
2979 1356 3127 1400 erant
3170 1348 3409 1403 homines

1830 1433 2026 1501 aelpsor
2041 1432 2335 1502 diligentes,
2362 1434 2541 1501 cupidi
2580 1434 2647 1499 ",
2674 1447 2729 1491 et
2762 1447 2959 1491 cretera
2999 1440 3249 1495 universa
3287 1455 3412 1511 qua:

1833 1536 1975 1577 nunc
2020 1525 2071 1578 in
2123 1525 2431 1580 hominibus
2468 1526 2711 1581 videmus
2750 1527 2960 1598 impleri
3000 1532 3207 1585 omnia.
3272 1533 3409 1587 Nam

1830 1615 1956 1683 quia
1998 1614 2050 1668 in
2086 1613 2192 1669 line
2231 1626 2315 1671 est
2339 1615 2451 1683 jam
2489 1616 2577 1671 hic
2608 1619 2873 1683 mundus,
2910 1630 2964 1675 et
3014 1634 3263 1679 mortuus
3321 1635 3410 1681 est

1825 1705 1945 1777 jam.
1964 1722 2266 1777 properans
2297 1710 2363 1763 ad
2390 1708 2683 1783 deiectum,
2712 1710 2918 1767 idcirco
2939 1726 3088 1768 meus
3118 1714 3401 1772 hominum

1834 1799 2007 1851 inhiat
2054 1798 2108 1852 in
2148 1800 2233 1853 his
2276 1815 2396 1870 qua
2433 1811 2647 1854 mortua
2682 1810 2840 1866 sunt,
2893 1818 3018 1858 cum
3052 1805 3200 1861 sicut
3231 1808 3404 1865 stellae

132 1900 267 1954 millia
292 1901 665 1956 camelorum
689 1920 706 1970 ;
761 1902 995 1973 singulis
1028 1903 1150 1957 liliis
1179 1904 1524 1973 appropriata
1552 1904 1722 1957 mille.

1831 1888 2100 1944 inutiliter
2128 1892 2522 1956 reconduntur,
2556 1903 2723 1961 atque
2765 1894 3232 1955 thesaurizantur.
3260 1899 3403 1956 Olim

132 1987 191 2041 Ita
220 1988 319 2043 Deo
356 1991 717 2057 ordinante,
748 2001 921 2061 atque
956 2001 1107 2060 patre
1136 1992 1207 2045 ita
1238 2002 1359 2061 post
1383 1994 1726 2062 disponente,

132 2078 172 2131 in
200 2088 433 2147 tempore
465 2081 1008 2136 consummationis
1047 2081 1291 2136 divident
1330 2082 1726 2138 hmreditatetn.

132 2169 175 2221 In
223 2180 464 2239 tempore
518 2187 675 2226 vero
727 2172 863 2226 vitae
918 2172 1057 2226 sicut
1112 2172 1313 2242 cogitat
1356 2174 1425 2228 de
1476 2175 1729 2229 omnibus

136 2272 273 2327 pater,
314 2264 388 2316 ita
436 2273 498 2318 et
544 2273 908 2334 potestatem
958 2264 1121 2318 habet
1165 2276 1319 2334 pater
1348 2266 1400 2320 in
1423 2267 1725 2323 omnibus:

132 2355 243 2404 sinit
272 2370 465 2408 curam
512 2358 678 2427 gerit
716 2358 792 2413 de
846 2357 1139 2422 universis,
1191 2358 1267 2414 ita
1318 2368 1375 2415 et
1421 2360 1730 2416 dominatur

134 2446 327 2497 cunctis.
355 2444 589 2501 Deinde
632 2449 830 2502 adhuc
864 2449 994 2517 juga
1025 2449 1185 2505 boum
1221 2450 1515 2521 quingenta
1537 2459 1591 2505 et
1618 2450 1728 2505 asi—

131 2550 195 2585 n:
236 2540 493 2604 pastoria:
540 2542 908 2610 quingentae,
962 2551 1194 2612 utraque
1235 2543 1496 2598 similiter
1552 2544 1722 2598 mille.

131 2623 501 2684 Ordinabiliter
559 2634 751 2687 etiam
805 2636 910 2689 hoc
943 2675 958 2699 ,
1008 2645 1172 2705 atque
1219 2645 1343 2703 apte
1386 2635 1622 2705 singulis
1659 2639 1727 2691 de

133 2718 284 2775 decem
325 2723 460 2778 ﬁliis
496 2726 935 2797 quinquaginta
972 2727 1101 2798 juga
1133 2729 1331 2794 boum,
1367 2737 1422 2782 et
1454 2728 1725 2797 quinqua~

132 2811 247 2879 ginta
275 2816 470 2871 asinae.
507 2816 737 2872 Omnia
785 2834 921 2875 sane
949 2821 1116 2890 patris
1146 2829 1268 2877 sunt
1298 2821 1363 2873 ad
1404 2820 1723 2890 regendum,

131 2902 181 2954 nl
215 2904 685 2975 gubernandum,
744 2909 816 2963 ad
870 2911 1294 2975 intendendum,
1342 2921 1396 2967 et
1451 2927 1621 2982 usque
1670 2913 1723 2967 in

130 2994 261 3047 ﬁnem
304 2997 436 3052 vitae
468 3013 602 3052 sum
637 3000 1086 3067 possidendum,
1133 3014 1257 3073 post
1310 3004 1553 3073 requiem
1596 3020 1723 3061 vero

128 3087 267 3153 patris
298 3090 729 3146 ordinabiliter
758 3102 1053 3162 supputata
1086 3094 1243 3163 juxta
1270 3110 1553 3149 numerum
1586 3094 1724 3148 lilio-

128 3193 241 3233 rutn.
271 3181 379 3237 Sed
416 3182 626 3238 adhuc
663 3194 837 3238 erant
867 3200 1059 3252 pecora
1088 3187 1225 3255 ejus.
1279 3185 1471 3241 Omnia
1516 3187 1723 3256 pariter

128 3283 289 3336 pecora
312 3274 597 3343 appellat,
629 3276 764 3330 sive
788 3289 941 3338 oves,
968 3276 1081 3331 sive
1110 3276 1297 3342 boves,
1325 3276 1438 3331 sive
1463 3276 1719 3344 camelos,

128 3362 217 3415 sive
234 3366 443 3431 asinos,
476 3367 771 3421 universa
802 3382 997 3435 pecora
1021 3378 1318 3438 nuncupat,
1355 3371 1481 3439 quia
1505 3370 1721 3426 diversa

129 3456 397 3517 peculiaria
429 3472 621 3530 atque
655 3460 824 3514 utilia
873 3461 1091 3515 luerunt
1126 3462 1438 3518 hominibus
1480 3472 1534 3517 et
1568 3472 1719 3526 sunt,

127 3549 300 3605 etistis
331 3554 431 3621 qui
468 3567 646 3608 nunc
680 3562 852 3619 sunt,
884 3564 939 3607 et
975 3553 1079 3608 illis
1112 3553 1204 3623 qui
1235 3563 1363 3609 tunc
1400 3555 1623 3611 luerunt
1666 3562 1724 3611 et

128 3638 203 3707 ipsi
230 3642 383 3697 beato
405 3643 626 3699 Jacob.
664 3643 821 3699 Oves
845 3644 1062 3712 quidem
1082 3646 1236 3713 vivae,
1266 3662 1365 3716 pro
1395 3645 1536 3702 lacte
1558 3655 1721 3716 atque

126 3729 236 3788 lana
267 3738 477 3791 vestitu
515 3754 532 3791 :
574 3736 801 3791 occisa
851 3752 983 3793 vero
1027 3754 1128 3809 pro
1163 3755 1292 3795 esca
1343 3750 1506 3810 atque
1532 3741 1721 3796 carnis

125 3828 461 3883 cemeslione.
502 3828 807 3884 Similiter
834 3828 999 3884 boves
1038 3830 1168 3896 vivi,
1215 3832 1282 3886 ad
1320 3831 1593 3885 culturam
1620 3872 1638 3898 ,
1666 3840 1722 3888 et

125 3922 254 3983 penis
296 3922 800 3976 commoditatem
826 3936 841 3984 ;
872 3920 1101 3991 jugulati
1152 3937 1302 3989 vero,
1327 3937 1425 3992 pro
1460 3923 1721 3979 carnibus

124 4020 162 4063 et
195 4028 336 4077 esca,
380 4025 573 4083 atque
625 4013 837 4085 pedum
878 4013 1276 4069 calceamentis.
1305 4014 1505 4069 Cameli
1540 4024 1718 4068 autem

123 4119 201 4171 pro
224 4107 369 4161 omni
398 4122 600 4162 onere
630 4104 914 4173 portando
967 4114 1131 4175 atque
1157 4106 1387 4161 levando
1410 4107 1478 4160 de
1506 4106 1721 4176 longin-

124 4204 211 4257 quo
232 4195 367 4249 etde
393 4194 708 4263 proximo.
736 4189 864 4245 Post
888 4206 1008 4261 quae
1035 4193 1292 4248 universa
1322 4195 1459 4249 asini
1485 4196 1550 4249 ad
1582 4194 1718 4250 levia

122 4286 313 4352 negotia
348 4284 706 4357 peragenda
736 4292 796 4337 et
826 4280 1123 4349 aﬂerenda,
1152 4295 1208 4341 et
1230 4286 1415 4353 eundi,
1442 4296 1496 4340 et
1519 4286 1721 4341 veloci-

124 4382 192 4428 ter
231 4378 534 4433 redeundi.
609 4376 776 4442 Quod
816 4374 960 4430 enim
989 4391 1133 4432 nunc
1167 4380 1290 4447 equi
1315 4386 1370 4434 et
1402 4379 1530 4433 muli
1563 4379 1722 4449 perli-

118 4467 266 4534 cinat,
288 4470 399 4526 hoc
431 4467 827 4525 nihilominus
848 4468 986 4524 asini
1008 4470 1390 4541 adimplehant,
1415 4472 1716 4540 praesertim

1820 1996 1983 2047 vero,
2046 1991 2233 2052 utpote
2276 1984 2455 2037 adhuc
2504 1985 2797 2054 incipiente
2852 1988 3071 2053 szeeulo,
3124 1999 3182 2043 et
3221 1988 3409 2060 utpote

1828 2076 2012 2129 adhuc
2042 2077 2259 2132 vivente
2302 2076 2505 2131 mundo
2546 2077 2672 2142 hoc,
2715 2077 2839 2131 viva
2890 2090 3054 2149 atque
3100 2086 3408 2142 crescentia

1828 2169 2121 2236 cupiebant
2189 2169 2442 2223 homines
2511 2184 2743 2237 pecora,
2814 2174 3187 2252 qqadrupedia
3240 2185 3408 2246 atque

1829 2256 2222 2327 agriculturam
2306 2272 2406 2327 pro
2465 2259 2609 2325 victu
2667 2259 3080 2323 l'ructillcantia.
3147 2265 3408 2320 Sciebant

1829 2365 2063 2419 namque
2091 2351 2230 2418 quod
2259 2365 2450 2405 aurum
2482 2362 2537 2405 et
2581 2366 2867 2422 argentum
2915 2356 3288 2422 reconditum,
3339 2372 3405 2414 ac

1828 2442 2293 2510 thesaurizatum,
2322 2452 2485 2512 atque
2529 2445 2595 2497 ad
2632 2460 2827 2500 usuras
2868 2447 3076 2512 datum,
3120 2460 3404 2517 peccatum

1828 2532 2123 2587 conferret.
2165 2532 2432 2587 Pecorum
2465 2550 2594 2588 vero
2642 2546 2805 2604 atque
2854 2545 3021 2591 terra!“
3064 2554 3251 2603 usura,
3297 2540 3407 2596 hoc

1828 2632 1913 2678 est
1944 2638 2202 2691 pecorum
2232 2623 2372 2679 lctus
2418 2624 2845 2694 multiplicatus,
2881 2637 2938 2681 et
2974 2628 3186 2686 fructus
3238 2641 3404 2688 terra:

1827 2724 2175 2782 augmentum
2200 2714 2266 2773 ad
2297 2726 2582 2783 peccatum
2612 2731 2719 2771 non
2758 2716 3092 2785 conferrent,
3117 2721 3211 2775 sed
3236 2720 3406 2789 justi-

1828 2806 1980 2859 tiam.
2041 2804 2176 2861 Nam
2237 2806 2501 2862 habentes
2554 2811 2847 2865 nutriunt:
2882 2820 2938 2867 et
2990 2827 3082 2867 eos
3144 2814 3238 2882 qui
3295 2829 3405 2869 non

1826 2896 2139 2962 habuerint,
2173 2914 2296 2953 cum
2333 2901 2402 2953 ab
2432 2900 2518 2955 his
2559 2903 2649 2969 qui
2698 2902 2901 2959 habent
2937 2904 3064 2965 data
3101 2905 3303 2960 fuerint
3338 2921 3405 2960 ac

1826 2991 2139 3056 distributa,
2174 2993 2504 3065 gubernant.
2561 2993 2721 3050 Tales
2762 3011 2897 3062 ergo
2942 2996 3165 3051 divitias
3210 2998 3405 3054 habuit

1827 3079 2118 3135 laudabilis
2154 3080 2242 3135 ille
2267 3079 2391 3147 Job,
2411 3092 2618 3149 castas,
2653 3086 2905 3152 mundos,
2934 3087 3399 3156 iucoinquiuatas,

1828 3169 2304 3224 incontaminatas.
2342 3173 2415 3248 De
2452 3173 2554 3227 hoc
2610 3190 2846 3243 namque
2902 3178 3106 3231 dictum
3144 3189 3230 3233 est
3274 3180 3399 3244 hoc,

1825 3270 1991 3330 atque
2012 3262 2079 3316 de
2107 3262 2380 3320 similibus
2408 3264 2554 3320 illius
2585 3280 2756 3335 usque
2778 3267 2832 3321 in
2860 3275 3123 3322 aternum
3159 3285 3173 3323 :
3202 3269 3401 3326 Beatus

1824 3356 1915 3422 qui
1946 3356 2183 3413 inventus
2212 3357 2371 3427 fuerit
2403 3360 2545 3413 dives
2568 3359 2748 3428 justus
2769 3401 2786 3425 ,
2818 3363 2908 3431 qui
2935 3372 3049 3431 post
3074 3379 3265 3417 aurum
3293 3379 3401 3419 non

1823 3448 2208 3515 ambulaverit,
2272 3466 2436 3516 neque
2483 3452 2768 3519 speraverit
2822 3454 2877 3507 in
2928 3456 3137 3523 argenti
3199 3456 3401 3525 reposi-

1824 3539 1966 3597 tione
2019 3542 2087 3596 ⁸³.
2139 3540 2279 3598 Vere
2333 3545 2478 3599 enim
2522 3545 2918 3600 inaestimabilis
2972 3557 3139 3615 atque
3188 3558 3398 3603 aeterna

1822 3633 2102 3689 beatitudo
2145 3648 2248 3699 est,
2312 3646 2367 3689 ut
2418 3652 2543 3691 cum
2595 3639 2718 3707 quis
2764 3638 2915 3693 dives
2951 3639 3177 3695 ellectus
3210 3642 3394 3703 fuerit,

1826 3742 1931 3780 non
1963 3727 2201 3782 coulldat
2237 3728 2289 3782 in
2340 3744 2514 3795 auro,
2566 3746 2742 3799 neque
2792 3731 3036 3788 intendat
3084 3733 3137 3786 in
3182 3736 3395 3804 argenti

1826 3817 2172 3885 repositione,
2202 3818 2299 3873 sed
2344 3821 2605 3874 recondat
2634 3822 2749 3876 lucc
2789 3822 2841 3875 in
2884 3824 3146 3877 mandato
3177 3825 3399 3881 Altissi-

1822 3907 1919 3968 mi,
1948 3916 2002 3961 et
2032 3909 2122 3961 det
2160 3923 2221 3962 ea
2252 3910 2304 3962 in
2337 3909 2680 3980 eleemosyua
2714 3914 3066 3980 pauperibus,
3105 3914 3198 3967 sed
3230 3917 3397 3970 sentio

1821 4006 1914 4052 net
1943 4009 2109 4066 atque
2140 4012 2358 4069 spargat
2389 4015 2454 4054 ea
2491 4001 2601 4055 late
2633 4017 2729 4070 per
2770 4004 2985 4058 animas
3035 4006 3395 4075 miserorum,

1819 4102 1917 4157 per
1945 4103 2039 4141 ora
2085 4088 2468 4153 esurientium,
2530 4088 2616 4143 vel
2674 4105 2772 4158 per
2823 4105 2923 4146 ora
2968 4094 3247 4160 debilium,
3298 4111 3398 4165 per

1821 4181 2110 4235 destitutos
2148 4190 2315 4249 atque
2360 4181 2592 4236 miseros
2626 4180 2823 4249 :juxta
2873 4183 2977 4239 hoc
3011 4186 3154 4253 quod
3185 4188 3392 4242 dictum

1820 4282 1938 4328 est:
1974 4271 2239 4327 Sentinate
2271 4274 2409 4327 vobis
2432 4277 2500 4327 ad
2522 4275 2822 4343 justitiam,
2840 4284 2898 4329 ut
2923 4279 3132 4332 metatis
3161 4279 3395 4347 fructum

1822 4370 1946 4424 vita:
1977 4367 2044 4422 ³³.
2081 4368 2145 4421 Et
2169 4385 2183 4422 :
2205 4367 2480 4436 Dispersit,
2513 4371 2655 4423 dedit
2678 4372 3016 4439 pauperibus,
3037 4373 3257 4442 justitia
3277 4373 3395 4444 ejus

1820 4471 1993 4513 manet
2031 4461 2087 4513 in
2117 4470 2371 4514 internum
2420 4461 2485 4517 ³⁸.
2540 4462 2813 4531 Ejusmodi
2856 4477 2983 4517 vero
3016 4474 3183 4518 metet
3210 4465 3396 4519 multi-

121 4560 235 4615 tales
264 4564 467 4631 quales
504 4572 656 4617 sunt
709 4561 765 4613 in
814 4560 1037 4628 regione
1060 4561 1275 4616 Arabia
1316 4560 1718 4616 clpam-siina.
1748 4559 1793 4616 ι)
1822 4550 2037 4619 pliciter
2085 4550 2139 4605 in
2191 4550 2278 4605 die
2333 4552 2772 4617 resurrectionis.
2833 4552 3107 4623 Ejusmodi
3165 4556 3397 4624 recipiet

118 4667 216 4707 ram
241 4656 414 4718 asini,
448 4653 564 4724 qui
608 4651 837 4707 veloces
862 4667 989 4706 sunt
1025 4653 1281 4709 similiter
1314 4662 1372 4707 ut
1408 4653 1555 4722 equi.
1588 4652 1718 4707 Otu-

121 4759 221 4796 nem
244 4760 379 4817 ergo
416 4760 678 4803 censum
705 4742 852 4798 beati
878 4740 979 4799 Job
1004 4752 1262 4816 supputat
1287 4744 1340 4798 in
1369 4752 1575 4814 septem
1601 4742 1718 4797 mil-

117 4835 240 4895 libus
269 4843 504 4908 ovium,
556 4846 617 4893 et
664 4837 847 4893 tribus
883 4837 1217 4893 camelorum
1243 4846 1297 4892 et
1326 4836 1378 4892 in
1404 4836 1717 4906 quingentis

113 4930 241 4998 iugis
271 4935 476 4998 boum,
512 4942 578 4989 et
618 4932 675 4988 in
709 4929 1027 5000 quingentis
1056 4930 1227 4986 asinis
1263 4928 1542 5000 pastoriis.
1580 4928 1712 4982 Auri

114 5039 227 5079 vero
249 5037 306 5083 et
336 5026 603 5098 argenti,
636 5034 811 5094 atque
829 5025 1054 5079 vestium
1082 5039 1186 5078 non
1211 5022 1479 5078 meminit.
1508 5020 1716 5088 Quare?

117 5120 185 5175 0b
214 5123 319 5178 hoc
352 5134 421 5176 ut
450 5121 759 5181 reticeret,
788 5132 857 5171 an
884 5118 952 5171 ob
977 5116 1083 5171 hoc
1114 5115 1257 5184 quod
1297 5112 1400 5168 Job
1439 5129 1633 5168 aurum
1659 5123 1714 5171 et

116 5225 396 5283 argent-tn
458 5228 581 5268 non
624 5206 958 5266 habuisset?
994 5205 1077 5262 0b
1120 5206 1226 5261 hoc
1275 5203 1467 5274 procul
1522 5203 1713 5269 dubio,

116 5304 224 5371 quia
254 5320 367 5360 non
410 5304 643 5359 habuit.
684 5300 809 5368 Quo
833 5306 969 5353 teste
992 5313 1182 5352 aurum
1206 5306 1261 5352 et
1287 5306 1572 5366 argentum
1605 5310 1712 5350 non

117 5395 397 5451 habuerit?
450 5397 585 5466 Ipso
622 5393 738 5449 Job
783 5391 1033 5446 dicente:
1069 5388 1137 5443 Et
1191 5388 1238 5442 si
1299 5387 1629 5456 conﬁdebant
1656 5388 1713 5441 in

113 5491 301 5543 divitiis
330 5491 550 5549 multis.
595 5495 653 5541 et
702 5484 752 5538 si
792 5487 859 5536 ad
903 5479 1317 5536 innumerabilia
1344 5479 1466 5532 misi
1495 5494 1711 5532 manum

113 5598 291 5647 nam,
323 5595 383 5637 et
433 5584 545 5637 alia
578 5580 679 5633 his
709 5574 933 5629 similia.
973 5574 1103 5629 Erat
1142 5586 1378 5640 namque
1412 5571 1514 5627 hoc
1560 5584 1708 5638 vere,

113 5684 162 5725 ut
190 5678 413 5742 priores
450 5692 564 5729 non
609 5677 841 5726 tantum
874 5667 924 5719 in
957 5680 1089 5719 auro
1115 5673 1173 5719 et
1203 5671 1430 5733 argento
1454 5659 1557 5717 sibi
1591 5661 1712 5716 the-

174 5831 214 5863 ³⁸
244 5832 352 5889 Job
391 5847 427 5892 ι,
456 5829 511 5885 5.
597 5826 648 5859 ²¹
685 5822 731 5879 ιι
759 5820 900 5876 Tim.
952 5838 1029 5889 nt,
1066 5821 1114 5877 ί.

1820 4641 2253 4697 ἰιιαδειίιιιεὶήιθηι
2330 4644 2716 4699 beatitudinem
2781 4645 2836 4699 in
2894 4646 2983 4700 die
3042 4646 3392 4703 visitationie.

1821 4734 2099 4803 Ejusmodi
2121 4735 2595 4806 eleemosynarum
2618 4736 3100 4806 jnstillcationibus
3132 4748 3393 4807 tanquam

1819 4826 1910 4880 lux
1959 4824 2184 4898 cﬁulget
2219 4842 2404 4883 coram
2436 4828 2650 4895 angelis
2686 4827 2802 4883 Dei.
2860 4827 3011 4884 Talis
3059 4828 3163 4884 fuit
3204 4832 3396 4886 beatus

1817 4916 1941 4982 Job,
1990 4920 2133 4989 apud
2177 4935 2338 4989 quem
2397 4921 2595 4990 hospes
2649 4935 2927 4990 nunquam
2982 4920 3116 4978 foris
3168 4924 3392 4987 mansit,

1817 5011 1971 5081 cujus
1988 5011 2160 5082 jauua
2186 5011 2334 5066 omni
2368 5012 2677 5067 advenienti
2708 5011 2924 5081 patuit,
2973 5026 3133 5081 quem
3168 5011 3391 5066 invalidi

1818 5118 2092 5173 nunquam
2131 5103 2598 5171 praetermiserunt
2647 5104 2716 5157 de
2764 5103 2832 5157 iis
2863 5118 2983 5173 qua:
3008 5117 3147 5171 epus
3188 5103 3392 5156 habue-

1818 5207 1966 5263 runt,
1992 5195 2084 5265 qui
2117 5209 2225 5249 non
2256 5194 2465 5250 dimisit
2495 5178 2785 5265 pauperem
2826 5194 2978 5248 exire
3008 5194 3073 5246 de
3098 5192 3263 5246 domo
3289 5207 3389 5247 sua

1818 5305 2072 5354 vacuum,
2096 5288 2163 5343 ad
2188 5286 2341 5357 cujus
2372 5296 2655 5343 tonsuram
2677 5287 2884 5351 ovium,
2911 5285 3154 5339 omnium
3187 5298 3391 5354 panpe-

1821 5398 1939 5438 rum
1967 5379 2206 5449 scapulae
2232 5378 2508 5434 calefacta:
2537 5387 2685 5434 sunt.
2723 5377 2805 5433 0b
2845 5380 2946 5433 hoc
2972 5378 3115 5431 enim
3144 5385 3199 5430 et
3228 5376 3389 5429 istazn

1820 5473 2225 5531 multitudinem
2254 5484 2511 5539 pecorum
2535 5468 2796 5534 nutrivit,
2825 5478 2883 5522 et
2906 5467 3201 5520 maximam
3235 5467 3384 5535 agri-

1821 5567 2085 5624 culturam
2117 5562 2397 5624 exercuit,
2424 5568 2485 5615 ut
2519 5558 2764 5630 plurimis
2800 5557 3139 5627 impertiret,
3171 5564 3230 5611 ut
3266 5555 3389 5625 plu-

1821 5662 1976 5717 rimis
2032 5653 2395 5721 benelaceret,
2439 5663 2499 5708 ut
2530 5651 2892 5722 plurimorum
2945 5665 3155 5707 memor
3209 5659 3391 5718 esset;

1192 5815 1709 5886 "Eccli.xxx1,8.
1784 5811 2274 5882 "Jacob.ttt,l8.
2353 5790 2847 5885 “Psal.cx1,9.r
