3902 6528
486 376 590 436 587

1568 367 1946 425 ANONYMUS
1981 368 2046 422 IN
2085 367 2224 424 JOB.
2262 400 2333 410 —
2364 369 2492 423 LIB.
2532 370 2573 423 1.

3637 373 3751 431 583

491 506 599 550 non
639 500 859 563 propter
886 504 948 545 os
977 501 1134 543 suum
1164 496 1399 551 tantum,
1446 486 1539 541 sed
1582 496 1642 541 ut
1690 486 1889 541 multos
1934 503 2059 542 esu-
2089 492 2138 551 Α
2168 503 2286 542 rum
2320 488 2586 543 instantia
2616 497 2778 555 atque
2811 488 3074 551 studium,
3108 488 3214 543 hoc
3244 500 3367 544 erat
3391 490 3537 560 quod
3570 490 3641 544 ab
3663 491 3753 546 eis

492 592 700 645 rientes
725 596 1018 651 saturaret,
1053 594 1215 654 atque
1243 584 1505 652 plurimos
1532 584 1705 639 nudos
1734 588 1977 648 vestiret,
2007 593 2062 639 et

490 680 681 736 multis
713 677 1114 734 miserabilibus
1146 685 1309 744 atque
1337 674 1648 731 infelicibus
1690 676 2059 747 refrigeraret.

492 772 575 828 0b
622 773 726 826 hoc
774 769 923 824 enim
978 782 1178 836 pecora
1225 767 1343 836 ejus
1394 769 1575 821 ovium
1622 776 1829 836 septem
1875 766 2059 828 millia.

492 860 686 917 cameli
718 860 821 913 tria
848 857 1040 920 millia,
1074 856 1207 926 juga
1238 857 1398 910 boum
1434 856 1730 925 quingenta
1752 894 1767 919 ,
1812 865 1866 908 et
1902 854 2065 908 asinae

488 952 744 1024 pastoriae
778 951 1107 1021 quingentae.
1162 949 1227 1002 Et
1277 948 1633 1001 ministerium
1685 948 1839 1001 nimis
1887 947 2065 1014 copio-

489 1058 609 1097 sum
654 1041 721 1095 ³⁸.
763 1042 986 1098 Certum
1034 1049 1119 1095 est
1153 1041 1297 1108 quod
1340 1048 1394 1094 et
1440 1054 1639 1093 mensae
1688 1040 1846 1107 ejus,
1904 1047 2066 1106 atque

490 1136 652 1193 sedes
679 1134 820 1201 ejus,
845 1143 900 1187 et
926 1133 1287 1187 ministerium
1320 1131 1602 1199 copiosum
1623 1170 1639 1193 ,
1670 1131 1764 1183 sed
1799 1129 1916 1197 plus
1949 1136 2067 1180 erat

491 1226 854 1281 ministerium
885 1229 1162 1293 c0piosum
1192 1223 1331 1293 quod
1382 1221 1728 1277 ministrabat
1760 1221 2065 1290 hospitibus

489 1327 547 1373 et
575 1316 1008 1379 advenientibus,
1044 1315 1275 1369 infirmis
1306 1323 1362 1367 et
1402 1314 1807 1376 miserantibus,
1840 1314 2067 1368 destitu-

492 1410 564 1463 tis
597 1418 653 1463 et
697 1407 1035 1479 peregrinis,
1086 1404 1417 1473 pauperibus
1468 1414 1524 1458 et
1581 1403 1907 1459 infelicibus.
1962 1405 2067 1460 Pro

491 1501 684 1555 horum
714 1513 843 1568 ergo
870 1498 1111 1552 omnium
1141 1497 1509 1567 susceptione,
1538 1497 1762 1550 nimium
1786 1499 2064 1566 copiosum

492 1591 685 1645 habuit
719 1588 1085 1643 ministerium
1118 1601 1131 1639 :
1164 1596 1295 1656 puto
1350 1590 1494 1657 quod
1530 1598 1585 1643 et
1639 1589 1691 1643 in
1744 1591 1881 1645 caelo
1920 1599 1975 1643 et
2014 1591 2065 1645 in

492 1681 725 1737 excelsis
752 1681 1030 1749 copiosum
1066 1681 1227 1735 nimis
1254 1682 1506 1759 habuerit
1531 1683 1912 1741 ministerium.
1941 1683 2065 1738 Plu-

492 1783 615 1837 rimi
654 1782 1107 1836 ministraverunt
1135 1781 1181 1834 ei
1202 1794 1365 1849 super
1395 1790 1592 1831 terram
1622 1792 1719 1846 pro
1745 1777 2065 1831 miserorum

494 1874 861 1944 susceptione,
905 1871 1000 1927 sed
1043 1874 1224 1942 plures
1261 1872 1645 1925 ministrabant
1701 1871 1748 1924 ei
1791 1871 1845 1923 in
1892 1868 2065 1932 ccelis,

493 1966 742 2021 caelestes
777 1964 977 2035 angeli,
1016 1964 1459 2033 incorruptibiles
1487 1962 1883 2031 eleemosynas,
1907 1970 2073 2028 atque

496 2060 636 2112 bona
666 2072 829 2127 opera
860 2060 977 2129 ejus
1011 2059 1064 2112 in
1099 2058 1419 2112 memoriam
1448 2070 1632 2108 coram
1661 2054 1770 2108 Deo
1792 2054 1844 2106 in
1872 2053 2069 2107 caelum

496 2148 824 2216 deferentes,
861 2152 1003 2205 sicut
1034 2152 1237 2205 dictum
1265 2149 1433 2203 estad
1463 2148 1770 2201 Cornelium
1804 2166 1817 2199 :
1858 2144 2072 2199 Oratio-

498 2258 588 2296 nes
626 2255 731 2297 tua:
781 2254 827 2297 et
877 2244 1219 2312 eleemosynw
1255 2253 1359 2295 iure
1400 2240 1743 2293 ascenderunt
1778 2255 1988 2291 sursum
2020 2240 2073 2291 in

496 2342 803 2394 memoriam
837 2356 1018 2394 caram
1050 2340 1156 2393 Deo
1186 2339 1251 2395 “.
1274 2337 1655 2392 Ascenderunt
1689 2334 1876 2403 procul
1910 2335 2072 2388 dubio

498 2431 569 2485 ab
600 2432 806 2501 angelis
866 2441 1031 2502 atque
1066 2429 1399 2500 spiritalibus
1438 2428 1704 2483 ministris
1739 2428 1954 2482 delatas.
2002 2427 2074 2480 De

499 2523 700 2592 quibus
736 2523 981 2578 dicitur:
1018 2523 1212 2578 Omnes
1268 2530 1387 2575 sunt
1438 2520 1815 2574 ministeriales
1854 2520 2073 2588 spiritus

496 2614 644 2667 missi
665 2631 762 2679 pro
786 2616 869 2668 his
897 2617 986 2685 qui
1020 2616 1245 2672 salutem
1276 2615 1333 2669 in
1376 2615 1736 2668 ha'reditatem
1762 2613 1973 2679 capiunt
2003 2610 2070 2665 ⁸⁷.

500 2708 569 2763 Et
595 2709 717 2763 alibi
740 2726 753 2763 :
776 2709 879 2774 Qui
898 2709 1025 2778 facit
1061 2708 1275 2777 angelos
1304 2723 1427 2761 suos
1454 2708 1701 2775 spiritus,
1724 2713 1773 2759 et
1801 2703 2072 2757 ministros

497 2816 621 2855 suos
658 2801 828 2867 ignem
877 2800 1144 2853 ardentem
1172 2799 1238 2853 ⁸⁸.
1276 2799 1352 2854 De
1384 2799 1501 2852 istis
1540 2812 1772 2866 namque
1812 2794 2074 2850 ministris

500 2907 641 2947 uritis
674 2901 794 2946 erat
819 2892 908 2961 qui
944 2892 1153 2946 loeutus
1179 2901 1264 2947 est
1292 2892 1359 2945 ad
1403 2891 1627 2945 Tobiam
1671 2891 1857 2945 dicens
1887 2907 1902 2942 :
1935 2886 2072 2941 Cum

500 3000 684 3039 orares
708 2994 765 3037 tu
788 2995 834 3038 et
860 2982 996 3038 Sara
1018 2985 1131 3051 [ilia
1157 2983 1427 3053 Raguelis,
1458 2999 1551 3052 ego
1575 2982 1731 3035 attuli
1764 2980 2071 3034 memoriam

502 3075 761 3128 orationis
788 3085 970 3128 vestrae
1000 3076 1056 3128 in
1094 3086 1429 3141 compertum
1463 3075 1645 3142 gloria:
1672 3072 1862 3126 summi
1886 3070 1979 3124 Dei
2002 3068 2067 3122 ”.

2166 580 2455 635 thesaurus
2485 580 2859 649 repntabatur,
2890 595 3019 636 area
3057 591 3111 635 et
3155 583 3411 649 torcular,
3442 584 3647 638 oliveta
3691 593 3754 636 et

2167 672 2343 736 ﬁceta,
2387 681 2443 727 et
2477 674 2728 727 universa
2775 691 2939 744 opera
2985 691 3104 745 qua:
3141 686 3269 729 sunt
3303 676 3356 728 in
3401 690 3572 743 agro,
3625 688 3753 743 quae

2166 780 2287 819 cum
2314 765 2499 819 labore
2529 776 2691 835 atque
2714 768 2912 825 sudore
2935 778 3098 836 atque
3130 783 3385 822 manuum
3415 768 3754 821 callositati-

2166 856 2266 909 bus
2319 856 2677 924 acquiruntur
2721 873 2842 911 cum
2882 858 3129 927 justitia,
3170 858 3323 927 juxta
3358 860 3609 913 ordinem
3649 858 3751 911 Dei

2166 947 2430 1001 dicentis:
2462 946 2530 1000 In
2560 952 2750 1001 sudore
2774 950 2945 1002 vultus
2986 950 3062 1001 tui
3094 950 3214 1003 edes
3253 968 3439 1019 panem
3473 963 3625 1003 tuum
3673 948 3750 1002 ⁸⁸.

2167 1038 2292 1093 Haec
2337 1039 2548 1093 scilicet
2594 1056 2758 1110 opera
2801 1058 2993 1112 magna
3039 1043 3253 1109 fuerunt
3304 1042 3405 1096 Job
3453 1044 3505 1096 in
3558 1043 3752 1103 terris,

2168 1133 2290 1187 ideo
2316 1142 2369 1187 et
2403 1132 2638 1202 plurimo
2664 1133 2940 1202 indigebat
2970 1135 3274 1189 ministerio
3308 1138 3374 1189 ad
3415 1136 3754 1197 curandum,

2167 1225 2232 1279 ad
2274 1225 2705 1290 intendendum,
2754 1225 2819 1279 ad
2873 1227 3340 1291 circumeundam,
3390 1228 3634 1296 itemque
3679 1226 3754 1278 ad

2167 1319 2432 1381 dandum,
2478 1318 2545 1371 ad
2584 1318 3062 1383 distribuendum,
3099 1320 3166 1373 ad
3212 1320 3636 1377 ministrantium
3688 1319 3748 1373 in

2169 1410 2435 1480 gentibus,
2464 1412 2530 1463 ad
2567 1409 2956 1465 defendendum
2994 1427 3319 1480 oppressos,
3357 1412 3424 1466 ad
3457 1412 3753 1480 opitulan-

2167 1504 2295 1558 dum
2323 1505 2676 1573 pauperibus,
2703 1504 2772 1559 ad
2794 1503 3239 1558 benefaciendum
3273 1506 3446 1561 viduis
3472 1516 3527 1560 et
3546 1505 3756 1575 orpha-

2171 1597 2276 1650 nis.
2316 1596 2417 1650 Pro
2442 1598 2525 1652 his
2553 1600 2807 1652 nimirum
2843 1600 3122 1653 universis
3154 1612 3320 1668 opera
3354 1602 3551 1667 magna
3587 1610 3757 1651 erant

2171 1689 2243 1742 illi
2272 1690 2324 1742 in
2360 1690 2519 1744 terris
2549 1700 2606 1745 et
2640 1688 3004 1745 ministerium
3034 1690 3307 1759 copiosum
3333 1732 3350 1755 ,
3387 1692 3515 1758 quia
3547 1705 3752 1760 magna

2170 1792 2327 1836 erant
2356 1797 2521 1850 Opera
2565 1784 2883 1838 meritorum
2932 1793 2987 1837 et
3034 1784 3311 1851 e0piosum
3354 1783 3755 1839 ministerium.

2173 1872 2278 1927 Sed
2310 1885 2440 1942 puto
2477 1884 2599 1942 post
2631 1876 2745 1928 haec
2777 1890 2898 1943 qua:
2935 1876 3155 1928 recitata
3204 1882 3326 1928 sunt
3372 1889 3568 1943 magna
3605 1873 3757 1926 illius

2169 1979 2354 2033 Opera.
2412 1974 2533 2035 post
2588 1966 2977 2033 agriculturam
3029 1977 3191 2035 atque
3240 1967 3511 2035 pecudum
3573 1969 3757 2020 nutri-

2172 2066 2383 2121 menta,
2443 2067 2502 2110 et
2555 2068 2751 2111 caetera
2808 2060 3099 2121 universa,
3159 2058 3377 2113 fuerunt
3416 2052 3588 2113 etiam
3643 2061 3754 2111 alia

2174 2164 2367 2217 magna
2396 2158 2555 2217 opera
2584 2148 2689 2203 Job
2728 2150 2779 2203 in
2822 2152 3000 2213 terris,
3037 2151 3187 2215 fides,
3238 2152 3411 2219 pietas
3434 2190 3450 2215 ,
3502 2149 3753 2217 justitia,

2175 2242 2463 2303 sanctitas,
2512 2242 2846 2306 constantia,
2892 2244 3189 2310 patientia,
3234 2243 3547 2303 tolerantia,
3585 2250 3755 2309 atque

2174 2333 2257 2387 his
2312 2332 2513 2386 similia
2566 2334 2844 2397 universa,
2881 2345 2936 2387 et
2964 2350 3155 2389 omnes
3193 2349 3311 2404 qua:
3358 2334 3620 2402 superius
3658 2333 3760 2387 de-

2174 2438 2491 2482 monstrata:
2515 2438 2644 2481 sunt
2674 2428 2922 2492 virtutes,
2947 2439 3110 2499 atque
3140 2432 3332 2484 merita
3356 2440 3411 2483 et
3432 2429 3753 2497 eleemosy-

2174 2538 2255 2575 tut-
2284 2535 2473 2589 opera.
2513 2519 2639 2573 Haec
2668 2535 2904 2589 namque
2934 2530 3063 2575 sunt
3094 2537 3285 2590 magna
3319 2522 3404 2575 illa
3437 2536 3608 2590 opera
3631 2536 3755 2589 qua:

2172 2625 2329 2667 erant
2366 2616 2435 2667 ita
2468 2629 2663 2682 magna
2700 2623 2759 2665 ut
2785 2628 2956 2682 usque
3001 2614 3068 2667 ad
3105 2616 3301 2668 caelum
3352 2614 3755 2682 pertingerent,

2172 2714 2228 2758 et
2258 2719 2431 2773 usque
2457 2705 2523 2758 ad
2553 2705 2721 2757 Deum
2748 2705 3113 2772 pervenirent.
3148 2692 3235 2757 'lta
3262 2714 3417 2758 erant
3445 2719 3672 2774 magna,
3698 2715 3757 2757 ut

2174 2799 2226 2852 in
2259 2798 2607 2867 corruptione
2635 2807 2945 2865 perpetrata
2985 2798 3036 2851 in
3074 2798 3486 2865 incorruptione
3517 2798 3757 2851 fuissent

2174 2891 2488 2961 przedicata.
2532 2890 2679 2943 Inter
2705 2890 2954 2943 homines
2979 2890 3151 2953 facta,
3192 2892 3331 2943 inter
3360 2890 3590 2959 angelos
3628 2899 3759 2943 sunt

2176 2979 2478 3035 tnirilicata.
2506 2979 2653 3042 llaec,
2685 2981 2931 3047 inquam,
2960 2980 3175 3035 fuerunt
3202 2979 3305 3033 Job
3337 2996 3535 3045 magna
3564 2996 3755 3051 opera.

2177 3073 2243 3128 Et
2278 3075 2365 3128 ubi
2398 3075 2510 3129 haec
2543 3074 2796 3129 fuerunt?
2821 3075 2875 3128 In
2911 3084 3076 3137 terra,
3116 3074 3305 3142 inquit.
3335 3073 3390 3127 1n
3423 3088 3533 3141 qua
3561 3084 3709 3127 terra
3734 3074 3759 3124 2

501 3165 633 3220 Tale
659 3180 791 3236 ergo
818 3176 936 3220 erat
966 3166 1329 3221 ministerium
1374 3164 1478 3220 Job
1517 3165 1742 3219 nimium
1768 3164 2068 3233 copiosum.
2101 3171 2143 3229 c
2175 3167 2416 3222 Primum
2442 3169 2663 3236 quidem
2696 3167 2747 3221 in
2778 3182 2839 3219 ea
2868 3181 2987 3235 qua:
3011 3167 3107 3219 sub
3137 3166 3277 3221 coalo
3301 3176 3385 3219 est
3417 3176 3593 3219 terra.
3628 3164 3761 3218 Item

504 3260 811 3317 Secundum
874 3259 1275 3313 multitudinem
1326 3259 1471 3312 enim
1529 3258 1795 3313 bonorum
1849 3273 2071 3326 operum

500 3353 642 3423 ejus,
683 3351 1025 3421 multiplicati
1057 3360 1187 3405 sunt
1222 3350 1472 3405 ctelestes
1502 3350 1739 3404 ministri
1766 3358 1933 3419 atque
1973 3364 2073 3402 an-

500 3443 607 3513 geli
641 3444 732 3512 qui
783 3443 835 3497 in
872 3450 1164 3511 conspectu
1216 3440 1311 3496 Dei
1366 3450 1756 3497 attestarentur
1796 3441 2075 3496 beneficiis

503 3533 671 3589 illius.
701 3532 852 3590 Unus
877 3533 1309 3589 sanedevotioni
1352 3534 1515 3587 animi
1549 3535 1664 3601 ejus
1691 3534 2071 3597 attestahatur,

505 3624 645 3678 alius
686 3635 865 3679 autem
912 3624 1278 3694 eleemosynis
1319 3624 1436 3691 ejus
1484 3639 1549 3677 ac
1604 3626 2071 3687 miserationibus,

505 3717 647 3772 alius
703 3716 1054 3773 nihilominus
1112 3719 1360 3772 sollicitis
1418 3718 1689 3786 precibus,
1761 3717 1901 3772 alius
1950 3732 2075 3771 vero

501 3810 960 3880 justitiarjudicii,
990 3813 1265 3879 patientia:
1292 3828 1510 3881 quoque
1551 3827 1614 3866 ac
1677 3810 2071 3879 longanimitati

507 3908 672 3969 atque
701 3900 991 3955 charitatis
1025 3900 1364 3969 plenitudini.
1397 3902 1597 3954 Omnes
1629 3901 1840 3955 scilicet
1865 3901 2077 3953 cunctis

507 3994 626 4056 ejus
659 3991 951 4046 virtutibus
1006 3994 1408 4045 attestabantur
1459 3993 1510 4044 in
1556 4002 1845 4060 conspectu
1894 3992 2073 4044 oinnia

509 4083 843 4150 praescientis
874 4080 987 4135 Dei.
1020 4078 1284 4135 Omnibus
1304 4082 1484 4149 itaque
1510 4080 1683 4134 modis
1716 4078 2076 4132 ministerium

507 4176 785 4245 c0piosum
811 4185 929 4231 erat
966 4178 1128 4232 beato
1165 4177 1285 4232 Job.
1328 4174 1497 4241 Quale
1527 4182 1689 4243 putas
1721 4171 1796 4226 illi
1827 4171 1942 4226 ﬁeri
1979 4172 2077 4224 ob-

506 4269 754 4336 sequium
802 4268 871 4321 ad
924 4269 1351 4338 susceptionem,
1410 4276 1464 4320 et
1517 4265 1811 4334 gloriosum
1859 4277 2075 4331 quoque

513 4358 796 4423 honorem,
816 4372 849 4410 o
866 4357 1057 4423 amice,
1082 4372 1203 4412 cum
1236 4357 1413 4411 anima
1437 4355 1553 4423 ejus
1578 4354 1769 4411 exiens
1787 4355 1851 4409 de
1881 4370 2078 4425 corpo-

511 4465 572 4504 re
600 4452 667 4505 ad
701 4450 827 4504 illud
858 4449 1112 4505 saeculum
1148 4451 1423 4513 transiret,
1459 4464 1581 4503 cum
1614 4448 1686 4502 illi
1722 4454 2081 4502 occurrerent

2183 3260 2236 3313 in
2268 3267 2482 3313 terreno
2525 3260 2643 3329 ejus
2686 3273 2933 3327 corpore.
2993 3257 3220 3311 Omnem
3278 3258 3421 3310 enim
3472 3256 3762 3319 virtutem,

2181 3368 2397 3407 omnem
2420 3352 2884 3421 justificationem,
2906 3364 3065 3403 omne
3087 3364 3221 3419 opus
3241 3358 3519 3411 sanctum,
3541 3362 3764 3401 omnem

2183 3444 2528 3499 tolerantiam
2557 3458 2679 3497 eum
2703 3442 2998 3513 gratiarum
3031 3441 3338 3495 actionibus
3365 3478 3379 3503 ,
3411 3440 3672 3494 universa
3706 3439 3764 3491 in

2184 3533 2288 3587 hoc
2319 3546 2548 3601 corpore
2577 3543 2794 3587 terreno
2822 3531 3066 3601 perfecit,
3115 3541 3170 3585 et
3211 3530 3555 3598 supportavit
3598 3540 3767 3597 atque

2185 3625 2459 3681 sustinuit.
2496 3624 2669 3679 Testis
2693 3633 2777 3679 est
2801 3626 2917 3693 ipse
2951 3625 3133 3678 dicens
3156 3624 3222 3678 de
3249 3624 3453 3677 virtute
3478 3622 3573 3677 Dei
3601 3634 3767 3691 atque

2185 3717 2558 3786 magnitudine
2593 3735 2605 3770 :
2639 3716 2743 3781 Qui
2799 3718 3150 3770 suscitaturus
3206 3724 3281 3768 est
3332 3714 3525 3782 pellent
3566 3731 3768 3779 meam,

2184 3829 2299 3882 qua!
2323 3813 2497 3864 hausit
2528 3814 2636 3863 Im'c
2668 3811 2811 3865 mala
2845 3813 2910 3865 δι.
2961 3812 3195 3876 Postque
3245 3809 3501 3862 universa
3527 3852 3542 3871 ,
3590 3824 3767 3878 opera

2186 3921 2377 3973 magna
2420 3914 2577 3958 erant
2602 3903 2721 3958 Job.
2781 3904 2925 3958 Ubi?
2971 3908 3024 3957 In
3062 3914 3229 3965 terra,
3289 3902 3489 3970 inquit.
3544 3901 3603 3955 In
3657 3920 3767 3972 qua

2188 3998 2371 4050 terra?
2399 3996 2453 4050 In
2484 4006 2625 4050 terra
2652 3996 3075 4065 incorruptibili,
3099 3996 3323 4065 interra
3354 3994 3677 4059 immortali,
3707 3995 3765 4046 in

2188 4097 2331 4142 terra
2369 4088 2687 4151 viventium,
2716 4088 2767 4140 in
2803 4087 3160 4141 tabernaculis
3187 4085 3455 4152 justorum
3480 4125 3497 4149 ,
3530 4085 3623 4138 ubi
3656 4100 3767 4138 non

2186 4189 2267 4232 est
2306 4178 2594 4232 infirmitas
2655 4194 2831 4247 neque
2885 4193 3071 4239 mors,
3135 4180 3275 4230 unde
3316 4176 3454 4244 fugit
3504 4176 3666 4231 dolor
3712 4186 3771 4231 et

2190 4270 2407 4322 tristitia
2468 4280 2629 4338 atque
2677 4271 2926 4339 gemitus.
2988 4269 3098 4323 illic
3156 4284 3286 4339 ergo
3350 4283 3548 4338 magna
3608 4277 3771 4321 erant

2186 4376 2349 4429 opera
2402 4360 2528 4427 Job,
2580 4362 2688 4414 illic
2740 4362 3110 4415 demonstrata
3144 4371 3270 4415 sunt
3307 4371 3473 4429 atque
3515 4372 3766 4424 ostensa,

2189 4455 2299 4508 illic
2334 4454 2597 4509 distincta
2627 4465 2793 4522 atque
2821 4456 3189 4509 manifestata.
3222 4454 3321 4508 ilic
3351 4455 3622 4523 perfecta,
3655 4454 3770 4508 illic

515 4555 704 4595 omnes
730 4542 933 4611 angeli,
961 4542 1179 4609 quando
1203 4544 1398 4611 gavisa:
1440 4549 1567 4595 sunt
1603 4540 1669 4592 ad
1692 4553 1814 4592 eum
1842 4539 2082 4592 onmium
2116 4527 2158 4581 Ι)
2189 4556 2368 4599 autem
2442 4546 2849 4613 demonstrata;
2921 4548 3010 4600 hic
3068 4548 3332 4600 seminam
3356 4586 3371 4611 ,
3445 4547 3562 4601 mic
3636 4562 3772 4600 γει-ο

514 4643 824 4688 sanctorum
858 4634 1075 4697 animae,
1092 4636 1306 4703 quando
1326 4647 1517 4687 omnes
1543 4632 1735 4685 animae
1762 4630 2081 4684 miserorum

511 4735 677 4796 atque
737 4727 977 4796 in0pum,
1022 4727 1216 4797 quibus
1275 4742 1436 4796 super
1492 4734 1693 4779 terram
1734 4722 2081 4783 benel‘ecerit,

510 4816 787 4873 beneﬁciis
846 4818 962 4888 ejus
996 4828 1260 4874 attestatze
1312 4818 1479 4873 sunt?
1526 4816 1655 4881 Quae
1718 4816 1983 4867 universa:
2031 4816 2080 4864 in

512 4910 690 4965 lucem
736 4910 845 4965 illic
885 4913 1244 4981 procedentes
1281 4911 1529 4982 gloriosae
1583 4916 1882 4963 occurrunt
1922 4914 2086 4973 atque

512 5012 717 5059 sancta:
743 5012 1067 5059 attestantur
1099 5020 1203 5059 non
1235 5004 1406 5056 solum
1439 5002 1605 5055 solius
1640 4999 1741 5055 Job
1767 4998 2078 5060 virtutibus,

512 5093 606 5147 sed
648 5102 704 5148 et
740 5094 992 5147 omnibus
1043 5093 1135 5161 qui
1188 5093 1439 5146 similiter
1483 5100 1542 5145 ut
1578 5090 1679 5145 Job
1706 5091 2081 5160 eleemosynas

513 5185 727 5241 miseris
761 5201 827 5241 ac
886 5185 1150 5240 beneﬁcia
1211 5182 1519 5238 infelicibus
1560 5183 1903 5250 impertiunt.
1960 5181 2085 5234 Haec

515 5276 790 5337 universa.
826 5278 949 5346 quia
980 5277 1133 5340 dicit,
1165 5274 1232 5328 Et
1262 5276 1610 5328 ministerium
1648 5275 1872 5327 nimium
1906 5273 2084 5341 copio-

514 5385 652 5423 sum.
709 5368 943 5439 Postque
974 5368 1257 5439 [adjiciens
1320 5364 1691 5423 dicitzErant
1737 5382 1893 5433 opera
1942 5364 2083 5417 illius

514 5477 705 5530 magna
727 5463 780 5515 in
805 5464 980 5515 terris.
1014 5460 1254 5514 Primum
1288 5472 1422 5514 sane
1449 5472 1612 5526 opera
1643 5471 1836 5525 magna
1866 5457 2086 5509 fuerunt

519 5550 619 5613 illi,
644 5552 694 5605 id
733 5561 836 5616 est,
876 5550 990 5622 agri
1033 5560 1089 5604 et
1124 5549 1314 5613 vineae,
1368 5548 1567 5602 fruteta
1610 5555 1663 5602 et
1715 5546 1932 5601 oliveta.
1988 5543 2083 5598 lle

519 5657 750 5711 namque
776 5652 933 5697 erant
961 5642 1305 5711 antiquorum
1330 5641 1560 5705 ἁίνίιίαε,
1591 5639 1709 5694 hac
1731 5649 1854 5693 erat
1883 5638 2083 5708 prisco-

595 5757 637 5787 ³⁸
681 5756 780 5810 Job
831 5772 867 5818 I,
904 5756 957 5811 '5.
1057 5755 1102 5785 ³⁸
1127 5756 1245 5808 Act.
1279 5769 1335 5817 χ,
1366 5753 1417 5806 4.

521 5827 564 5857 δ’
592 5826 748 5882 Prov.
778 5842 891 5881 six.
966 5826 1010 5857 ⁸³
1041 5824 1141 5881 Job
1181 5839 1219 5887 I,
1247 5822 1301 5876 3.

2186 4652 2362 4691 messa
2392 4655 2407 4703 ;
2440 4639 2531 4692 hic
2566 4638 2840 4708 dispersa,
2864 4640 2972 4693 illic
3004 4649 3184 4691 autem
3218 4638 3447 4692 collecta
3479 4657 3495 4699 ;
3534 4639 3626 4693 hic
3656 4638 3771 4693 Deo

2186 4729 2449 4792 fenerata,
2476 4732 2585 4787 illic
2632 4748 2760 4786 vero
2790 4750 2910 4787 cum
2948 4734 3112 4803 gloria
3164 4747 3193 4788 a
3236 4733 3346 4786 Deo
3387 4734 3772 4788 fenerantibus

2188 4824 2483 4876 redhibita.
2526 4824 2628 4890 Qui
2682 4827 2826 4879 enim
2866 4826 3154 4879 miseretur
3204 4826 3459 4894 pauperis
3487 4865 3503 4890 ,
3553 4825 3773 4880 fenerat

2189 4914 2298 4967 Deo
2327 4915 2391 4969 ".
2427 4917 2741 4972 Secundum
2776 4926 2955 4972 autem
2985 4918 3169 4971 datum
3203 4918 3347 4971 illius
3376 4919 3653 4971 retribuet
3690 4918 3769 4971 illi

2192 5004 2472 5061 Dominus.

2267 5098 2395 5152 Post
2436 5099 2552 5153 hazc
2582 5107 2762 5153 autem
2790 5099 3042 5154 universa
3069 5138 3084 5160 ,
3116 5097 3469 5152 novissimam
3505 5096 3769 5152 virtutem

2188 5187 2288 5243 Job
2312 5190 2683 5255 demonstrat,
2712 5190 2899 5244 dicens
2938 5186 3107 5242 :Fuit
3150 5200 3324 5241 autem
3372 5188 3459 5240 hic
3502 5192 3665 5241 homo
3705 5187 3775 5242 de

2190 5295 2375 5347 genere
2398 5280 2617 5347 Optimo,
2644 5295 2709 5333 ea:
2735 5280 2976 5347 partibus
3010 5278 3240 5332 Orientis
3287 5279 3352 5331 ⁸³.
3400 5278 3533 5333 Item
3583 5288 3771 5332 autem

2190 5379 2245 5424 et
2275 5368 2396 5423 istic
2427 5368 2781 5438 singulariter
2808 5368 2961 5422 illum
2988 5370 3234 5438 designat
3272 5367 3447 5438 atque
3473 5379 3767 5424 memorat.

2192 5459 2289 5514 ilic
2318 5461 2483 5515 homo
2513 5461 2824 5531 singularis,
2855 5469 3116 5524 semotus,
3144 5460 3235 5528 qui
3260 5460 3313 5513 in
3342 5474 3511 5515 carne
3541 5476 3769 5529 separa-

2193 5551 2354 5605 vitea
2386 5567 2505 5622 qua:
2540 5553 2727 5606 carnis
2761 5563 2927 5616 sunt,
2978 5552 3068 5620 qui
3108 5553 3250 5604 inter
3292 5550 3547 5606 homines
3604 5565 3771 5618 super

2192 5640 2443 5697 homines
2474 5642 2597 5707 fuit,
2628 5643 2722 5711 qui
2745 5643 2797 5697 in
2833 5644 2995 5698 terris
3022 5653 3161 5706 erat,
3193 5653 3245 5698 et
3266 5642 3513 5697 cariestia
3540 5644 3769 5712 agebat;

1498 5753 1539 5784 ιτ
1572 5750 1731 5807 Hebr.
1760 5754 1907 5821 1,14.
1986 5753 2029 5785 ³ο
2060 5752 2072 5805 l

2188 5773 2339 5823 .cnt,
2363 5758 2416 5812 4.
2496 5759 2539 5789 ³⁸
2572 5756 2708 5813 Tob.
2740 5776 2833 5815 xu.
2910 5760 2956 5791 "'
2976 5759 3111 5814 Gen.
3144 5774 3223 5823 ιιι,
3260 5758 3344 5813 l9.
3446 5760 3486 5789 δ’
3515 5757 3617 5813 Job
3649 5771 3768 5812 nx.
