3902 6518
178 419 261 474 589
1253 409 1636 467 ANONYMUS
1673 407 1739 460 IN

1858 405 1917 460 Β.
1956 437 2026 448 --
2061 406 2190 464 LIB.
2230 405 2272 462 l.

3316 406 3421 462 390

181 533 248 588 hic
294 531 444 584 homo
498 527 625 583 sine
671 528 916 598 querela
963 535 1155 599 justus,
1215 543 1378 584 verus
1413 529 1508 584 Dei
1553 527 1747 592 cultor,
1777 532 1824 586 A
1854 527 2140 592 bertatem,
2176 537 2231 582 et
2257 527 2415 596 digne
2441 526 2580 582 bene
2609 535 2767 581 natus
2797 526 3026 582 dicitur:
3054 525 3142 580 hic
3161 539 3296 580 sane
3324 541 3421 580 ve-

178 625 426 679 ahstiuens
448 635 510 675 se
535 619 610 673 ab
636 621 805 675 omni
837 637 900 676 re
943 621 1115 685 mala;
1158 620 1251 675 hic
1293 636 1421 691 ergo
1451 621 1519 675 de
1546 635 1745 689 genere

177 715 373 782 optimo,
405 727 470 766 ex
500 711 778 780 partibus
803 713 1050 769 Orientis
1076 753 1091 776 ,
1134 722 1388 781 tanquam
1431 711 1475 764 si
1517 711 1747 774 diceret,

180 807 392 860 omnibus
427 804 522 871 qui
560 813 706 857 sunt
769 805 828 858 in
877 804 1121 874 partibus
1159 803 1397 858 Orientis
1437 804 1749 871 generosior

181 909 308 964 atque
339 894 531 948 melior
587 894 732 972 fuit,
799 896 1036 950 nobilior
1097 894 1185 950 hic
1241 903 1409 964 atque
1463 895 1748 950 sublimior

180 1000 287 1046 erat.
338 986 446 1042 Hoc
480 1001 744 1056 namque
785 989 1165 1042 demonstrans
1207 986 1338 1041 dicit
1367 1005 1381 1039 :
1412 986 1542 1040 Fuit
1574 996 1747 1040 autem

181 1085 244 1134 hic
271 1082 413 1133 homo
441 1081 509 1131 de
533 1093 742 1147 genere
773 1081 998 1147 optimo,
1022 1096 1086 1134 ea:
1107 1081 1342 1148 partibus
1366 1078 1616 1134 Orientis.
1641 1081 1746 1135 Sed

183 1177 306 1229 liceat
335 1172 688 1240 respondere
722 1172 1017 1239 scribenti,
1041 1183 1095 1228 et
1122 1174 1304 1227 dicere
1328 1187 1342 1223 :
1369 1173 1522 1228 Unde
1549 1171 1650 1228 Job
1680 1175 1748 1229 de

183 1279 344 1333 genere
377 1263 640 1332 optimo?
695 1264 760 1318 Si
815 1279 884 1319 ex
934 1264 1105 1318 Adam
1137 1274 1192 1318 et
1221 1265 1364 1331 Eva,
1403 1265 1746 1334 praevaricati

183 1366 383 1422 suntper
411 1354 899 1409 inobcdientiam.
930 1355 986 1408 Si
1009 1371 1072 1408 ex
1092 1354 1253 1418 Esau,
1274 1357 1374 1411 sub
1403 1356 1747 1410 maledictum

184 1448 394 1500 redactus
419 1455 505 1499 est
536 1445 868 1500 aviditatis.
900 1443 954 1499 Si
978 1462 1042 1500 ex
1074 1446 1199 1500 ﬁliis
1219 1446 1379 1512 Esau,
1415 1449 1560 1515 impii
1588 1450 1753 1504 exsti-

185 1546 330 1592 terunt
374 1536 546 1589 etiam
617 1535 660 1588 ii
731 1545 962 1604 propter
1016 1537 1415 1592 contumeliam.
1471 1540 1749 1606 Quomodo

183 1642 281 1696 ergo
304 1629 364 1681 de
385 1641 592 1694 genere
619 1629 848 1697 optimo
877 1639 996 1682 erat
1023 1633 1112 1697 qui
1143 1630 1210 1683 de
1247 1631 1446 1684 talibus
1478 1632 1748 1686 nasceba-

185 1716 282 1770 tur?
308 1716 497 1770 Ruben
530 1717 957 1786 primogenitus
981 1717 1167 1783 Jacob,
1196 1729 1252 1772 et
1273 1719 1490 1774 Simeon
1518 1731 1572 1776 et
1601 1721 1750 1784 Levi,

183 1809 252 1876 qui
270 1824 326 1862 ex
356 1807 521 1861 Israel
553 1819 701 1862 sunt
735 1810 1032 1878 progeniti,
1064 1812 1129 1863 de
1165 1826 1365 1880 genere
1407 1812 1611 1880 optimo
1644 1828 1749 1867 non

183 1900 400 1953 dicuntur
432 1898 583 1954 :Job
629 1915 775 1954 vero
805 1901 898 1968 qui
929 1917 995 1955 ex
1025 1902 1206 1969 impiis
1234 1911 1389 1957 ortus
1414 1911 1524 1968 est,
1555 1903 1607 1957 id
1645 1913 1748 1965 est,

185 2005 236 2044 ex
259 1992 372 2044 ﬁliis
400 1991 577 2057 Esau,
610 1993 715 2060 qui
752 2005 824 2046 ex
858 1993 1103 2060 prosapia
1133 1993 1301 2046 Edom
1344 2004 1500 2048 natus
1528 2005 1631 2057 est,
1664 1994 1754 2050 hic

185 2081 440 2152 degenere
464 2085 702 2153 Optimo
735 2085 946 2138 dicitur
985 2100 998 2132 :
1035 2085 1164 2152 Ego,
1197 2085 1392 2154 inquit,
1413 2102 1521 2140 non
1554 2101 1751 2141 carna-

186 2175 266 2226 lem
304 2175 661 2230 nativitatem
719 2190 938 2244 quaero,
995 2190 1099 2228 non
1147 2175 1419 2229 carnalem
1445 2178 1755 2245 generatio-

187 2279 281 2317 nem
305 2265 579 2331 signiﬁco,
620 2281 743 2319 non
781 2277 1100 2333 pereuntem
1128 2268 1545 2337 generositatem
1573 2269 1750 2324 laudo.

185 2356 290 2410 Nam
319 2357 430 2412 haec
461 2357 616 2427 apud
651 2359 831 2411 Deum
866 2374 974 2410 non
1010 2358 1185 2424 magni
1222 2359 1550 2427 penduntur,
1581 2361 1695 2415 hate
1725 2379 1754 2417 a

185 2448 404 2503 Creatore
448 2466 562 2504 non
595 2450 993 2520 requiruntur.
1037 2449 1188 2504 Sicut
1216 2451 1364 2504 enim
1407 2467 1513 2506 non
1543 2463 1757 2509 constat

187 2542 298 2609 apud
320 2540 484 2596 Deum
525 2557 802 2611 persona:
831 2541 1024 2610 gloria,
1047 2542 1125 2596 sic
1145 2556 1244 2595 nec
1285 2542 1580 2610 requiritur
1605 2545 1672 2599 ab
1693 2560 1757 2600 eo

189 2633 388 2685 (eruistis
418 2632 816 2699 generositas.
856 2629 1050 2684 Merito
1082 2631 1148 2683 de
1176 2644 1376 2699 genere
1401 2632 1604 2698 optimo
1628 2631 1760 2686 dici-

189 2721 381 2778 tnrJob.
410 2723 535 2777 Non
574 2740 651 2778 ex
694 2723 880 2786 Esau,
915 2737 1089 2789 neque
1122 2736 1188 2775 ex
1214 2722 1532 2791 poSteritate
1566 2722 1758 2788 Edom,

184 2816 258 2869 sed
277 2817 336 2870 de
360 2831 571 2885 genere
614 2816 838 2886 optime
867 2815 1068 2870 dicitur
1097 2813 1198 2869 Iob
1220 2854 1238 2882 ,
1265 2828 1336 2869 ex
1383 2815 1674 2871 sanctitate
1702 2824 1757 2870 et

178 2907 380 2976 iustitia,
423 2921 495 2963 ex
549 2909 808 2978 pietate,
839 2922 908 2961 ex
937 2906 1062 2970 ﬁde,
1112 2921 1178 2961 ex
1230 2906 1640 2976 misericordia,
1691 2923 1758 2963 ex

187 2997 260 3053 Dei
283 2999 510 3062 cultura,
536 3014 624 3054 ex
649 3013 788 3052 vero
812 2998 1020 3062 animo,
1049 3012 1116 3052 ex
1146 2995 1309 3053 corde
1326 3011 1482 3065 puro,
1514 3012 1581 3052 ex
1603 2999 1759 3055 bonis

184 3091 623 3160 cogitationibus.
673 3090 754 3144 Ex
800 3089 921 3144 istis
963 3105 1092 3158 ergo
1134 3090 1386 3144 omnibus
1424 3088 1560 3142 bene
1604 3097 1761 3145 natus

183 3198 279 3238 esse
303 3186 506 3240 dicitur
535 3184 661 3240 Job
685 3226 703 3249 ,
753 3197 824 3238 ex
855 3182 975 3237 istis
1005 3182 1258 3237 omnibus
1289 3181 1601 3253 generosior
1639 3196 1761 3243 esse

183 3285 455 3346 reputatur,
495 3275 679 3344 quasi
714 3277 769 3328 in
808 3274 901 3328 Dei
934 3273 1305 3330 familiaritate
1327 3315 1341 3340 ,
1376 3273 1527 3342 quasi
1561 3274 1614 3328 in
1666 3273 1759 3328 Dei

183 3368 395 3424 clientela
421 3409 438 3435 ,
489 3379 783 3439 tanquam
822 3369 915 3438 qui
956 3369 1065 3423 Deo
1114 3367 1278 3422 fuerit
1323 3366 1497 3422 aﬂinis
1541 3380 1763 3438 propter

185 3465 389 3521 animam
421 3482 635 3523 veram
665 3475 726 3520 et
769 3463 946 3518 ﬁdem:
989 3472 1152 3535 atque
1179 3463 1441 3533 justitiam
1472 3465 1757 3535 integram.

183 3553 300 3613 Bene
317 3571 504 3614 natum
536 3573 680 3613 eum
731 3556 1090 3610 reddiditnon
1131 3556 1327 3611 terreni
1353 3566 1552 3625 patres,
1588 3572 1761 3626 neque

183 3648 250 3704 avi
279 3651 558 3717 carnales,
603 3649 706 3705 sed
741 3661 911 3718 Opera
967 3647 1249 3715 veritatis,
1313 3657 1476 3717 atque
1527 3647 1759 3702 ofﬁcium

182 3743 480 3809 sanctitatis,
526 3755 644 3796 nec
690 3755 806 3793 non
853 3747 908 3793 et
951 3739 1170 3793 sincera
1207 3739 1352 3793 circa
1396 3739 1563 3792 Deum
1613 3753 1756 3807 spes.

184 3832 290 3899 Quis
317 3849 436 3890 erat
465 3834 730 3891 nobilior
787 3830 872 3885 vel
923 3831 1241 3900 generosior
1282 3830 1452 3885 Cham
1499 3831 1607 3884 ﬁlio
1647 3829 1759 3886 Noe

182 3932 428 3994 mediano,
477 3929 584 3998 qui
617 3936 678 3980 et
724 3940 796 3979 ex
830 3925 998 3993 patris
1052 3924 1339 3979 nobilitate
1375 3939 1492 3978 erat
1542 3923 1757 3988 nobilis,

182 4030 226 4072 et
271 4036 330 4075 ex
385 4022 484 4074 Dei
543 4016 949 4074 benedictione
997 4026 1162 4085 atque
1231 4015 1500 4084 colloquio
1564 4013 1759 4068 nobilis

181 4121 277 4165 erat
318 4121 374 4168 et
419 4109 719 4167 illustris?
792 4105 897 4161 Sed
959 4107 1094 4161 nihil
1141 4106 1280 4177 juvit
1349 4105 1538 4168 illum,
1587 4119 1760 4172 neque

182 4201 258 4256 Dei
334 4201 694 4273 colloquium
731 4237 750 4261 ,
832 4211 1006 4267 neque
1067 4196 1343 4252 Creatoris
1407 4195 1754 4261 benedictio,

179 4307 332 4361 neque
381 4295 568 4365 patris
628 4290 892 4360 justitia,
947 4304 1068 4343 cum
1124 4289 1241 4357 ipse
1301 4287 1654 4341 declinaverit
1727 4301 1756 4340 a

177 4383 357 4449 iustitia
392 4397 454 4440 ut
484 4385 850 4454 impietatem
877 4381 1163 4450 arriperet,
1194 4391 1417 4448 prOpter
1433 4393 1593 4447 quam
1615 4377 1759 4447 jnste

178 4475 477 4532 humiliatus
508 4477 786 4532 redactus
809 4482 892 4527 est
919 4472 970 4525 in
996 4470 1340 4525 maledictum
1374 4478 1536 4537 atque
1567 4469 1618 4522 in
1642 4483 1759 4522 ser—

1852 619 2048 673 raciter
2080 633 2376 687 generosus
2404 628 2769 686 nuncupatur,
2794 621 2919 688 quia
2940 620 3242 674 libertatem
3276 618 3421 672 illam

1849 725 1970 775 quae
2005 711 2072 764 ab
2100 710 2255 764 initio
2288 711 2614 763 naturaliter
2635 722 2716 764 εει
2743 725 3026 774 concessa,
3062 719 3288 779 peccato
3315 725 3423 763 non

1850 798 2086 862 vitiavit,
2123 813 2298 868 neque
2350 799 2550 854 delicto
2583 800 2892 854 maculavit.
2922 799 3069 855 Talis
3127 817 3256 871 ergo
3303 809 3425 854 erat

1849 892 2042 947 beatus
2072 890 2200 955 Job,
2233 891 2367 944 foris
2397 894 2467 945 ab
2493 893 2640 946 omni
2695 893 2924 947 crimine
2984 891 3207 958 justus,
3255 908 3424 947 verax

1852 984 1946 1038 Dei
1977 983 2177 1048 cultor,
2206 981 2490 1036 abstinens
2514 997 2572 1036 se
2599 983 2666 1036 ab
2697 983 2846 1036 omni
2871 998 2929 1036 re
2944 982 3109 1035 mala.
3135 983 3274 1052 Ergo
3295 984 3424 1051 quia

1851 1075 1980 1129 talis
2012 1082 2132 1128 erat
2157 1089 2342 1128 coram
2383 1073 2514 1138 Deo,
2559 1074 2752 1128 merito
2803 1075 2963 1143 digne
3003 1074 3201 1127 dicitur
3230 1075 3296 1129 de
3327 1090 3425 1143 ger

1851 1183 1980 1223 nere
2007 1182 2128 1224 esse
2159 1167 2388 1238 optimo.
2414 1167 2549 1222 Nam
2582 1167 2708 1236 quis
2757 1181 2884 1221 vere
2918 1167 3059 1220 bene
3087 1167 3192 1219 erit
3221 1176 3382 1220 natus
3405 1205 3421 1228 ,

1852 1260 1956 1315 nisi
1989 1261 2034 1315 is
2067 1261 2158 1329 qui
2180 1259 2420 1313 divinam
2453 1259 2790 1312 nativitatem
2841 1266 3004 1326 atque
3053 1256 3422 1310 conditionem

1852 1351 2120 1418 integram
2151 1348 2596 1404 conservaverit?
2631 1346 2784 1401 Sicut
2816 1346 3156 1401 admirabilis
3179 1346 3271 1400 ille
3298 1344 3421 1409 Job.
3476 1364 3485 1378 ι

1852 1442 1943 1511 qui
1972 1443 2132 1510 digne
2156 1456 2220 1496 ac
2253 1439 2400 1508 juste
2429 1441 2567 1494 bene
2597 1448 2758 1492 natus
2789 1438 3117 1507 appellatur,
3161 1453 3268 1493 non
3297 1440 3424 1507 quia

1851 1547 1917 1588 ex
1966 1532 2109 1588 Esau
2153 1530 2506 1602 generatione
2537 1529 2832 1582 carnaliter
2870 1528 3035 1582 fuerit
3077 1543 3236 1582 orsus
3263 1568 3280 1592 ,
3331 1528 3425 1582 sed

1853 1627 1979 1696 quia
2010 1626 2281 1680 Abraham
2310 1638 2408 1691 per
2431 1623 2540 1676 Deo
2571 1621 2824 1676 dilectam
2857 1620 3014 1674 ﬁdem
3046 1629 3129 1675 est
3160 1619 3424 1682 imitatus,

1853 1727 1908 1772 et
1933 1717 2060 1784 quia
2096 1715 2246 1769 Isaac
2273 1715 2324 1768 in
2356 1713 2644 1767 verissima
2678 1712 2934 1767 castitate
2963 1721 3046 1766 est
3073 1719 3344 1774 sectatus,
3371 1719 3428 1764 et

1853 1808 2018 1861 Israel
2043 1807 2095 1860 in
2124 1806 2413 1876 perspicua
2439 1804 2621 1879 cordis
2651 1803 2884 1871 puritate
2927 1801 3377 1871 appropinquavit
3405 1841 3422 1865 ,

1853 1909 1907 1954 et
1933 1897 2326 1952 Melchisedech
2351 1896 2406 1950 in
2435 1895 2668 1948 filiorum
2706 1895 3099 1959 immolatione,
3140 1903 3196 1948 et
3218 1891 3424 1962 Joseplt

1855 1989 1908 2043 in
1945 1989 2213 2052 castitate,
2245 1997 2300 2041 et
2341 1985 2508 2056 Moysi
2537 1986 2589 2038 in
2635 1986 3072 2048 mansuetudine,
3103 1993 3158 2038 et
3185 1983 3427 2037 Samueli

1855 2081 1910 2135 in
1934 2080 2166 2149 iustitia,
2183 2088 2237 2133 et
2255 2079 2462 2133 Lazaro
2487 2077 2539 2131 in
2561 2077 2818 2147 passione
2833 2076 3047 2145 judicii.
3069 2082 3234 2145 atque
3254 2074 3427 2128 omni-

1853 2169 1956 2224 bus
1977 2171 2182 2224 sanctis
2207 2169 2260 2222 in
2293 2169 2554 2223 omnibus
2586 2167 2908 2232 virtutibus,
2937 2167 3012 2222 ita
3054 2177 3114 2222 ut
3142 2167 3316 2236 possit
3343 2165 3428 2220 di-

1854 2277 1977 2317 cere
1998 2263 2163 2317 etiam
2200 2261 2316 2331 ipse
2349 2277 2474 2315 cum
2508 2269 2700 2315 sancto
2754 2260 2923 2314 David
2957 2278 2971 2313 :
3011 2259 3281 2328 Particeps
3332 2273 3427 2326 ego

1854 2371 1970 2408 sum
1999 2354 2231 2406 omnium
2250 2353 2543 2405 timentium
2567 2361 2636 2416 te,
2665 2361 2710 2405 et
2739 2352 3144 2406 custodientium
3174 2350 3427 2402 mandata

1856 2457 1946 2498 tua
1975 2445 2042 2498 “.
2101 2445 2243 2515 Ergo
2277 2444 2404 2514 quia
2449 2445 2695 2498 omnium
2755 2453 3073 2500 sanctorum
3119 2440 3427 2496 sanctitatis

1856 2537 2128 2607 particeps
2158 2535 2385 2592 elfectus
2417 2538 2500 2593 est
2527 2537 2722 2592 beatus
2763 2534 2898 2600 Job,
2938 2533 3143 2589 idcirco
3165 2532 3329 2602 digne
3357 2545 3427 2586 ex

1857 2643 2054 2700 genere
2097 2630 2306 2700 optimo
2340 2629 2512 2686 fuisse
2559 2631 2738 2685 dictus
2765 2638 2871 2694 est,
2917 2635 3105 2697 utpote
3156 2626 3320 2682 totius
3343 2624 3427 2692 ju-

1859 2721 2024 2776 stitia:
2070 2723 2410 2777 nobilitatem
2457 2722 2510 2778 in
2549 2737 2608 2777 se
2637 2732 2893 2790 geelans,
2947 2727 3134 2788 utpote
3182 2720 3428 2773 omnium

1859 2815 2165 2870 amicorum
2200 2812 2414 2868 Domini
2446 2812 2748 2866 libertatem
2781 2811 2837 2865 in
2869 2824 2929 2865 se
2958 2810 3261 2866 continens.
3309 2805 3428 2861 Non

1859 2907 2115 2962 dicuntur
2145 2908 2319 2960 Amon
2344 2905 2431 2960 vel
2458 2906 2700 2961 Absalon
2721 2906 2860 2960 bene
2897 2904 3005 2958 nati
3039 2921 3054 2958 :
3091 2908 3430 2972 negaverunt

1859 3001 2031 3065 enim,
2057 3008 2114 3056 et
2143 2999 2516 3056 discesserunt
2546 3010 2706 3068 atque
2729 2996 3040 3052 ceciderunt
3080 3009 3113 3050 a
3145 2992 3430 3049 sanctitate

1860 3105 1915 3148 et
1941 3093 2202 3163 dignitate
2236 3092 2405 3146 David
2442 3091 2611 3162 patris
2647 3090 2771 3146 sui:
2813 3097 2870 3144 et
2899 3088 2990 3142 alii
3042 3085 3321 3141 innumeri
3352 3086 3427 3140 si-

1787 3216 1830 3273 c
1862 3184 2064 3239 militer
2087 3193 2147 3239 ut
2195 3183 2231 3238 ii
2275 3183 2435 3254 primi
2465 3193 2519 3238 et
2550 3181 2852 3247 novissimi,
2895 3180 2988 3250 qui
3021 3191 3235 3234 omnem
3263 3177 3428 3246 justi-

1865 3276 1953 3331 tiaa
1983 3275 2287 3330 libertatem
2319 3275 2633 3330 amittentes
2663 3283 2720 3328 et
2749 3273 2888 3328 servi
2939 3271 3118 3326 eﬂ'ecti
3167 3268 3376 3339 peccati
3409 3307 3425 3331 ,

1859 3367 2048 3425 aeterni
2079 3367 2330 3439 supplicii
2361 3366 2507 3436 apud
2533 3365 2740 3436 inferos
2766 3362 3193 3434 comprobantur
3213 3359 3426 3415 famuli.

1861 3459 1972 3515 Nos
1998 3473 2126 3514 vero
2165 3459 2358 3527 dignos
2381 3471 2567 3512 omnes
2593 3455 2791 3512 habeat
2812 3462 3032 3509 sanctos
3053 3452 3294 3507 omnium
3325 3451 3429 3506 Do-

1861 3552 2064 3614 minus,
2098 3559 2157 3604 ut
2196 3551 2336 3605 bene
2367 3549 2480 3602 nati
2522 3548 2578 3602 in
2609 3554 2801 3602 sancta
2856 3542 3274 3612 regeneratione
3301 3555 3429 3610 per-

1862 3656 2201 3698 severemus.
2232 3639 2509 3695 Concedat
2542 3636 2894 3691 nihilominus
2923 3634 3037 3703 ipse
3068 3631 3225 3688 nobis
3267 3630 3430 3686 ccele-

1861 3737 1961 3790 stis
1994 3735 2276 3798 Dominus,
2318 3742 2374 3787 ut
2421 3732 2478 3786 in
2513 3728 2908 3799 incorruptibili
2939 3726 3303 3797 generositate
3325 3722 3430 3778 illi-

1860 3827 1987 3881 bata
2026 3839 2485 3896 permaneamus,
2535 3836 2646 3877 non
2699 3821 2881 3876 carnis
2923 3826 3131 3872 tantum
3180 3816 3430 3870 libertate

1859 3919 2180 3988 gloriantes,
2216 3915 2308 3970 sed
2342 3916 2538 3968 animae
2569 3913 2842 3976 castitate,
2897 3910 3002 3964 tide
3047 3918 3212 3976 atque
3245 3906 3428 3960 omnia

1859 4027 2040 4067 coram
2078 4010 2185 4063 Deo
2207 4017 2261 4061 et
2287 4010 2490 4064 sanctis
2544 4006 2750 4075 angelis
2798 4003 2916 4071 ejus
2949 4003 3424 4056 demonstrantes:

1859 4111 1939 4168 ut,
1961 4099 2108 4154 liberi
2134 4101 2199 4153 ab
2221 4097 2472 4153 omnibus
2497 4095 2733 4166 peccatis
2756 4103 2811 4148 et
2835 4091 3069 4156 delictis,
3098 4090 3150 4142 in
3169 4097 3429 4142 aeternam

1860 4197 2083 4270 gloriam
2138 4208 2202 4248 ac
2243 4206 2467 4262 regnum
2519 4189 2758 4244 ctelestis
2817 4184 2996 4239 Patris
3029 4181 3200 4237 nostri
3245 4181 3426 4250 regis,

1861 4269 1981 4346 cum
2019 4286 2224 4340 sanctis
2248 4285 2366 4338 sine
2403 4280 2722 4336 diﬁicultate
2754 4278 3109 4337 introeamus,
3139 4269 3316 4328 sancti
3342 4280 3429 4324 at-

1858 4397 1964 4452 que
1989 4375 2290 4434 intaminati
2324 4373 2418 4428 ﬁlii
2456 4371 2598 4442 ejus,
2639 4375 3048 4440 perseverantes
3069 4364 3123 4418 in
3147 4360 3430 4431 prameptis

1858 4471 1976 4540 ejus
2007 4483 2181 4539 usque
2227 4467 2281 4520 in
2323 4465 2508 4528 ﬁnem,
2541 4473 2594 4517 et
2619 4462 2922 4515 libertatem
2955 4457 3024 4511 ab
3050 4469 3115 4511 eo
3139 4453 3296 4508 nobis
3335 4453 3431 4507 do-

178 4569 403 4624 vitutem.
431 4568 576 4623 Nam
613 4567 743 4635 ipse
779 4573 932 4632 pater
965 4560 1100 4628 Noe,
1137 4562 1227 4630 qui
1287 4561 1402 4631 ejus
1451 4561 1755 4614 libertatem

1866 4577 2044 4620 natam
2076 4573 2238 4632 atque
2269 4558 2610 4615 nobilitatem
2652 4551 3058 4608 immaculatam
3086 4547 3285 4618 iugiter
3328 4560 3427 4600 cn-

176 4667 320 4729 atque
342 4660 797 4732 generositatem
823 4664 944 4708 erat
973 4654 1324 4717 defensurus,
1356 4653 1471 4722 ipse
1489 4652 1638 4722 justo
1664 4651 1758 4705 Dei

173 4749 356 4816 judicio
392 4755 447 4807 in
481 4749 860 4805 maledictum
894 4754 1055 4812 atque
1091 4744 1408 4800 servitutem
1438 4758 1560 4797 eum
1594 4742 1764 4796 dona-

178 4843 258 4898 vit.
286 4842 402 4898 Non
434 4845 597 4899 enim
621 4847 754 4895 erat
789 4838 978 4908 dignus
1029 4848 1088 4892 ut
1110 4837 1285 4908 patris
1314 4835 1562 4889 libertate
1594 4844 1757 4904 atque

176 4935 449 4990 nobilitate
480 4933 850 5003 fungeretur,
871 4942 1033 4997 quem
1063 4937 1126 4981 ut
1171 4925 1462 4995 ignobilem
1498 4924 1666 4993 impie
1692 4925 1758 4978 ad

178 5024 492 5078 derisionem
513 5019 814 5092 perduxit.
832 5017 1178 5088 Nequaquam
1199 5033 1326 5088 ergo
1338 5018 1511 5083 juvat,
1527 5031 1559 5070 ο
1578 5016 1762 5082 amici,

175 5125 376 5182 patrum
409 5114 644 5185 iustitia
684 5111 918 5178 injustos
965 5121 1128 5180 atque
1152 5111 1348 5180 impios
1383 5110 1558 5166 ﬁlios:
1589 5118 1646 5164 et
1674 5110 1761 5163 tti-

177 5205 242 5260 hil
267 5208 420 5264 obest
442 5208 562 5278 piis
591 5213 776 5273 atque
798 5203 1002 5258 sanctis
1033 5202 1159 5257 ﬁliis
1181 5211 1466 5272 parentum
1496 5201 1761 5270 iniustitia

177 5307 330 5368 atque
353 5301 652 5371 impietas.
690 5295 822 5351 Sive
853 5295 995 5351 enim
1044 5306 1248 5366 patres,
1283 5297 1402 5351 sive
1444 5296 1587 5349 inter
1623 5293 1761 5349 ﬁlios

178 5391 289 5456 quis
316 5390 516 5446 fecerit
542 5396 865 5458 peccatum,
902 5386 992 5442 hic
1017 5401 1208 5442 servus
1263 5397 1350 5442 est
1395 5386 1604 5456 peccati
1635 5401 1650 5438 :
1705 5393 1760 5440 et

177 5495 291 5534 cum
321 5496 519 5536 servus
553 5482 638 5536 sit
685 5477 896 5548 peccati
922 5517 937 5542 ,
969 5477 1105 5534 liber
1137 5477 1223 5532 vel
1274 5478 1416 5532 bene
1449 5485 1606 5530 natus
1637 5489 1762 5530 esse

181 5585 278 5624 non
308 5573 739 5641 comprobatur.
779 5567 910 5622 Item
945 5568 1198 5623 similiter
1228 5568 1320 5638 qui
1353 5568 1495 5623 liber
1523 5575 1610 5622 est
1635 5581 1762 5636 pec-

181 5670 322 5727 cato,
347 5662 437 5719 hic
468 5663 656 5718 habet
711 5661 998 5730 ingenuam
1027 5672 1190 5731 atque
1231 5661 1450 5732 dignam
1480 5661 1675 5715 anima
1698 5659 1764 5715 Ii-

177 5845 182 5853 π
251 5822 296 5854 ’⁸
323 5822 460 5877 I‘saI.
499 5834 707 5886 cxvm,
740 5815 862 5871 63.‘

1862 4657 2179 4712 stodientes.
2223 4651 2313 4708 Sic
2357 4653 2541 4719 itaque
2571 4646 2826 4703 omnibus
2862 4641 3038 4697 modis
3083 4639 3220 4694 bene
3271 4645 3430 4689 natus

1861 4748 2055 4801 beatus
2085 4743 2185 4798 Job
2217 4756 2340 4797 esse
2367 4737 2727 4810 dignoscitur.
2752 4731 2902 4787 Beati
2943 4742 3132 4784 omnes
3159 4727 3252 4796 qui
3279 4724 3430 4778 illum

1863 4836 2070 4891 fuerint
2103 4831 2320 4888 imitati.
2361 4828 2510 4884 Beati
2562 4837 2753 4882 omnes
2786 4823 2876 4892 qui
2903 4821 3021 4888 ejus
3050 4819 3231 4872 divina
3263 4813 3432 4868 vesti-

1864 4930 1949 4997 gia
1981 4926 2184 4981 fuerint
2215 4922 2408 4979 secuti.
2437 4919 2501 4973 Ili
2531 4917 2674 4973 enim
2707 4928 2896 4969 omnes
2919 4908 3079 4966 simul
3103 4917 3161 4961 ut
3185 4906 3273 4959 ille
3307 4904 3426 4973 glo-
3475 4969 3483 4981 _

1865 4993 1942 5074 ria
1976 5017 2115 5086 apud
2143 5015 2309 5070 Deum
2340 5012 2483 5081 digni
2520 5008 2880 5064 habebuntur.
2921 5000 3028 5055 Sed
3061 4997 3238 5052 adhuc
3278 4993 3382 5086 fuit
3410 5030 3428 5056 ,

1865 5084 2063 5179 inquit,
2094 5107 2184 5161 hic
2208 5098 2372 5160 homo
2399 5103 2466 5156 de
2495 5113 2693 5169 genere
2719 5097 2945 5166 optimo.
2978 5091 3042 5144 Et
3095 5103 3202 5142 non
3252 5084 3428 5140 solum

1863 5176 2092 5272 optimo,
2117 5196 2213 5251 sed
2245 5211 2312 5248 ex
2346 5192 2596 5263 partibus
2646 5185 2902 5243 Orientis.
2959 5178 3114 5272 Unde
3157 5176 3431 5272 igitur

1863 5263 2152 5346 delectatio
2175 5283 2434 5339 luminis?
2454 5280 2608 5335 Unde
2629 5277 2796 5332 etiam
2821 5271 2954 5326 radii
2977 5263 3432 5336 pulchritudinis?

1866 5382 2021 5437 Unde
2047 5387 2199 5434 ortus
2247 5371 2532 5429 sanitatis?
2587 5367 2662 5421 Ex
2707 5364 2950 5435 partibus
2987 5357 3246 5413 Orientis.
3279 5355 3432 5410 Unde

1867 5484 1950 5530 est
1981 5470 2262 5528 hominum
2314 5459 2568 5519 initium?
2600 5455 2756 5512 Unde
2801 5453 3019 5508 fuerunt
3050 5449 3235 5504 mundi
3281 5447 3432 5514 prio-

1869 5563 2000 5619 res?
2052 5553 2151 5616 Ubi
2191 5565 2275 5612 est
2325 5551 2610 5625 paradisus
2660 5540 3061 5616 iucunditatis?
3109 5538 3380 5592 Plantavit
3412 5575 3429 5600 ,

1871 5654 2066 5726 inquit,
2103 5649 2408 5722 paradisum
2439 5639 2716 5712 uoluptatis
2745 5639 2799 5692 in
2827 5636 2997 5702 Eden,
3018 5642 3206 5688 contra
3253 5631 3430 5686 orien-
