3942 6526
452 410 552 466 Sili

1546 386 1931 455 ANONYMUS
1967 390 2034 449 IN
2072 379 2213 448 JOB.
2250 420 2317 433 -—
2355 377 2488 447 LIB.
2526 378 2572 449 ἰ.

3602 382 3702 449 392

456 537 558 582 tem
595 527 663 579 “.
696 523 825 579 Inde
855 520 1112 577 nimirum
1137 514 1475 573 admirabilis
1505 512 1606 569 Job
1630 509 2028 569 diciturfuisse.
2059 534 2106 593 Α
2138 520 2331 562 manos
2359 506 2758 563 conveniebant
2789 508 2855 562 ad
2884 507 3139 564 invicem.
3191 495 3379 563 Nullus
3426 508 3709 578 judicabat

455 620 539 675 0b
563 634 723 689 quam
761 614 915 670 rem!
944 612 1081 679 Quia
1123 608 1336 665 refulsit
1357 608 1589 663 veritate
1612 613 1670 661 et
1694 601 2031 672 resplenduit

460 712 567 764 ﬁde
597 724 661 764 ac
689 707 910 778 pietate,
938 712 1103 774 atque
1159 700 1443 757 tolerantia
1465 738 1480 763 ,
1531 705 1586 753 et
1633 696 1887 752 omnibus
1920 694 2031 747 vir-

457 808 631 854 tutum
671 796 885 852 studiis.
914 793 997 851 Ob
1018 794 1120 849 hoc
1150 806 1280 861 ergo
1305 790 1466 860 digne
1494 804 1558 844 ex
1590 801 1790 858 genere
1819 786 2030 856 optimo

453 902 511 945 et
552 905 618 943 ex
670 888 914 959 partibus
966 886 1194 942 orientis
1248 883 1414 937 fuisse
1452 881 1670 936 dicitur.
1707 878 1841 933 Nam
1891 879 2033 933 sicut

453 993 645 1033 Omnes
695 978 945 1032 homines
996 976 1101 1030 diei
1161 974 1285 1029 luce
1336 972 1625 1042 incipiente
1668 971 1733 1024 ad
1767 970 2029 1024 orientem

454 1084 607 1123 suam
644 1069 913 1124 extollunt
940 1066 1203 1121 visionem
1223 1106 1238 1130 ,
1264 1064 1666 1135 pulcherrimos
1694 1062 1825 1115 solis
1842 1061 2032 1115 radios

455 1170 817 1232 properantes
850 1159 1158 1229 respicere;
1210 1156 1292 1212 sic
1342 1155 1618 1219 similiter,
1649 1154 1734 1208 vel
1778 1154 1884 1208 imo
1936 1170 2031 1223 po—

454 1256 564 1308 tius
596 1252 777 1307 omnis
809 1251 895 1320 pia
922 1266 987 1305 ac
1016 1250 1269 1319 religiosa
1299 1257 1461 1317 atque
1489 1246 1721 1301 credens
1751 1245 1930 1299 anima
1976 1246 2029 1298 in

453 1345 601 1398 omni
639 1352 881 1413 tempore
920 1343 985 1397 ad
1017 1340 1482 1409 incorruptibilem
1532 1338 1821 1398 orientem,
1847 1351 2030 1391 veram

456 1435 757 1505 Spiritalem
787 1434 995 1488 extollit
1026 1432 1315 1491 visionem,
1342 1439 1401 1484 ut
1433 1430 1577 1483 Solis
1597 1426 1821 1493 iustitiae
1853 1428 2030 1481 admi-

456 1522 660 1576 rabiles
686 1521 868 1574 radios
897 1518 1094 1574 exinde
1118 1518 1251 1573 oriri
1285 1517 1608 1587 conspiciat.
1638 1516 1749 1571 Hoc
1778 1519 2034 1572 monebat

452 1621 511 1666 et
536 1612 636 1665 hoc
687 1611 1051 1681 significabat,
1081 1606 1265 1665 ethoc
1298 1610 1530 1664 docebat
1573 1624 1766 1663 omnes
1817 1609 1911 1663 ille
1939 1609 2031 1678 qui

455 1705 530 1775 ait
558 1702 603 1737 “
630 1721 643 1758 :
669 1703 894 1757 Psallite
916 1703 1021 1757 Deo
1037 1705 1126 1773 qui
1153 1704 1389 1757 ascendit
1409 1718 1565 1769 super
1586 1704 1770 1757 ctzlum
1787 1703 2033 1756 caelorum

452 1796 525 1849 ad
565 1796 838 1849 orientem.
880 1795 974 1850 Sic
1017 1808 1252 1863 namque
1291 1793 1497 1848 Danieli
1530 1793 1778 1848 adoranti
1814 1793 1980 1846 Deum
2016 1833 2031 1852 ,

456 1899 623 1955 atque
654 1888 967 1957 deprecanti
997 1897 1183 1942 contra
1216 1885 1517 1941 Jerusalem
1542 1886 1927 1954 aperiebantur
1956 1885 2027 1940 fe-
2061 1872 2101 1928 Β

458 1989 659 2034 nostra:
681 1972 756 2034 ⁸⁷.’
782 1980 874 2033 Illo
899 1980 1045 2033 enim
1082 1980 1171 2033 ubi
1197 1988 1316 2034 erat
1342 1992 1405 2031 ex
1457 1977 1728 2048 Babylone
1756 1977 1820 2029 ad
1849 1976 2031 2030 orien-

456 2081 588 2136 tem,
615 2071 740 2125 inde
763 2079 882 2125 erat
910 2071 1040 2124 solis
1066 2078 1219 2123 ortus
1252 2068 1317 2123 ad
1342 2068 1701 2138 Babylonem.
1730 2066 1871 2134 Ergo
1901 2069 2028 2136 quia

456 2176 578 2215 cum
603 2160 654 2213 in
692 2160 1060 2229 Hierosolyma
1093 2168 1235 2211 esset
1260 2158 1326 2211 ad
1354 2158 1615 2211 orientem
1644 2157 1923 2217 adorabat,
1948 2156 2032 2208 id-

374 2288 383 2311 .
455 2259 607 2311 circo
627 2266 679 2311 et
705 2270 827 2309 cum
860 2262 1002 2309 esset
1030 2252 1081 2305 in
1107 2250 1401 2321 Babylonia
1428 2262 1684 2318 tanquam
1720 2249 1782 2302 ad
1809 2246 2033 2303 Jerusa-

455 2347 564 2402 lem
603 2360 793 2402 versus
823 2346 889 2400 ad
931 2344 1197 2398 orientem
1225 2342 1489 2395 adorabat
1522 2341 1687 2394 Deum
1716 2348 1770 2393 et
1820 2349 2031 2393 creato-

455 2456 571 2495 rem
604 2440 867 2495 omnium.
898 2437 979 2491 Ad
1008 2436 1273 2489 orientem
1318 2433 1581 2487 adorabat
1609 2447 1731 2484 eum
1756 2469 1771 2492 .
1819 2446 1885 2485 ex
1919 2446 2029 2501 quo

453 2540 539 2586 est
571 2530 733 2584 totius
758 2526 1006 2581 beneficii
1039 2540 1102 2579 ac
1132 2524 1344 2588 salutis,
1372 2522 1565 2593 gratia:
1596 2537 1815 2591 quoque
1839 2536 1903 2576 ac
1929 2521 2031 2574 mi-

452 2620 770 2678 sericordiae
799 2626 977 2673 ortus.
1030 2617 1124 2672 Sic
1161 2630 1397 2685 namque
1424 2623 1479 2668 et
1513 2629 1653 2669 nunc
1701 2628 1800 2668 nos
1841 2628 2031 2671 omnes

454 2714 761 2775 credentes,
794 2710 999 2767 sanctis
1025 2709 1277 2764 similiter
1307 2706 1656 2762 credentibus
1692 2707 2030 2761 concordan-

458 2814 540 2859 tes
569 2804 634 2857 ad
662 2803 926 2857 orientem
950 2800 1236 2854 adoramus
1254 2796 1543 2852 Dominum
1564 2795 1732 2850 Deum
1757 2804 2025 2858 nostrum,

456 2895 549 2965 qui
582 2903 804 2963 propter
831 2900 1072 2947 nostram
1103 2890 1334 2945 salutem
1392 2895 1553 2957 atque
1605 2889 2029 2958 redemptionem

458 3002 625 3055 super
652 2999 910 3040 occasum
960 2998 1091 3038 sane
1128 2980 1429 3044 descendit,
1458 2988 1644 3050 utpote
1668 2979 1722 3033 in
1753 2981 2026 3050 passione,

456 3092 523 3132 ac
558 3085 731 3130 morte
761 3088 1081 3136 occasurus,
1116 3074 1182 3126 ad
1211 3072 1478 3128 orientem
1502 3087 1631 3126 vero
1668 3070 1913 3125 ascendit
1940 3078 2028 3124 ut-

456 3178 581 3240 pote
606 3184 634 3221 a
667 3167 898 3222 mortuis
925 3173 1047 3233 post
1080 3165 1387 3234 passionem
1419 3178 1729 3234 resurgens,
1753 3170 1808 3216 et
1833 3162 1886 3216 in
1917 3174 2029 3215 cm-

458 3262 568 3315 lum
596 3267 720 3328 post
764 3257 1218 3313 resurrectionem
1268 3258 1334 3311 ad
1384 3255 1653 3310 orientem
1707 3252 2025 3308 ascendens.

462 3352 663 3408 llorum
699 3366 935 3422 namque
972 3350 1217 3406 omnium
1249 3350 1479 3421 ﬁguram
1512 3347 1812 3417 adimplens
1838 3346 2031 3403 beatus

455 3440 580 3509 Job,
617 3458 684 3497 ex
709 3443 956 3511 partibus
995 3440 1225 3495 orientis
1269 3455 1392 3495 esse
1422 3440 1645 3503 dicitur,
1676 3440 1802 3509 quia
1854 3437 2030 3493 omnis

458 3535 722 3589 sanctitas
744 3542 798 3589 et
822 3533 997 3602 pietas
1026 3542 1190 3604 atque
1219 3532 1353 3588 ﬁdes
1384 3546 1555 3601 usque
1583 3531 1637 3585 in
1668 3529 1828 3585 ﬁnem
1850 3531 1902 3584 in
1940 3529 2030 3584 illo

457 3634 576 3682 orta
609 3635 713 3680 est.

530 3717 659 3773 Post
686 3717 802 3772 haec
832 3725 1008 3771 autem
1046 3715 1297 3771 universa
1347 3716 1611 3786 adiit-iens
1648 3714 1819 3769 dicit:
1888 3711 2031 3768 Con-

459 3810 719 3865 oenientes
749 3824 869 3879 ergo
899 3808 999 3877 ﬁlii
1045 3808 1156 3871 eius
1185 3810 1252 3860 ad
1286 3808 1528 3872 invicem,
1549 3807 1836 3874 potationes
1862 3807 2029 3876 facie-

462 3905 583 3955 bant
615 3917 703 3970 per
728 3901 963 3971 singulos
1010 3901 1123 3953 dies
1155 3899 1222 3951 ⁸⁸.
1283 3898 1404 3953 Filii
1449 3899 1611 3953 illius.
1669 3898 1875 3966 Cujus?
1902 3897 2023 3952 Joh.

459 3994 579 4050 Filii
613 3994 755 4048 illius
785 3994 877 4063 qui
914 3992 1113 4047 dudum
1143 4002 1271 4048 sunt
1318 3991 1581 4062 designati
1614 3990 1697 4046 vel
1722 3990 2027 4046 memorati.

457 4087 577 4141 Filii
610 4086 704 4155 qui
746 4096 949 4156 septem
975 4082 1195 4138 fuerunt
1229 4099 1482 4147 numero,
1537 4090 1593 4137 et
1625 4095 1785 4136 unam
1820 4082 2028 4135 habue-

456 4186 585 4231 runt
611 4176 870 4231 animam.
902 4175 1120 4244 Septem
1173 4173 1395 4228 fuerunt
1426 4188 1672 4243 persona:
1696 4213 1712 4237 ,
1765 4180 1823 4227 et
1860 4186 2027 4225 unum

457 4276 577 4319 erat
602 4265 683 4319 eis
706 4279 822 4319 cor.
885 4263 987 4329 Qui
1040 4262 1331 4317 dissimiles
1383 4268 1541 4316 erant
1597 4266 1818 4329 aspectu
1868 4264 2031 4325 atque

456 4356 616 4421 facie,
648 4354 855 4410 similes
885 4368 1012 4409 vero
1044 4363 1101 4410 et
1148 4353 1436 4407 unanimes
1482 4350 1680 4406 mentis
1735 4348 2029 4405 concordia

456 4459 623 4515 atque
650 4447 870 4515 pietatis
917 4444 1320 4501 communione.
1373 4442 1464 4496 Isti
1514 4454 1646 4511 ergo
1690 4449 1899 4511 septem
1932 4438 2025 4493 ﬁlii

2134 599 2277 654 inter
2306 614 2425 664 eos,
2454 614 2557 654 nec
2589 601 2885 670 quidquam
2920 616 3081 656 suum
3130 615 3253 656 esse
3297 603 3515 656 dicebat
3546 644 3564 669 ,
3619 608 3710 659 sed

2130 699 2289 743 erant
2320 682 2424 745 illis
2451 691 2632 745 omnia
2665 694 2997 755 communia,
3024 702 3079 747 et
3103 708 3346 759 munera,
3373 704 3429 747 et
3455 696 3714 751 substan-

2131 784 2227 847 tia,
2261 794 2318 837 et
2347 784 2570 848 divitiae,
2597 794 2653 838 ct
2679 786 3033 852 ttnanimilas,
3057 796 3111 841 et
3145 787 3403 857 pecunia,
3444 799 3499 843 et
3528 789 3713 843 chari-

2130 878 2236 943 tas,
2269 877 2450 931 omnia
2481 886 2642 931 erant
2693 878 2797 933 illis
2832 880 3160 933 communia.
3195 878 3715 951 Conveniehantqne

2135 968 2205 1023 ad
2228 968 2458 1022 invicem
2482 969 2580 1039 ipsi
2599 970 2825 1038 priores,
2850 971 3208 1041 adimplentes
3230 973 3329 1028 hoc
3347 976 3490 1042 quod
3505 974 3711 1030 dictum

2131 1070 2215 1116 est
2242 1078 2257 1115 :
2292 1054 2424 1116 Ecce
2455 1069 2612 1132 quam
2648 1066 2860 1125 bonum.
2887 1074 2934 1118 et
2969 1082 3126 1134 quam
3151 1067 3445 1135 jucundum
3472 1069 3714 1125 habitare

2133 1153 2325 1222 fratres
2363 1156 2419 1209 in
2444 1172 2603 1209 unum
2630 1156 2675 1187 δ’
2701 1172 2714 1210 :
2746 1157 2845 1226 ipsi
2881 1158 3091 1227 priores
3109 1158 3472 1215 observantes
3494 1162 3550 1215 id
3571 1167 3711 1231 quod

2131 1252 2257 1313 pOSt
2289 1245 2357 1299 ab
2389 1244 2652 1314 apostolis
2706 1246 3056 1302 observatum
3089 1260 3175 1304 est
3216 1259 3270 1303 et
3297 1264 3327 1301 a
3362 1252 3714 1305 credentibus

2130 1333 2432 1401 perfectum
2486 1342 2653 1403 atque
2708 1335 3085 1405 adimpletum,
3120 1338 3261 1391 sicut
3295 1339 3498 1394 dicitur
3528 1358 3545 1394 :
3582 1340 3710 1394 Erat

2131 1436 2226 1478 cor
2262 1434 2311 1478 et
2344 1426 2523 1478 anima
2554 1426 2786 1480 omnium
2817 1428 3142 1481 credentium
3176 1446 3282 1483 una
3307 1432 3375 1487 ι’.
3405 1429 3564 1487 Hanc
3611 1435 3712 1488 sci.

2133 1512 2263 1570 licet
2290 1516 2437 1585 piam
2489 1517 2905 1572 unanimitatem
2936 1521 3291 1577 ostendentes
3337 1532 3503 1591 atque
3536 1524 3713 1577 since-

2135 1624 2250 1662 ram
2296 1607 2641 1662 concordiam
2684 1609 3124 1666 demonstrantes
3161 1613 3301 1667 beati
3361 1614 3440 1669 illi
3483 1616 3582 1669 tilii
3614 1615 3713 1671 Job

2134 1698 2537 1753 conveniebant
2583 1701 2645 1752 ad
2677 1700 2931 1756 invicem.
2965 1701 3041 1756 lta
3073 1715 3286 1773 oportet
3311 1709 3475 1761 etiam
3528 1707 3712 1763 facere

2139 1786 2418 1861 religiosos
2444 1790 2666 1854 fratres,
2694 1792 2764 1846 ita
2795 1803 3010 1863 Oportet
3040 1797 3207 1851 etiam
3241 1810 3385 1853 nunc
3416 1800 3712 1855 ostendere

2132 1898 2288 1937 veros
2311 1898 2625 1952 germanos,
2651 1884 2878 1939 blandos
2914 1897 3079 1957 atque
3113 1889 3272 1944 mites
3294 1905 3417 1945 esse
3449 1891 3708 1957 invicem,

2133 1976 2406 2029 modestos
2430 1989 2645 2043 quoque
2670 1986 2723 2028 et
2766 1978 3074 2032 unanimes.
3106 1977 3221 2032 Non
3252 1993 3468 2050 oportet
3489 1991 3711 2037 contem

2134 2066 2330 2119 tionem
2381 2065 2467 2119 vel
2524 2065 2818 2121 divortium
2855 2083 2975 2122 cum
3025 2070 3253 2126 invicem
3298 2072 3525 2127 habere.
3596 2074 3706 2127 Non

2130 2166 2343 2227 oportet
2366 2171 2461 2211 eos
2495 2157 2751 2213 invidiam
2784 2169 2950 2228 atque
2974 2162 3149 2217 zelum
3183 2165 3449 2221 adversus
3477 2168 3707 2222 invicem

2133 2248 2391 2303 retinere.
2423 2247 2538 2303 Non
2570 2259 2786 2318 oportet
2813 2264 2907 2306 eos
2949 2253 3212 2305 malitiam
3243 2255 3325 2308 vel
3356 2256 3706 2325 iniquitatem

2132 2338 2199 2392 ad
2224 2338 2453 2392 invicem
2486 2353 2785 2403 reservare,
2812 2341 2955 2395 sicut
2980 2342 3109 2397 olim
3142 2344 3277 2399 Esau
3306 2348 3550 2400 servavit
3581 2363 3707 2401 cnn-

2132 2437 2211 2481 tra
2241 2427 2410 2482 Jacob
2465 2428 2699 2484 dicens:
2764 2427 2992 2496 Quando
3042 2437 3539 2503 appropinquabant
3598 2440 3705 2489 dies

2130 2522 2312 2574 mortis
2332 2523 2497 2588 patris
2526 2523 2649 2587 mei,
2671 2523 2982 2593 inter/icium
3009 2526 3171 2578 Iacob
3192 2528 3409 2596 fratrem
3442 2546 3617 2583 meum
3637 2532 3703 2584 δι.

2132 2609 2239 2666 Sed
2273 2613 2522 2668 similiter
2541 2626 2602 2667 ut
2628 2614 2703 2669 illi
2732 2615 2969 2687 religiosi
3001 2617 3096 2673 lilii
3125 2616 3224 2672 Job
3256 2636 3315 2674 se
3345 2620 3584 2676 invicem
3616 2624 3707 2677 dco

2132 2701 2504 2771 bentdiligere
2536 2704 2767 2773 puriter,
2808 2714 2973 2775 atque
3003 2707 3297 2763 sinceriter
3346 2711 3582 2766 invicem
3612 2716 3707 2766 de-

2130 2791 2260 2847 bent
2287 2794 2514 2861 sentire,
2540 2810 2693 2850 suam
2726 2796 2953 2866 gloriam
2986 2808 3153 2869 atque
3179 2801 3438 2857 honorem
3471 2806 3578 2859 sibi
3626 2807 3708 2859 in-

2130 2884 2302 2941 vicem
2332 2884 2569 2951 deferre,
2598 2887 2741 2941 sicut
2780 2888 2908 2942 dicit
2929 2887 3219 2958 Apostolus
3246 2910 3259 2944 :
3297 2892 3358 2947 Si
3383 2893 3707 2963 honoriﬁca-

2130 2985 2242 3029 tum
2259 2991 2418 3030 unum
2443 2977 2604 3047 fuerit
2625 2980 2939 3047 meritorum,
2972 2985 3301 3051 congaudent
3323 2987 3502 3039 omnia
3541 3004 3705 3041 mem-

2131 3069 2223 3121 bra
2246 3066 2312 3123 ⁸⁸.
2330 3069 2447 3124 Non
2472 3082 2682 3139 Oportet
2703 3073 2936 3129 invicem
2958 3076 3206 3131 mordere
3234 3088 3397 3147 atque
3420 3083 3703 3136 criminari

2131 3175 2198 3214 ne
2213 3161 2281 3215 ad
2304 3160 2535 3217 invicem
2562 3174 2953 3220 consumantur
2985 3184 3000 3220 :
3031 3167 3175 3223 sicut
3199 3168 3339 3224 Esau
3364 3173 3456 3227 ille
3486 3176 3708 3244 nequis-

2135 3251 2324 3319 simus,
2359 3254 2449 3322 qui
2482 3265 2704 3325 propter
2743 3256 3059 3312 aviditatem
3098 3260 3388 3328 primatum
3419 3264 3708 3333 amittens,

2132 3352 2255 3412 post
2285 3347 2399 3400 haec
2449 3348 2712 3403 adversus
2740 3363 3058 3419 germanum
3091 3351 3315 3408 fratrem
3349 3370 3506 3410 suum
3538 3356 3711 3411 Jacnb

2132 3434 2439 3508 insurgens,
2470 3438 2665 3493 divina:
2685 3442 2877 3510 gratiae
2902 3456 3094 3499 exsors
3124 3445 3346 3503 etl'eelus
3368 3459 3471 3504 est.
3499 3449 3611 3505 Sed
3643 3451 3707 3504 ﬁ-

2086 3584 2098 3597 ,
2131 3524 2325 3581 liorum
2348 3525 2449 3583 Job
2477 3528 2682 3583 imitari
2721 3531 2921 3587 debent
2946 3536 3229 3603 benignam
3258 3537 3402 3591 illam
3427 3543 3707 3608 germani-

2133 3626 2323 3681 tatem,
2356 3630 2517 3689 atque
2542 3622 2653 3677 Deo
2676 3622 2926 3678 dilectam
2958 3626 3484 3699 fraternitatem,qui
3513 3648 3709 3688 omnes

2131 3718 2388 3780 tanquam
2422 3728 2485 3769 es
2519 3723 2709 3769 sancta
2745 3716 2929 3773 radice
2960 3720 3132 3775 sancti
3174 3734 3468 3777 creverunt
3519 3727 3659 3779 rami
3690 3760 3707 3788 ,

2129 3800 2220 3871 qui
2251 3816 2440 3857 omnes
2471 3806 2724 3873 tanqua‘m
2752 3821 2820 3861 ex
2858 3818 3046 3862 sancta
3079 3810 3275 3866 arbore
3296 3821 3547 3867 sanctum
3580 3831 3708 3883 pro-

2130 3891 2401 3947 duxerunt
2422 3902 2478 3948 et
2507 3893 2762 3951 fructum.
2789 3897 2863 3952 De
2890 3898 3008 3953 istis
3033 3916 3164 3971 ergo
3204 3902 3326 3958 istic
3357 3905 3491 3957 dicit
3515 3925 3530 3959 :
3560 3907 3705 3960 Con-

2131 3982 2391 4037 venientes
2424 3996 2597 4038 autem
2631 3985 2731 4052 ﬁlii
2757 3987 2873 4055 ejus
2895 3992 2964 4041 ad
2985 3990 3204 4045 invicem
3232 4032 3249 4058 ,
3276 3997 3579 4059 potationes
3619 3999 3709 4065 frr-

2130 4073 2333 4128 ciebant
2359 4090 2451 4142 per
2473 4076 2710 4145 singulos
2735 4079 2846 4134 dies
2875 4081 2968 4134 δ”.
3006 4080 3314 4139 Potationes
3335 4084 3608 4141 faciebant
3652 4089 3706 4143 id

2131 4174 2214 4220 est
2240 4167 2510 4230 convivia,
2553 4166 2915 4234 festivitates,
2966 4172 3232 4242 laetitiam,
3276 4175 3703 4243 iucunditatem.

2132 4257 2237 4311 Sed
2271 4274 2374 4312 non
2404 4258 2504 4313 sibi
2543 4269 2754 4315 tantum
2790 4262 3098 4329 lmiusmodi
3151 4265 3467 4337 faciebant,
3514 4272 3612 4325 sed
3650 4282 3705 4325 et

2130 4350 2410 4405 sororibus
2434 4350 2568 4406 suis.
2603 4350 2910 4408 Convocatis
2931 4393 2948 4420 ,
3005 4357 3220 4427 inquit,
3262 4362 3332 4415 ad
3361 4379 3416 4417 se
3460 4374 3508 4417 et
3537 4365 3704 4419 tribus

2128 4441 2399 4495 sororibus
2425 4444 2555 4509 suis,
2577 4451 2633 4496 ut
2654 4459 2828 4499 secum
2852 4448 3252 4515 manducarent,
3280 4462 3326 4506 et
3350 4454 3584 4508 biberent
3608 4456 3699 4508 ⁸⁸⁸.

457 4537 558 4594 Job
581 4538 967 4592 convenientes
998 4536 1066 4591 ad
1084 4534 1337 4591 invicem.
1368 4530 1489 4587 Non
1510 4539 1631 4587 erat
1658 4530 1799 4586 inter
1819 4543 1913 4586 eos
1941 4544 2028 4584 su-
2057 4548 2102 4604 ι)
2135 4527 2441 4585 Potationes
2467 4532 2754 4601 faciebant,
2787 4534 2881 4590 sed
2905 4551 3012 4591 non
3049 4549 3272 4609 propter
3301 4542 3699 4611 ebriositatem,

456 4630 666 4702 perbia,
698 4642 871 4699 neque
899 4627 1234 4697 arrogantia,
1268 4639 1443 4695 neque
1467 4622 1692 4685 inflatio,
1720 4635 1892 4692 neque
1912 4620 2024 4674 ela—

461 4721 557 4776 tio.
589 4718 707 4773 Non
736 4717 1119 4773 contemnebat
1165 4716 1374 4786 primus
1400 4713 1752 4769 novissimum
1773 4751 1790 4777 ,
1826 4726 1931 4767 non
1966 4724 2025 4765 se

457 4810 773 4877 extollebat,
805 4823 909 4864 non
931 4807 1204 4862 exultabat
1223 4805 1399 4875 major
1424 4818 1587 4875 super
1610 4803 1897 4869 minorem,
1928 4801 2023 4858 sed

458 4916 841 4975 germanorum
867 4900 1019 4955 circa
1059 4898 1294 4953 invicem
1330 4903 1723 4951 conservantes
1749 4894 2020 4950 unanimi-

458 5002 649 5056 tatem,
672 4989 1072 5045 conveniebant
1098 4988 1166 5043 ad
1187 4983 1862 5045 invicem.Conveniebant
1890 4998 2026 5054 pure

456 5093 623 5155 atque
652 5082 884 5148 sincere,
916 5078 1311 5136 conveniebant
1330 5075 1673 5133 concorditer
1693 5084 1859 5145 atque
1889 5088 2026 5127 una-

457 5174 697 5230 nimiter.
718 5170 913 5228 Jonior
931 5168 1116 5239 maiori
1139 5169 1461 5239 obsequium
1478 5166 1759 5232 reddebat,
1789 5164 2026 5221 novissi-

458 5280 581 5319 mus
607 5268 783 5337 primo
823 5277 948 5318 cum
982 5260 1218 5332 primatu
1258 5260 1519 5315 honorem
1551 5256 1845 5313 exhibebat
1871 5272 1886 5309 :
1918 5271 2025 5311 non

459 5354 735 5409 invidebat
758 5354 898 5408 alter
925 5352 1110 5417 alteri,
1139 5351 1285 5407 sicut
1313 5351 1409 5405 ﬁlii
1437 5347 1607 5405 Iacob
1638 5347 1859 5418 Joseph.
1907 5345 2025 5401 Non

456 5446 744 5500 resistebat
773 5445 913 5501 alter
939 5445 1119 5509 alteri,
1147 5444 1288 5500 sicut
1313 5442 1550 5498 Absalon
1580 5444 1778 5506 Amon,
1811 5448 1868 5496 ct
1885 5440 2029 5496 sicut

390 5566 393 5567 ν
458 5535 693 5591 Adonias
710 5536 991 5602 Salomon,
1020 5537 1113 5593 sed
1136 5536 1530 5592 conveniebant
1549 5535 1616 5588 ad
1633 5533 1886 5598 invicem,
1912 5540 2030 5586 tan-

460 5642 621 5695 quam
661 5628 854 5683 fratres
882 5629 949 5683 ad
974 5627 1202 5696 fratres,
1234 5636 1488 5699 tanquam
1520 5626 1767 5698 germani
1803 5624 1871 5681 ad
1906 5640 2029 5698 ger-

531 5765 576 5796 "
600 5765 735 5822 Gen.
761 5784 818 5831 lt,
853 5769 906 5823 8.
1010 5768 1055 5801 "
1086 5766 1419 5831 Psal.t.xvu,~
1475 5766 1567 5821 53.

460 5837 500 5869 "
533 5836 669 5893 Gen.
701 5854 870 5906 xxvtt,
898 5838 985 5894 ιιι.

1673 5765 1717 5797 ’⁵⁷
1760 5766 1894 5820 Dan.
1928 5778 2005 5820 vt.

2126 5762 2170 5795 "
2201 5762 2305 5821 Job
2340 5783 2378 5833 ι,
2429 5768 2474 5823 ι.

1061 5838 1106 5871 ¹¹
1140 5836 1314 5894 lCor.
1344 5853 1443 5903 xu,
1467 5836 1564 5891 26.
1641 5836 1707 5869 "‘
1732 5835 1836 5890 Job
1863 5849 1901 5900 ι,
1924 5835 1981 5887 4.
2053 5834 2098 5866 ⁸³
2134 5836 2265 5891 ibid.

2129 4636 2309 4691 neque
2331 4637 2427 4692 pro
2459 4623 2695 4691 luxuria,
2749 4638 2921 4697 neque
2961 4644 3057 4699 pro
3110 4632 3485 4702 turpitudine,
3527 4652 3703 4707 neque

2129 4728 2229 4782 pro
2255 4713 2670 4783 intemperantia
2696 4756 2713 4780 ,
2752 4733 2929 4787 neque
2976 4735 3075 4789 pro
3114 4722 3319 4778 illicitis
3349 4726 3706 4783 scurrilitati-

2134 4805 2255 4869 bus,
2283 4820 2462 4875 neque
2486 4821 2581 4876 pro
2612 4808 2966 4866 desideriosis
3006 4813 3169 4882 iocis,
3204 4830 3379 4885 neque
3409 4833 3505 4887 pro
3533 4819 3706 4890 impu-

2130 4896 2269 4951 dicis
2322 4897 2607 4967 colloquiis
2664 4911 2825 4972 atque
2877 4903 3151 4961 obscenis.
3197 4907 3255 4961 Si
3290 4909 3435 4963 enim
3497 4912 3703 4981 aliquid

2133 4986 2329 5042 horum
2384 4990 2523 5056 apud
2570 5005 2666 5046 eos
2714 4992 2949 5060 fuisset,
2982 4998 3030 5050 si
3058 4997 3259 5066 aliquid
3290 4998 3356 5053 de
3388 4998 3698 5068 huiusmodi

2129 5077 2274 5134 beati
2303 5078 2377 5134 illi
2412 5080 2505 5135 ﬁlii
2536 5079 2640 5138 Job
2668 5095 2915 5154 agerent,
2946 5102 3053 5143 non
3088 5090 3274 5159 utique
3308 5105 3527 5147 sorores
3575 5108 3701 5153 suas

2131 5180 2316 5222 secum
2346 5182 2762 5240 convocassent,
2808 5186 2867 5231 ut
2893 5190 3019 5232 cum
3049 5181 3329 5236 sororibus
3353 5182 3467 5238 suis
3512 5178 3699 5238 illicita

2128 5272 2292 5332 atque
2314 5262 2587 5333 impudica
2606 5278 2847 5337 agenent,
2881 5271 2963 5327 vel
2981 5272 3435 5343 colloquerentur.
3453 5275 3527 5329 At
3558 5290 3699 5331 nunc

2130 5368 2259 5409 vero
2285 5355 2409 5426 quia
2429 5371 2594 5427 opera
2628 5374 2817 5416 eorum
2845 5400 2861 5426 ,
2896 5374 2954 5418 et
2990 5364 3177 5428 verba,
3208 5375 3263 5420 et
3287 5375 3591 5422 conventus
3615 5376 3697 5421 at-

2128 5461 2239 5516 que
2276 5450 2520 5505 convivia
2554 5450 2639 5519 pia
2675 5467 2739 5509 ac
2763 5454 2956 5523 pudica
2983 5465 3160 5521 erant,
3182 5458 3382 5514 decora
3408 5468 3578 5529 atque
3605 5461 3697 5514 de-

2130 5536 2293 5603 lecta,
2329 5550 2480 5596 casta
2517 5542 2871 5600 nihilominus
2897 5555 2950 5600 et
2983 5548 3203 5615 munda,
3234 5549 3428 5605 merito
3456 5551 3511 5605 in
3537 5550 3697 5605 «testi--

2133 5631 2372 5686 monium
2398 5636 2734 5706 purgationis
2765 5650 3069 5708 suae.atque
3097 5640 3376 5697 munditia:
3408 5657 3699 5714 germanas

2600 5770 2644 5809 ⁵ο
2674 5770 2815 5829 Psal.
2852 5789 3057 5843 cxsxtt,
3099 5778 3152 5831 l.
3273 5779 3318 5809 '°
3348 5779 3470 5834 Act.
3500 5796 3572 5847 tv,
3602 5776 3690 5836 52.
