3942 6572
219 369 318 424 595

1342 375 1726 433 ANONYML'S
1765 376 1826 430 IN
1866 374 2006 432 JOB.
2048 409 2114 417 ——
2153 376 2278 432 LIB.
2320 379 2360 432 Ι.

3371 390 3476 443 594

219 503 433 543 sorores
469 503 598 542 suas
618 503 803 543 secum
842 492 1235 559 convocabant,
1255 503 1314 547 ut
1342 495 1660 552 innocentes
1685 512 1793 552 sce-

1909 489 2051 546 Iatur
2079 494 2223 548 enim
2254 505 2430 550 tecum
2467 495 2726 552 Dominus
2753 495 2898 556 Deus
2929 509 3052 555 tuus
3089 516 3187 570 per
3236 504 3475 573 inopem.

217 582 390 636 lerunt
416 595 602 636 coram
637 593 790 651 patre
833 599 932 637 suo
985 595 1148 654 atque
1193 588 1447 642 omnibus
1471 599 1799 646 attestaren-

216 686 323 729 tur.
361 673 443 730 Oli
500 677 602 732 hoc
649 692 780 748 ergo
817 682 1196 736 convocabant
1234 682 1300 736 ad
1349 698 1408 737 se
1439 693 1551 738 tres
1584 699 1800 740 sorores

214 781 346 822 suas
374 776 432 821 ut
453 781 636 822 secum
668 769 1062 824 manducarent
1101 781 1157 826 et
1205 772 1494 837 biberent,
1547 783 1605 827 ut
1655 775 1798 829 sicut

213 870 399 914 secum
435 860 826 914 manducarent
881 871 935 915 et
989 861 1277 928 biberent,
1307 863 1387 918 sic
1417 873 1469 920 et
1517 866 1796 921 collauda-

214 957 361 1013 rent,
397 960 452 1002 et
488 950 910 1019 lionprilicarent
945 969 1130 1009 secum
1157 956 1442 1010 Dominum
1477 957 1795 1022 caelestem,

210 1040 290 1094 sic
323 1053 380 1094 et
414 1043 729 1105 adorarent,
762 1055 818 1099 et
848 1046 1055 1111 gratias
1087 1059 1313 1118 agerent
1355 1064 1488 1104 vero
1517 1048 1793 1114 Creatori,

211 1119 289 1187 Sic
322 1143 377 1188 et
409 1132 703 1190 adorarent
734 1146 788 1190 et
819 1136 1248 1206 deprecarentur
1283 1151 1546 1197 aeternum
1585 1157 1792 1212 regem.

210 1222 293 1279 Ob
331 1225 434 1278 hoc
468 1239 600 1297 ergo
644 1229 1021 1283 convocabant
1048 1245 1232 1287 secum
1259 1242 1370 1288 tres
1398 1248 1616 1290 sorores
1644 1250 1792 1302 suas,

210 1327 264 1372 ut
292 1317 489 1373 tierent
521 1335 712 1375 omnes
748 1321 908 1376 sinml
936 1323 1164 1380 ecclesia
1201 1338 1535 1392 sanctorum,
1566 1343 1794 1400 congre-

210 1411 358 1479 gatio
392 1411 795 1481 religiosorum,
838 1428 1143 1472 conventus
1178 1418 1689 1487 iinuiaculatorum,
1738 1434 1794 1477 et

211 1501 746 1569 incoinquinatorum
779 1514 945 1574 atque
993 1517 1293 1563 castorum.
1324 1510 1419 1564 Sic
1448 1511 1634 1580 itaque
1663 1528 1793 1568 con-

208 1594 492 1649 venientes
532 1596 833 1651 adinvicem
878 1601 1182 1667 potationes
1219 1601 1493 1659 faciebant
1543 1620 1638 1676 per
1681 1607 1794 1662 sin-

209 1686 370 1755 gulos
396 1687 535 1741 dies.
568 1687 684 1743 Non
715 1705 810 1756 per
851 1690 1096 1760 singulos
1128 1695 1242 1749 dies
1276 1696 1440 1750 totius
1484 1696 1606 1752 vitae
1631 1713 1746 1752 sua:
1775 1738 1791 1763 ,

206 1776 304 1829 sed
331 1792 428 1845 per
448 1777 693 1848 singulos
713 1779 831 1834 dies
854 1782 1192 1850 septimana}.
1219 1782 1434 1853 Septem
1454 1800 1574 1838 cum
1611 1795 1795 1843 essent

209 1867 334 1933 lilii,
370 1880 579 1940 septem
612 1872 805 1927 diebus
833 1873 968 1929 festa
1009 1876 1380 1932 celebrabant.
1415 1877 1505 1933 Sic
1557 1895 1794 1948 namque

205 1969 259 2016 et
292 1961 381 2015 lex
408 1974 530 2032 post
560 1964 675 2018 haec
707 1966 952 2035 prtecipit
983 1977 1191 2038 septem
1239 1971 1432 2027 diebus
1459 1987 1646 2044 agere,
1678 1975 1794 2030 sive

208 2054 450 2121 pasehte,
482 2054 599 2110 sive
622 2055 1107 2123 hebdomadarum,
1133 2061 1252 2116 sive
1274 2064 1631 2134 scenopegize.
1668 2065 1794 2123 llaec

207 2144 396 2216 itaque
429 2147 657 2217 implere
682 2149 1045 2220 anticipantes
1080 2152 1173 2206 lilii
1202 2152 1326 2217 Job,
1363 2157 1446 2208 vel
1482 2155 1648 2210 etiam
1677 2158 1795 2227 ipse

205 2234 306 2291 Job
331 2239 424 2308 qui
456 2255 554 2296 eos
583 2241 789 2308 docuit,
818 2244 1130 2312 potationes
1177 2243 1450 2301 faciebant
1507 2263 1608 2318 per
1661 2249 1795 2306 iatos

205 2339 417 2398 septem
449 2331 568 2385 dies
595 2371 611 2396 ,
669 2334 1038 2403 unusquisque
1085 2348 1271 2390 eorum
1305 2339 1444 2406 apud
1498 2353 1558 2394 se
1589 2338 1795 2395 habens

205 2434 310 2472 una
365 2421 458 2476 die
505 2437 700 2478 omnes
760 2423 958 2479 fratres
989 2439 1148 2489 suos,
1181 2435 1236 2479 et
1269 2441 1490 2482 sorores
1519 2467 1535 2492 ,
1585 2429 1795 2502 primus

204 2511 472 2580 primum,
503 2517 778 2572 secundus
805 2518 1133 2583 secundum,
1164 2529 1219 2574 et
1261 2519 1335 2573 ita
1396 2534 1797 2592 consequenter

207 2617 304 2671 per
340 2605 592 2659 ordinem
628 2622 817 2662 omnes
851 2623 1022 2677 usque
1053 2610 1120 2662 ad
1151 2613 1674 2669 consummationem
1697 2614 1794 2670 ho-

208 2709 327 2748 rum
349 2707 564 2766 septem
600 2696 836 2754 dicrmn.
860 2698 966 2755 Per
997 2702 1132 2756 istos
1154 2716 1284 2772 ergo
1311 2705 1554 2776 singulos
1583 2714 1792 2776 septeni

207 2787 324 2843 dies
363 2791 681 2858 potationes
709 2791 1008 2856 faciebant,
1040 2793 1093 2849 id
1117 2804 1200 2849 est
1230 2795 1375 2851 diem
1409 2797 1629 2866 festum,
1664 2812 1796 2854 con-

205 2881 449 2944 vivium,
491 2883 733 2952 epulum,
785 2886 1204 2956 jucunditatem.
1260 2888 1368 2946 Sed
1404 2891 1593 2961 procul
1631 2892 1794 2948 dubio

205 2975 352 3043 quod
382 2989 494 3028 non
521 2976 623 3030 sibi
660 2986 892 3046 tantum,
939 2979 1114 3048 neque
1143 2981 1274 3035 solis
1318 2982 1598 3037 sororibus
1635 2987 1751 3038 suis
1775 3025 1791 3049 ,

206 3065 300 3118 sed
331 3075 389 3120 et
419 3066 600 3120 servis
630 3077 684 3121 et
713 3067 920 3135 liberis,
957 3079 1012 3126 et
1041 3073 1389 3141 pauperibus,
1421 3081 1475 3129 et
1500 3077 1708 3144 egenis,
1740 3085 1796 3130 et

1901 591 1956 636 et
1984 599 2280 654 pauperum
2307 603 2424 652 ora,
2454 590 2543 658 qui
2580 589 2656 644 ait
2683 609 2695 644 :
2735 589 3098 662 Quodcunque
3123 597 3352 662 feceritis
3382 600 3477 654 uni

1901 673 1966 726 de
2015 676 2248 729 minimis
2291 678 2408 731 istis
2463 679 2889 744 miserabilibus,
2919 682 3048 735 mihi
3087 683 3287 751 fecistis
3327 687 3476 740 “3-”.

1970 764 2098 822 Post
2129 767 2242 822 haec
2267 767 2514 824 universa
2555 771 2690 826 dicit
2719 788 2731 824 :
2760 770 2830 824 Et
2857 789 2975 826 cum
3001 775 3141 844 finiti
3170 788 3339 832 essent
3364 779 3477 834 dies

1899 859 2228 926 potationum
2261 860 2328 913 ⁸⁵.
2362 860 2615 918 Ostendit
2647 866 2929 922 evidenter
2978 868 3101 924 istic
3127 870 3267 939 quod
3317 887 3478 942 supe-

1899 948 2012 1002 rius
2039 950 2240 1006 dictum
2272 963 2357 1007 est
2387 969 2572 1008 verum
2600 953 2788 1023 fuisse,
2814 957 2942 1026 quia
2970 973 3074 1012 non
3105 974 3320 1029 semper
3343 975 3479 1033 θυαε

1899 1037 2173 1105 labantur,
2203 1042 2327 1110 quia
2372 1058 2476 1097 non
2524 1044 2767 1112 quotidie
2801 1047 3110 1115 potationes
3160 1049 3475 1118 faciebant,

1899 1130 1995 1184 sed
2045 1133 2212 1187 certis
2247 1134 2458 1201 diebus,
2517 1135 2611 1190 sed
2655 1137 2774 1191 istis
2801 1139 2992 1194 diebus
3045 1140 3138 1210 qui
3185 1145 3476 1200 memorati

1897 1233 2027 1276 sunt
2060 1237 2271 1293 septem
2321 1241 2549 1282 numero
2591 1231 2892 1285 secundum
2930 1247 3218 1288 numerum
3267 1245 3475 1307 septem

1896 1311 2130 1370 filiorum
2161 1314 2284 1382 Job,
2317 1320 2616 1375 Secundum
2651 1321 2771 1377 illos
2791 1332 3001 1392 septem
3030 1326 3124 1394 qui
3157 1326 3210 1380 in
3242 1325 3362 1398 lege
3393 1343 3478 1384 ce-

1896 1404 2094 1460 lebrati
2121 1419 2268 1464 sunt.
2299 1409 2431 1466 Cum
2460 1428 2590 1486 ergo
2619 1415 2708 1469 isti
2737 1415 3044 1484 linirentur,
3077 1428 3202 1488 post
3223 1420 3324 1476 hoc
3351 1436 3474 1476 cum

1898 1498 2155 1554 transiret
2187 1501 2528 1570 solemnitas,
2554 1521 2677 1561 cum
2716 1507 3009 1564 [inirentur
3043 1513 3350 1580 potationes
3383 1529 3474 1569 se-

1895 1593 2128 1648 cundum
2167 1593 2483 1652 festivitatis
2511 1601 2985 1657 consuetudinem.
3021 1601 3138 1658 Non
3165 1605 3310 1658 enim
3343 1621 3478 1676 quo-

1900 1679 2028 1735 tidie
2051 1683 2360 1749 potationes
2393 1687 2666 1741 faciebant
2700 1689 2791 1743 lilii
2835 1690 2981 1746 illius
3009 1691 3150 1747 beati
3187 1694 3325 1761 viri,
3382 1712 3479 1752 ne-

1896 1785 2003 1840 que
2026 1788 2242 1845 semper
2293 1777 2344 1830 in
2381 1779 2680 1842 calicibus,
2710 1789 2765 1834 et
2796 1782 3000 1850 phialis
3029 1785 3236 1842 dabant
3287 1789 3477 1845 oculos

1827 1846 1869 1900 Β
1899 1880 2048 1932 suos,
2092 1883 2198 1920 non
2234 1877 2394 1922 erant
2437 1871 2698 1926 vinolenti
2721 1913 2736 1937 ,
2771 1872 2914 1928 sicut
2946 1884 3074 1930 sunt
3103 1893 3248 1932 nunc
3283 1895 3477 1949 quam-

1898 1956 2137 2026 plurimi,
2169 1961 2261 2013 sed
2287 1963 2462 2015 sancti
2487 1975 2645 2018 erant
2673 1967 3002 2021 sanctissimi
3046 1968 3191 2024 illius
3223 1970 3314 2025 lilii
3351 1969 3471 2028 Job.

1897 2048 2031 2103 Cum
2059 2065 2188 2118 ergo
2213 2053 2387 2107 sancti
2423 2055 2521 2108 viri
2549 2067 2763 2123 essent,
2789 2061 2968 2115 sancti
3006 2061 3059 2116 itt
3110 2062 3477 2117 solemnitati-

1897 2137 2001 2193 bus
2035 2139 2171 2202 suis,
2207 2141 2274 2196 de
2309 2144 2562 2200 castitate
2601 2160 2667 2201 ac
2714 2150 3010 2204 sanctitate
3038 2189 3053 2214 ,
3096 2151 3162 2204 de
3210 2151 3475 2211 munditia

1898 2245 2114 2300 quoque
2144 2248 2208 2287 ac
2238 2235 2498 2302 pudicitia
2523 2245 2577 2291 et
2605 2251 2794 2293 secum
2820 2241 3052 2295 invicem
3080 2252 3135 2296 et
3169 2257 3289 2296 cum
3323 2257 3478 2300 soro-

1901 2324 2050 2378 ribus
2079 2326 2190 2382 suis
2225 2327 2545 2398 loquentes,
2591 2328 2746 2398 juxta
2777 2332 2892 2388 haec
2925 2349 3046 2404 quae
3084 2334 3333 2405 superius
3359 2349 3475 2388 me-

1901 2433 2108 2477 morata
2137 2434 2264 2478 sunt
2304 2425 2585 2482 universa.
2607 2425 2902 2498 Postquam
2925 2443 3058 2500 ergo
3080 2429 3162 2485 sic
3189 2429 3326 2484 liniti
3351 2438 3477 2486 sunt

1899 2516 2014 2570 dies
2044 2517 2378 2586 potationum
2434 2518 2489 2572 in
2533 2520 2825 2588 castitate,
2867 2531 2922 2578 et
2979 2522 3030 2576 in
3065 2523 3266 2592 pietate
3313 2530 3479 2592 atque

1899 2607 2182 2675 pudicitia,
2227 2616 2348 2678 post
2372 2609 2477 2664 hoc
2507 2611 2764 2666 nimirum
2785 2613 2912 2682 quid
2943 2610 3147 2667 factum
3181 2623 3264 2668 est
3291 2626 3478 2669 osten-

1899 2702 1977 2764 dit
2010 2703 2198 2757 dicens
2229 2722 2242 2757 :
2279 2703 2524 2758 Mittebat
2549 2704 2650 2758 Job
2681 2715 2730 2759 et
2759 2707 3047 2761 mandabat
3095 2707 3218 2761 illos
3240 2708 3306 2771 ⁸⁸,
3353 2708 3478 2762 Init-

1904 2793 2049 2846 tebat
2085 2794 2150 2846 ad
2175 2808 2271 2849 eos
2326 2794 2417 2864 qui
2456 2795 2716 2864 pietatem
2773 2799 3153 2863 admonerent,
3189 2812 3278 2868 qm
3308 2797 3477 2865 ju5ti-

1901 2883 2028 2938 tiam
2062 2884 2423 2952 instruerent,
2444 2887 2536 2960 qui
2563 2888 2654 2943 Dei
2690 2890 2938 2944 timorem
2964 2891 3243 2957 ducerent,
3273 2892 3368 2962 qui
3398 2901 3480 2948 te-

1897 2973 2272 3030 stificarentur
2308 2977 2402 3032 Dei
2427 2977 2694 3044 judicium
2738 2979 2981 3036 terribile
3015 2981 3066 3036 in
3091 2997 3198 3053 quo
3227 2983 3473 3039 omnium

1897 3076 1952 3120 et
1979 3068 2392 3124 manifestorum
2433 3085 2681 3141 operum,
2713 3079 2770 3126 et
2799 3072 3090 3127 verborqu
3124 3076 3262 3132 ratio
3292 3075 3475 3144 inqui-

207 3154 606 3225 indigentibus,
636 3169 690 3214 et
720 3175 825 3214 non
878 3160 1207 3217 habentibus
1237 3163 1489 3220 omnibus
1522 3164 1794 3220 faciebant
1825 3183 1870 3245 ς
1905 3160 2042 3213 ritur
2074 3170 2241 3232 atque
2286 3161 2554 3228 redditur.
2588 3162 2642 3216 in
2698 3177 2807 3232 quo
2859 3163 3099 3222 vindicta
3132 3166 3477 3235 impatienter

203 3249 455 3316 epulum,
503 3252 766 3306 omnibus
817 3251 1153 3308 exhibebant
1181 3255 1605 3324 jucunditatcm,
1636 3265 1800 3326 atque

204 3341 550 3395 convivium.
581 3339 700 3396 Non
731 3345 876 3399 enim
912 3355 1166 3415 poterant
1217 3347 1270 3400 in
1313 3356 1469 3415 parte
1509 3363 1643 3403 sane
1671 3349 1795 3402 imi-

208 3435 308 3486 tari
342 3433 550 3504 legem,
591 3437 645 3489 in
686 3449 842 3506 parte
875 3449 1056 3494 autem
1105 3454 1236 3494 non.
1283 3440 1402 3493 Non
1450 3449 1704 3509 poterant
1744 3442 1796 3495 in

208 3525 310 3579 hoc
346 3527 555 3579 imitari
593 3527 764 3597 legem
799 3539 859 3584 ut
891 3541 1100 3600 septem
1139 3531 1338 3588 diebus
1373 3530 1513 3588 festa
1559 3532 1798 3588 celebra-

205 3628 350 3684 rent,
388 3621 445 3674 in
486 3621 591 3676 hoc
612 3633 793 3677 autem
820 3640 925 3679 non
959 3625 1183 3692 imitari,
1215 3634 1274 3679 ut
1302 3641 1408 3682 non
1441 3627 1798 3696 epularentur

204 3724 327 3764 cum
361 3711 474 3766 illis
505 3713 674 3776 servi,
705 3724 874 3784 atque
921 3715 1155 3783 ancillae,
1186 3731 1251 3770 ac
1303 3717 1481 3786 egeni.
1530 3716 1796 3788 Praecepit

205 3816 447 3873 namque
479 3803 534 3857 in
568 3805 684 3874 lege
725 3816 780 3859 et
819 3805 952 3860 dicit
983 3823 996 3859 :
1037 3805 1250 3876 Septem
1287 3807 1470 3861 diebus
1511 3807 1794 3862 celebrabis

203 3895 344 3948 diem
373 3896 573 3966 festum
608 3897 838 3954 Domino
865 3898 974 3954 Deo
998 3910 1112 3967 tuo,
1144 3909 1194 3954 et
1239 3901 1531 3969 epulaberis
1555 3911 1610 3956 tu
1644 3912 1690 3955 et
1725 3903 1793 3970 ﬁ-

199 3991 304 4044 lius
328 4001 478 4054 tuus,
512 4001 562 4046 et
589 3992 704 4059 ﬁlia
729 4001 842 4056 tua,
875 4005 921 4046 et
949 4009 1130 4048 servus
1170 4003 1315 4058 tuus,
1360 4004 1408 4047 et
1447 3994 1643 4047 ancilla
1678 4005 1791 4057 tua,

199 4097 246 4136 et
282 4086 491 4139 adt-eno
531 4085 622 4155 qui
674 4092 750 4138 est
794 4084 848 4140 in
881 4094 951 4148 te,
996 4095 1044 4140 et
1087 4102 1278 4155 egenus
1305 4088 1476 4155 gentis
1505 4097 1632 4143 tum.
1663 4087 1792 4155 Quae

198 4191 334 4246 ergo
357 4179 412 4231 iu
443 4176 567 4246 lege
597 4188 715 4246 post
766 4178 882 4232 bare
904 4188 1177 4248 praecepta
1208 4188 1359 4242 sunt,
1389 4180 1505 4233 haec
1534 4179 1791 4234 nimirum

198 4269 518 4337 anticipaus
551 4265 676 4332 Job,
732 4279 790 4322 et
848 4270 966 4337 ipse
998 4267 1264 4338 implevit,
1296 4277 1352 4322 et
1401 4269 1540 4322 lilios
1569 4269 1794 4339 implere

197 4358 421 4422 docuit,
457 4368 512 4414 et
568 4358 1018 4428 hospitalitatem,
1059 4368 1115 4414 et
1152 4358 1580 4428 eleemosynani,
1611 4367 1665 4414 et
1693 4361 1791 4414 iiii—

196 4449 573 4506 sericordiam
623 4460 679 4504 et
728 4464 1029 4520 pauperum
1077 4458 1132 4504 et
1171 4450 1495 4505 miscrorum
1531 4449 1790 4508 beneﬁcia

1903 3251 2156 3306 omnibus
2187 3253 2473 3308 animabus
2500 3253 2755 3320 infertur,
2787 3257 2842 3312 in
2873 3271 2981 3324 quo
3018 3258 3096 3310 ira
3159 3259 3210 3312 in
3256 3257 3475 3314 ﬂamma

1904 3343 2045 3414 ignis
2071 3344 2329 3398 omnibus
2355 3343 2537 3413 impiis
2561 3345 2854 3416 irrogatur.
2884 3345 3076 3404 Verbis
3111 3364 3240 3420 ergo
3271 3352 3477 3406 doctri-

1902 3453 2007 3501 me,
2035 3438 2332 3506 disciplina:
2369 3449 2529 3508 atque
2561 3440 2977 3508 admonitionis,
3003 3441 3303 3500 mundabat
3333 3444 3476 3508 illos,

1901 3528 2014 3582 sive
2040 3542 2135 3596 per
2163 3542 2260 3582 eos
2283 3543 2420 3598 quos
2453 3529 2707 3585 mittebat
2732 3530 2799 3585 ad
2834 3531 2974 3598 illos,
3015 3532 3130 3588 sive
3153 3548 3250 3602 per
3274 3546 3478 3590 semet-

1903 3618 2077 3688 ipsum
2111 3620 2176 3671 ad
2227 3633 2286 3672 se
2313 3633 2619 3674 convocans
2651 3618 2797 3676 illos.
2833 3620 2938 3676 Sed
2972 3622 3248 3686 mittebat,
3280 3624 3478 3693 inquit,

1901 3721 1956 3766 et
1976 3711 2408 3768 mundabateos.
2438 3713 2578 3780 Quid
2600 3715 2848 3770 mittebat
2878 3714 2961 3768 vel
2991 3717 3264 3784 quomodo
3293 3719 3477 3772 mitte-

1899 3804 2031 3858 bat?
2059 3805 2138 3858 Ad
2180 3806 2462 3860 Dominum
2495 3806 2765 3870 mittebat,
2793 3816 2847 3860 et
2879 3811 2946 3860 ad
2992 3807 3308 3863 Creatorem
3341 3809 3477 3865 diri-

1899 3896 2078 3966 gebat.
2106 3894 2245 3962 Quid
2277 3896 2558 3952 mittebat?
2580 3895 2870 3953 Orationes
2907 3913 2970 3952 ac
3005 3913 3197 3967 preces
3226 3915 3357 3955 suas
3377 3916 3475 3967 pro

1897 3990 1998 4053 eis,
2021 3989 2418 4044 confessionem
2447 4004 2664 4059 quoque
2689 4001 2851 4059 atque
2880 3992 3180 4062 gratiarum
3203 3992 3477 4048 actionem

1896 4096 1996 4151 pro
2027 4081 2154 4136 illis.
2184 4079 2309 4135 Haec
2345 4081 2554 4149 scilicet
2604 4082 2854 4136 universa
2885 4085 3135 4138 mittebat
3163 4093 3216 4138 et
3247 4084 3474 4138 munda-

1899 4175 1991 4231 bat
2014 4190 2128 4230 eos.
2161 4174 2458 4230 Mandabat
2497 4188 2593 4229 eos
2642 4173 2982 4229 orationibus
3019 4175 3153 4241 suis,
3181 4175 3480 4230 mandabat

1897 4282 1992 4320 eos
2023 4267 2274 4336 precibus
2297 4279 2362 4320 ac
2383 4263 2862 4334 postulationibus,
2880 4266 3178 4319 mandabat
3209 4279 3307 4320 eos
3335 4265 3480 4320 sicut

1897 4358 2112 4428 Moyses
2135 4358 2274 4412 lilios
2300 4357 2464 4412 Israel
2495 4371 2592 4426 pro
2615 4357 2724 4412 illis
2741 4357 2795 4416 in
2817 4357 3035 4412 deserto
3059 4357 3288 4422 orando,
3320 4373 3478 4412 mun-

1898 4451 2062 4506 dabat
2093 4465 2188 4506 eos
2212 4451 2354 4506 sicut
2389 4450 2611 4507 Samuel
2659 4450 2942 4505 universos
2990 4449 3129 4504 filios
3160 4449 3323 4504 Israel
3371 4450 3474 4503 ad-

195 4551 372 4611 atque
401 4541 832 4607 consolationes,
865 4557 984 4611 quae
1008 4553 1136 4597 sunt
1162 4541 1273 4596 Deo
1321 4542 1480 4596 valde
1533 4552 1788 4613 at-cepta-
1826 4526 1870 4581 ί)
1900 4557 2090 4599 versus
2119 4544 2419 4615 allophylos
2439 4556 2766 4617 pugnantes,
2789 4542 3135 4599 orationibus
3167 4543 3282 4598 suis
3307 4542 3476 4598 Deum

194 4633 343 4687 biles
370 4649 500 4688 cum
534 4633 639 4687 (ide
664 4643 986 4702 perpetratae
1023 4642 1188 4702 atque
1215 4631 1489 4702 perfectas.
1523 4633 1598 4688 lta
1625 4635 1787 4690 debe-

194 4742 324 4780 mus
347 4727 516 4781 ctiam
554 4741 674 4792 nos,
703 4740 738 4779 ο
768 4726 952 4790 amici,
984 4725 1038 4779 in
1071 4726 1264 4780 diebus
1294 4726 1450 4780 feStis
1478 4727 1680 4781 nostris
1703 4738 1790 4781 at-

192 4835 307 4890 que
335 4819 778 4890 iucunditatibus
820 4836 926 4874 non
977 4818 1154 4875 solum
1190 4819 1292 4875 hoc
1327 4822 1624 4890 respicere,
1656 4836 1776 4891 quo

191 4912 368 4967 modo
399 4927 504 4968 nos
529 4911 631 4969 soli
659 4911 942 4982 epulamur
965 4920 1130 4981 atque
1155 4910 1653 4981 jucundemus,sed
1687 4913 1790 4967 hoc

189 5003 510 5075 praesertim
549 5003 806 5058 debemus
833 5002 1113 5058 intendere
1131 5012 1188 5057 ut
1209 5002 1787 5073 epulenturnobiscum

191 5108 250 5152 et
285 5097 574 5152 celebrent
626 5095 767 5149 diem
801 5094 1000 5150 festum
1033 5102 1275 5150 nostrum
1308 5095 1450 5150 servi
1506 5094 1681 5153 nostri
1732 5103 1788 5148 et

189 5187 436 5252 ancillae,
457 5195 512 5242 et
541 5185 769 5240 clientes
798 5185 992 5251 nostri,
1016 5193 1070 5239 et
1096 5185 1276 5254 egeni,
1301 5194 1356 5238 et
1377 5199 1644 5254 pauperes
1670 5183 1788 5236 uni-

189 5282 377 5346 versi,
410 5290 464 5334 et
491 5280 834 5335 celebremus
867 5277 1013 5332 diem
1052 5277 1244 5330 festum
1293 5277 1520 5330 Domino
1551 5275 1659 5329 Deo
1693 5289 1791 5328 no-

189 5384 344 5430 stro.
381 5371 439 5433 Si
473 5373 619 5426 enim
652 5370 1053 5430 celebraverint
1086 5379 1262 5425 tecum
1292 5369 1434 5423 diem
1484 5367 1702 5431 festum,
1736 5377 1793 5422 et

188 5465 464 5535 epulatus
499 5475 680 5519 tecum
724 5461 890 5517 fuerit
921 5475 1112 5516 servus
1153 5471 1298 5523 tuus,
1329 5472 1384 5516 et
1420 5460 1617 5515 ancilla
1674 5469 1789 5526 tua,

187 5568 248 5613 et
270 5569 573 5628 pauperes,
606 5566 661 5609 et
683 5552 866 5622 egeni,
891 5562 1055 5621 atque
1082 5553 1292 5622 inepes,
1327 5567 1427 5622 pro
1447 5563 1600 5608 certo
1626 5553 1788 5617 scito,

187 5653 352 5722 quod
394 5650 624 5706 Domino
663 5649 774 5703 Deo
810 5657 903 5702 tuo
936 5645 1078 5700 diem
1113 5647 1309 5702 festum
1341 5646 1609 5702 celebras.
1645 5646 1788 5716 Epu-

268 5812 412 5854 '3-"
441 5811 631 5866 Matth.
671 5826 799 5872 xxv,
832 5810 920 5864 40.
999 5810 1043 5842 ⁸⁵
1064 5809 1163 5863 Job
1199 5825 1213 5861 t
1246 5853 1259 5875 ,
1438 5809 1484 5840 ⁸⁸
1514 5809 1643 5864 ibid.

534 5915 809 5972 Parnm.
857 5913 975 5971 (in.
1024 5909 1227 5969 XVII.

1898 4635 2006 4690 illis
2030 4635 2300 4705 placando
2321 4645 2484 4707 atque
2515 4637 2810 4692 exorando.
2833 4635 2925 4690 Sic
2956 4650 3090 4707 ergo
3111 4648 3164 4692 et
3184 4636 3273 4691 hic
3299 4635 3476 4726 iustius

1897 4724 1998 4780 Job
2030 4725 2156 4781 olim
2192 4725 2333 4782 filios
2361 4743 2490 4782 suos
2519 4727 2837 4783 mandabat.
2882 4724 3036 4792 Quod
3069 4738 3248 4781 autem
3271 4724 3476 4782 oratio-

1900 4817 2059 4874 nibus
2113 4828 2279 4888 atque
2330 4819 2801 4876 satisfactionibus
2835 4833 2932 4874 eos
2978 4819 3345 4882 mundaverit,
3379 4831 3476 4884 per

1895 4921 1959 4961 ea
1978 4923 2099 4976 quae
2132 4917 2436 4978 sequuntur
2453 4909 2695 4965 ostendit
2711 4909 2939 4963 dicens:
2970 4907 3208 4976 Surgens
3232 4921 3384 4958 mane
3403 4905 3471 4955 ⁵⁷.

1895 4997 2020 5054 Mox
2046 5001 2112 5054 ad
2143 5000 2313 5054 Deum
2351 5002 2630 5065 currebat,
2661 5014 2783 5053 mox
2815 4999 2884 5052 ad
2928 4997 3091 5052 Deum
3119 4995 3470 5066 procedebat,

1897 5108 1994 5160 pro
2027 5107 2085 5148 se
2114 5103 2166 5147 et
2201 5093 2325 5150 filiis
2351 5095 2466 5149 suis
2497 5093 2663 5148 Deum
2688 5108 2922 5148 exorans
2950 5100 3116 5160 atque
3147 5090 3470 5157 deprecans,

1898 5199 2063 5239 orans
2089 5200 2303 5254 quoque
2339 5194 2502 5254 atque
2524 5185 2805 5254 postulans
2830 5183 3130 5239 terribilem
3156 5180 3250 5236 Dei
3277 5177 3469 5232 faciem

1899 5287 1956 5333 et
1983 5277 2085 5332 sibi
2121 5287 2176 5332 et
2213 5277 2320 5331 illis
2366 5278 2728 5346 repropitiare
2784 5276 3087 5332 festinans:
3137 5285 3239 5326 nec
3269 5284 3375 5324 non
3419 5280 3475 5324 et

1899 5370 2124 5432 docens,
2157 5377 2213 5422 et
2240 5370 2539 5424 admonens
2570 5377 2734 5436 atque
2789 5368 3020 5424 formam
3050 5363 3367 5424 ostendens,
3418 5373 3475 5415 et

1900 5470 2028 5516 tunc
2058 5461 2182 5514 liliis
2208 5460 2344 5525 suis,
2378 5467 2433 5514 et
2461 5476 2601 5514 nunc
2623 5459 2878 5514 omnibus
2902 5458 3132 5513 nobisin
3157 5465 3482 5526 perpetuum-

1898 5559 1957 5608 ut
1987 5551 2272 5607 confestim
2304 5551 2543 5607 diluculo
2576 5566 2641 5607 ex
2675 5551 2851 5606 noctis
2887 5550 3076 5620 requie
3095 5555 3475 5617 exsurgentes,

1899 5653 2028 5702 ante
2053 5659 2213 5701 omne
2248 5659 2384 5716 opus
2413 5643 2497 5700 vel
2526 5644 2773 5714 verbum,
2796 5653 2926 5700 ante
2953 5657 3115 5700 omne
3143 5638 3474 5711 colloquium

1720 5806 1761 5839 ⁵⁷
1788 5808 1913 5864 Ibid.

3084 5899 3160 5957 l3
