3902 6584
472 394 579 450 595

473 522 558 572 vel
593 522 1033 585 conventionem,
1069 518 1341 587 primitias
1393 517 1816 572 resurrectionis
1847 524 2050 570 nostra:
2079 519 2127 573 A

472 610 584 666 Deo
608 612 963 667 exhibeamus
988 612 1041 665 in
1087 611 1315 665 sinceris
1339 610 1680 665 orationibus
1717 620 1882 679 atque
1916 623 2043 679 pre-

474 705 651 768 c-ibus,
684 706 738 759 in
786 704 1067 758 matutinis
1118 703 1593 771 deprecationibus
1636 713 1800 773 atque
1847 702 2048 766 gratia-

475 814 594 851 rum
628 798 959 853 actionibus.
1016 795 1170 851 Hanc
1215 797 1400 865 itaque
1432 795 1652 865 pietatis
1684 808 1748 847 ac
1780 792 2047 862 religiosi-

477 889 603 940 tntis
632 886 861 941 formam
887 887 1041 943 nobis
1070 885 1322 942 omnibus
1353 887 1734 941 demonstrans
1764 883 1887 950 Job,
1916 883 2050 938 Sur-

470 980 620 1047 gebat
651 995 823 1045 mane,
858 988 906 1033 et
934 980 1223 1033 mundabat
1239 996 1345 1043 eos,
1364 981 1584 1048 oﬁ’erens
1600 995 1695 1047 pro
1723 979 1797 1032 eis
1820 978 2047 1030 hostiam

471 1073 762 1125 secundum
801 1088 1077 1126 numerum
1130 1072 1343 1126 illorum
1376 1073 1469 1126 δ”.
1503 1070 1685 1125 Primo
1725 1069 2045 1135 mundabat,

472 1164 813 1231 purilicabat,
843 1164 1242 1231 sanctillcabat,
1274 1175 1331 1219 et
1380 1166 1456 1220 ita
1489 1165 1701 1219 demum
1729 1178 1825 1233 pro
1854 1162 1932 1217 eis
1957 1161 2051 1215 ho-

470 1259 631 1310 stiam
672 1255 955 1322 offerebat,
973 1255 1262 1311 utcunctis
1285 1256 1679 1325 inperpetuum
1710 1251 2048 1313 ostenderet,

470 1351 598 1417 quia
638 1351 887 1414 mundos,
940 1359 1120 1404 castos
1163 1358 1327 1417 atque
1373 1355 1595 1400 sanctos
1638 1344 1938 1398 condecent
1965 1356 2051 1394 sa-

469 1441 701 1505 crificia,
746 1453 806 1494 ut
840 1451 1030 1495 sancte
1086 1449 1250 1510 atque
1280 1440 1438 1508 digne
1493 1436 1771 1491 immolata
1805 1474 1820 1501 ,
1862 1445 2050 1488 sancte

470 1541 636 1600 atque
682 1532 841 1602 digne
874 1548 903 1586 a
949 1532 1154 1587 sanctis
1182 1531 1543 1602 accipiantur.
1580 1530 1672 1583 Sic
1707 1542 1941 1597 namque
1992 1536 2049 1580 et

467 1625 756 1695 Apostolus
786 1636 907 1695 post
937 1627 1051 1681 haec
1081 1626 1211 1680 dicit
1243 1643 1256 1679 :
1308 1623 1503 1678 Probet
1528 1624 1754 1693 seipsum
1781 1622 1937 1675 homo
1975 1619 2045 1684 ⁵⁸.

470 1716 575 1769 hoc
603 1726 686 1769 est
712 1715 935 1769 mundet
965 1715 1336 1782 semetipsum,
1374 1724 1427 1769 et
1450 1714 1525 1767 ita
1574 1714 1639 1768 de
1686 1709 2049 1767 sanctissimis

473 1805 683 1858 Domini
712 1805 997 1860 sacrificiis
1021 1803 1252 1858 fruatur.
1280 1804 1372 1858 Sic
1399 1812 1452 1857 et
1477 1802 1580 1858 Job
1603 1802 1811 1873 pridem
1838 1801 2048 1856 faciens

470 1899 704 1965 primum
727 1897 1020 1952 mundabat
1045 1912 1157 1961 eos,
1178 1907 1231 1951 et
1249 1897 1317 1950 ita
1344 1896 1558 1950 demum
1587 1911 1687 1967 pro
1712 1896 1793 1951 eis
1814 1895 2046 1949 hostiam
2082 1876 2124 1934 Β

470 1987 732 2043 offerebat
757 1990 1055 2044 secundum
1076 2003 1360 2043 numerum
1380 2002 1589 2052 eorum,
1605 1988 1902 2042 secundum
1928 2000 2052 2056 per-

470 2096 635 2135 sonas
668 2094 879 2135 eorum.
933 2079 1116 2147 Quare
1163 2079 1462 2133 secundum
1509 2093 1793 2133 numerum
1818 2078 2051 2132 eorum?

470 2165 701 2235 Propter
748 2168 969 2221 nimiam
1018 2168 1389 2222 sinceritatem
1433 2183 1596 2236 quam
1640 2168 2049 2222 habebatcirca

473 2260 613 2326 illos,
640 2270 803 2330 atque
854 2260 1100 2315 devotam
1146 2259 1596 2315 castificationem
1626 2274 1789 2329 quam
1815 2259 2053 2315 habebat

470 2353 616 2408 circa
634 2352 772 2406 illos.
792 2351 1003 2423 Singuli
1018 2351 1356 2422 itidemquca
1376 2353 1485 2408 Deo
1498 2352 1665 2407 creati
1682 2361 1833 2419 sunt,
1853 2352 2051 2422 sigilla-

473 2445 568 2498 tim
587 2459 654 2499 ex
674 2454 827 2497 utero
852 2443 1044 2498 matris
1068 2442 1340 2508 exierunt,
1367 2443 1648 2513 sigillatim
1666 2444 1888 2499 totidem
1910 2445 2050 2500 idem

474 2537 526 2591 in
567 2537 984 2601 resurrectione,
1010 2535 1245 2605 atquein
1268 2536 1620 2605 inquisitione
1636 2534 1823 2605 judicii
1859 2551 2051 2591 exsur-

470 2637 619 2699 gent.
640 2628 720 2684 Ob
750 2630 874 2696 hoc,
895 2629 1090 2699 inquit,
1120 2644 1251 2701 ergo
1275 2645 1375 2701 pro
1403 2630 1629 2700 singulis
1657 2645 1844 2687 eorum
1866 2647 2053 2687 secun-

472 2722 598 2775 dum
624 2736 907 2777 numerum
928 2721 1137 2777 illorum
1162 2722 1396 2778 hostiam
1421 2720 1609 2788 odero,
1632 2730 1691 2777 ut
1721 2733 1776 2778 et
1804 2724 1903 2791 ipsi
1934 2724 2051 2779 hinc

470 2814 745 2877 videntes,
797 2814 986 2869 eadem
1039 2830 1140 2885 pro
1185 2816 1495 2885 semetipsis
1540 2815 1809 2886 perlicere
1856 2832 2052 2887 prope-

472 2916 615 2973 rent,
654 2906 760 2962 boc
792 2907 1055 2974 scientes,
1100 2909 1226 2977 quia
1260 2908 1642 2979 unusquisque
1682 2910 1924 2965 omnium
1955 2912 2051 2967 ho-

471 2999 676 3052 minum
709 3014 810 3069 pro
839 2999 1137 3070 semetipso
1164 3000 1314 3056 solus
1354 3003 1408 3056 in
1435 3001 1639 3071 judicio
1686 3013 1964 3074 resurget,
1996 3013 2051 3059 et

473 3088 620 3143 solus
648 3089 716 3144 ad
744 3089 1159 3159 inquisitionem
1192 3090 1397 3155 veniet,
1438 3098 1496 3145 et
1527 3091 1677 3146 solus
1716 3107 1817 3161 pro
1844 3107 1903 3147 se
1931 3091 2049 3147 solo

470 3196 791 3251 responsum
834 3183 889 3238 in
940 3182 1257 3239 visitatione
1321 3184 1631 3239 animarum
1703 3185 1876 3241 dabit.
1931 3184 2123 3278 Nonc

471 3274 617 3329 enim
648 3274 903 3329 liberabit
932 3274 1105 3329 frater
1127 3272 1380 3340 fratrem,
1414 3288 1590 3344 neque
1623 3274 1878 3331 defendet
1904 3276 2047 3331 ullus

470 3364 633 3420 alium
668 3366 721 3419 in
754 3365 978 3435 iudicio.
1005 3366 1199 3422 Merito
1234 3382 1366 3438 ergo
1404 3369 1701 3425 secundum
1756 3384 2044 3425 numerum

468 3472 658 3512 eorum
686 3457 948 3513 oli'erebat
975 3474 1077 3529 pro
1099 3460 1179 3515 eis
1200 3460 1433 3528 hostias,
1460 3461 1588 3515 item
1617 3461 1845 3515 vitulum
1878 3478 2046 3517 unum

471 3564 570 3615 pro
598 3549 839 3619 peccatis
866 3551 1174 3606 animarum
1218 3552 1457 3609 illorum.
1483 3554 1616 3620 Quis
1638 3564 1817 3609 autem
1849 3553 2047 3609 odere-

468 3640 564 3695 bat
594 3642 812 3695 easdem
840 3641 1051 3697 hostias
1075 3644 1099 3697 Ἰ
1122 3643 1343 3698 Certum
1372 3654 1457 3699 est
1488 3646 1629 3713 quod
1662 3646 1783 3716 ipse
1825 3645 1949 3702 Job.
1987 3648 2044 3703 Si

469 3733 613 3786 enim
650 3744 770 3803 post
810 3734 912 3788 hoc
948 3749 1047 3802 pro
1078 3736 1268 3790 amicis
1306 3736 1421 3791 suis
1465 3737 1581 3804 ipse
1614 3736 1803 3805 jussus
1845 3749 1929 3795 est
1964 3739 2046 3795 of-

472 3827 634 3891 ferre,
666 3836 828 3895 atque
860 3826 1071 3881 homias
1101 3826 1406 3892 immolare,
1442 3827 1614 3884 multo
1643 3830 1815 3901 magis
1849 3846 1947 3900 pro
1976 3831 2046 3886 ﬁ-

470 3918 557 3972 liis
585 3918 698 3973 suis
751 3919 865 3987 ipse
904 3917 1167 3973 offerebat
1196 3920 1468 3986 sinceras,
1497 3930 1662 3991 atque
1710 3923 1847 3979 adeo
1891 3939 2049 3980 acce-

469 4010 698 4079 ptabiles
749 4011 978 4068 Imstias.
1014 4010 1181 4065 Erant
1216 4012 1571 4067 nihilominus
1624 4014 1784 4069 etiam
1812 4031 1875 4071 ea
1908 4028 2046 4071 tem-

469 4106 679 4166 pestate
735 4099 1049 4153 sacerdotes
1099 4102 1324 4154 necdum
1357 4102 1535 4157 adhuc
1574 4120 1602 4157 a
1645 4103 1763 4174 lege
1786 4107 2045 4175 ordinati,

467 4190 560 4243 sed
578 4190 809 4244 naturali
835 4191 1107 4262 sapientia
1129 4194 1232 4248 hoc
1269 4195 1585 4265 requirente
1612 4211 1678 4251 ac
1703 4198 2044 4268 perﬁciente.

466 4284 545 4337 Ita
576 4284 881 4339 sacerdotio
917 4284 1137 4341 iunctus
1164 4297 1247 4341 est
1279 4286 1411 4344 Noe.
1449 4288 1526 4345 lta
1571 4290 1885 4347 sacerdotio
1920 4292 2049 4347 fun-

467 4387 587 4430 ctus
616 4384 699 4430 est
731 4377 1032 4432 Abraham.
1085 4379 1160 4435 Ita
1196 4382 1562 4437 sacerdotium
1604 4384 1777 4454 gessit
1820 4384 2046 4441 Melchi-

469 4473 692 4529 sedech.
729 4474 805 4528 lta
833 4485 887 4528 et
918 4476 1031 4543 ipse
1056 4472 1158 4529 Job
1187 4484 1309 4545 post
1334 4474 1456 4530 illos
1480 4477 1793 4533 sacerdotio
1816 4477 2043 4535 functus

452 4580 572 4629 ,est.
627 4569 735 4623 Sed
788 4568 1003 4622 interim
1042 4568 1209 4637 (sicut
1238 4568 1500 4641 diximus)
1532 4580 1695 4625 erant
1739 4572 1905 4627 etiam
1952 4588 2044 4628 sa~

468 4662 715 4716 cerdotes
747 4677 841 4730 per
866 4661 989 4715 loca
1021 4660 1112 4728 qui
1144 4675 1241 4729 pro
1269 4660 1638 4731 indigentibus
1670 4663 1876 4719 hostias
1910 4663 2043 4719 offe-

469 4753 663 4807 rebant
710 4753 933 4807 Domino
978 4766 1075 4821 per
1106 4752 1321 4806 diversa
1364 4761 1633 4822 tempora.
1672 4753 1825 4820 Quod
1862 4765 2041 4812 autem

469 4846 671 4900 fuerint
710 4859 808 4914 pro
837 4851 985 4899 certo
1017 4843 1113 4897 illo
1149 4853 1392 4912 tempore
1422 4844 1763 4910 sacerdotes,
1802 4848 2046 4903 ostendit

466 4940 583 5007 ipse
611 4934 714 4990 Job
743 4937 967 4991 dicens:
999 4934 1103 5001 Qui
1138 4936 1298 4989 mittit
1340 4937 1639 4990 sacerdotes
1682 4938 1912 5007 captivo:
1947 4940 2040 4997 ⁸⁸⁸.

465 5030 591 5086 Sive
614 5045 746 5100 ergo
767 5029 1049 5084 memorati
1082 5028 1417 5093 sacerdotes,
1442 5028 1557 5083 sive
1582 5031 1697 5099 ipse
1728 5044 1823 5098 per
1843 5040 2044 5087 semet-

465 5126 641 5194 ipsum
667 5122 770 5177 .lob
802 5121 1066 5177 olferebat
1093 5121 1309 5175 hostias
1337 5135 1437 5190 pro
1482 5120 1590 5176 illis
1622 5124 1922 5178 secundum
1950 5140 2044 5178 nu-

470 5230 677 5269 merum
728 5214 966 5271 illorum.
1000 5214 1057 5269 Si
1090 5213 1487 5280 haereditatem,
1531 5215 1728 5286 inquit,
1762 5216 1871 5273 illis
1919 5217 2037 5273 dis-

469 5310 786 5373 tribuerem,
819 5309 863 5363 si
893 5307 1032 5362 dona
1083 5306 1193 5363 illis
1242 5307 1484 5376 ingentia
1518 5308 1804 5375 donarem,
1857 5325 2042 5366 nonne

465 5399 761 5455 secundum
791 5413 1076 5452 numerum
1108 5396 1319 5451 illorum
1353 5396 1651 5452 dividerem
1674 5399 1698 5453 ἲ
1724 5397 1916 5454 Nonne
1953 5414 2041 5454 se-

465 5492 700 5545 cundum
732 5506 991 5560 personas
1045 5504 1237 5543 eorum
1290 5489 1520 5544 darem?
1552 5488 1705 5544 Nunc
1734 5505 1864 5545 vero
1915 5505 2039 5546 cum

463 5581 786 5651 spirita!em,
819 5582 1012 5650 inquit,
1047 5580 1152 5634 illis
1192 5580 1566 5635 bzereditatem
1600 5582 1837 5636 dividam
1876 5592 2042 5651 atque

464 5675 646 5727 divina
698 5674 801 5726 illis
846 5674 986 5726 dona
1040 5672 1261 5742 largiar,
1309 5672 1580 5727 sacriﬁcia
1628 5688 1726 5743 pro
1760 5672 1867 5728 illis
1911 5672 2045 5728 oﬂ'e-

536 5795 600 5867 ﬁ"
625 5794 726 5848 Job
764 5810 801 5853 ι.
838 5795 909 5867 5._
942 5794 1014 5867 _“
1043 5793 1214 5867 IUCur.
1250 5792 1446 5867 δεμ-28.
1522 5795 1589 5827 ⁸⁸’
1619 5794 1718 5851 Job
1748 5813 1844 5867 xu,
1888 5798 1967 5853 l9.

458 5866 509 5896 δ’
535 5863 733 5922 Jcrcm.
779 5882 855 5929 x1,
892 5865 978 5919 19.
1055 5864 1099 5894 ”
1125 5862 1224 5918 Jul!
1251 5876 1290 5925 ι,
1326 5865 1379 5917 5-

2079 4570 2121 4623 D

1600 392 1977 449 ANONYMUS
2014 390 2079 445 ΙΝ
2121 391 2261 447 JOB.
2305 424 2369 430 κ-
2408 382 2535 445 LIB.
2578 393 2621 447 l.

2047 5798 2091 5830 "
2121 5797 2253 5854 Luc.
2287 5809 2375 5859 xv,
2403 5791 2496 5847 ‘23.

3602 397 3692 453 396

2160 515 2323 568 rendo
2352 524 2520 584 atque
2555 514 2785 577 hostias,
2819 528 2996 569 nonne
3032 513 3201 568 multo
3229 513 3400 583 magis
3430 516 3696 571 secundum

2158 624 2442 662 numerum
2467 623 2674 671 eorum,
2702 617 2755 661 et
2783 610 3082 665 secundum
3113 620 3376 676 personas
3393 606 3587 663 hostias
3613 611 3702 665 im-

2158 704 2371 758 molabo
2409 704 2432 758 i
2478 704 2586 759 Cur
2631 716 2813 759 autem
2865 720 3031 760 unum
3083 703 3313 758 vitulum
3350 717 3449 772 pro
3476 706 3706 764 omnibus

2156 795 2481 850 sacriﬁcas?
2517 795 2624 850 Cur
2651 812 2815 849 unum
2841 796 3067 849 vitulum
3103 794 3469 850 communiter
3491 810 3579 864 pro
3598 812 3704 853 om-

2156 889 2315 942 nibus
2351 888 2636 942 animabus
2674 888 2889 956 jugulas
2929 888 2953 941 ?
3008 886 3089 943 Ob
3141 888 3263 950 hoc,
3318 886 3508 953 inquit,
3558 904 3704 944 unum

2160 978 2383 1032 vitulum
2413 977 2772 1033 communiter
2796 992 2895 1046 pro
2928 978 3169 1032 omnium
3198 977 3482 1031 animabus
3521 991 3701 1044 macto,

2159 1081 2213 1123 ut
2242 1070 2679 1125 communionem
2707 1077 2871 1138 atque
2907 1069 3279 1132 concordiam,
3315 1069 3706 1126 unanimitatent

2158 1172 2321 1232 atque
2364 1176 2691 1216 consensum
2745 1170 2973 1216 cunctos
3022 1161 3144 1217 illos
3191 1161 3439 1226 doceam,
3492 1172 3546 1216 ut
3597 1178 3708 1220 cum

2158 1268 2300 1309 unus
2327 1252 2526 1307 vitulus
2562 1268 2661 1322 pro
2686 1253 2938 1307 omnibus
2963 1253 3264 1323 iugulatur,
3293 1253 3572 1309 unanimes
3601 1271 3714 1313 esse

2157 1345 2389 1401 invicem
2433 1339 2622 1401 omnes
2664 1344 3001 1413 iudicentur.
3037 1344 3230 1399 Merito
3273 1360 3406 1416 ergo
3460 1362 3555 1416 pro
3602 1363 3711 1402 om-

2157 1438 2308 1490 nium
2355 1436 2639 1491 animabus
2691 1452 2856 1490 unum
2912 1436 3134 1490 vitulum
3188 1437 3551 1494 communiter
3603 1456 3714 1493 ma-

2156 1526 2320 1580 ctavi.
2361 1524 2467 1580 Sed
2499 1527 2701 1589 adhuc,
2724 1527 2867 1595 quod
2896 1535 2980 1580 est
3012 1527 3204 1580 horum
3238 1527 3555 1592 maximum,
3587 1532 3714 1584 vitu-

2156 1619 2289 1683 lum,
2327 1617 2524 1687 inquit,
2564 1634 2726 1671 unum
2755 1635 2853 1687 pro
2897 1619 3124 1685 peccatis
3154 1619 3456 1671 animarum
3493 1620 3716 1679 illorum.

2159 1710 2271 1775 Dic,
2301 1726 2333 1765 0
2362 1712 2520 1766 beate
2550 1709 2673 1775 Job,
2721 1711 2844 1780 quis
2883 1719 2934 1765 te
2962 1710 3148 1765 docuit
3205 1710 3437 1764 vitulum
3490 1723 3720 1769 mactare

2157 1817 2256 1871 pro
2289 1803 2593 1856 animarum
2630 1803 2870 1871 peccatis
2912 1819 2926 1857 :
2981 1803 3103 1871 quis
3136 1802 3319 1856 docuit
3367 1804 3439 1855 ita
3474 1804 3538 1857 de
3577 1805 3723 1875 longe

2156 1897 2385 1965 figuram
2415 1895 2715 1961 adimplere
2749 1894 2966 1947 illorum
2999 1910 3121 1964 quae
3166 1894 3499 1964 perficienda
3527 1908 3647 1950 sunt
3674 1899 3721 1951 in

2153 1989 2454 2043 novissimo
2489 1988 2779 2057 tempore?
2810 1989 3072 2057 Spiritus,
3103 1990 3298 2058 inquit,
3339 1999 3567 2045 sanctus
3599 1991 3723 2045 mihi

2154 2080 2438 2144 revelavit,
2472 2081 2710 2149 Spiritus
2744 2093 2969 2136 sanctus
3017 2100 3103 2136 me
3150 2082 3357 2147 docuit,
3412 2095 3473 2137 ut
3504 2082 3724 2137 vitulum

2154 2189 2251 2243 pro
2303 2174 2590 2227 animabus
2638 2172 2868 2227 offerant
2905 2174 2957 2227 in
2990 2174 3217 2244 figuram
3272 2175 3423 2229 illius
3466 2176 3623 2230 vituli
3663 2176 3725 2231 de

2152 2283 2258 2338 quo
2287 2268 2490 2321 dictum
2513 2275 2597 2321 est
2625 2285 2638 2320 :
2672 2266 2789 2321 Cito
2813 2267 3056 2320 adduci:e
3080 2268 3304 2321 rittdum
3333 2269 3640 2338 saginatum
3663 2269 3727 2333 ⁸⁸,

2152 2370 2205 2414 et
2238 2368 2296 2413 ut
2321 2359 2545 2419 vitulum
2595 2375 2692 2428 pro
2739 2359 2980 2428 peccatis
3019 2357 3262 2427 jugulcm
3297 2359 3348 2412 in
3411 2368 3544 2430 typo
3593 2359 3729 2415 illius

2153 2452 2218 2505 de
2252 2466 2357 2521 quo
2388 2452 2593 2505 dictum
2630 2460 2713 2505 est
2746 2468 2758 2503 :
2793 2449 2926 2504 Ecce
2960 2450 3144 2519 Agnus
3181 2450 3298 2517 Dei,
3326 2468 3450 2505 ecce
3486 2454 3577 2522 qui
3601 2453 3732 2505 tollit

2152 2554 2364 2612 peccata
2392 2545 2573 2596 mundi
2601 2543 2666 2597 °°.
2702 2543 2840 2613 ipse,
2882 2543 3084 2612 inquit,
3116 2542 3355 2613 Spiritus
3392 2554 3623 2599 sanctus
3654 2560 3734 2599 me

2154 2635 2341 2689 docuit
2368 2635 2595 2688 vitulum
2645 2650 2743 2703 pro
2770 2636 3013 2703 peccatis
3043 2635 3350 2688 animarum
3393 2634 3621 2699 oﬁ'errc,
3660 2645 3738 2690 at-

2152 2740 2259 2794 que
2310 2726 2377 2780 de
2427 2725 2587 2794 longe
2614 2724 2843 2795 ﬁguram
2875 2723 3105 2794 implere
3144 2724 3311 2790 illius,
3343 2726 3440 2795 qui
3481 2737 3736 2796 tanquam

2153 2818 2353 2873 vitulus
2383 2820 2677 2890 saginatus
2713 2833 2812 2888 pro
2846 2819 3049 2873 mundo
3082 2819 3411 2874 mactandus
3441 2830 3529 2873 cst
3556 2822 3608 2873 in
3640 2835 3738 2873 no-

2155 2912 2381 2966 vissimo
2407 2919 2672 2982 tempore,
2719 2911 2809 2981 qui
2852 2920 3111 2980 tanquam
3145 2927 3317 2981 agnus
3345 2912 3739 2967 immaculatus

2154 3020 2252 3076 pro
2308 3004 2524 3060 mundis
2574 3005 2678 3059 erit
2730 3003 3112 3060 iuunoiandus.
3172 3004 3273 3071 Qui
3325 3007 3483 3059 enim
3560 3007 3743 3061 docuit

2154 3096 2348 3152 Isaiam
2379 3094 2561 3149 dicere
2589 3091 2770 3148 :Sicut
2795 3096 2902 3148 ovis
2933 3096 3001 3148 ad
3032 3096 3298 3149 victimam
3332 3096 3533 3150 ductus
3560 3106 3661 3160 est,
3694 3105 3742 3149 ετ

2154 3188 2296 3242 sicut
2335 3201 2506 3255 agnus
2536 3200 2714 3238 coram
2739 3185 2988 3238 tondente
3019 3201 3073 3238 se
3097 3185 3211 3239 sine
3240 3200 3395 3251 voce,
3430 3195 3483 3239 et
3528 3197 3745 3256 peccata

2154 3286 2336 3333 nostra
2381 3278 2493 3347 ipse
2535 3275 2788 3342 portavit,
2835 3286 2883 3327 et
2925 3285 3139 3344 propter
3179 3276 3492 3343 impietate:
3538 3286 3745 3329 nostra:

2151 3372 2407 3425 deductus
2451 3376 2528 3423 est
2562 3368 2630 3421 ad
2665 3378 2881 3427 mortem
2927 3366 3015 3432 ⁶¹;
3067 3366 3160 3436 qui
3208 3367 3407 3421 docuit
3448 3366 3748 3422 Jercmiam

2151 3463 2390 3517 dicere:
2448 3460 2562 3530 Ego
2612 3469 2784 3512 autem
2837 3468 3091 3529 tanquam
3139 3476 3311 3529 agnus
3362 3462 3750 3513 immaculata:

2151 3555 2340 3607 ductus
2381 3556 2448 3605 ad
2482 3551 2868 3606 immolandum
2913 3551 2982 3614 θ’,
3033 3550 3248 3621 aliaque
3299 3551 3614 3606 innumera
3668 3552 3751 3605 bis

2151 3642 2348 3697 similia
2378 3660 2391 3696 :
2428 3640 2517 3710 qui
2550 3654 2682 3710 ergo
2715 3655 2803 3692 om
2818 3655 2910 3694 nes
2941 3640 3061 3695 illos
3090 3641 3273 3695 docuit
3309 3642 3514 3697 dicere
3543 3652 3599 3696 et
3630 3656 3753 3711 pro.

2152 3734 2380 3804 phetare
2423 3736 2488 3788 de
2532 3748 2621 3797 eo,
2667 3732 2756 3801 qui
2805 3741 2924 3786 erat
2956 3742 3245 3796 venturus,
3274 3733 3429 3787 idem
3483 3733 3630 3802 ipse,
3676 3734 3753 3786 ia-

2151 3830 2290 3899 quit,
2316 3827 2480 3883 etiam
2512 3841 2597 3883 me
2633 3825 2978 3890 illuminavit,
3013 3834 3071 3878 ut
3101 3826 3331 3880 vitulum
3370 3842 3483 3896 pro
3515 3826 3757 3897 peccatis

2150 3921 2428 3985 offerrem,
2464 3928 2518 3975 et
2551 3929 2738 3991 typum
2788 3919 2955 3974 futuri
3006 3918 3158 3972 vituli
3193 3928 3363 3988 atque
3414 3918 3549 3991 agni
3582 3919 3755 3971 adim-

2152 4013 2378 4083 plet-em.
2426 4010 2621 4067 Merito
2662 4026 2792 4082 ergo
2843 4008 3073 4065 vitulum
3107 4024 3273 4061 unum
3333 4024 3451 4078 pro
3507 4008 3761 4080 peccatis

2149 4106 2454 4160 animarum
2490 4104 2706 4158 illorum
2746 4101 2963 4166 obtulit,
2999 4111 3053 4155 ut
3098 4100 3188 4154 illa
3240 4115 3397 4155 nunc
3444 4100 3746 4169 perliceret

2148 4208 2203 4252 et
2230 4199 2410 4252 futura
2443 4198 2775 4253 ostenderet.
2829 4195 2934 4250 Sed
2966 4203 3022 4249 et
3049 4194 3222 4247 adhuc
3260 4204 3586 4263 propterea
3613 4193 3761 4245 vitu-

2152 4290 2257 4344 lum
2290 4288 2440 4343 illum
2474 4303 2659 4343 coram
2705 4286 2830 4341 (iliis
2876 4286 2993 4343 suis
3028 4300 3129 4354 pro
3182 4286 3446 4355 peccatis
3481 4284 3764 4355 jngulavit

2152 4395 2209 4440 ut
2240 4383 2486 4438 videntes
2518 4383 2619 4453 ipsi
2655 4380 2749 4436 filii
2803 4381 2947 4452 quod
2996 4395 3095 4449 pro
3135 4378 3339 4433 alienis
3374 4382 3647 4450 peccatis
3677 4379 3766 4432 ille

2152 4474 2643 4545 vitulusjugulatus
2674 4481 3000 4535 moreretur,
3038 4478 3352 4524 metuentes
3388 4488 3461 4525 ac
3495 4483 3764 4541 paventes

2155 4568 2222 4622 ab
2247 4568 2502 4621 otnnibus
2529 4563 2769 4634 peccatis
2805 4574 2931 4630 quze
2979 4559 3195 4613 animas
3235 4559 3545 4627 perimunt
3597 4558 3769 4614 decli-

2155 4669 2345 4712 narent
2386 4667 2438 4711 et
2478 4656 2762 4711 universas
2811 4649 3027 4706 animas
3086 4650 3518 4715 interficerent,
3560 4650 3616 4704 id
3667 4657 3767 4709 est,

2147 4751 2449 4821 jnventutis
2485 4747 2821 4819 ignorantias
2868 4760 2897 4798 a
2943 4758 3001 4799 se
3050 4741 3503 4797 mortificarent.
3545 4742 3635 4799 0b
3671 4742 3775 4795 hoc

2150 4860 2279 4916 ergo
2310 4842 2537 4897 vitulum
2570 4856 2735 4896 unum
2772 4842 2823 4892 in
2854 4838 3081 4907 figuram
3131 4836 3295 4891 unius
3350 4836 3672 4890 memorati
3710 4834 3774 4887 il-

2151 4939 2255 4993 lius
2290 4935 2440 4990 vituli
2473 4932 2732 4987 mactavit
2762 4947 2858 4998 pro
2890 4929 3131 5000 peccatis
3165 4928 3508 4982 animarum
3554 4942 3771 4983 eorum.

2150 5029 2277 5083 Haec
2319 5027 2579 5082 nimirum
2627 5024 2880 5077 universa
2916 5019 3050 5073 fecit
3098 5019 3297 5072 beatus
3326 5016 3450 5073 Job
3483 5021 3777 5089 sapienter

2149 5120 2504 5177 considerans
2558 5123 2854 5181 sancteque
2902 5110 3172 5181 cogitans.
3228 5107 3493 5165 Dicebat
3520 5112 3680 5166 enim
3723 5112 3777 5163 in

2148 5211 2441 5279 semetipso
2491 5205 2591 5261 Job
2643 5203 2775 5259 :Ne
2827 5200 2961 5272 forte
3017 5201 3119 5269 ﬁlii
3189 5200 3300 5252 mei
3355 5202 3507 5254 ntali
3568 5201 3779 5271 aliquid

2148 5308 2201 5359 in
2227 5305 2380 5358 corde
2406 5318 2502 5356 suo
2531 5297 2876 5368 cogitat-crint
2921 5294 3173 5346 adversus
3205 5291 3398 5345 Deum
3454 5295 3533 5349 ⁸³,
3578 5294 3625 5351 0
3667 5295 3781 5349 sin.

2151 5398 2351 5453 ceritas
2381 5392 2573 5464 patris,
2600 5405 2632 5444 0
2662 5388 2884 5442 dilectio
2928 5383 3196 5454 parentis,
3229 5397 3263 5435 0
3300 5386 3582 5439 studium
3628 5386 3783 5454 geni-

2152 5486 2312 5541 toris!
2343 5482 2459 5538 Non
2496 5482 2640 5538 enim
2670 5488 2877 5534 tantum
2915 5490 3011 5546 pro
3030 5490 3261 5543 corpore
3300 5476 3617 5533 sollicitus
3638 5486 3783 5537 erat,

2149 5579 2241 5633 sed
2273 5577 2390 5646 plus
2426 5578 2493 5629 de
2533 5573 2715 5627 anima
2753 5566 3049 5636 cogitabat.
3083 5564 3160 5619 Ne
3188 5565 3375 5633 forte,
3421 5569 3643 5638 inquit,
3684 5567 3785 5621 ﬁlii

2150 5669 2256 5724 mei
2289 5670 2379 5739 qui
2410 5667 2468 5721 in
2497 5664 2781 5734 disciplina
2807 5661 2998 5715 nutriti
3033 5667 3179 5721 sunt,
3212 5659 3317 5726 qui
3360 5660 3424 5714 in
3456 5661 3789 5717 eruditione

2574 5793 2617 5823 ⁵ο
2653 5788 2806 5843 Joan.
2840 5785 2995 5854 1,29.
3078 5785 3117 5815 Μ
3149 5783 3253 5837 lsa.
3290 5799 3429 5853 thl,
3466 5786 3500 5840 7
3534 5799 3592 5843 ct
3620 5800 3792 5860 seqq.
