  <div class='ocr_page' id='page_1' title='image "/cluster/home/n/w/nwhite01/storage/ocr_20150623/17/hvd.32044051719607/210.png"; bbox 0 0 3942 6512; ppageno 0'>
   <div class='ocr_carea' id='block_1_1' title="bbox 192 402 298 456">
    <p class='ocr_par' dir='ltr' id='par_1_1' title="bbox 192 402 298 456">
     <span class='ocr_line' id='line_1_1' title="bbox 192 402 298 456; baseline -0.009 -1"><span class='ocrx_word' id='word_1_1' title='bbox 192 402 298 456; x_wconf 74' lang='lat'><strong>397</strong></span> 
     </span>
    </p>
   </div>
   <div class='ocr_carea' id='block_1_2' title="bbox 1321 423 2341 500">
    <p class='ocr_par' dir='ltr' id='par_1_2' title="bbox 1321 423 2341 500">
     <span class='ocr_line' id='line_1_2' title="bbox 1321 423 2341 500; baseline 0.019 -21"><span class='ocrx_word' id='word_1_2' title='bbox 1321 423 1705 484; x_wconf 74' lang='lat' dir='ltr'><strong>ANONYMUS</strong></span> <span class='ocrx_word' id='word_1_3' title='bbox 1744 430 1809 484; x_wconf 79' lang='lat' dir='ltr'><strong>IN</strong></span> <span class='ocrx_word' id='word_1_4' title='bbox 1846 432 1985 489; x_wconf 85' lang='lat' dir='ltr'><strong>JOB.</strong></span> <span class='ocrx_word' id='word_1_5' title='bbox 2025 467 2089 475; x_wconf 93' lang='lat'>—</span> <span class='ocrx_word' id='word_1_6' title='bbox 2132 437 2258 495; x_wconf 80' lang='lat' dir='ltr'><strong>LIB.</strong></span> <span class='ocrx_word' id='word_1_7' title='bbox 2299 441 2341 500; x_wconf 92' lang='grc'><strong>1.</strong></span> 
     </span>
    </p>
   </div>
   <div class='ocr_carea' id='block_1_3' title="bbox 3351 467 3455 523">
    <p class='ocr_par' dir='ltr' id='par_1_3' title="bbox 3351 467 3455 523">
     <span class='ocr_line' id='line_1_3' title="bbox 3351 467 3455 523; baseline 0.029 -2"><span class='ocrx_word' id='word_1_8' title='bbox 3351 467 3455 523; x_wconf 79' lang='lat'><strong>398</strong></span> 
     </span>
    </p>
   </div>
   <div class='ocr_carea' id='block_1_4' title="bbox 192 551 3456 675">
    <p class='ocr_par' dir='ltr' id='par_1_4' title="bbox 192 551 3456 675">
     <span class='ocr_line' id='line_1_4' title="bbox 192 551 3456 675; baseline 0.02 -82"><span class='ocrx_word' id='word_1_9' title='bbox 192 556 506 614; x_wconf 83' lang='lat' dir='ltr'><strong>creverunt,</strong></span> <span class='ocrx_word' id='word_1_10' title='bbox 550 551 643 619; x_wconf 87' lang='lat' dir='ltr'><strong>qui</strong></span> <span class='ocrx_word' id='word_1_11' title='bbox 695 552 747 609; x_wconf 87' lang='lat' dir='ltr'><strong>in</strong></span> <span class='ocrx_word' id='word_1_12' title='bbox 798 555 893 613; x_wconf 85' lang='lat' dir='ltr'><strong>Dei</strong></span> <span class='ocrx_word' id='word_1_13' title='bbox 952 560 1151 621; x_wconf 87' lang='lat' dir='ltr'><strong>timore</strong></span> <span class='ocrx_word' id='word_1_14' title='bbox 1196 570 1481 627; x_wconf 73' lang='lat' dir='ltr'><strong>exercitati</strong></span> <span class='ocrx_word' id='word_1_15' title='bbox 1520 583 1672 641; x_wconf 88' lang='lat' dir='ltr'><strong>sunt,</strong></span> <span class='ocrx_word' id='word_1_16' title='bbox 1706 592 1776 630; x_wconf 93' lang='lat' dir='ltr'><strong>ne</strong></span> <span class='ocrx_word' id='word_1_17' title='bbox 1807 582 1849 637; x_wconf 82' lang='grc' dir='ltr'><strong>Α</strong></span> <span class='ocrx_word' id='word_1_18' title='bbox 1882 579 2099 634; x_wconf 92' lang='lat' dir='ltr'><strong>teritum</strong></span> <span class='ocrx_word' id='word_1_19' title='bbox 2137 585 2386 650; x_wconf 85' lang='lat' dir='ltr'><strong>tradunt,</strong></span> <span class='ocrx_word' id='word_1_20' title='bbox 2419 598 2476 642; x_wconf 86' lang='lat' dir='ltr'><strong>et</strong></span> <span class='ocrx_word' id='word_1_21' title='bbox 2502 593 2831 665; x_wconf 88' lang='lat' dir='ltr'><strong>semetipsos</strong></span> <span class='ocrx_word' id='word_1_22' title='bbox 2872 596 2927 652; x_wconf 92' lang='lat' dir='ltr'><strong>in</strong></span> <span class='ocrx_word' id='word_1_23' title='bbox 2979 598 3219 659; x_wconf 90' lang='lat' dir='ltr'><strong>furorem</strong></span> <span class='ocrx_word' id='word_1_24' title='bbox 3261 605 3456 675; x_wconf 82' lang='lat' dir='ltr'><strong>judicii</strong></span> 
     </span>
     <span class='ocr_line' id='line_1_5' title="bbox 192 636 1904 675; baseline 0 0"><span class='ocrx_word' id='word_1_25' title='bbox 192 636 333 675; x_wconf 73' lang='lat' dir='ltr'><strong>fnrtn</strong></span> <span class='ocrx_word' id='word_1_26' title='bbox 364 641 456 675; x_wconf 70' lang='lat' dir='ltr'><strong>tali:</strong></span> <span class='ocrx_word' id='word_1_27' title='bbox 489 645 593 675; x_wconf 70' lang='lat' dir='ltr'><strong>mn:</strong></span> <span class='ocrx_word' id='word_1_28' title='bbox 633 649 827 675; x_wconf 66' lang='grc' dir='ltr'><strong>-..ειηη</strong></span> <span class='ocrx_word' id='word_1_29' title='bbox 857 652 993 675; x_wconf 61' lang='grc' dir='ltr'><strong>-.ε-ε-</strong></span> <span class='ocrx_word' id='word_1_30' title='bbox 1027 670 1112 675; x_wconf 19' lang='lat' dir='ltr'><strong>At;</strong></span> <span class='ocrx_word' id='word_1_31' title='bbox 1164 674 1167 675; x_wconf 66' lang='lat'><strong>,</strong></span> <span class='ocrx_word' id='word_1_32' title='bbox 1277 662 1290 675; x_wconf 92' lang='lat'><strong>.</strong></span> <span class='ocrx_word' id='word_1_33' title='bbox 1434 665 1447 675; x_wconf 92' lang='lat'><strong>.</strong></span> <span class='ocrx_word' id='word_1_34' title='bbox 1490 667 1501 675; x_wconf 91' lang='lat'><strong>.</strong></span> <span class='ocrx_word' id='word_1_35' title='bbox 1575 666 1588 675; x_wconf 91' lang='lat'><strong>.</strong></span> <span class='ocrx_word' id='word_1_36' title='bbox 1653 668 1665 675; x_wconf 89' lang='lat'><strong>.</strong></span> <span class='ocrx_word' id='word_1_37' title='bbox 1893 671 1904 675; x_wconf 90' lang='lat'>_</span> 
     </span>
    </p>
   </div>
   <div class='ocr_carea' id='block_1_5' title="bbox 191 636 1769 736">
    <p class='ocr_par' dir='ltr' id='par_1_5' title="bbox 191 636 1769 736">
     <span class='ocr_line' id='line_1_6' title="bbox 191 636 1769 736; baseline 0.022 -47"><span class='ocrx_word' id='word_1_38' title='bbox 191 636 333 693; x_wconf 89' lang='lat' dir='ltr'><strong>forte</strong></span> <span class='ocrx_word' id='word_1_39' title='bbox 364 641 456 694; x_wconf 86' lang='lat' dir='ltr'><strong>lilii</strong></span> <span class='ocrx_word' id='word_1_40' title='bbox 488 645 593 699; x_wconf 90' lang='lat' dir='ltr'><strong>mei</strong></span> <span class='ocrx_word' id='word_1_41' title='bbox 631 649 829 716; x_wconf 87' lang='lat' dir='ltr'><strong>quibus</strong></span> <span class='ocrx_word' id='word_1_42' title='bbox 857 652 996 710; x_wconf 84' lang='lat' dir='ltr'><strong>vivis</strong></span> <span class='ocrx_word' id='word_1_43' title='bbox 1020 670 1122 728; x_wconf 91' lang='lat' dir='ltr'><strong>ego</strong></span> <span class='ocrx_word' id='word_1_44' title='bbox 1151 662 1363 727; x_wconf 85' lang='lat' dir='ltr'><strong>gaudeo</strong></span> <span class='ocrx_word' id='word_1_45' title='bbox 1399 665 1448 719; x_wconf 87' lang='lat' dir='ltr'><strong>si</strong></span> <span class='ocrx_word' id='word_1_46' title='bbox 1487 666 1591 736; x_wconf 90' lang='lat' dir='ltr'><strong>ipsi</strong></span> <span class='ocrx_word' id='word_1_47' title='bbox 1618 636 1769 725; x_wconf 86' lang='lat' dir='ltr'><strong>vixe-</strong></span> 
     </span>
    </p>
   </div>
   <div class='ocr_carea' id='block_1_6' title="bbox 189 728 1765 825">
    <p class='ocr_par' dir='ltr' id='par_1_6' title="bbox 189 728 1765 825">
     <span class='ocr_line' id='line_1_7' title="bbox 189 728 1765 825; baseline 0.025 -47"><span class='ocrx_word' id='word_1_48' title='bbox 189 728 295 781; x_wconf 89' lang='lat' dir='ltr'><strong>rint</strong></span> <span class='ocrx_word' id='word_1_49' title='bbox 333 730 465 798; x_wconf 89' lang='lat' dir='ltr'><strong>Deo,</strong></span> <span class='ocrx_word' id='word_1_50' title='bbox 498 735 696 803; x_wconf 81' lang='lat' dir='ltr'><strong>quibus</strong></span> <span class='ocrx_word' id='word_1_51' title='bbox 724 742 861 798; x_wconf 88' lang='lat' dir='ltr'><strong>vivis</strong></span> <span class='ocrx_word' id='word_1_52' title='bbox 893 760 994 816; x_wconf 89' lang='lat' dir='ltr'><strong>ego</strong></span> <span class='ocrx_word' id='word_1_53' title='bbox 1020 750 1263 818; x_wconf 80' lang='lat' dir='ltr'><strong>gratulor</strong></span> <span class='ocrx_word' id='word_1_54' title='bbox 1288 754 1335 809; x_wconf 92' lang='lat' dir='ltr'><strong>si</strong></span> <span class='ocrx_word' id='word_1_55' title='bbox 1367 756 1464 825; x_wconf 84' lang='lat' dir='ltr'><strong>ipsi</strong></span> <span class='ocrx_word' id='word_1_56' title='bbox 1498 728 1566 813; x_wconf 77' lang='lat' dir='ltr'><strong>ad</strong></span> <span class='ocrx_word' id='word_1_57' title='bbox 1599 759 1765 815; x_wconf 91' lang='lat' dir='ltr'><strong>Deum</strong></span> 
     </span>
    </p>
   </div>
   <div class='ocr_carea' id='block_1_7' title="bbox 187 820 1765 915">
    <p class='ocr_par' dir='ltr' id='par_1_7' title="bbox 187 820 1765 915">
     <span class='ocr_line' id='line_1_8' title="bbox 187 820 1765 915; baseline 0.022 -42"><span class='ocrx_word' id='word_1_58' title='bbox 187 820 541 893; x_wconf 90' lang='lat' dir='ltr'><strong>intenderint,</strong></span> <span class='ocrx_word' id='word_1_59' title='bbox 559 828 604 882; x_wconf 92' lang='lat' dir='ltr'><strong>si</strong></span> <span class='ocrx_word' id='word_1_60' title='bbox 640 830 738 901; x_wconf 86' lang='lat' dir='ltr'><strong>ipsi</strong></span> <span class='ocrx_word' id='word_1_61' title='bbox 770 833 879 889; x_wconf 93' lang='lat' dir='ltr'><strong>Deo</strong></span> <span class='ocrx_word' id='word_1_62' title='bbox 909 840 1227 908; x_wconf 83' lang='lat' dir='ltr'><strong>servierint,</strong></span> <span class='ocrx_word' id='word_1_63' title='bbox 1254 845 1298 899; x_wconf 92' lang='lat' dir='ltr'><strong>si</strong></span> <span class='ocrx_word' id='word_1_64' title='bbox 1320 846 1421 915; x_wconf 90' lang='lat' dir='ltr'><strong>ipsi</strong></span> <span class='ocrx_word' id='word_1_65' title='bbox 1452 850 1765 908; x_wconf 80' lang='lat' dir='ltr'><strong>aCreatot-e</strong></span> 
     </span>
    </p>
   </div>
   <div class='ocr_carea' id='block_1_8' title="bbox 183 920 1761 1010">
    <p class='ocr_par' dir='ltr' id='par_1_8' title="bbox 183 920 1761 1010">
     <span class='ocr_line' id='line_1_9' title="bbox 183 920 1761 1010; baseline 0.024 -46"><span class='ocrx_word' id='word_1_66' title='bbox 183 926 289 965; x_wconf 88' lang='lat' dir='ltr'><strong>non</strong></span> <span class='ocrx_word' id='word_1_67' title='bbox 341 920 696 985; x_wconf 90' lang='lat' dir='ltr'><strong>recesserint,</strong></span> <span class='ocrx_word' id='word_1_68' title='bbox 731 939 801 979; x_wconf 91' lang='lat' dir='ltr'><strong>ne</strong></span> <span class='ocrx_word' id='word_1_69' title='bbox 836 926 977 984; x_wconf 89' lang='lat' dir='ltr'><strong>forte</strong></span> <span class='ocrx_word' id='word_1_70' title='bbox 1020 930 1115 988; x_wconf 85' lang='lat' dir='ltr'><strong>lilii</strong></span> <span class='ocrx_word' id='word_1_71' title='bbox 1145 936 1247 991; x_wconf 91' lang='lat' dir='ltr'><strong>mei</strong></span> <span class='ocrx_word' id='word_1_72' title='bbox 1274 938 1327 992; x_wconf 92' lang='lat' dir='ltr'><strong>in</strong></span> <span class='ocrx_word' id='word_1_73' title='bbox 1361 943 1527 996; x_wconf 91' lang='lat' dir='ltr'><strong>corde</strong></span> <span class='ocrx_word' id='word_1_74' title='bbox 1551 958 1671 1010; x_wconf 89' lang='lat' dir='ltr'><strong>suo,</strong></span> <span class='ocrx_word' id='word_1_75' title='bbox 1707 947 1761 1002; x_wconf 91' lang='lat' dir='ltr'><strong>in</strong></span> 
     </span>
    </p>
   </div>
   <div class='ocr_carea' id='block_1_9' title="bbox 182 1008 1759 1107">
    <p class='ocr_par' dir='ltr' id='par_1_9' title="bbox 182 1008 1759 1107">
     <span class='ocr_line' id='line_1_10' title="bbox 182 1008 1759 1107; baseline 0.025 -52"><span class='ocrx_word' id='word_1_76' title='bbox 182 1014 384 1070; x_wconf 83' lang='lat' dir='ltr'><strong>mente,</strong></span> <span class='ocrx_word' id='word_1_77' title='bbox 436 1008 488 1063; x_wconf 92' lang='lat' dir='ltr'><strong>in</strong></span> <span class='ocrx_word' id='word_1_78' title='bbox 521 1014 726 1080; x_wconf 89' lang='lat' dir='ltr'><strong>animo,</strong></span> <span class='ocrx_word' id='word_1_79' title='bbox 764 1016 817 1071; x_wconf 90' lang='lat' dir='ltr'><strong>itt</strong></span> <span class='ocrx_word' id='word_1_80' title='bbox 858 1034 1049 1089; x_wconf 89' lang='lat' dir='ltr'><strong>sensu,</strong></span> <span class='ocrx_word' id='word_1_81' title='bbox 1096 1025 1150 1079; x_wconf 93' lang='lat' dir='ltr'><strong>iu</strong></span> <span class='ocrx_word' id='word_1_82' title='bbox 1184 1030 1519 1098; x_wconf 77' lang='lat' dir='ltr'><strong>cogitatione</strong></span> <span class='ocrx_word' id='word_1_83' title='bbox 1555 1036 1759 1107; x_wconf 86' lang='lat' dir='ltr'><strong>aliquid</strong></span> 
     </span>
    </p>
   </div>
   <div class='ocr_carea' id='block_1_10' title="bbox 178 1096 1759 1185">
    <p class='ocr_par' dir='ltr' id='par_1_10' title="bbox 178 1096 1759 1185">
     <span class='ocr_line' id='line_1_11' title="bbox 178 1096 1759 1185; baseline 0.025 -38"><span class='ocrx_word' id='word_1_84' title='bbox 178 1096 543 1164; x_wconf 84' lang='lat' dir='ltr'><strong>cogitaverim</strong></span> <span class='ocrx_word' id='word_1_85' title='bbox 570 1115 759 1161; x_wconf 88' lang='lat' dir='ltr'><strong>contra</strong></span> <span class='ocrx_word' id='word_1_86' title='bbox 790 1107 983 1167; x_wconf 87' lang='lat' dir='ltr'><strong>Deum.</strong></span> <span class='ocrx_word' id='word_1_87' title='bbox 1015 1115 1094 1169; x_wconf 88' lang='lat' dir='ltr'><strong>Ac</strong></span> <span class='ocrx_word' id='word_1_88' title='bbox 1129 1119 1174 1171; x_wconf 87' lang='lat' dir='ltr'><strong>si</strong></span> <span class='ocrx_word' id='word_1_89' title='bbox 1226 1121 1431 1177; x_wconf 81' lang='lat' dir='ltr'><strong>diceret</strong></span> <span class='ocrx_word' id='word_1_90' title='bbox 1458 1141 1472 1179; x_wconf 90' lang='lat'>:</span> <span class='ocrx_word' id='word_1_91' title='bbox 1508 1123 1587 1180; x_wconf 86' lang='lat' dir='ltr'><strong>Ne</strong></span> <span class='ocrx_word' id='word_1_92' title='bbox 1617 1130 1759 1185; x_wconf 89' lang='lat' dir='ltr'><strong>forte</strong></span> 
     </span>
    </p>
   </div>
   <div class='ocr_carea' id='block_1_11' title="bbox 176 1185 1756 1291">
    <p class='ocr_par' dir='ltr' id='par_1_11' title="bbox 176 1185 1756 1291">
     <span class='ocr_line' id='line_1_12' title="bbox 176 1185 1756 1291; baseline 0.025 -53"><span class='ocrx_word' id='word_1_93' title='bbox 176 1185 355 1258; x_wconf 79' lang='lat' dir='ltr'><strong>aliqua</strong></span> <span class='ocrx_word' id='word_1_94' title='bbox 387 1192 528 1247; x_wconf 89' lang='lat' dir='ltr'><strong>mala</strong></span> <span class='ocrx_word' id='word_1_95' title='bbox 563 1197 821 1265; x_wconf 84' lang='lat' dir='ltr'><strong>cogitatio</strong></span> <span class='ocrx_word' id='word_1_96' title='bbox 852 1200 905 1256; x_wconf 92' lang='lat' dir='ltr'><strong>in</strong></span> <span class='ocrx_word' id='word_1_97' title='bbox 942 1218 1038 1258; x_wconf 90' lang='lat' dir='ltr'><strong>cor</strong></span> <span class='ocrx_word' id='word_1_98' title='bbox 1061 1222 1250 1263; x_wconf 89' lang='lat' dir='ltr'><strong>eorum</strong></span> <span class='ocrx_word' id='word_1_99' title='bbox 1285 1217 1617 1284; x_wconf 83' lang='lat' dir='ltr'><strong>ascenderit,</strong></span> <span class='ocrx_word' id='word_1_100' title='bbox 1636 1236 1756 1291; x_wconf 67' lang='lat' dir='ltr'><strong>quae</strong></span> 
     </span>
    </p>
   </div>
   <div class='ocr_carea' id='block_1_12' title="bbox 174 1276 1755 1382">
    <p class='ocr_par' dir='ltr' id='par_1_12' title="bbox 174 1276 1755 1382">
     <span class='ocr_line' id='line_1_13' title="bbox 174 1276 1755 1382; baseline 0.024 -53"><span class='ocrx_word' id='word_1_101' title='bbox 174 1293 201 1329; x_wconf 90' lang='lat' dir='ltr'><strong>a</strong></span> <span class='ocrx_word' id='word_1_102' title='bbox 227 1276 342 1333; x_wconf 92' lang='lat' dir='ltr'><strong>Deo</strong></span> <span class='ocrx_word' id='word_1_103' title='bbox 381 1280 543 1353; x_wconf 84' lang='lat' dir='ltr'><strong>longe</strong></span> <span class='ocrx_word' id='word_1_104' title='bbox 573 1287 731 1354; x_wconf 81' lang='lat' dir='ltr'><strong>facit,</strong></span> <span class='ocrx_word' id='word_1_105' title='bbox 761 1306 881 1359; x_wconf 70' lang='lat' dir='ltr'><strong>quae</strong></span> <span class='ocrx_word' id='word_1_106' title='bbox 907 1309 936 1348; x_wconf 91' lang='lat' dir='ltr'><strong>a</strong></span> <span class='ocrx_word' id='word_1_107' title='bbox 968 1300 1260 1356; x_wconf 85' lang='lat' dir='ltr'><strong>sanctitate</strong></span> <span class='ocrx_word' id='word_1_108' title='bbox 1307 1310 1587 1374; x_wconf 87' lang='lat' dir='ltr'><strong>pervertit,</strong></span> <span class='ocrx_word' id='word_1_109' title='bbox 1631 1276 1755 1382; x_wconf 67' lang='lat' dir='ltr'><strong>qua:</strong></span> 
     </span>
    </p>
   </div>
   <div class='ocr_carea' id='block_1_13' title="bbox 171 1373 1753 1471">
    <p class='ocr_par' dir='ltr' id='par_1_13' title="bbox 171 1373 1753 1471">
     <span class='ocr_line' id='line_1_14' title="bbox 171 1373 1753 1471; baseline 0.027 -49"><span class='ocrx_word' id='word_1_110' title='bbox 171 1384 198 1421; x_wconf 88' lang='lat' dir='ltr'><strong>a</strong></span> <span class='ocrx_word' id='word_1_111' title='bbox 228 1373 489 1431; x_wconf 79' lang='lat' dir='ltr'><strong>castitate</strong></span> <span class='ocrx_word' id='word_1_112' title='bbox 525 1390 763 1449; x_wconf 79' lang='lat' dir='ltr'><strong>separat,</strong></span> <span class='ocrx_word' id='word_1_113' title='bbox 793 1400 913 1455; x_wconf 72' lang='lat' dir='ltr'><strong>quae</strong></span> <span class='ocrx_word' id='word_1_114' title='bbox 940 1404 969 1443; x_wconf 91' lang='lat' dir='ltr'><strong>a</strong></span> <span class='ocrx_word' id='word_1_115' title='bbox 997 1391 1206 1461; x_wconf 85' lang='lat' dir='ltr'><strong>pietate</strong></span> <span class='ocrx_word' id='word_1_116' title='bbox 1243 1396 1535 1457; x_wconf 85' lang='lat' dir='ltr'><strong>abstrahit.</strong></span> <span class='ocrx_word' id='word_1_117' title='bbox 1571 1405 1686 1471; x_wconf 90' lang='lat' dir='ltr'><strong>Dic,</strong></span> <span class='ocrx_word' id='word_1_118' title='bbox 1718 1424 1753 1464; x_wconf 86' lang='grc' dir='ltr'><strong>ο</strong></span> 
     </span>
    </p>
   </div>
   <div class='ocr_carea' id='block_1_14' title="bbox 167 1463 1749 1561">
    <p class='ocr_par' dir='ltr' id='par_1_14' title="bbox 167 1463 1749 1561">
     <span class='ocr_line' id='line_1_15' title="bbox 167 1463 1749 1561; baseline 0.025 -45"><span class='ocrx_word' id='word_1_119' title='bbox 167 1463 327 1520; x_wconf 81' lang='lat' dir='ltr'><strong>beate</strong></span> <span class='ocrx_word' id='word_1_120' title='bbox 355 1465 483 1535; x_wconf 94' lang='lat' dir='ltr'><strong>Job,</strong></span> <span class='ocrx_word' id='word_1_121' title='bbox 518 1478 796 1541; x_wconf 88' lang='lat' dir='ltr'><strong>quomodo</strong></span> <span class='ocrx_word' id='word_1_122' title='bbox 830 1482 1181 1549; x_wconf 82' lang='lat' dir='ltr'><strong>permitteres</strong></span> <span class='ocrx_word' id='word_1_123' title='bbox 1211 1498 1269 1542; x_wconf 89' lang='lat' dir='ltr'><strong>ut</strong></span> <span class='ocrx_word' id='word_1_124' title='bbox 1298 1492 1504 1561; x_wconf 91' lang='lat' dir='ltr'><strong>aliquid</strong></span> <span class='ocrx_word' id='word_1_125' title='bbox 1538 1463 1749 1554; x_wconf 41' lang='lat' dir='ltr'><strong>maliti?</strong></span> 
     </span>
    </p>
   </div>
   <div class='ocr_carea' id='block_1_15' title="bbox 167 1547 1747 1646">
    <p class='ocr_par' dir='ltr' id='par_1_15' title="bbox 167 1547 1747 1646">
     <span class='ocr_line' id='line_1_16' title="bbox 167 1547 1747 1646; baseline 0.028 -46"><span class='ocrx_word' id='word_1_126' title='bbox 167 1547 251 1603; x_wconf 88' lang='lat' dir='ltr'><strong>liis</strong></span> <span class='ocrx_word' id='word_1_127' title='bbox 303 1553 411 1609; x_wconf 87' lang='lat' dir='ltr'><strong>tuis</strong></span> <span class='ocrx_word' id='word_1_128' title='bbox 461 1556 514 1610; x_wconf 94' lang='lat' dir='ltr'><strong>in</strong></span> <span class='ocrx_word' id='word_1_129' title='bbox 563 1563 746 1618; x_wconf 82' lang='lat' dir='ltr'><strong>verbis</strong></span> <span class='ocrx_word' id='word_1_130' title='bbox 797 1547 959 1637; x_wconf 79' lang='lat' dir='ltr'><strong>atque</strong></span> <span class='ocrx_word' id='word_1_131' title='bbox 1014 1575 1272 1643; x_wconf 84' lang='lat' dir='ltr'><strong>operibus</strong></span> <span class='ocrx_word' id='word_1_132' title='bbox 1316 1581 1747 1646; x_wconf 90' lang='lat' dir='ltr'><strong>evidentioribus</strong></span> 
     </span>
    </p>
   </div>
   <div class='ocr_carea' id='block_1_16' title="bbox 161 1644 1745 1739">
    <p class='ocr_par' dir='ltr' id='par_1_16' title="bbox 161 1644 1745 1739">
     <span class='ocr_line' id='line_1_17' title="bbox 161 1644 1745 1739; baseline 0.026 -44"><span class='ocrx_word' id='word_1_133' title='bbox 161 1644 463 1714; x_wconf 86' lang='lat' dir='ltr'><strong>excideret,</strong></span> <span class='ocrx_word' id='word_1_134' title='bbox 493 1654 583 1721; x_wconf 91' lang='lat' dir='ltr'><strong>qui</strong></span> <span class='ocrx_word' id='word_1_135' title='bbox 615 1670 712 1724; x_wconf 94' lang='lat' dir='ltr'><strong>pro</strong></span> <span class='ocrx_word' id='word_1_136' title='bbox 742 1661 974 1718; x_wconf 89' lang='lat' dir='ltr'><strong>occultis</strong></span> <span class='ocrx_word' id='word_1_137' title='bbox 1024 1674 1078 1720; x_wconf 91' lang='lat' dir='ltr'><strong>et</strong></span> <span class='ocrx_word' id='word_1_138' title='bbox 1115 1667 1339 1739; x_wconf 88' lang='lat' dir='ltr'><strong>abditis,</strong></span> <span class='ocrx_word' id='word_1_139' title='bbox 1379 1684 1475 1729; x_wconf 89' lang='lat' dir='ltr'><strong>aut</strong></span> <span class='ocrx_word' id='word_1_140' title='bbox 1516 1680 1745 1736; x_wconf 92' lang='lat' dir='ltr'><strong>omnino</strong></span> 
     </span>
    </p>
   </div>
   <div class='ocr_carea' id='block_1_17' title="bbox 162 1734 1743 1830">
    <p class='ocr_par' dir='ltr' id='par_1_17' title="bbox 162 1734 1743 1830">
     <span class='ocr_line' id='line_1_18' title="bbox 162 1734 1743 1830; baseline 0.028 -45"><span class='ocrx_word' id='word_1_141' title='bbox 162 1734 391 1794; x_wconf 81' lang='lat' dir='ltr'><strong>forsitan</strong></span> <span class='ocrx_word' id='word_1_142' title='bbox 448 1758 553 1799; x_wconf 91' lang='lat' dir='ltr'><strong>non</strong></span> <span class='ocrx_word' id='word_1_143' title='bbox 596 1746 1136 1820; x_wconf 23' lang='lat' dir='ltr'><strong>exsistentiltus,‘ita</strong></span> <span class='ocrx_word' id='word_1_144' title='bbox 1186 1762 1414 1820; x_wconf 88' lang='lat' dir='ltr'><strong>nimium</strong></span> <span class='ocrx_word' id='word_1_145' title='bbox 1477 1761 1743 1830; x_wconf 83' lang='lat' dir='ltr'><strong>sollicitus</strong></span> 
     </span>
    </p>
   </div>
   <div class='ocr_carea' id='block_1_18' title="bbox 162 1825 1741 1934">
    <p class='ocr_par' dir='ltr' id='par_1_18' title="bbox 162 1825 1741 1934">
     <span class='ocr_line' id='line_1_19' title="bbox 162 1825 1741 1934; baseline 0.027 -58"><span class='ocrx_word' id='word_1_146' title='bbox 162 1825 333 1881; x_wconf 88' lang='lat' dir='ltr'><strong>fueris</strong></span> <span class='ocrx_word' id='word_1_147' title='bbox 369 1839 538 1901; x_wconf 90' lang='lat' dir='ltr'><strong>atque</strong></span> <span class='ocrx_word' id='word_1_148' title='bbox 583 1851 769 1893; x_wconf 89' lang='lat' dir='ltr'><strong>curam</strong></span> <span class='ocrx_word' id='word_1_149' title='bbox 802 1847 1079 1911; x_wconf 85' lang='lat' dir='ltr'><strong>gesseris:</strong></span> <span class='ocrx_word' id='word_1_150' title='bbox 1115 1852 1205 1920; x_wconf 90' lang='lat' dir='ltr'><strong>qui</strong></span> <span class='ocrx_word' id='word_1_151' title='bbox 1259 1855 1527 1915; x_wconf 89' lang='lat' dir='ltr'><strong>sollicitus</strong></span> <span class='ocrx_word' id='word_1_152' title='bbox 1576 1872 1741 1934; x_wconf 84' lang='lat' dir='ltr'><strong>atque</strong></span> 
     </span>
    </p>
   </div>
   <div class='ocr_carea' id='block_1_19' title="bbox 1872 671 3457 766">
    <p class='ocr_par' dir='ltr' id='par_1_19' title="bbox 1872 671 3457 766">
     <span class='ocr_line' id='line_1_20' title="bbox 1872 671 3457 766; baseline 0.022 -41"><span class='ocrx_word' id='word_1_153' title='bbox 1872 671 2213 743; x_wconf 83' lang='lat' dir='ltr'><strong>demergunt.</strong></span> <span class='ocrx_word' id='word_1_154' title='bbox 2265 677 2456 735; x_wconf 91' lang='lat' dir='ltr'><strong>Omnia</strong></span> <span class='ocrx_word' id='word_1_155' title='bbox 2501 684 2645 739; x_wconf 91' lang='lat' dir='ltr'><strong>enim</strong></span> <span class='ocrx_word' id='word_1_156' title='bbox 2696 701 2819 756; x_wconf 70' lang='lat' dir='ltr'><strong>quae</strong></span> <span class='ocrx_word' id='word_1_157' title='bbox 2861 689 3193 763; x_wconf 86' lang='lat' dir='ltr'><strong>deliquerint</strong></span> <span class='ocrx_word' id='word_1_158' title='bbox 3239 671 3335 766; x_wconf 80' lang='lat' dir='ltr'><strong>lilii</strong></span> <span class='ocrx_word' id='word_1_159' title='bbox 3388 704 3457 760; x_wconf 84' lang='lat' dir='ltr'><strong>de</strong></span> 
     </span>
    </p>
   </div>
   <div class='ocr_carea' id='block_1_20' title="bbox 1869 764 3455 865">
    <p class='ocr_par' dir='ltr' id='par_1_20' title="bbox 1869 764 3455 865">
     <span class='ocr_line' id='line_1_21' title="bbox 1869 764 3455 865; baseline 0.025 -53"><span class='ocrx_word' id='word_1_160' title='bbox 1869 764 2187 830; x_wconf 89' lang='lat' dir='ltr'><strong>parentibus</strong></span> <span class='ocrx_word' id='word_1_161' title='bbox 2216 769 2591 840; x_wconf 90' lang='lat' dir='ltr'><strong>requiruntur,</strong></span> <span class='ocrx_word' id='word_1_162' title='bbox 2636 778 2728 846; x_wconf 88' lang='lat' dir='ltr'><strong>qui</strong></span> <span class='ocrx_word' id='word_1_163' title='bbox 2766 793 2871 833; x_wconf 81' lang='lat' dir='ltr'><strong>non</strong></span> <span class='ocrx_word' id='word_1_164' title='bbox 2902 784 3222 854; x_wconf 87' lang='lat' dir='ltr'><strong>erudierint,</strong></span> <span class='ocrx_word' id='word_1_165' title='bbox 3278 808 3455 865; x_wconf 87' lang='lat' dir='ltr'><strong>neque</strong></span> 
     </span>
    </p>
   </div>
   <div class='ocr_carea' id='block_1_21' title="bbox 1866 853 3449 955">
    <p class='ocr_par' dir='ltr' id='par_1_21' title="bbox 1866 853 3449 955">
     <span class='ocr_line' id='line_1_22' title="bbox 1866 853 3449 955; baseline 0.024 -51"><span class='ocrx_word' id='word_1_166' title='bbox 1866 853 2230 923; x_wconf 88' lang='lat' dir='ltr'><strong>corripuerint</strong></span> <span class='ocrx_word' id='word_1_167' title='bbox 2261 858 2402 918; x_wconf 75' lang='lat' dir='ltr'><strong>filios</strong></span> <span class='ocrx_word' id='word_1_168' title='bbox 2447 879 2594 920; x_wconf 82' lang='lat' dir='ltr'><strong>Suos.</strong></span> <span class='ocrx_word' id='word_1_169' title='bbox 2649 866 2823 937; x_wconf 86' lang='lat' dir='ltr'><strong>Hujus</strong></span> <span class='ocrx_word' id='word_1_170' title='bbox 2870 876 3096 933; x_wconf 80' lang='lat' dir='ltr'><strong>evidens</strong></span> <span class='ocrx_word' id='word_1_171' title='bbox 3136 884 3449 955; x_wconf 85' lang='lat' dir='ltr'><strong>exemplum</strong></span> 
     </span>
    </p>
   </div>
   <div class='ocr_carea' id='block_1_22' title="bbox 1866 942 3448 1040">
    <p class='ocr_par' dir='ltr' id='par_1_22' title="bbox 1866 942 3448 1040">
     <span class='ocr_line' id='line_1_23' title="bbox 1866 942 3448 1040; baseline 0.025 -45"><span class='ocrx_word' id='word_1_172' title='bbox 1866 942 1920 996; x_wconf 88' lang='lat' dir='ltr'><strong>itt</strong></span> <span class='ocrx_word' id='word_1_173' title='bbox 1954 944 2071 999; x_wconf 87' lang='lat' dir='ltr'><strong>lleli</strong></span> <span class='ocrx_word' id='word_1_174' title='bbox 2121 952 2432 1008; x_wconf 87' lang='lat' dir='ltr'><strong>ostenditur</strong></span> <span class='ocrx_word' id='word_1_175' title='bbox 2456 966 2512 1009; x_wconf 88' lang='lat' dir='ltr'><strong>et</strong></span> <span class='ocrx_word' id='word_1_176' title='bbox 2550 958 2603 1011; x_wconf 92' lang='lat' dir='ltr'><strong>in</strong></span> <span class='ocrx_word' id='word_1_177' title='bbox 2650 958 2777 1016; x_wconf 83' lang='lat' dir='ltr'><strong>ﬁliis</strong></span> <span class='ocrx_word' id='word_1_178' title='bbox 2826 965 2964 1034; x_wconf 85' lang='lat' dir='ltr'><strong>ejus,</strong></span> <span class='ocrx_word' id='word_1_179' title='bbox 3001 980 3167 1040; x_wconf 89' lang='lat' dir='ltr'><strong>atque</strong></span> <span class='ocrx_word' id='word_1_180' title='bbox 3217 975 3272 1029; x_wconf 88' lang='lat' dir='ltr'><strong>in</strong></span> <span class='ocrx_word' id='word_1_181' title='bbox 3300 942 3448 1036; x_wconf 50' lang='lat' dir='ltr'><strong>&#39;aliis</strong></span> 
     </span>
    </p>
   </div>
   <div class='ocr_carea' id='block_1_23' title="bbox 1862 1035 3445 1132">
    <p class='ocr_par' dir='ltr' id='par_1_23' title="bbox 1862 1035 3445 1132">
     <span class='ocr_line' id='line_1_24' title="bbox 1862 1035 3445 1132; baseline 0.027 -46"><span class='ocrx_word' id='word_1_182' title='bbox 1862 1035 2014 1092; x_wconf 85' lang='lat' dir='ltr'><strong>alibi.</strong></span> <span class='ocrx_word' id='word_1_183' title='bbox 2064 1037 2187 1095; x_wconf 72' lang='lat' dir='ltr'><strong>Haec</strong></span> <span class='ocrx_word' id='word_1_184' title='bbox 2228 1044 2408 1100; x_wconf 87' lang='lat' dir='ltr'><strong>sciens</strong></span> <span class='ocrx_word' id='word_1_185' title='bbox 2441 1049 2714 1118; x_wconf 84' lang='lat' dir='ltr'><strong>gloriosus</strong></span> <span class='ocrx_word' id='word_1_186' title='bbox 2753 1054 2847 1110; x_wconf 85' lang='lat' dir='ltr'><strong>Dei</strong></span> <span class='ocrx_word' id='word_1_187' title='bbox 2899 1035 3134 1118; x_wconf 80' lang='lat' dir='ltr'><strong>famulus</strong></span> <span class='ocrx_word' id='word_1_188' title='bbox 3174 1065 3298 1132; x_wconf 87' lang='lat' dir='ltr'><strong>Job,</strong></span> <span class='ocrx_word' id='word_1_189' title='bbox 3334 1035 3445 1128; x_wconf 74' lang='lat' dir='ltr'><strong>noti</strong></span> 
     </span>
    </p>
   </div>
   <div class='ocr_carea' id='block_1_24' title="bbox 1861 1124 3444 1228">
    <p class='ocr_par' dir='ltr' id='par_1_24' title="bbox 1861 1124 3444 1228">
     <span class='ocr_line' id='line_1_25' title="bbox 1861 1124 3444 1228; baseline 0.024 -51"><span class='ocrx_word' id='word_1_190' title='bbox 1861 1124 2035 1179; x_wconf 91' lang='lat' dir='ltr'><strong>solum</strong></span> <span class='ocrx_word' id='word_1_191' title='bbox 2068 1145 2097 1182; x_wconf 95' lang='lat' dir='ltr'><strong>a</strong></span> <span class='ocrx_word' id='word_1_192' title='bbox 2151 1134 2457 1192; x_wconf 90' lang='lat' dir='ltr'><strong>manifestis</strong></span> <span class='ocrx_word' id='word_1_193' title='bbox 2514 1143 2754 1208; x_wconf 85' lang='lat' dir='ltr'><strong>peccatis</strong></span> <span class='ocrx_word' id='word_1_194' title='bbox 2800 1143 3061 1204; x_wconf 81' lang='lat' dir='ltr'><strong>observat</strong></span> <span class='ocrx_word' id='word_1_195' title='bbox 3105 1154 3245 1211; x_wconf 87' lang='lat' dir='ltr'><strong>lilios</strong></span> <span class='ocrx_word' id='word_1_196' title='bbox 3291 1172 3444 1228; x_wconf 89' lang='lat' dir='ltr'><strong>suos,</strong></span> 
     </span>
    </p>
   </div>
   <div class='ocr_carea' id='block_1_25' title="bbox 1859 1217 3446 1306">
    <p class='ocr_par' dir='ltr' id='par_1_25' title="bbox 1859 1217 3446 1306">
     <span class='ocr_line' id='line_1_26' title="bbox 1859 1217 3446 1306; baseline 0.025 -38"><span class='ocrx_word' id='word_1_197' title='bbox 1859 1217 1954 1269; x_wconf 89' lang='lat' dir='ltr'><strong>sed</strong></span> <span class='ocrx_word' id='word_1_198' title='bbox 1984 1227 2039 1271; x_wconf 92' lang='lat' dir='ltr'><strong>et</strong></span> <span class='ocrx_word' id='word_1_199' title='bbox 2066 1222 2134 1275; x_wconf 91' lang='lat' dir='ltr'><strong>ab</strong></span> <span class='ocrx_word' id='word_1_200' title='bbox 2165 1226 2420 1294; x_wconf 82' lang='lat' dir='ltr'><strong>occultis,</strong></span> <span class='ocrx_word' id='word_1_201' title='bbox 2452 1245 2519 1285; x_wconf 91' lang='lat' dir='ltr'><strong>ne</strong></span> <span class='ocrx_word' id='word_1_202' title='bbox 2548 1233 2675 1285; x_wconf 87' lang='lat' dir='ltr'><strong>mali</strong></span> <span class='ocrx_word' id='word_1_203' title='bbox 2706 1234 2911 1306; x_wconf 90' lang='lat' dir='ltr'><strong>aliquid</strong></span> <span class='ocrx_word' id='word_1_204' title='bbox 2941 1241 2994 1296; x_wconf 95' lang='lat' dir='ltr'><strong>in</strong></span> <span class='ocrx_word' id='word_1_205' title='bbox 3025 1247 3189 1301; x_wconf 89' lang='lat' dir='ltr'><strong>corde</strong></span> <span class='ocrx_word' id='word_1_206' title='bbox 3220 1264 3320 1304; x_wconf 91' lang='lat' dir='ltr'><strong>suo</strong></span> <span class='ocrx_word' id='word_1_207' title='bbox 3348 1267 3446 1306; x_wconf 88' lang='lat' dir='ltr'><strong>co-</strong></span> 
     </span>
    </p>
   </div>
   <div class='ocr_carea' id='block_1_26' title="bbox 1856 1307 3439 1411">
    <p class='ocr_par' dir='ltr' id='par_1_26' title="bbox 1856 1307 3439 1411">
     <span class='ocr_line' id='line_1_27' title="bbox 1856 1307 3439 1411; baseline 0.026 -51"><span class='ocrx_word' id='word_1_208' title='bbox 1856 1307 2107 1374; x_wconf 84' lang='lat' dir='ltr'><strong>gitarent.</strong></span> <span class='ocrx_word' id='word_1_209' title='bbox 2144 1315 2357 1373; x_wconf 85' lang='lat' dir='ltr'><strong>Primus</strong></span> <span class='ocrx_word' id='word_1_210' title='bbox 2388 1320 2580 1377; x_wconf 90' lang='lat' dir='ltr'><strong>beatus</strong></span> <span class='ocrx_word' id='word_1_211' title='bbox 2630 1324 2721 1379; x_wconf 92' lang='lat' dir='ltr'><strong>ille</strong></span> <span class='ocrx_word' id='word_1_212' title='bbox 2776 1334 3075 1391; x_wconf 90' lang='lat' dir='ltr'><strong>ostendens</strong></span> <span class='ocrx_word' id='word_1_213' title='bbox 3114 1338 3274 1396; x_wconf 88' lang='lat' dir='ltr'><strong>factis</strong></span> <span class='ocrx_word' id='word_1_214' title='bbox 3310 1351 3439 1411; x_wconf 84' lang='lat' dir='ltr'><strong>hoc,</strong></span> 
     </span>
    </p>
   </div>
   <div class='ocr_carea' id='block_1_27' title="bbox 1855 1403 3443 1495">
    <p class='ocr_par' dir='ltr' id='par_1_27' title="bbox 1855 1403 3443 1495">
     <span class='ocr_line' id='line_1_28' title="bbox 1855 1403 3443 1495; baseline 0.025 -43"><span class='ocrx_word' id='word_1_215' title='bbox 1855 1403 1996 1469; x_wconf 83' lang='lat' dir='ltr'><strong>quod</strong></span> <span class='ocrx_word' id='word_1_216' title='bbox 2036 1416 2158 1473; x_wconf 92' lang='lat' dir='ltr'><strong>post</strong></span> <span class='ocrx_word' id='word_1_217' title='bbox 2189 1408 2290 1464; x_wconf 92' lang='lat' dir='ltr'><strong>boc</strong></span> <span class='ocrx_word' id='word_1_218' title='bbox 2323 1412 2529 1468; x_wconf 87' lang='lat' dir='ltr'><strong>dictum</strong></span> <span class='ocrx_word' id='word_1_219' title='bbox 2558 1425 2642 1470; x_wconf 91' lang='lat' dir='ltr'><strong>est</strong></span> <span class='ocrx_word' id='word_1_220' title='bbox 2672 1419 2854 1476; x_wconf 84' lang='lat' dir='ltr'><strong>verbis</strong></span> <span class='ocrx_word' id='word_1_221' title='bbox 2881 1440 2895 1476; x_wconf 86' lang='lat'><strong>:</strong></span> <span class='ocrx_word' id='word_1_222' title='bbox 2930 1425 3009 1480; x_wconf 87' lang='lat' dir='ltr'><strong>Ab</strong></span> <span class='ocrx_word' id='word_1_223' title='bbox 3054 1431 3280 1488; x_wconf 81' lang='lat' dir='ltr'><strong>occultis</strong></span> <span class='ocrx_word' id='word_1_224' title='bbox 3309 1438 3443 1495; x_wconf 83' lang='lat' dir='ltr'><strong>meis</strong></span> 
     </span>
    </p>
   </div>
   <div class='ocr_carea' id='block_1_28' title="bbox 1851 1492 3439 1592">
    <p class='ocr_par' dir='ltr' id='par_1_28' title="bbox 1851 1492 3439 1592">
     <span class='ocr_line' id='line_1_29' title="bbox 1851 1492 3439 1592; baseline 0.027 -52"><span class='ocrx_word' id='word_1_225' title='bbox 1851 1492 2050 1546; x_wconf 85' lang='lat' dir='ltr'><strong>munda</strong></span> <span class='ocrx_word' id='word_1_226' title='bbox 2079 1511 2161 1549; x_wconf 88' lang='lat' dir='ltr'><strong>me</strong></span> <span class='ocrx_word' id='word_1_227' title='bbox 2193 1496 2276 1552; x_wconf 74' lang='lat' dir='ltr'><strong>“z</strong></span> <span class='ocrx_word' id='word_1_228' title='bbox 2314 1516 2412 1570; x_wconf 91' lang='lat' dir='ltr'><strong>pro</strong></span> <span class='ocrx_word' id='word_1_229' title='bbox 2455 1506 2691 1564; x_wconf 85' lang='lat' dir='ltr'><strong>occultis</strong></span> <span class='ocrx_word' id='word_1_230' title='bbox 2741 1511 3119 1585; x_wconf 89' lang='lat' dir='ltr'><strong>nihilominus,</strong></span> <span class='ocrx_word' id='word_1_231' title='bbox 3173 1531 3339 1592; x_wconf 90' lang='lat' dir='ltr'><strong>atque</strong></span> <span class='ocrx_word' id='word_1_232' title='bbox 3382 1527 3439 1583; x_wconf 91' lang='lat' dir='ltr'><strong>in</strong></span> 
     </span>
    </p>
   </div>
   <div class='ocr_carea' id='block_1_29' title="bbox 1850 1579 3433 1675">
    <p class='ocr_par' dir='ltr' id='par_1_29' title="bbox 1850 1579 3433 1675">
     <span class='ocr_line' id='line_1_30' title="bbox 1850 1579 3433 1675; baseline 0.026 -43"><span class='ocrx_word' id='word_1_233' title='bbox 1850 1579 2157 1650; x_wconf 86' lang='lat' dir='ltr'><strong>ignorantia</strong></span> <span class='ocrx_word' id='word_1_234' title='bbox 2222 1598 2551 1661; x_wconf 86' lang='lat' dir='ltr'><strong>perpetratis</strong></span> <span class='ocrx_word' id='word_1_235' title='bbox 2625 1603 2841 1661; x_wconf 91' lang='lat' dir='ltr'><strong>delictis</strong></span> <span class='ocrx_word' id='word_1_236' title='bbox 2898 1606 3139 1665; x_wconf 83' lang='lat' dir='ltr'><strong>filiorum</strong></span> <span class='ocrx_word' id='word_1_237' title='bbox 3204 1630 3433 1675; x_wconf 88' lang='lat' dir='ltr'><strong>suorum</strong></span> 
     </span>
    </p>
   </div>
   <div class='ocr_carea' id='block_1_30' title="bbox 1849 1673 3435 1780">
    <p class='ocr_par' dir='ltr' id='par_1_30' title="bbox 1849 1673 3435 1780">
     <span class='ocr_line' id='line_1_31' title="bbox 1849 1673 3435 1780; baseline 0.026 -55"><span class='ocrx_word' id='word_1_238' title='bbox 1849 1673 2084 1731; x_wconf 87' lang='lat' dir='ltr'><strong>sollicite</strong></span> <span class='ocrx_word' id='word_1_239' title='bbox 2113 1684 2412 1740; x_wconf 80' lang='lat' dir='ltr'><strong>mandabat</strong></span> <span class='ocrx_word' id='word_1_240' title='bbox 2438 1703 2552 1753; x_wconf 89' lang='lat' dir='ltr'><strong>eos,</strong></span> <span class='ocrx_word' id='word_1_241' title='bbox 2590 1702 2647 1746; x_wconf 88' lang='lat' dir='ltr'><strong>et</strong></span> <span class='ocrx_word' id='word_1_242' title='bbox 2696 1711 2804 1752; x_wconf 93' lang='lat' dir='ltr'><strong>non</strong></span> <span class='ocrx_word' id='word_1_243' title='bbox 2862 1709 3075 1757; x_wconf 89' lang='lat' dir='ltr'><strong>tantum</strong></span> <span class='ocrx_word' id='word_1_244' title='bbox 3103 1721 3203 1774; x_wconf 91' lang='lat' dir='ltr'><strong>pro</strong></span> <span class='ocrx_word' id='word_1_245' title='bbox 3233 1723 3435 1780; x_wconf 91' lang='lat' dir='ltr'><strong>perpe-</strong></span> 
     </span>
    </p>
   </div>
   <div class='ocr_carea' id='block_1_31' title="bbox 1847 1767 3431 1859">
    <p class='ocr_par' dir='ltr' id='par_1_31' title="bbox 1847 1767 3431 1859">
     <span class='ocr_line' id='line_1_32' title="bbox 1847 1767 3431 1859; baseline 0.027 -42"><span class='ocrx_word' id='word_1_246' title='bbox 1847 1767 2006 1821; x_wconf 89' lang='lat' dir='ltr'><strong>tratis</strong></span> <span class='ocrx_word' id='word_1_247' title='bbox 2058 1779 2225 1841; x_wconf 88' lang='lat' dir='ltr'><strong>atque</strong></span> <span class='ocrx_word' id='word_1_248' title='bbox 2269 1777 2456 1843; x_wconf 84' lang='lat' dir='ltr'><strong>certis,</strong></span> <span class='ocrx_word' id='word_1_249' title='bbox 2487 1794 2752 1850; x_wconf 83' lang='lat' dir='ltr'><strong>quantum</strong></span> <span class='ocrx_word' id='word_1_250' title='bbox 2805 1805 2904 1859; x_wconf 92' lang='lat' dir='ltr'><strong>pro</strong></span> <span class='ocrx_word' id='word_1_251' title='bbox 2954 1796 3180 1852; x_wconf 86' lang='lat' dir='ltr'><strong>incertis</strong></span> <span class='ocrx_word' id='word_1_252' title='bbox 3219 1811 3274 1855; x_wconf 90' lang='lat' dir='ltr'><strong>et</strong></span> <span class='ocrx_word' id='word_1_253' title='bbox 3321 1818 3431 1859; x_wconf 91' lang='lat' dir='ltr'><strong>non</strong></span> 
     </span>
    </p>
   </div>
   <div class='ocr_carea' id='block_1_32' title="bbox 1845 1862 3426 1950">
    <p class='ocr_par' dir='ltr' id='par_1_32' title="bbox 1845 1862 3426 1950">
     <span class='ocr_line' id='line_1_33' title="bbox 1845 1862 3426 1950; baseline 0.023 -37"><span class='ocrx_word' id='word_1_254' title='bbox 1845 1862 2256 1923; x_wconf 85' lang='lat' dir='ltr'><strong>exsistentibus.</strong></span> <span class='ocrx_word' id='word_1_255' title='bbox 2278 1868 2391 1926; x_wconf 87' lang='lat' dir='ltr'><strong>Hoc</strong></span> <span class='ocrx_word' id='word_1_256' title='bbox 2422 1874 2681 1932; x_wconf 86' lang='lat' dir='ltr'><strong>nimirum</strong></span> <span class='ocrx_word' id='word_1_257' title='bbox 2703 1877 2942 1939; x_wconf 86' lang='lat' dir='ltr'><strong>faciebat</strong></span> <span class='ocrx_word' id='word_1_258' title='bbox 2975 1885 3070 1943; x_wconf 90' lang='lat' dir='ltr'><strong>ille</strong></span> <span class='ocrx_word' id='word_1_259' title='bbox 3100 1888 3293 1947; x_wconf 91' lang='lat' dir='ltr'><strong>beatus</strong></span> <span class='ocrx_word' id='word_1_260' title='bbox 3319 1894 3426 1950; x_wconf 89' lang='lat' dir='ltr'><strong>vir.</strong></span> 
     </span>
    </p>
   </div>
   <div class='ocr_carea' id='block_1_33' title="bbox 155 1923 3427 2040">
    <p class='ocr_par' dir='ltr' id='par_1_33' title="bbox 155 1923 3427 2040">
     <span class='ocr_line' id='line_1_34' title="bbox 2370 1923 3426 1950; baseline 0 -9"><span class='ocrx_word' id='word_1_261' title='bbox 2370 1923 2388 1926; x_wconf 82' lang='lat'><strong>-</strong></span> <span class='ocrx_word' id='word_1_262' title='bbox 2703 1923 2942 1939; x_wconf 64' lang='grc' dir='ltr'><strong>...ν-...ιω</strong></span> <span class='ocrx_word' id='word_1_263' title='bbox 2975 1923 3070 1943; x_wconf 70' lang='grc' dir='ltr'><strong>...υ</strong></span> <span class='ocrx_word' id='word_1_264' title='bbox 3100 1923 3293 1947; x_wconf 51' lang='lat' dir='ltr'><strong>ne...“</strong></span> <span class='ocrx_word' id='word_1_265' title='bbox 3325 1923 3426 1950; x_wconf 68' lang='grc' dir='ltr'><strong>νη,</strong></span> 
     </span>
     <span class='ocr_line' id='line_1_35' title="bbox 155 1923 3427 2040; baseline 0.022 -72"><span class='ocrx_word' id='word_1_266' title='bbox 155 1926 407 1975; x_wconf 84' lang='lat' dir='ltr'><strong>metuens</strong></span> <span class='ocrx_word' id='word_1_267' title='bbox 435 1923 619 1980; x_wconf 76' lang='lat' dir='ltr'><strong>dixisti</strong></span> <span class='ocrx_word' id='word_1_268' title='bbox 650 1930 767 1985; x_wconf 82' lang='lat' dir='ltr'><strong>:Ne</strong></span> <span class='ocrx_word' id='word_1_269' title='bbox 797 1931 934 2001; x_wconf 81' lang='lat' dir='ltr'><strong>forte</strong></span> <span class='ocrx_word' id='word_1_270' title='bbox 957 1937 1059 2004; x_wconf 86' lang='lat' dir='ltr'><strong>ﬁlii</strong></span> <span class='ocrx_word' id='word_1_271' title='bbox 1090 1944 1190 1996; x_wconf 88' lang='lat' dir='ltr'><strong>mei</strong></span> <span class='ocrx_word' id='word_1_272' title='bbox 1218 1944 1273 1998; x_wconf 83' lang='lat' dir='ltr'><strong>in</strong></span> <span class='ocrx_word' id='word_1_273' title='bbox 1296 1949 1452 2001; x_wconf 72' lang='lat' dir='ltr'><strong>corde</strong></span> <span class='ocrx_word' id='word_1_274' title='bbox 1475 1966 1572 2004; x_wconf 85' lang='lat' dir='ltr'><strong>suo</strong></span> <span class='ocrx_word' id='word_1_275' title='bbox 1607 1923 1737 2007; x_wconf 56' lang='lat' dir='ltr'><strong>mali</strong></span> <span class='ocrx_word' id='word_1_276' title='bbox 1767 1936 1817 1998; x_wconf 81' lang='grc' dir='ltr'><strong>Β</strong></span> <span class='ocrx_word' id='word_1_277' title='bbox 1844 1949 1960 2006; x_wconf 85' lang='grc' dir='ltr'><strong>Νοη</strong></span> <span class='ocrx_word' id='word_1_278' title='bbox 1986 1958 2153 2011; x_wconf 91' lang='lat' dir='ltr'><strong>semel</strong></span> <span class='ocrx_word' id='word_1_279' title='bbox 2188 1969 2281 2014; x_wconf 89' lang='lat' dir='ltr'><strong>aut</strong></span> <span class='ocrx_word' id='word_1_280' title='bbox 2309 1966 2570 2033; x_wconf 89' lang='lat' dir='ltr'><strong>secundo,</strong></span> <span class='ocrx_word' id='word_1_281' title='bbox 2602 1984 2779 2040; x_wconf 88' lang='lat' dir='ltr'><strong>neque</strong></span> <span class='ocrx_word' id='word_1_282' title='bbox 2820 1989 2929 2030; x_wconf 92' lang='lat' dir='ltr'><strong>uno</strong></span> <span class='ocrx_word' id='word_1_283' title='bbox 2972 1992 3117 2034; x_wconf 89' lang='lat' dir='ltr'><strong>anno</strong></span> <span class='ocrx_word' id='word_1_284' title='bbox 3146 1990 3239 2035; x_wconf 90' lang='lat' dir='ltr'><strong>aut</strong></span> <span class='ocrx_word' id='word_1_285' title='bbox 3289 1984 3427 2039; x_wconf 89' lang='lat' dir='ltr'><strong>duo-</strong></span> 
     </span>
     <span class='ocr_line' id='line_1_36' title="bbox 155 2004 1397 2040; baseline 0 0"><span class='ocrx_word' id='word_1_286' title='bbox 155 2004 357 2040; x_wconf 65' lang='grc' dir='ltr'><em>ηΙὸοίήλ</em></span> <span class='ocrx_word' id='word_1_287' title='bbox 390 2014 729 2040; x_wconf 43' lang='grc' dir='ltr'><strong>---ξυνα-μ,</strong></span> <span class='ocrx_word' id='word_1_288' title='bbox 775 2038 794 2040; x_wconf 83' lang='lat'><strong><em>_</em></strong></span> <span class='ocrx_word' id='word_1_289' title='bbox 822 2023 835 2040; x_wconf 80' lang='grc' dir='ltr'><em>ι</em></span> <span class='ocrx_word' id='word_1_290' title='bbox 1068 2027 1102 2040; x_wconf 77' lang='grc'><strong>..</strong></span> <span class='ocrx_word' id='word_1_291' title='bbox 1381 2036 1397 2040; x_wconf 82' lang='grc'><strong>-</strong></span> 
     </span>
    </p>
   </div>
   <div class='ocr_carea' id='block_1_34' title="bbox 152 2004 1739 2099">
    <p class='ocr_par' dir='ltr' id='par_1_34' title="bbox 152 2004 1739 2099">
     <span class='ocr_line' id='line_1_37' title="bbox 152 2004 1739 2099; baseline 0.028 -43"><span class='ocrx_word' id='word_1_292' title='bbox 152 2004 357 2077; x_wconf 76' lang='lat' dir='ltr'><strong>aliquid</strong></span> <span class='ocrx_word' id='word_1_293' title='bbox 386 2014 729 2082; x_wconf 78' lang='lat' dir='ltr'><strong>cogitaverim</strong></span> <span class='ocrx_word' id='word_1_294' title='bbox 765 2023 1017 2080; x_wconf 79' lang='lat' dir='ltr'><strong>adversus</strong></span> <span class='ocrx_word' id='word_1_295' title='bbox 1055 2027 1248 2098; x_wconf 86' lang='lat' dir='ltr'><strong>Deum,</strong></span> <span class='ocrx_word' id='word_1_296' title='bbox 1279 2051 1344 2091; x_wconf 91' lang='lat' dir='ltr'><strong>ne</strong></span> <span class='ocrx_word' id='word_1_297' title='bbox 1371 2036 1513 2094; x_wconf 87' lang='lat' dir='ltr'><strong>forte</strong></span> 
     </span>
    </p>
   </div>
   <div class='ocr_carea' id='block_1_35' title="bbox 151 2101 1741 2199">
    <p class='ocr_par' dir='ltr' id='par_1_35' title="bbox 151 2101 1741 2199">
     <span class='ocr_line' id='line_1_38' title="bbox 151 2101 1741 2199; baseline 0.026 -47"><span class='ocrx_word' id='word_1_298' title='bbox 151 2101 415 2166; x_wconf 79' lang='lat' dir='ltr'><strong>pudicitia</strong></span> <span class='ocrx_word' id='word_1_299' title='bbox 456 2109 841 2185; x_wconf 81' lang='lat' dir='ltr'><strong>cogitaverim,</strong></span> <span class='ocrx_word' id='word_1_300' title='bbox 887 2131 955 2172; x_wconf 90' lang='lat' dir='ltr'><strong>ne</strong></span> <span class='ocrx_word' id='word_1_301' title='bbox 978 2117 1120 2176; x_wconf 90' lang='lat' dir='ltr'><strong>forte</strong></span> <span class='ocrx_word' id='word_1_302' title='bbox 1151 2125 1220 2178; x_wconf 90' lang='lat' dir='ltr'><strong>ad</strong></span> <span class='ocrx_word' id='word_1_303' title='bbox 1260 2127 1596 2199; x_wconf 86' lang='lat' dir='ltr'><strong>impietatem</strong></span> <span class='ocrx_word' id='word_1_304' title='bbox 1641 2136 1741 2192; x_wconf 87' lang='lat' dir='ltr'><strong>de-</strong></span> 
     </span>
    </p>
   </div>
   <div class='ocr_carea' id='block_1_36' title="bbox 151 2193 1735 2296">
    <p class='ocr_par' dir='ltr' id='par_1_36' title="bbox 151 2193 1735 2296">
     <span class='ocr_line' id='line_1_39' title="bbox 151 2193 1735 2296; baseline 0.026 -53"><span class='ocrx_word' id='word_1_305' title='bbox 151 2193 502 2267; x_wconf 79' lang='lat' dir='ltr'><strong>clinaverint,</strong></span> <span class='ocrx_word' id='word_1_306' title='bbox 535 2218 604 2258; x_wconf 88' lang='lat' dir='ltr'><strong>ne</strong></span> <span class='ocrx_word' id='word_1_307' title='bbox 630 2204 772 2263; x_wconf 86' lang='lat' dir='ltr'><strong>forte</strong></span> <span class='ocrx_word' id='word_1_308' title='bbox 814 2219 931 2277; x_wconf 92' lang='lat' dir='ltr'><strong>post</strong></span> <span class='ocrx_word' id='word_1_309' title='bbox 970 2226 1195 2281; x_wconf 88' lang='lat' dir='ltr'><strong>peccata</strong></span> <span class='ocrx_word' id='word_1_310' title='bbox 1222 2219 1626 2296; x_wconf 87' lang='lat' dir='ltr'><strong>oberraverint,</strong></span> <span class='ocrx_word' id='word_1_311' title='bbox 1666 2244 1735 2284; x_wconf 90' lang='lat' dir='ltr'><strong>ne</strong></span> 
     </span>
    </p>
   </div>
   <div class='ocr_carea' id='block_1_37' title="bbox 151 2282 1735 2383">
    <p class='ocr_par' dir='ltr' id='par_1_37' title="bbox 151 2282 1735 2383">
     <span class='ocr_line' id='line_1_40' title="bbox 151 2282 1735 2383; baseline 0.026 -50"><span class='ocrx_word' id='word_1_312' title='bbox 151 2282 288 2339; x_wconf 85' lang='lat' dir='ltr'><strong>forte</strong></span> <span class='ocrx_word' id='word_1_313' title='bbox 328 2286 518 2345; x_wconf 87' lang='lat' dir='ltr'><strong>illicita</strong></span> <span class='ocrx_word' id='word_1_314' title='bbox 548 2294 791 2351; x_wconf 88' lang='lat' dir='ltr'><strong>meditati</strong></span> <span class='ocrx_word' id='word_1_315' title='bbox 826 2299 1050 2366; x_wconf 84' lang='lat' dir='ltr'><strong>fuerint,</strong></span> <span class='ocrx_word' id='word_1_316' title='bbox 1086 2321 1155 2361; x_wconf 91' lang='lat' dir='ltr'><strong>ne</strong></span> <span class='ocrx_word' id='word_1_317' title='bbox 1196 2308 1339 2365; x_wconf 92' lang='lat' dir='ltr'><strong>forte</strong></span> <span class='ocrx_word' id='word_1_318' title='bbox 1372 2312 1573 2383; x_wconf 90' lang='lat' dir='ltr'><strong>injusta</strong></span> <span class='ocrx_word' id='word_1_319' title='bbox 1597 2282 1735 2373; x_wconf 77' lang='lat' dir='ltr'><strong>con-</strong></span> 
     </span>
    </p>
   </div>
   <div class='ocr_carea' id='block_1_38' title="bbox 146 2381 1731 2487">
    <p class='ocr_par' dir='ltr' id='par_1_38' title="bbox 146 2381 1731 2487">
     <span class='ocr_line' id='line_1_41' title="bbox 146 2381 1731 2487; baseline 0.026 -56"><span class='ocrx_word' id='word_1_320' title='bbox 146 2381 441 2449; x_wconf 86' lang='lat' dir='ltr'><strong>cupierint,</strong></span> <span class='ocrx_word' id='word_1_321' title='bbox 478 2402 545 2443; x_wconf 91' lang='lat' dir='ltr'><strong>nc</strong></span> <span class='ocrx_word' id='word_1_322' title='bbox 572 2388 712 2447; x_wconf 90' lang='lat' dir='ltr'><strong>forte</strong></span> <span class='ocrx_word' id='word_1_323' title='bbox 741 2394 926 2466; x_wconf 89' lang='lat' dir='ltr'><strong>aliqua</strong></span> <span class='ocrx_word' id='word_1_324' title='bbox 959 2402 1116 2456; x_wconf 80' lang='lat' dir='ltr'><strong>radix</strong></span> <span class='ocrx_word' id='word_1_325' title='bbox 1149 2410 1536 2469; x_wconf 88' lang='lat' dir='ltr'><strong>amaritudinis</strong></span> <span class='ocrx_word' id='word_1_326' title='bbox 1564 2425 1731 2487; x_wconf 91' lang='lat' dir='ltr'><strong>atque</strong></span> 
     </span>
    </p>
   </div>
   <div class='ocr_carea' id='block_1_39' title="bbox 145 2470 1729 2568">
    <p class='ocr_par' dir='ltr' id='par_1_39' title="bbox 145 2470 1729 2568">
     <span class='ocr_line' id='line_1_42' title="bbox 145 2470 1729 2568; baseline 0.028 -46"><span class='ocrx_word' id='word_1_327' title='bbox 145 2470 283 2528; x_wconf 85' lang='lat' dir='ltr'><strong>fellis</strong></span> <span class='ocrx_word' id='word_1_328' title='bbox 318 2488 515 2533; x_wconf 85' lang='lat' dir='ltr'><strong>exorta</strong></span> <span class='ocrx_word' id='word_1_329' title='bbox 564 2481 616 2536; x_wconf 92' lang='lat' dir='ltr'><strong>in</strong></span> <span class='ocrx_word' id='word_1_330' title='bbox 657 2486 858 2542; x_wconf 91' lang='lat' dir='ltr'><strong>animis</strong></span> <span class='ocrx_word' id='word_1_331' title='bbox 886 2505 1077 2548; x_wconf 91' lang='lat' dir='ltr'><strong>eorum</strong></span> <span class='ocrx_word' id='word_1_332' title='bbox 1120 2496 1252 2565; x_wconf 87' lang='lat' dir='ltr'><strong>ipsis</strong></span> <span class='ocrx_word' id='word_1_333' title='bbox 1284 2506 1729 2568; x_wconf 70' lang='lat' dir='ltr'><strong>nocuerit‘Hlazc</strong></span> 
     </span>
    </p>
   </div>
   <div class='ocr_carea' id='block_1_40' title="bbox 141 2563 1725 2670">
    <p class='ocr_par' dir='ltr' id='par_1_40' title="bbox 141 2563 1725 2670">
     <span class='ocr_line' id='line_1_43' title="bbox 141 2563 1725 2670; baseline 0.027 -55"><span class='ocrx_word' id='word_1_334' title='bbox 141 2563 353 2621; x_wconf 84' lang='lat' dir='ltr'><strong>scilicet</strong></span> <span class='ocrx_word' id='word_1_335' title='bbox 386 2577 557 2641; x_wconf 85' lang='lat' dir='ltr'><strong>atque</strong></span> <span class='ocrx_word' id='word_1_336' title='bbox 586 2574 671 2629; x_wconf 92' lang='lat' dir='ltr'><strong>his</strong></span> <span class='ocrx_word' id='word_1_337' title='bbox 698 2576 901 2635; x_wconf 88' lang='lat' dir='ltr'><strong>similia</strong></span> <span class='ocrx_word' id='word_1_338' title='bbox 938 2563 1167 2653; x_wconf 81' lang='lat' dir='ltr'><strong>plurima</strong></span> <span class='ocrx_word' id='word_1_339' title='bbox 1197 2591 1340 2646; x_wconf 86' lang='lat' dir='ltr'><strong>intra</strong></span> <span class='ocrx_word' id='word_1_340' title='bbox 1372 2599 1725 2670; x_wconf 81' lang='lat' dir='ltr'><strong>semetipsum</strong></span> 
     </span>
    </p>
   </div>
   <div class='ocr_carea' id='block_1_41' title="bbox 142 2664 1725 2753">
    <p class='ocr_par' dir='ltr' id='par_1_41' title="bbox 142 2664 1725 2753">
     <span class='ocr_line' id='line_1_44' title="bbox 142 2664 1725 2753; baseline 0.023 -44"><span class='ocrx_word' id='word_1_341' title='bbox 142 2664 388 2716; x_wconf 89' lang='lat' dir='ltr'><strong>tractans</strong></span> <span class='ocrx_word' id='word_1_342' title='bbox 436 2664 632 2723; x_wconf 89' lang='lat' dir='ltr'><strong>beatus</strong></span> <span class='ocrx_word' id='word_1_343' title='bbox 681 2668 784 2727; x_wconf 92' lang='lat' dir='ltr'><strong>Job</strong></span> <span class='ocrx_word' id='word_1_344' title='bbox 830 2675 1010 2732; x_wconf 82' lang='lat' dir='ltr'><strong>dixit:</strong></span> <span class='ocrx_word' id='word_1_345' title='bbox 1058 2676 1141 2733; x_wconf 86' lang='lat' dir='ltr'><strong>Ne</strong></span> <span class='ocrx_word' id='word_1_346' title='bbox 1182 2682 1321 2750; x_wconf 82' lang='lat' dir='ltr'><strong>forte</strong></span> <span class='ocrx_word' id='word_1_347' title='bbox 1367 2686 1473 2753; x_wconf 89' lang='lat' dir='ltr'><strong>ﬁlii</strong></span> <span class='ocrx_word' id='word_1_348' title='bbox 1524 2664 1624 2744; x_wconf 71' lang='lat' dir='ltr'><strong>mei</strong></span> <span class='ocrx_word' id='word_1_349' title='bbox 1669 2694 1725 2746; x_wconf 85' lang='lat' dir='ltr'><strong>in</strong></span> 
     </span>
    </p>
   </div>
   <div class='ocr_carea' id='block_1_42' title="bbox 136 2752 1720 2842">
    <p class='ocr_par' dir='ltr' id='par_1_42' title="bbox 136 2752 1720 2842">
     <span class='ocr_line' id='line_1_45' title="bbox 136 2752 1720 2842; baseline 0.025 -41"><span class='ocrx_word' id='word_1_350' title='bbox 136 2752 288 2806; x_wconf 82' lang='lat' dir='ltr'><strong>corde</strong></span> <span class='ocrx_word' id='word_1_351' title='bbox 312 2770 414 2809; x_wconf 80' lang='lat' dir='ltr'><strong>suo</strong></span> <span class='ocrx_word' id='word_1_352' title='bbox 448 2761 578 2812; x_wconf 81' lang='lat' dir='ltr'><strong>ntali</strong></span> <span class='ocrx_word' id='word_1_353' title='bbox 603 2764 809 2834; x_wconf 83' lang='lat' dir='ltr'><strong>aliquid</strong></span> <span class='ocrx_word' id='word_1_354' title='bbox 844 2771 1193 2839; x_wconf 81' lang='lat' dir='ltr'><strong>cogitaverim</strong></span> <span class='ocrx_word' id='word_1_355' title='bbox 1233 2777 1486 2836; x_wconf 81' lang='lat' dir='ltr'><strong>adversus</strong></span> <span class='ocrx_word' id='word_1_356' title='bbox 1529 2782 1720 2842; x_wconf 86' lang='lat' dir='ltr'><strong>Deum.</strong></span> 
     </span>
    </p>
   </div>
   <div class='ocr_carea' id='block_1_43' title="bbox 138 2840 1722 2938">
    <p class='ocr_par' dir='ltr' id='par_1_43' title="bbox 138 2840 1722 2938">
     <span class='ocr_line' id='line_1_46' title="bbox 138 2840 1722 2938; baseline 0.025 -43"><span class='ocrx_word' id='word_1_357' title='bbox 138 2840 209 2896; x_wconf 73' lang='lat' dir='ltr'><strong>Ne</strong></span> <span class='ocrx_word' id='word_1_358' title='bbox 238 2844 410 2913; x_wconf 88' lang='lat' dir='ltr'><strong>forte,</strong></span> <span class='ocrx_word' id='word_1_359' title='bbox 450 2849 647 2921; x_wconf 88' lang='lat' dir='ltr'><strong>inquit,</strong></span> <span class='ocrx_word' id='word_1_360' title='bbox 683 2859 1097 2933; x_wconf 87' lang='lat' dir='ltr'><strong>confringantur</strong></span> <span class='ocrx_word' id='word_1_361' title='bbox 1137 2872 1271 2924; x_wconf 90' lang='lat' dir='ltr'><strong>rami</strong></span> <span class='ocrx_word' id='word_1_362' title='bbox 1312 2874 1442 2938; x_wconf 90' lang='lat' dir='ltr'><strong>mei,</strong></span> <span class='ocrx_word' id='word_1_363' title='bbox 1472 2891 1541 2931; x_wconf 91' lang='lat' dir='ltr'><strong>ne</strong></span> <span class='ocrx_word' id='word_1_364' title='bbox 1578 2876 1722 2935; x_wconf 87' lang='lat' dir='ltr'><strong>forte</strong></span> 
     </span>
    </p>
   </div>
   <div class='ocr_carea' id='block_1_44' title="bbox 134 2935 1719 3029">
    <p class='ocr_par' dir='ltr' id='par_1_44' title="bbox 134 2935 1719 3029">
     <span class='ocr_line' id='line_1_47' title="bbox 134 2935 1719 3029; baseline 0.027 -44"><span class='ocrx_word' id='word_1_365' title='bbox 134 2935 446 2994; x_wconf 83' lang='lat' dir='ltr'><strong>evellantur</strong></span> <span class='ocrx_word' id='word_1_366' title='bbox 476 2949 804 3018; x_wconf 85' lang='lat' dir='ltr'><strong>propagines</strong></span> <span class='ocrx_word' id='word_1_367' title='bbox 835 2970 986 3021; x_wconf 67' lang='lat'><strong>&quot;1833,</strong></span> <span class='ocrx_word' id='word_1_368' title='bbox 1018 2974 1085 3014; x_wconf 89' lang='lat' dir='ltr'><strong>ne</strong></span> <span class='ocrx_word' id='word_1_369' title='bbox 1113 2959 1250 3017; x_wconf 91' lang='lat' dir='ltr'><strong>forte</strong></span> <span class='ocrx_word' id='word_1_370' title='bbox 1267 2966 1482 3021; x_wconf 85' lang='lat' dir='ltr'><strong>excidat</strong></span> <span class='ocrx_word' id='word_1_371' title='bbox 1509 2969 1719 3029; x_wconf 88' lang='lat' dir='ltr'><strong>fructus</strong></span> 
     </span>
    </p>
   </div>
   <div class='ocr_carea' id='block_1_45' title="bbox 134 3041 1720 3126">
    <p class='ocr_par' dir='ltr' id='par_1_45' title="bbox 134 3041 1720 3126">
     <span class='ocr_line' id='line_1_48' title="bbox 134 3041 1720 3126; baseline 0.026 -48"><span class='ocrx_word' id='word_1_372' title='bbox 134 3041 307 3095; x_wconf 82' lang='lat' dir='ltr'><strong>meus,</strong></span> <span class='ocrx_word' id='word_1_373' title='bbox 364 3048 530 3102; x_wconf 88' lang='lat' dir='ltr'><strong>quem</strong></span> <span class='ocrx_word' id='word_1_374' title='bbox 569 3052 669 3107; x_wconf 87' lang='lat' dir='ltr'><strong>ego</strong></span> <span class='ocrx_word' id='word_1_375' title='bbox 708 3044 762 3099; x_wconf 91' lang='lat' dir='ltr'><strong>in</strong></span> <span class='ocrx_word' id='word_1_376' title='bbox 810 3045 1024 3114; x_wconf 89' lang='lat' dir='ltr'><strong>justitia</strong></span> <span class='ocrx_word' id='word_1_377' title='bbox 1067 3054 1251 3119; x_wconf 83' lang='lat' dir='ltr'><strong>genui,</strong></span> <span class='ocrx_word' id='word_1_378' title='bbox 1300 3072 1461 3126; x_wconf 88' lang='lat' dir='ltr'><strong>quem</strong></span> <span class='ocrx_word' id='word_1_379' title='bbox 1508 3062 1560 3115; x_wconf 91' lang='lat' dir='ltr'><strong>in</strong></span> <span class='ocrx_word' id='word_1_380' title='bbox 1612 3062 1720 3119; x_wconf 76' lang='lat' dir='ltr'><strong>(ide</strong></span> 
     </span>
    </p>
   </div>
   <div class='ocr_carea' id='block_1_46' title="bbox 131 3123 1715 3210">
    <p class='ocr_par' dir='ltr' id='par_1_46' title="bbox 131 3123 1715 3210">
     <span class='ocr_line' id='line_1_49' title="bbox 131 3123 1715 3210; baseline 0.023 -37"><span class='ocrx_word' id='word_1_381' title='bbox 131 3123 363 3187; x_wconf 76' lang='lat' dir='ltr'><strong>produxi</strong></span> <span class='ocrx_word' id='word_1_382' title='bbox 394 3142 411 3181; x_wconf 89' lang='lat'><strong>:</strong></span> <span class='ocrx_word' id='word_1_383' title='bbox 456 3126 541 3183; x_wconf 84' lang='lat' dir='ltr'><strong>Ne</strong></span> <span class='ocrx_word' id='word_1_384' title='bbox 570 3132 708 3200; x_wconf 79' lang='lat' dir='ltr'><strong>forte</strong></span> <span class='ocrx_word' id='word_1_385' title='bbox 739 3136 844 3204; x_wconf 78' lang='lat' dir='ltr'><strong>filii</strong></span> <span class='ocrx_word' id='word_1_386' title='bbox 882 3142 982 3195; x_wconf 84' lang='lat' dir='ltr'><strong>mei</strong></span> <span class='ocrx_word' id='word_1_387' title='bbox 1012 3143 1067 3197; x_wconf 85' lang='lat' dir='ltr'><strong>in</strong></span> <span class='ocrx_word' id='word_1_388' title='bbox 1108 3149 1271 3202; x_wconf 86' lang='lat' dir='ltr'><strong>corde</strong></span> <span class='ocrx_word' id='word_1_389' title='bbox 1319 3123 1417 3205; x_wconf 73' lang='lat' dir='ltr'><strong>suo</strong></span> <span class='ocrx_word' id='word_1_390' title='bbox 1451 3154 1579 3207; x_wconf 86' lang='lat' dir='ltr'><strong>ntali</strong></span> <span class='ocrx_word' id='word_1_391' title='bbox 1610 3158 1715 3210; x_wconf 89' lang='lat' dir='ltr'><strong>ali-</strong></span> 
     </span>
    </p>
   </div>
   <div class='ocr_carea' id='block_1_47' title="bbox 128 3214 1714 3303">
    <p class='ocr_par' dir='ltr' id='par_1_47' title="bbox 128 3214 1714 3303">
     <span class='ocr_line' id='line_1_50' title="bbox 128 3214 1714 3303; baseline 0.025 -39"><span class='ocrx_word' id='word_1_392' title='bbox 128 3214 249 3277; x_wconf 81' lang='lat' dir='ltr'><strong>quid</strong></span> <span class='ocrx_word' id='word_1_393' title='bbox 280 3221 636 3289; x_wconf 81' lang='lat' dir='ltr'><strong>cogitaverim</strong></span> <span class='ocrx_word' id='word_1_394' title='bbox 666 3228 919 3286; x_wconf 82' lang='lat' dir='ltr'><strong>adversus</strong></span> <span class='ocrx_word' id='word_1_395' title='bbox 946 3233 1133 3291; x_wconf 81' lang='lat' dir='ltr'><strong>Deum.</strong></span> <span class='ocrx_word' id='word_1_396' title='bbox 1204 3238 1284 3295; x_wconf 86' lang='lat' dir='ltr'><strong>Ne</strong></span> <span class='ocrx_word' id='word_1_397' title='bbox 1319 3241 1463 3297; x_wconf 83' lang='lat' dir='ltr'><strong>forte</strong></span> <span class='ocrx_word' id='word_1_398' title='bbox 1517 3247 1714 3303; x_wconf 86' lang='lat' dir='ltr'><strong>oblivi-</strong></span> 
     </span>
    </p>
   </div>
   <div class='ocr_carea' id='block_1_48' title="bbox 128 3310 1712 3411">
    <p class='ocr_par' dir='ltr' id='par_1_48' title="bbox 128 3310 1712 3411">
     <span class='ocr_line' id='line_1_51' title="bbox 128 3310 1712 3411; baseline 0.025 -54"><span class='ocrx_word' id='word_1_399' title='bbox 128 3319 354 3364; x_wconf 83' lang='lat' dir='ltr'><strong>scantur</strong></span> <span class='ocrx_word' id='word_1_400' title='bbox 380 3310 576 3382; x_wconf 89' lang='lat' dir='ltr'><strong>Deum,</strong></span> <span class='ocrx_word' id='word_1_401' title='bbox 610 3327 668 3373; x_wconf 92' lang='lat' dir='ltr'><strong>et</strong></span> <span class='ocrx_word' id='word_1_402' title='bbox 701 3322 1022 3381; x_wconf 88' lang='lat' dir='ltr'><strong>recedentes</strong></span> <span class='ocrx_word' id='word_1_403' title='bbox 1068 3342 1099 3382; x_wconf 92' lang='lat' dir='ltr'><strong>a</strong></span> <span class='ocrx_word' id='word_1_404' title='bbox 1139 3331 1333 3388; x_wconf 86' lang='lat' dir='ltr'><strong>timore</strong></span> <span class='ocrx_word' id='word_1_405' title='bbox 1355 3336 1495 3405; x_wconf 88' lang='lat' dir='ltr'><strong>ejus,</strong></span> <span class='ocrx_word' id='word_1_406' title='bbox 1547 3349 1712 3411; x_wconf 89' lang='lat' dir='ltr'><strong>atque</strong></span> 
     </span>
    </p>
   </div>
   <div class='ocr_carea' id='block_1_49' title="bbox 127 3402 1706 3490">
    <p class='ocr_par' dir='ltr' id='par_1_49' title="bbox 127 3402 1706 3490">
     <span class='ocr_line' id='line_1_52' title="bbox 127 3402 1706 3490; baseline 0.025 -39"><span class='ocrx_word' id='word_1_407' title='bbox 127 3402 572 3472; x_wconf 83' lang='lat' dir='ltr'><strong>derclinquentes</strong></span> <span class='ocrx_word' id='word_1_408' title='bbox 591 3409 710 3479; x_wconf 87' lang='lat' dir='ltr'><strong>ejus</strong></span> <span class='ocrx_word' id='word_1_409' title='bbox 743 3414 1032 3487; x_wconf 76' lang='lat' dir='ltr'><strong>beneficia,</strong></span> <span class='ocrx_word' id='word_1_410' title='bbox 1063 3422 1246 3479; x_wconf 86' lang='lat' dir='ltr'><strong>dicant</strong></span> <span class='ocrx_word' id='word_1_411' title='bbox 1280 3428 1333 3482; x_wconf 92' lang='lat' dir='ltr'><strong>in</strong></span> <span class='ocrx_word' id='word_1_412' title='bbox 1367 3402 1536 3487; x_wconf 86' lang='lat' dir='ltr'><strong>corde</strong></span> <span class='ocrx_word' id='word_1_413' title='bbox 1573 3402 1706 3490; x_wconf 74' lang='lat' dir='ltr'><strong>suo:</strong></span> 
     </span>
    </p>
   </div>
   <div class='ocr_carea' id='block_1_50' title="bbox 123 3489 1707 3595">
    <p class='ocr_par' dir='ltr' id='par_1_50' title="bbox 123 3489 1707 3595">
     <span class='ocr_line' id='line_1_53' title="bbox 123 3489 1707 3595; baseline 0.026 -51"><span class='ocrx_word' id='word_1_414' title='bbox 123 3489 231 3547; x_wconf 83' lang='lat' dir='ltr'><strong>Non</strong></span> <span class='ocrx_word' id='word_1_415' title='bbox 278 3507 371 3551; x_wconf 85' lang='lat' dir='ltr'><strong>est</strong></span> <span class='ocrx_word' id='word_1_416' title='bbox 417 3499 576 3566; x_wconf 87' lang='lat' dir='ltr'><strong>Deus,</strong></span> <span class='ocrx_word' id='word_1_417' title='bbox 632 3521 739 3561; x_wconf 82' lang='lat' dir='ltr'><strong>non</strong></span> <span class='ocrx_word' id='word_1_418' title='bbox 772 3517 857 3564; x_wconf 87' lang='lat' dir='ltr'><strong>est</strong></span> <span class='ocrx_word' id='word_1_419' title='bbox 877 3512 1115 3582; x_wconf 88' lang='lat' dir='ltr'><strong>justitia,</strong></span> <span class='ocrx_word' id='word_1_420' title='bbox 1166 3534 1274 3574; x_wconf 90' lang='lat' dir='ltr'><strong>non</strong></span> <span class='ocrx_word' id='word_1_421' title='bbox 1309 3533 1393 3577; x_wconf 90' lang='lat' dir='ltr'><strong>est</strong></span> <span class='ocrx_word' id='word_1_422' title='bbox 1417 3523 1707 3595; x_wconf 86' lang='lat' dir='ltr'><strong>judicium,</strong></span> 
     </span>
    </p>
   </div>
   <div class='ocr_carea' id='block_1_51' title="bbox 124 3581 1705 3686">
    <p class='ocr_par' dir='ltr' id='par_1_51' title="bbox 124 3581 1705 3686">
     <span class='ocr_line' id='line_1_54' title="bbox 124 3581 1705 3686; baseline 0.027 -50"><span class='ocrx_word' id='word_1_423' title='bbox 124 3599 219 3640; x_wconf 92' lang='lat' dir='ltr'><strong>non</strong></span> <span class='ocrx_word' id='word_1_424' title='bbox 250 3599 345 3643; x_wconf 90' lang='lat' dir='ltr'><strong>est</strong></span> <span class='ocrx_word' id='word_1_425' title='bbox 376 3581 731 3665; x_wconf 87' lang='lat' dir='ltr'><strong>resurrectio,</strong></span> <span class='ocrx_word' id='word_1_426' title='bbox 766 3616 943 3674; x_wconf 92' lang='lat' dir='ltr'><strong>neque</strong></span> <span class='ocrx_word' id='word_1_427' title='bbox 975 3606 1282 3679; x_wconf 89' lang='lat' dir='ltr'><strong>inquisitio,</strong></span> <span class='ocrx_word' id='word_1_428' title='bbox 1314 3630 1492 3686; x_wconf 90' lang='lat' dir='ltr'><strong>neque</strong></span> <span class='ocrx_word' id='word_1_429' title='bbox 1541 3623 1705 3678; x_wconf 85' lang='lat' dir='ltr'><strong>retri—</strong></span> 
     </span>
    </p>
   </div>
   <div class='ocr_carea' id='block_1_52' title="bbox 120 3675 1703 3773">
    <p class='ocr_par' dir='ltr' id='par_1_52' title="bbox 120 3675 1703 3773">
     <span class='ocr_line' id='line_1_55' title="bbox 120 3675 1703 3773; baseline 0.026 -43"><span class='ocrx_word' id='word_1_430' title='bbox 120 3675 282 3737; x_wconf 84' lang='lat' dir='ltr'><strong>butio.</strong></span> <span class='ocrx_word' id='word_1_431' title='bbox 325 3680 525 3740; x_wconf 88' lang='lat' dir='ltr'><strong>Omnia</strong></span> <span class='ocrx_word' id='word_1_432' title='bbox 567 3704 803 3762; x_wconf 89' lang='lat' dir='ltr'><strong>namque</strong></span> <span class='ocrx_word' id='word_1_433' title='bbox 839 3696 953 3753; x_wconf 77' lang='lat' dir='ltr'><strong>haec</strong></span> <span class='ocrx_word' id='word_1_434' title='bbox 997 3675 1136 3756; x_wconf 74' lang='lat' dir='ltr'><strong>mala</strong></span> <span class='ocrx_word' id='word_1_435' title='bbox 1166 3716 1318 3773; x_wconf 90' lang='lat' dir='ltr'><strong>sunt,</strong></span> <span class='ocrx_word' id='word_1_436' title='bbox 1352 3717 1408 3763; x_wconf 88' lang='lat' dir='ltr'><strong>et</strong></span> <span class='ocrx_word' id='word_1_437' title='bbox 1439 3712 1545 3767; x_wconf 93' lang='lat' dir='ltr'><strong>Deo</strong></span> <span class='ocrx_word' id='word_1_438' title='bbox 1570 3730 1703 3771; x_wconf 87' lang='lat' dir='ltr'><strong>con-</strong></span> 
     </span>
    </p>
   </div>
   <div class='ocr_carea' id='block_1_53' title="bbox 120 3776 1702 3864">
    <p class='ocr_par' dir='ltr' id='par_1_53' title="bbox 120 3776 1702 3864">
     <span class='ocr_line' id='line_1_56' title="bbox 120 3776 1702 3864; baseline 0.027 -41"><span class='ocrx_word' id='word_1_439' title='bbox 120 3776 301 3841; x_wconf 85' lang='lat' dir='ltr'><strong>traria,</strong></span> <span class='ocrx_word' id='word_1_440' title='bbox 334 3789 390 3834; x_wconf 92' lang='lat' dir='ltr'><strong>et</strong></span> <span class='ocrx_word' id='word_1_441' title='bbox 417 3795 447 3833; x_wconf 90' lang='lat' dir='ltr'><strong>a</strong></span> <span class='ocrx_word' id='word_1_442' title='bbox 475 3782 587 3838; x_wconf 92' lang='lat' dir='ltr'><strong>Deo</strong></span> <span class='ocrx_word' id='word_1_443' title='bbox 621 3786 912 3860; x_wconf 81' lang='lat' dir='ltr'><strong>longinqua</strong></span> <span class='ocrx_word' id='word_1_444' title='bbox 943 3805 998 3848; x_wconf 91' lang='lat' dir='ltr'><strong>et</strong></span> <span class='ocrx_word' id='word_1_445' title='bbox 1028 3795 1138 3851; x_wconf 95' lang='lat' dir='ltr'><strong>Deo</strong></span> <span class='ocrx_word' id='word_1_446' title='bbox 1164 3800 1387 3858; x_wconf 85' lang='lat' dir='ltr'><strong>odibilia</strong></span> <span class='ocrx_word' id='word_1_447' title='bbox 1430 3820 1445 3858; x_wconf 89' lang='lat'><strong>:</strong></span> <span class='ocrx_word' id='word_1_448' title='bbox 1480 3817 1537 3861; x_wconf 93' lang='lat' dir='ltr'><strong>et</strong></span> <span class='ocrx_word' id='word_1_449' title='bbox 1580 3825 1702 3864; x_wconf 94' lang='lat' dir='ltr'><strong>om-</strong></span> 
     </span>
    </p>
   </div>
   <div class='ocr_carea' id='block_1_54' title="bbox 117 3866 1702 3966">
    <p class='ocr_par' dir='ltr' id='par_1_54' title="bbox 117 3866 1702 3966">
     <span class='ocr_line' id='line_1_57' title="bbox 117 3866 1702 3966; baseline 0.026 -50"><span class='ocrx_word' id='word_1_450' title='bbox 117 3866 193 3921; x_wconf 92' lang='lat' dir='ltr'><strong>nis</strong></span> <span class='ocrx_word' id='word_1_451' title='bbox 220 3868 397 3926; x_wconf 85' lang='lat' dir='ltr'><strong>homo</strong></span> <span class='ocrx_word' id='word_1_452' title='bbox 429 3877 520 3942; x_wconf 88' lang='lat' dir='ltr'><strong>qui</strong></span> <span class='ocrx_word' id='word_1_453' title='bbox 560 3877 675 3935; x_wconf 57' lang='lat' dir='ltr'><strong>haec</strong></span> <span class='ocrx_word' id='word_1_454' title='bbox 707 3883 1049 3955; x_wconf 81' lang='lat' dir='ltr'><strong>cogitaverit,</strong></span> <span class='ocrx_word' id='word_1_455' title='bbox 1092 3890 1177 3944; x_wconf 90' lang='lat' dir='ltr'><strong>vel</strong></span> <span class='ocrx_word' id='word_1_456' title='bbox 1225 3894 1579 3966; x_wconf 87' lang='lat' dir='ltr'><strong>disposuerit,</strong></span> <span class='ocrx_word' id='word_1_457' title='bbox 1619 3902 1702 3958; x_wconf 90' lang='lat' dir='ltr'><strong>vel</strong></span> 
     </span>
    </p>
   </div>
   <div class='ocr_carea' id='block_1_55' title="bbox 112 3955 1701 4064">
    <p class='ocr_par' dir='ltr' id='par_1_55' title="bbox 112 3955 1701 4064">
     <span class='ocr_line' id='line_1_58' title="bbox 112 3955 1701 4064; baseline 0.025 -55"><span class='ocrx_word' id='word_1_458' title='bbox 112 3955 325 4028; x_wconf 87' lang='lat' dir='ltr'><strong>fecerit,</strong></span> <span class='ocrx_word' id='word_1_459' title='bbox 369 3967 457 4020; x_wconf 83' lang='lat' dir='ltr'><strong>vel</strong></span> <span class='ocrx_word' id='word_1_460' title='bbox 500 3976 871 4041; x_wconf 85' lang='lat' dir='ltr'><strong>proposuerit,</strong></span> <span class='ocrx_word' id='word_1_461' title='bbox 922 3979 1179 4038; x_wconf 87' lang='lat' dir='ltr'><strong>inimicus</strong></span> <span class='ocrx_word' id='word_1_462' title='bbox 1226 3997 1314 4041; x_wconf 90' lang='lat' dir='ltr'><strong>est</strong></span> <span class='ocrx_word' id='word_1_463' title='bbox 1364 3990 1479 4056; x_wconf 91' lang='lat' dir='ltr'><strong>Dei,</strong></span> <span class='ocrx_word' id='word_1_464' title='bbox 1535 4002 1701 4064; x_wconf 85' lang='lat' dir='ltr'><strong>atque</strong></span> 
     </span>
    </p>
   </div>
   <div class='ocr_carea' id='block_1_56' title="bbox 111 4048 1700 4153">
    <p class='ocr_par' dir='ltr' id='par_1_56' title="bbox 111 4048 1700 4153">
     <span class='ocr_line' id='line_1_59' title="bbox 111 4048 1700 4153; baseline 0.023 -51"><span class='ocrx_word' id='word_1_465' title='bbox 111 4048 352 4108; x_wconf 87' lang='lat' dir='ltr'><strong>odibilis.</strong></span> <span class='ocrx_word' id='word_1_466' title='bbox 396 4055 489 4111; x_wconf 89' lang='lat' dir='ltr'><strong>Sic</strong></span> <span class='ocrx_word' id='word_1_467' title='bbox 526 4060 710 4130; x_wconf 82' lang='lat' dir='ltr'><strong>itaque</strong></span> <span class='ocrx_word' id='word_1_468' title='bbox 757 4067 1070 4125; x_wconf 89' lang='lat' dir='ltr'><strong>omnimode</strong></span> <span class='ocrx_word' id='word_1_469' title='bbox 1110 4075 1410 4133; x_wconf 88' lang='lat' dir='ltr'><strong>sanissime</strong></span> <span class='ocrx_word' id='word_1_470' title='bbox 1453 4084 1700 4153; x_wconf 80' lang='lat' dir='ltr'><strong>cogitans</strong></span> 
     </span>
    </p>
   </div>
   <div class='ocr_carea' id='block_1_57' title="bbox 110 4149 1698 4243">
    <p class='ocr_par' dir='ltr' id='par_1_57' title="bbox 110 4149 1698 4243">
     <span class='ocr_line' id='line_1_60' title="bbox 110 4149 1698 4243; baseline 0.023 -49"><span class='ocrx_word' id='word_1_471' title='bbox 110 4158 201 4209; x_wconf 91' lang='lat' dir='ltr'><strong>pro</strong></span> <span class='ocrx_word' id='word_1_472' title='bbox 228 4149 529 4207; x_wconf 83' lang='lat' dir='ltr'><strong>animabus</strong></span> <span class='ocrx_word' id='word_1_473' title='bbox 573 4154 804 4211; x_wconf 79' lang='lat' dir='ltr'><strong>ﬁliorum</strong></span> <span class='ocrx_word' id='word_1_474' title='bbox 836 4176 1059 4219; x_wconf 87' lang='lat' dir='ltr'><strong>suorum</strong></span> <span class='ocrx_word' id='word_1_475' title='bbox 1088 4163 1190 4220; x_wconf 92' lang='lat' dir='ltr'><strong>Joh</strong></span> <span class='ocrx_word' id='word_1_476' title='bbox 1214 4168 1354 4224; x_wconf 83' lang='lat' dir='ltr'><strong>dixit</strong></span> <span class='ocrx_word' id='word_1_477' title='bbox 1381 4190 1394 4225; x_wconf 91' lang='lat'><strong>:</strong></span> <span class='ocrx_word' id='word_1_478' title='bbox 1441 4149 1698 4243; x_wconf 36' lang='lat' dir='ltr'><strong>Ne‘forte</strong></span> 
     </span>
    </p>
   </div>
   <div class='ocr_carea' id='block_1_58' title="bbox 108 4236 1697 4330">
    <p class='ocr_par' dir='ltr' id='par_1_58' title="bbox 108 4236 1697 4330">
     <span class='ocr_line' id='line_1_61' title="bbox 108 4236 1697 4330; baseline 0.023 -45"><span class='ocrx_word' id='word_1_479' title='bbox 108 4236 201 4300; x_wconf 88' lang='lat' dir='ltr'><strong>ﬁlii</strong></span> <span class='ocrx_word' id='word_1_480' title='bbox 231 4242 336 4294; x_wconf 80' lang='lat' dir='ltr'><strong>mei</strong></span> <span class='ocrx_word' id='word_1_481' title='bbox 368 4243 428 4327; x_wconf 71' lang='lat' dir='ltr'><strong>in</strong></span> <span class='ocrx_word' id='word_1_482' title='bbox 454 4247 613 4300; x_wconf 84' lang='lat' dir='ltr'><strong>corde</strong></span> <span class='ocrx_word' id='word_1_483' title='bbox 653 4265 751 4303; x_wconf 85' lang='lat' dir='ltr'><strong>suo</strong></span> <span class='ocrx_word' id='word_1_484' title='bbox 785 4252 914 4306; x_wconf 87' lang='lat' dir='ltr'><strong>mali</strong></span> <span class='ocrx_word' id='word_1_485' title='bbox 944 4252 1153 4326; x_wconf 82' lang='lat' dir='ltr'><strong>aliquid</strong></span> <span class='ocrx_word' id='word_1_486' title='bbox 1198 4262 1546 4330; x_wconf 81' lang='lat' dir='ltr'><strong>cogitat-crint</strong></span> <span class='ocrx_word' id='word_1_487' title='bbox 1596 4266 1697 4320; x_wconf 83' lang='lat' dir='ltr'><strong>ad-</strong></span> 
     </span>
    </p>
   </div>
   <div class='ocr_carea' id='block_1_59' title="bbox 106 4316 1694 4419">
    <p class='ocr_par' dir='ltr' id='par_1_59' title="bbox 106 4316 1694 4419">
     <span class='ocr_line' id='line_1_62' title="bbox 106 4316 1694 4419; baseline 0.021 -39"><span class='ocrx_word' id='word_1_488' title='bbox 106 4344 278 4386; x_wconf 69' lang='lat' dir='ltr'><strong>rasus</strong></span> <span class='ocrx_word' id='word_1_489' title='bbox 314 4316 512 4391; x_wconf 71' lang='lat' dir='ltr'><strong>Deum.</strong></span> <span class='ocrx_word' id='word_1_490' title='bbox 547 4337 647 4405; x_wconf 82' lang='lat' dir='ltr'><strong>Qui</strong></span> <span class='ocrx_word' id='word_1_491' title='bbox 687 4342 830 4397; x_wconf 85' lang='lat' dir='ltr'><strong>enim</strong></span> <span class='ocrx_word' id='word_1_492' title='bbox 866 4346 1007 4401; x_wconf 90' lang='lat' dir='ltr'><strong>mala</strong></span> <span class='ocrx_word' id='word_1_493' title='bbox 1029 4349 1399 4419; x_wconf 89' lang='lat' dir='ltr'><strong>cogitaverint</strong></span> <span class='ocrx_word' id='word_1_494' title='bbox 1428 4356 1694 4414; x_wconf 87' lang='lat' dir='ltr'><strong>adversus</strong></span> 
     </span>
    </p>
   </div>
   <div class='ocr_carea' id='block_1_60' title="bbox 107 4418 1693 4510">
    <p class='ocr_par' dir='ltr' id='par_1_60' title="bbox 107 4418 1693 4510">
     <span class='ocr_line' id='line_1_63' title="bbox 107 4418 1693 4510; baseline 0.019 -35"><span class='ocrx_word' id='word_1_495' title='bbox 107 4418 290 4489; x_wconf 82' lang='lat' dir='ltr'><strong>Deum,</strong></span> <span class='ocrx_word' id='word_1_496' title='bbox 322 4428 444 4482; x_wconf 90' lang='lat' dir='ltr'><strong>cito</strong></span> <span class='ocrx_word' id='word_1_497' title='bbox 479 4430 774 4499; x_wconf 87' lang='lat' dir='ltr'><strong>intereunt,</strong></span> <span class='ocrx_word' id='word_1_498' title='bbox 815 4448 870 4491; x_wconf 92' lang='lat' dir='ltr'><strong>et</strong></span> <span class='ocrx_word' id='word_1_499' title='bbox 905 4438 960 4492; x_wconf 93' lang='lat' dir='ltr'><strong>in</strong></span> <span class='ocrx_word' id='word_1_500' title='bbox 1009 4454 1274 4510; x_wconf 89' lang='lat' dir='ltr'><strong>perpetuo</strong></span> <span class='ocrx_word' id='word_1_501' title='bbox 1318 4450 1693 4504; x_wconf 86' lang='lat' dir='ltr'><strong>condemnan-</strong></span> 
     </span>
    </p>
   </div>
   <div class='ocr_carea' id='block_1_61' title="bbox 106 4517 1691 4606">
    <p class='ocr_par' dir='ltr' id='par_1_61' title="bbox 106 4517 1691 4606">
     <span class='ocr_line' id='line_1_64' title="bbox 106 4517 1691 4606; baseline 0.019 -42"><span class='ocrx_word' id='word_1_502' title='bbox 106 4521 202 4579; x_wconf 75' lang='lat' dir='ltr'><strong>tur,</strong></span> <span class='ocrx_word' id='word_1_503' title='bbox 239 4517 692 4590; x_wconf 87' lang='lat' dir='ltr'><strong>intercipiuntur,</strong></span> <span class='ocrx_word' id='word_1_504' title='bbox 727 4527 1116 4598; x_wconf 85' lang='lat' dir='ltr'><strong>impediuntur,</strong></span> <span class='ocrx_word' id='word_1_505' title='bbox 1142 4543 1312 4603; x_wconf 92' lang='lat' dir='ltr'><strong>atque</strong></span> <span class='ocrx_word' id='word_1_506' title='bbox 1340 4536 1391 4589; x_wconf 91' lang='lat' dir='ltr'><strong>in</strong></span> <span class='ocrx_word' id='word_1_507' title='bbox 1421 4537 1691 4606; x_wconf 88' lang='lat' dir='ltr'><strong>profundo</strong></span> 
     </span>
    </p>
   </div>
   <div class='ocr_carea' id='block_1_62' title="bbox 1842 2046 3427 2133">
    <p class='ocr_par' dir='ltr' id='par_1_62' title="bbox 1842 2046 3427 2133">
     <span class='ocr_line' id='line_1_65' title="bbox 1842 2046 3427 2133; baseline 0.021 -34"><span class='ocrx_word' id='word_1_508' title='bbox 1842 2046 1964 2114; x_wconf 88' lang='lat' dir='ltr'><strong>bus,</strong></span> <span class='ocrx_word' id='word_1_509' title='bbox 2012 2053 2106 2105; x_wconf 90' lang='lat' dir='ltr'><strong>sed</strong></span> <span class='ocrx_word' id='word_1_510' title='bbox 2140 2055 2220 2108; x_wconf 84' lang='lat' dir='ltr'><strong>sic</strong></span> <span class='ocrx_word' id='word_1_511' title='bbox 2257 2057 2483 2124; x_wconf 75' lang='lat' dir='ltr'><strong>faciebat</strong></span> <span class='ocrx_word' id='word_1_512' title='bbox 2513 2060 2616 2115; x_wconf 82' lang='lat' dir='ltr'><strong>Job</strong></span> <span class='ocrx_word' id='word_1_513' title='bbox 2650 2069 2894 2121; x_wconf 79' lang='lat' dir='ltr'><strong>omnibus</strong></span> <span class='ocrx_word' id='word_1_514' title='bbox 2941 2070 3126 2127; x_wconf 80' lang='lat' dir='ltr'><strong>diebus</strong></span> <span class='ocrx_word' id='word_1_515' title='bbox 3171 2076 3292 2130; x_wconf 68' lang='lat' dir='ltr'><strong>vitta</strong></span> <span class='ocrx_word' id='word_1_516' title='bbox 3336 2094 3427 2133; x_wconf 85' lang='lat' dir='ltr'><strong>eo-</strong></span> 
     </span>
    </p>
   </div>
   <div class='ocr_carea' id='block_1_63' title="bbox 1843 2138 3424 2233">
    <p class='ocr_par' dir='ltr' id='par_1_63' title="bbox 1843 2138 3424 2233">
     <span class='ocr_line' id='line_1_66' title="bbox 1843 2138 3424 2233; baseline 0.023 -45"><span class='ocrx_word' id='word_1_517' title='bbox 1843 2152 1960 2191; x_wconf 85' lang='lat' dir='ltr'><strong>rum</strong></span> <span class='ocrx_word' id='word_1_518' title='bbox 1992 2138 2080 2196; x_wconf 74' lang='grc'><strong>⁶⁴⁶.</strong></span> <span class='ocrx_word' id='word_1_519' title='bbox 2126 2141 2240 2198; x_wconf 82' lang='lat' dir='ltr'><strong>Non</strong></span> <span class='ocrx_word' id='word_1_520' title='bbox 2279 2148 2618 2218; x_wconf 86' lang='lat' dir='ltr'><strong>quiescebat,</strong></span> <span class='ocrx_word' id='word_1_521' title='bbox 2663 2170 2770 2209; x_wconf 92' lang='lat' dir='ltr'><strong>non</strong></span> <span class='ocrx_word' id='word_1_522' title='bbox 2803 2156 3053 2217; x_wconf 82' lang='lat' dir='ltr'><strong>ﬁduciam</strong></span> <span class='ocrx_word' id='word_1_523' title='bbox 3087 2168 3424 2233; x_wconf 89' lang='lat' dir='ltr'><strong>resumebat,</strong></span> 
     </span>
    </p>
   </div>
   <div class='ocr_carea' id='block_1_64' title="bbox 1840 2233 3425 2323">
    <p class='ocr_par' dir='ltr' id='par_1_64' title="bbox 1840 2233 3425 2323">
     <span class='ocr_line' id='line_1_67' title="bbox 1840 2233 3425 2323; baseline 0.022 -40"><span class='ocrx_word' id='word_1_524' title='bbox 1840 2245 1949 2285; x_wconf 93' lang='lat' dir='ltr'><strong>non</strong></span> <span class='ocrx_word' id='word_1_525' title='bbox 1984 2233 2406 2307; x_wconf 88' lang='lat' dir='ltr'><strong>obdormitabat,</strong></span> <span class='ocrx_word' id='word_1_526' title='bbox 2459 2259 2635 2315; x_wconf 87' lang='lat' dir='ltr'><strong>neque</strong></span> <span class='ocrx_word' id='word_1_527' title='bbox 2678 2249 3127 2323; x_wconf 86' lang='lat' dir='ltr'><strong>obliviscebatur,</strong></span> <span class='ocrx_word' id='word_1_528' title='bbox 3158 2274 3267 2315; x_wconf 92' lang='lat' dir='ltr'><strong>non</strong></span> <span class='ocrx_word' id='word_1_529' title='bbox 3302 2271 3425 2319; x_wconf 88' lang='lat' dir='ltr'><strong>erat</strong></span> 
     </span>
    </p>
   </div>
   <div class='ocr_carea' id='block_1_65' title="bbox 1837 2325 3423 2415">
    <p class='ocr_par' dir='ltr' id='par_1_65' title="bbox 1837 2325 3423 2415">
     <span class='ocr_line' id='line_1_68' title="bbox 1837 2325 3423 2415; baseline 0.025 -39"><span class='ocrx_word' id='word_1_530' title='bbox 1837 2325 2152 2396; x_wconf 87' lang='lat' dir='ltr'><strong>negligens,</strong></span> <span class='ocrx_word' id='word_1_531' title='bbox 2198 2348 2305 2387; x_wconf 92' lang='lat' dir='ltr'><strong>non</strong></span> <span class='ocrx_word' id='word_1_532' title='bbox 2348 2347 2468 2392; x_wconf 90' lang='lat' dir='ltr'><strong>erat</strong></span> <span class='ocrx_word' id='word_1_533' title='bbox 2525 2338 2871 2413; x_wconf 88' lang='lat' dir='ltr'><strong>fastidiosus,</strong></span> <span class='ocrx_word' id='word_1_534' title='bbox 2923 2352 3019 2406; x_wconf 91' lang='lat' dir='ltr'><strong>sed</strong></span> <span class='ocrx_word' id='word_1_535' title='bbox 3070 2353 3145 2408; x_wconf 90' lang='lat' dir='ltr'><strong>ita</strong></span> <span class='ocrx_word' id='word_1_536' title='bbox 3183 2355 3423 2415; x_wconf 86' lang='lat' dir='ltr'><strong>faciebat</strong></span> 
     </span>
    </p>
   </div>
   <div class='ocr_carea' id='block_1_66' title="bbox 1834 2419 3419 2522">
    <p class='ocr_par' dir='ltr' id='par_1_66' title="bbox 1834 2419 3419 2522">
     <span class='ocr_line' id='line_1_69' title="bbox 1834 2419 3419 2522; baseline 0.025 -54"><span class='ocrx_word' id='word_1_537' title='bbox 1834 2419 2044 2474; x_wconf 87' lang='lat' dir='ltr'><strong>cunctis</strong></span> <span class='ocrx_word' id='word_1_538' title='bbox 2080 2422 2271 2479; x_wconf 88' lang='lat' dir='ltr'><strong>diebus</strong></span> <span class='ocrx_word' id='word_1_539' title='bbox 2300 2428 2424 2484; x_wconf 65' lang='lat' dir='ltr'><strong>vita:</strong></span> <span class='ocrx_word' id='word_1_540' title='bbox 2455 2444 2669 2502; x_wconf 90' lang='lat' dir='ltr'><strong>eorum,</strong></span> <span class='ocrx_word' id='word_1_541' title='bbox 2702 2450 2832 2495; x_wconf 86' lang='lat' dir='ltr'><strong>ante</strong></span> <span class='ocrx_word' id='word_1_542' title='bbox 2860 2445 3135 2512; x_wconf 91' lang='lat' dir='ltr'><strong>apostolos</strong></span> <span class='ocrx_word' id='word_1_543' title='bbox 3176 2463 3242 2503; x_wconf 89' lang='lat' dir='ltr'><strong>ea</strong></span> <span class='ocrx_word' id='word_1_544' title='bbox 3291 2466 3419 2522; x_wconf 68' lang='lat' dir='ltr'><strong>quin</strong></span> 
     </span>
    </p>
   </div>
   <div class='ocr_carea' id='block_1_67' title="bbox 1831 2511 3420 2604">
    <p class='ocr_par' dir='ltr' id='par_1_67' title="bbox 1831 2511 3420 2604">
     <span class='ocr_line' id='line_1_70' title="bbox 1831 2511 3420 2604; baseline 0.023 -43"><span class='ocrx_word' id='word_1_545' title='bbox 1831 2511 2202 2576; x_wconf 88' lang='lat' dir='ltr'><strong>apostolorum</strong></span> <span class='ocrx_word' id='word_1_546' title='bbox 2236 2530 2365 2574; x_wconf 92' lang='lat' dir='ltr'><strong>sunt</strong></span> <span class='ocrx_word' id='word_1_547' title='bbox 2399 2523 2726 2593; x_wconf 88' lang='lat' dir='ltr'><strong>adimplens,</strong></span> <span class='ocrx_word' id='word_1_548' title='bbox 2760 2511 2906 2586; x_wconf 81' lang='lat' dir='ltr'><strong>sicut</strong></span> <span class='ocrx_word' id='word_1_549' title='bbox 2949 2535 3082 2590; x_wconf 91' lang='lat' dir='ltr'><strong>dicit</strong></span> <span class='ocrx_word' id='word_1_550' title='bbox 3123 2555 3137 2591; x_wconf 93' lang='lat'><strong>:</strong></span> <span class='ocrx_word' id='word_1_551' title='bbox 3173 2538 3280 2604; x_wconf 83' lang='lat' dir='ltr'><strong>Qui</strong></span> <span class='ocrx_word' id='word_1_552' title='bbox 3308 2511 3420 2598; x_wconf 58' lang='grc' dir='ltr'><strong>ἐω-</strong></span> 
     </span>
    </p>
   </div>
   <div class='ocr_carea' id='block_1_68' title="bbox 1828 2599 3415 2698">
    <p class='ocr_par' dir='ltr' id='par_1_68' title="bbox 1828 2599 3415 2698">
     <span class='ocr_line' id='line_1_71' title="bbox 1828 2599 3415 2698; baseline 0.025 -49"><span class='ocrx_word' id='word_1_553' title='bbox 1828 2599 1903 2658; x_wconf 74' lang='grc' dir='ltr'><strong>Ρίι</strong></span> <span class='ocrx_word' id='word_1_554' title='bbox 1942 2601 1998 2654; x_wconf 87' lang='lat' dir='ltr'><strong>in</strong></span> <span class='ocrx_word' id='word_1_555' title='bbox 2042 2606 2185 2659; x_wconf 85' lang='lat' dir='ltr'><strong>vobis</strong></span> <span class='ocrx_word' id='word_1_556' title='bbox 2233 2624 2364 2677; x_wconf 82' lang='lat' dir='ltr'><strong>Opus</strong></span> <span class='ocrx_word' id='word_1_557' title='bbox 2414 2613 2629 2685; x_wconf 87' lang='lat' dir='ltr'><strong>bonum,</strong></span> <span class='ocrx_word' id='word_1_558' title='bbox 2676 2622 2915 2689; x_wconf 73' lang='lat' dir='ltr'><strong>perﬁciet</strong></span> <span class='ocrx_word' id='word_1_559' title='bbox 2966 2641 3131 2698; x_wconf 82' lang='lat' dir='ltr'><strong>usque</strong></span> <span class='ocrx_word' id='word_1_560' title='bbox 3181 2632 3237 2685; x_wconf 84' lang='lat' dir='ltr'><strong>in</strong></span> <span class='ocrx_word' id='word_1_561' title='bbox 3275 2633 3415 2687; x_wconf 85' lang='lat' dir='ltr'><strong>diem</strong></span> 
     </span>
    </p>
   </div>
   <div class='ocr_carea' id='block_1_69' title="bbox 1828 2690 3411 2796">
    <p class='ocr_par' dir='ltr' id='par_1_69' title="bbox 1828 2690 3411 2796">
     <span class='ocr_line' id='line_1_72' title="bbox 1828 2690 3411 2796; baseline 0.026 -55"><span class='ocrx_word' id='word_1_562' title='bbox 1828 2690 2031 2747; x_wconf 79' lang='lat' dir='ltr'><strong>Christi</strong></span> <span class='ocrx_word' id='word_1_563' title='bbox 2072 2697 2159 2751; x_wconf 73' lang='grc' dir='ltr'><strong>’δε</strong></span> <span class='ocrx_word' id='word_1_564' title='bbox 2209 2712 2261 2755; x_wconf 91' lang='lat' dir='ltr'><strong>et</strong></span> <span class='ocrx_word' id='word_1_565' title='bbox 2297 2714 2424 2759; x_wconf 88' lang='lat' dir='ltr'><strong>ante</strong></span> <span class='ocrx_word' id='word_1_566' title='bbox 2470 2708 2767 2765; x_wconf 79' lang='lat' dir='ltr'><strong>adventum</strong></span> <span class='ocrx_word' id='word_1_567' title='bbox 2810 2714 3048 2785; x_wconf 91' lang='lat' dir='ltr'><strong>Domini,</strong></span> <span class='ocrx_word' id='word_1_568' title='bbox 3081 2736 3411 2796; x_wconf 68' lang='lat' dir='ltr'><strong>praeceptum</strong></span> 
     </span>
    </p>
   </div>
   <div class='ocr_carea' id='block_1_70' title="bbox 1825 2781 3412 2888">
    <p class='ocr_par' dir='ltr' id='par_1_70' title="bbox 1825 2781 3412 2888">
     <span class='ocr_line' id='line_1_73' title="bbox 1825 2781 3412 2888; baseline 0.024 -52"><span class='ocrx_word' id='word_1_569' title='bbox 1825 2781 2039 2839; x_wconf 83' lang='lat' dir='ltr'><strong>DOmini</strong></span> <span class='ocrx_word' id='word_1_570' title='bbox 2094 2791 2401 2862; x_wconf 86' lang='lat' dir='ltr'><strong>aditnplens</strong></span> <span class='ocrx_word' id='word_1_571' title='bbox 2432 2797 2665 2858; x_wconf 79' lang='lat' dir='ltr'><strong>dicentis</strong></span> <span class='ocrx_word' id='word_1_572' title='bbox 2709 2822 2723 2859; x_wconf 88' lang='lat'><strong>:</strong></span> <span class='ocrx_word' id='word_1_573' title='bbox 2775 2806 2880 2872; x_wconf 83' lang='lat' dir='ltr'><strong>Qui</strong></span> <span class='ocrx_word' id='word_1_574' title='bbox 2917 2811 3217 2869; x_wconf 79' lang='lat' dir='ltr'><strong>toleraverit</strong></span> <span class='ocrx_word' id='word_1_575' title='bbox 3246 2834 3412 2888; x_wconf 77' lang='lat' dir='ltr'><strong>usque</strong></span> 
     </span>
    </p>
   </div>
   <div class='ocr_carea' id='block_1_71' title="bbox 1823 2872 3411 2971">
    <p class='ocr_par' dir='ltr' id='par_1_71' title="bbox 1823 2872 3411 2971">
     <span class='ocr_line' id='line_1_74' title="bbox 1823 2872 3411 2971; baseline 0.026 -47"><span class='ocrx_word' id='word_1_576' title='bbox 1823 2872 1881 2925; x_wconf 83' lang='lat' dir='ltr'><strong>in</strong></span> <span class='ocrx_word' id='word_1_577' title='bbox 1912 2874 2073 2943; x_wconf 80' lang='lat' dir='ltr'><strong>ﬁnem</strong></span> <span class='ocrx_word' id='word_1_578' title='bbox 2107 2879 2194 2935; x_wconf 85' lang='lat' dir='ltr'><strong>Itie</strong></span> <span class='ocrx_word' id='word_1_579' title='bbox 2218 2885 2397 2941; x_wconf 82' lang='lat' dir='ltr'><strong>saluus</strong></span> <span class='ocrx_word' id='word_1_580' title='bbox 2424 2890 2526 2944; x_wconf 86' lang='lat' dir='ltr'><strong>erit</strong></span> <span class='ocrx_word' id='word_1_581' title='bbox 2560 2891 2625 2947; x_wconf 81' lang='lat'><strong>“.</strong></span> <span class='ocrx_word' id='word_1_582' title='bbox 2670 2893 2761 2951; x_wconf 85' lang='lat' dir='ltr'><strong>Sic</strong></span> <span class='ocrx_word' id='word_1_583' title='bbox 2804 2898 2992 2971; x_wconf 86' lang='lat' dir='ltr'><strong>itaque</strong></span> <span class='ocrx_word' id='word_1_584' title='bbox 3022 2904 3263 2963; x_wconf 79' lang='lat' dir='ltr'><strong>faciebat</strong></span> 
     </span>
    </p>
   </div>
   <div class='ocr_carea' id='block_1_72' title="bbox 1822 2968 3405 3061">
    <p class='ocr_par' dir='ltr' id='par_1_72' title="bbox 1822 2968 3405 3061">
     <span class='ocr_line' id='line_1_75' title="bbox 1822 2968 3405 3061; baseline 0.023 -40"><span class='ocrx_word' id='word_1_585' title='bbox 1822 2968 2078 3026; x_wconf 72' lang='lat' dir='ltr'><strong>Omnibus</strong></span> <span class='ocrx_word' id='word_1_586' title='bbox 2122 2973 2314 3031; x_wconf 86' lang='lat' dir='ltr'><strong>diebus</strong></span> <span class='ocrx_word' id='word_1_587' title='bbox 2361 2979 2487 3036; x_wconf 72' lang='lat' dir='ltr'><strong>vita:</strong></span> <span class='ocrx_word' id='word_1_588' title='bbox 2519 2998 2730 3050; x_wconf 89' lang='lat' dir='ltr'><strong>eorum,</strong></span> <span class='ocrx_word' id='word_1_589' title='bbox 2784 2968 3040 3061; x_wconf 78' lang='lat' dir='ltr'><strong>magnum</strong></span> <span class='ocrx_word' id='word_1_590' title='bbox 3091 2997 3405 3057; x_wconf 87' lang='lat' dir='ltr'><strong>thesaurum</strong></span> 
     </span>
    </p>
   </div>
   <div class='ocr_carea' id='block_1_73' title="bbox 1823 3061 3407 3148">
    <p class='ocr_par' dir='ltr' id='par_1_73' title="bbox 1823 3061 3407 3148">
     <span class='ocr_line' id='line_1_76' title="bbox 1823 3061 3407 3148; baseline 0.024 -39"><span class='ocrx_word' id='word_1_591' title='bbox 1823 3070 1883 3109; x_wconf 89' lang='lat' dir='ltr'><strong>se</strong></span> <span class='ocrx_word' id='word_1_592' title='bbox 1915 3061 2147 3117; x_wconf 89' lang='lat' dir='ltr'><strong>credens</strong></span> <span class='ocrx_word' id='word_1_593' title='bbox 2179 3065 2381 3123; x_wconf 86' lang='lat' dir='ltr'><strong>habere</strong></span> <span class='ocrx_word' id='word_1_594' title='bbox 2408 3070 2462 3124; x_wconf 92' lang='lat' dir='ltr'><strong>in</strong></span> <span class='ocrx_word' id='word_1_595' title='bbox 2504 3088 2674 3144; x_wconf 88' lang='lat' dir='ltr'><strong>regno</strong></span> <span class='ocrx_word' id='word_1_596' title='bbox 2698 3079 2988 3148; x_wconf 68' lang='lat' dir='ltr'><strong>caelorum,</strong></span> <span class='ocrx_word' id='word_1_597' title='bbox 3024 3096 3082 3141; x_wconf 92' lang='lat' dir='ltr'><strong>ut</strong></span> <span class='ocrx_word' id='word_1_598' title='bbox 3113 3088 3407 3148; x_wconf 91' lang='lat' dir='ltr'><strong>inviolatos</strong></span> 
     </span>
    </p>
   </div>
   <div class='ocr_carea' id='block_1_74' title="bbox 1820 3151 3404 3244">
    <p class='ocr_par' dir='ltr' id='par_1_74' title="bbox 1820 3151 3404 3244">
     <span class='ocr_line' id='line_1_77' title="bbox 1820 3151 3404 3244; baseline 0.025 -45"><span class='ocrx_word' id='word_1_599' title='bbox 1820 3156 1986 3218; x_wconf 88' lang='lat' dir='ltr'><strong>atque</strong></span> <span class='ocrx_word' id='word_1_600' title='bbox 2018 3151 2396 3214; x_wconf 82' lang='lat' dir='ltr'><strong>immaculatos</strong></span> <span class='ocrx_word' id='word_1_601' title='bbox 2443 3162 2585 3220; x_wconf 83' lang='lat' dir='ltr'><strong>ﬁlios</strong></span> <span class='ocrx_word' id='word_1_602' title='bbox 2630 3184 2758 3224; x_wconf 91' lang='lat' dir='ltr'><strong>suos</strong></span> <span class='ocrx_word' id='word_1_603' title='bbox 2790 3174 3098 3244; x_wconf 82' lang='lat' dir='ltr'><strong>exhiberet,</strong></span> <span class='ocrx_word' id='word_1_604' title='bbox 3129 3191 3185 3234; x_wconf 83' lang='lat' dir='ltr'><strong>et</strong></span> <span class='ocrx_word' id='word_1_605' title='bbox 3208 3185 3275 3236; x_wconf 91' lang='lat' dir='ltr'><strong>ad</strong></span> <span class='ocrx_word' id='word_1_606' title='bbox 3314 3199 3404 3238; x_wconf 50' lang='lat' dir='ltr'><strong>re:</strong></span> 
     </span>
    </p>
   </div>
   <div class='ocr_carea' id='block_1_75' title="bbox 1819 3246 3404 3336">
    <p class='ocr_par' dir='ltr' id='par_1_75' title="bbox 1819 3246 3404 3336">
     <span class='ocr_line' id='line_1_78' title="bbox 1819 3246 3404 3336; baseline 0.025 -45"><span class='ocrx_word' id='word_1_607' title='bbox 1819 3255 1983 3309; x_wconf 89' lang='lat' dir='ltr'><strong>gnutn</strong></span> <span class='ocrx_word' id='word_1_608' title='bbox 2018 3246 2276 3302; x_wconf 60' lang='lat' dir='ltr'><strong>caelorum</strong></span> <span class='ocrx_word' id='word_1_609' title='bbox 2307 3265 2403 3307; x_wconf 87' lang='lat' dir='ltr'><strong>eos</strong></span> <span class='ocrx_word' id='word_1_610' title='bbox 2436 3258 2695 3314; x_wconf 87' lang='lat' dir='ltr'><strong>mitteret.</strong></span> <span class='ocrx_word' id='word_1_611' title='bbox 2729 3262 2840 3329; x_wconf 90' lang='lat' dir='ltr'><strong>Sic,</strong></span> <span class='ocrx_word' id='word_1_612' title='bbox 2878 3266 3130 3336; x_wconf 89' lang='lat' dir='ltr'><strong>inquam,</strong></span> <span class='ocrx_word' id='word_1_613' title='bbox 3164 3272 3404 3332; x_wconf 86' lang='lat' dir='ltr'><strong>faciebat</strong></span> 
     </span>
    </p>
   </div>
   <div class='ocr_carea' id='block_1_76' title="bbox 1817 3331 3403 3424">
    <p class='ocr_par' dir='ltr' id='par_1_76' title="bbox 1817 3331 3403 3424">
     <span class='ocr_line' id='line_1_79' title="bbox 1817 3331 3403 3424; baseline 0.022 -36"><span class='ocrx_word' id='word_1_614' title='bbox 1817 3331 1919 3391; x_wconf 88' lang='lat' dir='ltr'><strong>Job</strong></span> <span class='ocrx_word' id='word_1_615' title='bbox 1953 3337 2210 3396; x_wconf 90' lang='lat' dir='ltr'><strong>omnibus</strong></span> <span class='ocrx_word' id='word_1_616' title='bbox 2243 3343 2438 3402; x_wconf 90' lang='lat' dir='ltr'><strong>diebus</strong></span> <span class='ocrx_word' id='word_1_617' title='bbox 2465 3349 2587 3405; x_wconf 62' lang='lat' dir='ltr'><strong>vitae</strong></span> <span class='ocrx_word' id='word_1_618' title='bbox 2619 3367 2830 3410; x_wconf 90' lang='lat' dir='ltr'><strong>eorum.</strong></span> <span class='ocrx_word' id='word_1_619' title='bbox 2861 3331 2970 3414; x_wconf 34' lang='lat' dir='ltr'><strong>Sic-</strong></span> <span class='ocrx_word' id='word_1_620' title='bbox 2985 3361 3228 3419; x_wconf 84' lang='lat' dir='ltr'><strong>faciebat</strong></span> <span class='ocrx_word' id='word_1_621' title='bbox 3254 3367 3403 3424; x_wconf 85' lang='lat' dir='ltr'><strong>sicut</strong></span> 
     </span>
    </p>
   </div>
   <div class='ocr_carea' id='block_1_77' title="bbox 1815 3426 3401 3528">
    <p class='ocr_par' dir='ltr' id='par_1_77' title="bbox 1815 3426 3401 3528">
     <span class='ocr_line' id='line_1_80' title="bbox 1815 3426 3401 3528; baseline 0.023 -47"><span class='ocrx_word' id='word_1_622' title='bbox 1815 3426 1956 3482; x_wconf 85' lang='lat' dir='ltr'><strong>alter</strong></span> <span class='ocrx_word' id='word_1_623' title='bbox 1985 3433 2138 3498; x_wconf 90' lang='lat' dir='ltr'><strong>prior</strong></span> <span class='ocrx_word' id='word_1_624' title='bbox 2174 3434 2266 3491; x_wconf 92' lang='lat' dir='ltr'><strong>illo</strong></span> <span class='ocrx_word' id='word_1_625' title='bbox 2295 3454 2400 3493; x_wconf 92' lang='lat' dir='ltr'><strong>non</strong></span> <span class='ocrx_word' id='word_1_626' title='bbox 2434 3440 2584 3511; x_wconf 84' lang='lat' dir='ltr'><strong>fecit,</strong></span> <span class='ocrx_word' id='word_1_627' title='bbox 2624 3446 2767 3503; x_wconf 91' lang='lat' dir='ltr'><strong>sicut</strong></span> <span class='ocrx_word' id='word_1_628' title='bbox 2798 3450 2943 3509; x_wconf 83' lang='lat' dir='ltr'><strong>alter</strong></span> <span class='ocrx_word' id='word_1_629' title='bbox 2991 3454 3083 3509; x_wconf 91' lang='lat' dir='ltr'><strong>illo</strong></span> <span class='ocrx_word' id='word_1_630' title='bbox 3120 3459 3401 3528; x_wconf 88' lang='lat' dir='ltr'><strong>antiquior</strong></span> 
     </span>
    </p>
   </div>
   <div class='ocr_carea' id='block_1_78' title="bbox 1814 3524 3398 3615">
    <p class='ocr_par' dir='ltr' id='par_1_78' title="bbox 1814 3524 3398 3615">
     <span class='ocr_line' id='line_1_81' title="bbox 1814 3524 3398 3615; baseline 0.023 -43"><span class='ocrx_word' id='word_1_631' title='bbox 1814 3533 1921 3574; x_wconf 89' lang='lat' dir='ltr'><strong>non</strong></span> <span class='ocrx_word' id='word_1_632' title='bbox 1968 3524 2157 3592; x_wconf 86' lang='lat' dir='ltr'><strong>gessit.</strong></span> <span class='ocrx_word' id='word_1_633' title='bbox 2191 3526 2418 3598; x_wconf 83' lang='lat' dir='ltr'><strong>Magnus</strong></span> <span class='ocrx_word' id='word_1_634' title='bbox 2464 3546 2583 3589; x_wconf 90' lang='lat' dir='ltr'><strong>erat</strong></span> <span class='ocrx_word' id='word_1_635' title='bbox 2625 3540 2901 3597; x_wconf 82' lang='lat' dir='ltr'><strong>A-brabam</strong></span> <span class='ocrx_word' id='word_1_636' title='bbox 2941 3545 2996 3600; x_wconf 92' lang='lat' dir='ltr'><strong>in</strong></span> <span class='ocrx_word' id='word_1_637' title='bbox 3023 3548 3149 3615; x_wconf 87' lang='lat' dir='ltr'><strong>lide,</strong></span> <span class='ocrx_word' id='word_1_638' title='bbox 3298 3567 3398 3607; x_wconf 83' lang='lat' dir='ltr'><strong>ex-</strong></span> 
     </span>
    </p>
   </div>
   <div class='ocr_carea' id='block_1_79' title="bbox 1812 3608 3393 3702">
    <p class='ocr_par' dir='ltr' id='par_1_79' title="bbox 1812 3608 3393 3702">
     <span class='ocr_line' id='line_1_82' title="bbox 1812 3608 3393 3702; baseline 0.025 -42"><span class='ocrx_word' id='word_1_639' title='bbox 1812 3608 1961 3664; x_wconf 90' lang='lat' dir='ltr'><strong>cellit</strong></span> <span class='ocrx_word' id='word_1_640' title='bbox 1995 3611 2149 3667; x_wconf 90' lang='lat' dir='ltr'><strong>illum</strong></span> <span class='ocrx_word' id='word_1_641' title='bbox 2180 3614 2282 3673; x_wconf 84' lang='lat' dir='ltr'><strong>Job</strong></span> <span class='ocrx_word' id='word_1_642' title='bbox 2324 3620 2377 3673; x_wconf 92' lang='lat' dir='ltr'><strong>in</strong></span> <span class='ocrx_word' id='word_1_643' title='bbox 2412 3622 2719 3681; x_wconf 88' lang='lat' dir='ltr'><strong>tolerantia.</strong></span> <span class='ocrx_word' id='word_1_644' title='bbox 2748 3630 2977 3702; x_wconf 79' lang='lat' dir='ltr'><strong>MagnUs</strong></span> <span class='ocrx_word' id='word_1_645' title='bbox 3006 3608 3312 3699; x_wconf 40' lang='lat' dir='ltr'><strong>erat&#39;Jacob</strong></span> <span class='ocrx_word' id='word_1_646' title='bbox 3338 3644 3393 3700; x_wconf 89' lang='lat' dir='ltr'><strong>itt</strong></span> 
     </span>
    </p>
   </div>
   <div class='ocr_carea' id='block_1_80' title="bbox 1812 3702 3391 3792">
    <p class='ocr_par' dir='ltr' id='par_1_80' title="bbox 1812 3702 3391 3792">
     <span class='ocr_line' id='line_1_83' title="bbox 1812 3702 3391 3792; baseline 0.025 -39"><span class='ocrx_word' id='word_1_647' title='bbox 1812 3702 1997 3759; x_wconf 87' lang='lat' dir='ltr'><strong>cordis</strong></span> <span class='ocrx_word' id='word_1_648' title='bbox 2046 3708 2343 3775; x_wconf 84' lang='lat' dir='ltr'><strong>munditia,</strong></span> <span class='ocrx_word' id='word_1_649' title='bbox 2388 3714 2483 3769; x_wconf 92' lang='lat' dir='ltr'><strong>sed</strong></span> <span class='ocrx_word' id='word_1_650' title='bbox 2537 3731 2642 3772; x_wconf 85' lang='lat' dir='ltr'><strong>non</strong></span> <span class='ocrx_word' id='word_1_651' title='bbox 2688 3718 2792 3776; x_wconf 86' lang='lat' dir='ltr'><strong>fuit</strong></span> <span class='ocrx_word' id='word_1_652' title='bbox 2838 3725 2935 3781; x_wconf 89' lang='lat' dir='ltr'><strong>illo</strong></span> <span class='ocrx_word' id='word_1_653' title='bbox 2971 3730 3150 3786; x_wconf 88' lang='lat' dir='ltr'><strong>minor</strong></span> <span class='ocrx_word' id='word_1_654' title='bbox 3189 3732 3293 3789; x_wconf 85' lang='lat' dir='ltr'><strong>Job</strong></span> <span class='ocrx_word' id='word_1_655' title='bbox 3333 3736 3391 3792; x_wconf 87' lang='lat' dir='ltr'><strong>in</strong></span> 
     </span>
    </p>
   </div>
   <div class='ocr_carea' id='block_1_81' title="bbox 1808 3795 3394 3894">
    <p class='ocr_par' dir='ltr' id='par_1_81' title="bbox 1808 3795 3394 3894">
     <span class='ocr_line' id='line_1_84' title="bbox 1808 3795 3394 3894; baseline 0.025 -48"><span class='ocrx_word' id='word_1_656' title='bbox 1808 3795 2209 3856; x_wconf 87' lang='lat' dir='ltr'><strong>misericordia.</strong></span> <span class='ocrx_word' id='word_1_657' title='bbox 2245 3804 2525 3863; x_wconf 81' lang='lat' dir='ltr'><strong>Adversus</strong></span> <span class='ocrx_word' id='word_1_658' title='bbox 2570 3824 2801 3871; x_wconf 74' lang='lat' dir='ltr'><strong>caeteros</strong></span> <span class='ocrx_word' id='word_1_659' title='bbox 2848 3833 3037 3877; x_wconf 90' lang='lat' dir='ltr'><strong>omnes</strong></span> <span class='ocrx_word' id='word_1_660' title='bbox 3085 3827 3297 3894; x_wconf 89' lang='lat' dir='ltr'><strong>priores</strong></span> <span class='ocrx_word' id='word_1_661' title='bbox 3336 3839 3394 3885; x_wconf 89' lang='lat' dir='ltr'><strong>et</strong></span> 
     </span>
    </p>
   </div>
   <div class='ocr_carea' id='block_1_82' title="bbox 1807 3887 3385 3976">
    <p class='ocr_par' dir='ltr' id='par_1_82' title="bbox 1807 3887 3385 3976">
     <span class='ocr_line' id='line_1_85' title="bbox 1807 3887 3385 3976; baseline 0.024 -40"><span class='ocrx_word' id='word_1_662' title='bbox 1807 3887 2159 3956; x_wconf 87' lang='lat' dir='ltr'><strong>novissimos,</strong></span> <span class='ocrx_word' id='word_1_663' title='bbox 2229 3910 2337 3949; x_wconf 90' lang='lat' dir='ltr'><strong>non</strong></span> <span class='ocrx_word' id='word_1_664' title='bbox 2394 3899 2687 3955; x_wconf 80' lang='lat' dir='ltr'><strong>succubuit</strong></span> <span class='ocrx_word' id='word_1_665' title='bbox 2731 3904 2783 3960; x_wconf 90' lang='lat' dir='ltr'><strong>itt</strong></span> <span class='ocrx_word' id='word_1_666' title='bbox 2833 3912 3100 3965; x_wconf 87' lang='lat' dir='ltr'><strong>virtutum</strong></span> <span class='ocrx_word' id='word_1_667' title='bbox 3164 3918 3385 3976; x_wconf 81' lang='lat' dir='ltr'><strong>studiis.</strong></span> 
     </span>
    </p>
   </div>
   <div class='ocr_carea' id='block_1_83' title="bbox 1805 3977 3386 4067">
    <p class='ocr_par' dir='ltr' id='par_1_83' title="bbox 1805 3977 3386 4067">
     <span class='ocr_line' id='line_1_86' title="bbox 1805 3977 3386 4067; baseline 0.022 -37"><span class='ocrx_word' id='word_1_668' title='bbox 1805 3977 1940 4031; x_wconf 88' lang='lat' dir='ltr'><strong>Cum</strong></span> <span class='ocrx_word' id='word_1_669' title='bbox 1975 3983 2216 4037; x_wconf 90' lang='lat' dir='ltr'><strong>omnium</strong></span> <span class='ocrx_word' id='word_1_670' title='bbox 2237 3987 2534 4045; x_wconf 83' lang='lat' dir='ltr'><strong>virtutibus</strong></span> <span class='ocrx_word' id='word_1_671' title='bbox 2565 3999 3023 4067; x_wconf 87' lang='lat' dir='ltr'><strong>communicaret,</strong></span> <span class='ocrx_word' id='word_1_672' title='bbox 3054 4000 3386 4064; x_wconf 50' lang='lat' dir='ltr'><strong>et‘outnium</strong></span> 
     </span>
    </p>
   </div>
   <div class='ocr_carea' id='block_1_84' title="bbox 1804 4066 3385 4168">
    <p class='ocr_par' dir='ltr' id='par_1_84' title="bbox 1804 4066 3385 4168">
     <span class='ocr_line' id='line_1_87' title="bbox 1804 4066 3385 4168; baseline 0.022 -48"><span class='ocrx_word' id='word_1_673' title='bbox 1804 4066 1987 4133; x_wconf 82' lang='lat' dir='ltr'><strong>ﬁdem,</strong></span> <span class='ocrx_word' id='word_1_674' title='bbox 2054 4082 2108 4127; x_wconf 89' lang='lat' dir='ltr'><strong>et</strong></span> <span class='ocrx_word' id='word_1_675' title='bbox 2178 4077 2441 4145; x_wconf 89' lang='lat' dir='ltr'><strong>pietatem</strong></span> <span class='ocrx_word' id='word_1_676' title='bbox 2495 4093 2660 4153; x_wconf 90' lang='lat' dir='ltr'><strong>atque</strong></span> <span class='ocrx_word' id='word_1_677' title='bbox 2717 4087 2989 4155; x_wconf 87' lang='lat' dir='ltr'><strong>justitiam</strong></span> <span class='ocrx_word' id='word_1_678' title='bbox 3050 4094 3385 4168; x_wconf 88' lang='lat' dir='ltr'><strong>imitaretur,</strong></span> 
     </span>
    </p>
   </div>
   <div class='ocr_carea' id='block_1_85' title="bbox 1805 4164 3385 4247">
    <p class='ocr_par' dir='ltr' id='par_1_85' title="bbox 1805 4164 3385 4247">
     <span class='ocr_line' id='line_1_88' title="bbox 1805 4164 3385 4247; baseline 0.024 -37"><span class='ocrx_word' id='word_1_679' title='bbox 1805 4164 2144 4219; x_wconf 89' lang='lat' dir='ltr'><strong>transcendit</strong></span> <span class='ocrx_word' id='word_1_680' title='bbox 2176 4179 2427 4237; x_wconf 91' lang='lat' dir='ltr'><strong>cunctos,</strong></span> <span class='ocrx_word' id='word_1_681' title='bbox 2457 4183 2620 4244; x_wconf 87' lang='lat' dir='ltr'><strong>atque</strong></span> <span class='ocrx_word' id='word_1_682' title='bbox 2670 4181 2928 4246; x_wconf 75' lang='lat' dir='ltr'><strong>przecellit</strong></span> <span class='ocrx_word' id='word_1_683' title='bbox 2970 4185 3255 4243; x_wconf 87' lang='lat' dir='ltr'><strong>tolerantia</strong></span> <span class='ocrx_word' id='word_1_684' title='bbox 3292 4205 3385 4247; x_wconf 84' lang='lat' dir='ltr'><strong>ve-</strong></span> 
     </span>
    </p>
   </div>
   <div class='ocr_carea' id='block_1_86' title="bbox 1801 4255 3383 4346">
    <p class='ocr_par' dir='ltr' id='par_1_86' title="bbox 1801 4255 3383 4346">
     <span class='ocr_line' id='line_1_89' title="bbox 1801 4255 3383 4346; baseline 0.023 -38"><span class='ocrx_word' id='word_1_685' title='bbox 1801 4255 2136 4314; x_wconf 80' lang='lat' dir='ltr'><strong>hementiam</strong></span> <span class='ocrx_word' id='word_1_686' title='bbox 2183 4263 2459 4338; x_wconf 72' lang='lat' dir='ltr'><strong>dolorum,</strong></span> <span class='ocrx_word' id='word_1_687' title='bbox 2490 4269 2684 4326; x_wconf 84' lang='lat' dir='ltr'><strong>Merito</strong></span> <span class='ocrx_word' id='word_1_688' title='bbox 2727 4273 2890 4346; x_wconf 87' lang='lat' dir='ltr'><strong>digne</strong></span> <span class='ocrx_word' id='word_1_689' title='bbox 2932 4277 3134 4336; x_wconf 90' lang='lat' dir='ltr'><strong>dicitur</strong></span> <span class='ocrx_word' id='word_1_690' title='bbox 3169 4284 3234 4339; x_wconf 90' lang='lat' dir='ltr'><strong>de</strong></span> <span class='ocrx_word' id='word_1_691' title='bbox 3264 4287 3383 4345; x_wconf 92' lang='lat' dir='ltr'><strong>solo</strong></span> 
     </span>
    </p>
   </div>
   <div class='ocr_carea' id='block_1_87' title="bbox 1797 4344 3373 4435">
    <p class='ocr_par' dir='ltr' id='par_1_87' title="bbox 1797 4344 3373 4435">
     <span class='ocr_line' id='line_1_90' title="bbox 1797 4344 3373 4435; baseline 0.023 -35"><span class='ocrx_word' id='word_1_692' title='bbox 1797 4344 1900 4402; x_wconf 88' lang='lat' dir='ltr'><strong>Job</strong></span> <span class='ocrx_word' id='word_1_693' title='bbox 1928 4367 1941 4402; x_wconf 90' lang='lat'><strong>:</strong></span> <span class='ocrx_word' id='word_1_694' title='bbox 1978 4352 2104 4419; x_wconf 88' lang='lat' dir='ltr'><strong>quia</strong></span> <span class='ocrx_word' id='word_1_695' title='bbox 2138 4352 2209 4407; x_wconf 88' lang='lat' dir='ltr'><strong>ita</strong></span> <span class='ocrx_word' id='word_1_696' title='bbox 2236 4354 2475 4414; x_wconf 86' lang='lat' dir='ltr'><strong>faciebat</strong></span> <span class='ocrx_word' id='word_1_697' title='bbox 2505 4362 2652 4417; x_wconf 89' lang='lat' dir='ltr'><strong>sicut</strong></span> <span class='ocrx_word' id='word_1_698' title='bbox 2684 4344 2808 4420; x_wconf 16' lang='lat' dir='ltr'><strong>noni</strong></span> <span class='ocrx_word' id='word_1_699' title='bbox 2825 4365 2957 4424; x_wconf 86' lang='lat' dir='ltr'><strong>fecit</strong></span> <span class='ocrx_word' id='word_1_700' title='bbox 2982 4371 3141 4432; x_wconf 88' lang='lat' dir='ltr'><strong>alter.</strong></span> <span class='ocrx_word' id='word_1_701' title='bbox 3181 4378 3373 4435; x_wconf 86' lang='lat' dir='ltr'><strong>Omnia</strong></span> 
     </span>
    </p>
   </div>
   <div class='ocr_carea' id='block_1_88' title="bbox 1795 4441 3377 4538">
    <p class='ocr_par' dir='ltr' id='par_1_88' title="bbox 1795 4441 3377 4538">
     <span class='ocr_line' id='line_1_91' title="bbox 1795 4441 3377 4538; baseline 0.022 -44"><span class='ocrx_word' id='word_1_702' title='bbox 1795 4441 1939 4495; x_wconf 91' lang='lat' dir='ltr'><strong>enim</strong></span> <span class='ocrx_word' id='word_1_703' title='bbox 1992 4460 2113 4513; x_wconf 81' lang='lat' dir='ltr'><strong>quae</strong></span> <span class='ocrx_word' id='word_1_704' title='bbox 2153 4448 2402 4504; x_wconf 85' lang='lat' dir='ltr'><strong>fecerunt</strong></span> <span class='ocrx_word' id='word_1_705' title='bbox 2452 4457 2629 4511; x_wconf 89' lang='lat' dir='ltr'><strong>sancti</strong></span> <span class='ocrx_word' id='word_1_706' title='bbox 2683 4458 2815 4512; x_wconf 86' lang='lat' dir='ltr'><strong>fecit</strong></span> <span class='ocrx_word' id='word_1_707' title='bbox 2859 4462 3025 4517; x_wconf 88' lang='lat' dir='ltr'><strong>etiam</strong></span> <span class='ocrx_word' id='word_1_708' title='bbox 3068 4465 3191 4524; x_wconf 86' lang='lat' dir='ltr'><strong>Job.</strong></span> <span class='ocrx_word' id='word_1_709' title='bbox 3224 4471 3377 4538; x_wconf 90' lang='lat' dir='ltr'><strong>Quod</strong></span> 
     </span>
    </p>
   </div>
   <div class='ocr_carea' id='block_1_89' title="bbox 1794 4539 3377 4629">
    <p class='ocr_par' dir='ltr' id='par_1_89' title="bbox 1794 4539 3377 4629">
     <span class='ocr_line' id='line_1_92' title="bbox 1794 4539 3377 4629; baseline 0.023 -44"><span class='ocrx_word' id='word_1_710' title='bbox 1794 4543 1980 4589; x_wconf 87' lang='lat' dir='ltr'><strong>autem</strong></span> <span class='ocrx_word' id='word_1_711' title='bbox 2005 4539 2263 4595; x_wconf 89' lang='lat' dir='ltr'><strong>sustinuit</strong></span> <span class='ocrx_word' id='word_1_712' title='bbox 2287 4541 2389 4600; x_wconf 83' lang='lat' dir='ltr'><strong>Job</strong></span> <span class='ocrx_word' id='word_1_713' title='bbox 2415 4561 2536 4601; x_wconf 91' lang='lat' dir='ltr'><strong>cunt</strong></span> <span class='ocrx_word' id='word_1_714' title='bbox 2571 4554 2876 4619; x_wconf 87' lang='lat' dir='ltr'><strong>gratiarum</strong></span> <span class='ocrx_word' id='word_1_715' title='bbox 2908 4561 3245 4629; x_wconf 91' lang='lat' dir='ltr'><strong>actionibus,</strong></span> <span class='ocrx_word' id='word_1_716' title='bbox 3274 4566 3377 4620; x_wconf 90' lang='lat' dir='ltr'><strong>hoc</strong></span> 
     </span>
    </p>
   </div>
   <div class='ocr_carea' id='block_1_90' title="bbox 104 4604 3376 4728">
    <p class='ocr_par' dir='ltr' id='par_1_90' title="bbox 104 4604 3376 4728">
     <span class='ocr_line' id='line_1_93' title="bbox 2571 4604 3376 4629; baseline 0 -10"><span class='ocrx_word' id='word_1_717' title='bbox 2571 4604 2601 4619; x_wconf 85' lang='grc' dir='ltr'><strong>υ</strong></span> <span class='ocrx_word' id='word_1_718' title='bbox 2662 4604 2771 4608; x_wconf 39' lang='grc' dir='ltr'><strong>πίνν-</strong></span> <span class='ocrx_word' id='word_1_719' title='bbox 2790 4604 2876 4613; x_wconf 66' lang='grc'><strong>”-··</strong></span> <span class='ocrx_word' id='word_1_720' title='bbox 2908 4604 3245 4629; x_wconf 66' lang='grc' dir='ltr'><strong>-ν--νισιυυυο</strong></span> <span class='ocrx_word' id='word_1_721' title='bbox 3274 4604 3376 4620; x_wconf 65' lang='lat' dir='ltr'><strong>alvu</strong></span> 
     </span>
     <span class='ocr_line' id='line_1_94' title="bbox 104 4604 3376 4728; baseline 0.016 -66"><span class='ocrx_word' id='word_1_722' title='bbox 104 4604 292 4664; x_wconf 83' lang='lat' dir='ltr'><strong>inlemi</strong></span> <span class='ocrx_word' id='word_1_723' title='bbox 335 4612 393 4665; x_wconf 89' lang='lat' dir='ltr'><strong>in</strong></span> <span class='ocrx_word' id='word_1_724' title='bbox 436 4624 702 4670; x_wconf 84' lang='lat' dir='ltr'><strong>aeternum</strong></span> <span class='ocrx_word' id='word_1_725' title='bbox 734 4626 1083 4687; x_wconf 87' lang='lat' dir='ltr'><strong>torquentur.</strong></span> <span class='ocrx_word' id='word_1_726' title='bbox 1131 4623 1239 4679; x_wconf 92' lang='lat' dir='ltr'><strong>Sed</strong></span> <span class='ocrx_word' id='word_1_727' title='bbox 1289 4604 1542 4696; x_wconf 86' lang='lat' dir='ltr'><strong>plerique</strong></span> <span class='ocrx_word' id='word_1_728' title='bbox 1589 4630 1686 4684; x_wconf 87' lang='lat' dir='ltr'><strong>ho-</strong></span> <span class='ocrx_word' id='word_1_729' title='bbox 1716 4648 1763 4703; x_wconf 76' lang='grc' dir='ltr'><strong>ι)</strong></span> <span class='ocrx_word' id='word_1_730' title='bbox 1794 4624 2149 4686; x_wconf 82' lang='lat' dir='ltr'><strong>nihilominus</strong></span> <span class='ocrx_word' id='word_1_731' title='bbox 2201 4634 2384 4691; x_wconf 90' lang='lat' dir='ltr'><strong>nullus</strong></span> <span class='ocrx_word' id='word_1_732' title='bbox 2437 4638 2579 4694; x_wconf 81' lang='lat' dir='ltr'><strong>alius</strong></span> <span class='ocrx_word' id='word_1_733' title='bbox 2634 4646 2917 4706; x_wconf 88' lang='lat' dir='ltr'><strong>sustinuit.</strong></span> <span class='ocrx_word' id='word_1_734' title='bbox 2952 4651 3218 4710; x_wconf 89' lang='lat' dir='ltr'><strong>Omnibus</strong></span> <span class='ocrx_word' id='word_1_735' title='bbox 3245 4672 3376 4728; x_wconf 83' lang='lat' dir='ltr'><strong>ergo</strong></span> 
     </span>
     <span class='ocr_line' id='line_1_95' title="bbox 104 4700 1666 4728; baseline 0 0"><span class='ocrx_word' id='word_1_736' title='bbox 104 4700 302 4728; x_wconf 52' lang='grc' dir='ltr'><strong>κλμ.--</strong></span> <span class='ocrx_word' id='word_1_737' title='bbox 345 4704 466 4728; x_wconf 66' lang='grc' dir='ltr'><strong>1-.....ι</strong></span> <span class='ocrx_word' id='word_1_738' title='bbox 512 4722 616 4728; x_wconf 54' lang='grc' dir='ltr'><strong>..-μ</strong></span> <span class='ocrx_word' id='word_1_739' title='bbox 675 4724 722 4728; x_wconf 32' lang='grc' dir='ltr'><strong>..κ</strong></span> <span class='ocrx_word' id='word_1_740' title='bbox 758 4727 762 4728; x_wconf 64' lang='lat'><strong><em>,</em></strong></span> <span class='ocrx_word' id='word_1_741' title='bbox 796 4711 806 4722; x_wconf 86' lang='grc'><strong>·</strong></span> <span class='ocrx_word' id='word_1_742' title='bbox 854 4712 864 4724; x_wconf 81' lang='grc' dir='ltr'><strong><em>ο</em></strong></span> <span class='ocrx_word' id='word_1_743' title='bbox 919 4727 922 4728; x_wconf 67' lang='lat'>,</span> <span class='ocrx_word' id='word_1_744' title='bbox 1015 4724 1025 4728; x_wconf 86' lang='lat'><strong>-</strong></span> <span class='ocrx_word' id='word_1_745' title='bbox 1233 4718 1243 4728; x_wconf 83' lang='grc' dir='ltr'>ι</span> <span class='ocrx_word' id='word_1_746' title='bbox 1297 4718 1366 4728; x_wconf 73' lang='grc' dir='ltr'><strong>ιι..</strong></span> <span class='ocrx_word' id='word_1_747' title='bbox 1654 4723 1666 4728; x_wconf 87' lang='grc'><strong>-</strong></span> 
     </span>
    </p>
   </div>
   <div class='ocr_carea' id='block_1_91' title="bbox 104 4700 1686 4785">
    <p class='ocr_par' dir='ltr' id='par_1_91' title="bbox 104 4700 1686 4785">
     <span class='ocr_line' id='line_1_96' title="bbox 104 4700 1686 4785; baseline 0.018 -35"><span class='ocrx_word' id='word_1_748' title='bbox 104 4700 304 4756; x_wconf 79' lang='lat' dir='ltr'><strong>minuat</strong></span> <span class='ocrx_word' id='word_1_749' title='bbox 345 4704 467 4759; x_wconf 65' lang='lat' dir='ltr'><strong>haec</strong></span> <span class='ocrx_word' id='word_1_750' title='bbox 512 4722 620 4761; x_wconf 91' lang='lat' dir='ltr'><strong>non</strong></span> <span class='ocrx_word' id='word_1_751' title='bbox 674 4711 1123 4779; x_wconf 86' lang='lat' dir='ltr'><strong>reminiscuntur,</strong></span> <span class='ocrx_word' id='word_1_752' title='bbox 1154 4718 1245 4785; x_wconf 93' lang='lat' dir='ltr'><strong>qni</strong></span> <span class='ocrx_word' id='word_1_753' title='bbox 1293 4718 1432 4774; x_wconf 86' lang='lat' dir='ltr'><strong>lilios</strong></span> <span class='ocrx_word' id='word_1_754' title='bbox 1460 4736 1587 4775; x_wconf 89' lang='lat' dir='ltr'><strong>suos</strong></span> <span class='ocrx_word' id='word_1_755' title='bbox 1617 4723 1686 4778; x_wconf 89' lang='lat' dir='ltr'><strong>ab</strong></span> 
     </span>
    </p>
   </div>
   <div class='ocr_carea' id='block_1_92' title="bbox 103 4791 1685 4871">
    <p class='ocr_par' dir='ltr' id='par_1_92' title="bbox 103 4791 1685 4871">
     <span class='ocr_line' id='line_1_97' title="bbox 103 4791 1685 4871; baseline 0.018 -30"><span class='ocrx_word' id='word_1_756' title='bbox 103 4791 326 4849; x_wconf 81' lang='lat' dir='ltr'><strong>infantia</strong></span> <span class='ocrx_word' id='word_1_757' title='bbox 374 4799 771 4865; x_wconf 82' lang='lat' dir='ltr'><strong>exterminant,</strong></span> <span class='ocrx_word' id='word_1_758' title='bbox 806 4803 897 4871; x_wconf 89' lang='lat' dir='ltr'><strong>qui</strong></span> <span class='ocrx_word' id='word_1_759' title='bbox 933 4801 1071 4859; x_wconf 87' lang='lat' dir='ltr'><strong>lilios</strong></span> <span class='ocrx_word' id='word_1_760' title='bbox 1107 4821 1238 4862; x_wconf 90' lang='lat' dir='ltr'><strong>suos</strong></span> <span class='ocrx_word' id='word_1_761' title='bbox 1282 4817 1338 4862; x_wconf 92' lang='lat' dir='ltr'><strong>et</strong></span> <span class='ocrx_word' id='word_1_762' title='bbox 1380 4809 1522 4865; x_wconf 86' lang='lat' dir='ltr'><strong>filias</strong></span> <span class='ocrx_word' id='word_1_763' title='bbox 1554 4828 1685 4870; x_wconf 89' lang='lat' dir='ltr'><strong>snas</strong></span> 
     </span>
    </p>
   </div>
   <div class='ocr_carea' id='block_1_93' title="bbox 100 4887 1683 4973">
    <p class='ocr_par' dir='ltr' id='par_1_93' title="bbox 100 4887 1683 4973">
     <span class='ocr_line' id='line_1_98' title="bbox 100 4887 1683 4973; baseline 0.015 -37"><span class='ocrx_word' id='word_1_764' title='bbox 100 4889 161 4939; x_wconf 81' lang='lat' dir='ltr'><strong>ab</strong></span> <span class='ocrx_word' id='word_1_765' title='bbox 204 4887 559 4945; x_wconf 85' lang='lat' dir='ltr'><strong>incunabulis</strong></span> <span class='ocrx_word' id='word_1_766' title='bbox 602 4908 707 4946; x_wconf 90' lang='lat' dir='ltr'><strong>non</strong></span> <span class='ocrx_word' id='word_1_767' title='bbox 740 4896 1015 4959; x_wconf 85' lang='lat' dir='ltr'><strong>erudiunt,</strong></span> <span class='ocrx_word' id='word_1_768' title='bbox 1051 4914 1158 4952; x_wconf 91' lang='lat' dir='ltr'><strong>nou</strong></span> <span class='ocrx_word' id='word_1_769' title='bbox 1206 4902 1509 4968; x_wconf 90' lang='lat' dir='ltr'><strong>corripiunt</strong></span> <span class='ocrx_word' id='word_1_770' title='bbox 1534 4919 1564 4957; x_wconf 91' lang='lat' dir='ltr'><strong>a</strong></span> <span class='ocrx_word' id='word_1_771' title='bbox 1588 4904 1683 4973; x_wconf 84' lang='lat' dir='ltr'><strong>ju-</strong></span> 
     </span>
    </p>
   </div>
   <div class='ocr_carea' id='block_1_94' title="bbox 99 4983 1677 5063">
    <p class='ocr_par' dir='ltr' id='par_1_94' title="bbox 99 4983 1677 5063">
     <span class='ocr_line' id='line_1_99' title="bbox 99 4983 1677 5063; baseline 0.016 -37"><span class='ocrx_word' id='word_1_772' title='bbox 99 4989 335 5045; x_wconf 78' lang='lat' dir='ltr'><strong>vcntute,</strong></span> <span class='ocrx_word' id='word_1_773' title='bbox 365 4996 474 5035; x_wconf 92' lang='lat' dir='ltr'><strong>non</strong></span> <span class='ocrx_word' id='word_1_774' title='bbox 509 4983 803 5051; x_wconf 84' lang='lat' dir='ltr'><strong>prohibent</strong></span> <span class='ocrx_word' id='word_1_775' title='bbox 842 4989 1007 5052; x_wconf 89' lang='lat' dir='ltr'><strong>tnala,</strong></span> <span class='ocrx_word' id='word_1_776' title='bbox 1046 5005 1151 5044; x_wconf 90' lang='lat' dir='ltr'><strong>non</strong></span> <span class='ocrx_word' id='word_1_777' title='bbox 1193 4993 1388 5046; x_wconf 90' lang='lat' dir='ltr'><strong>odiunt</strong></span> <span class='ocrx_word' id='word_1_778' title='bbox 1420 4997 1677 5063; x_wconf 90' lang='lat' dir='ltr'><strong>pessima,</strong></span> 
     </span>
    </p>
   </div>
   <div class='ocr_carea' id='block_1_95' title="bbox 96 5075 1679 5155">
    <p class='ocr_par' dir='ltr' id='par_1_95' title="bbox 96 5075 1679 5155">
     <span class='ocr_line' id='line_1_100' title="bbox 96 5075 1679 5155; baseline 0.015 -33"><span class='ocrx_word' id='word_1_779' title='bbox 96 5084 191 5125; x_wconf 82' lang='lat' dir='ltr'><strong>non</strong></span> <span class='ocrx_word' id='word_1_780' title='bbox 217 5086 489 5128; x_wconf 87' lang='lat' dir='ltr'><strong>coercent</strong></span> <span class='ocrx_word' id='word_1_781' title='bbox 524 5075 737 5144; x_wconf 89' lang='lat' dir='ltr'><strong>illicita,</strong></span> <span class='ocrx_word' id='word_1_782' title='bbox 790 5096 897 5134; x_wconf 92' lang='lat' dir='ltr'><strong>non</strong></span> <span class='ocrx_word' id='word_1_783' title='bbox 939 5083 1236 5139; x_wconf 90' lang='lat' dir='ltr'><strong>admonent</strong></span> <span class='ocrx_word' id='word_1_784' title='bbox 1277 5087 1528 5143; x_wconf 91' lang='lat' dir='ltr'><strong>timorem</strong></span> <span class='ocrx_word' id='word_1_785' title='bbox 1562 5089 1679 5155; x_wconf 90' lang='lat' dir='ltr'><strong>Dei,</strong></span> 
     </span>
    </p>
   </div>
   <div class='ocr_carea' id='block_1_96' title="bbox 98 5165 1680 5244">
    <p class='ocr_par' dir='ltr' id='par_1_96' title="bbox 98 5165 1680 5244">
     <span class='ocr_line' id='line_1_101' title="bbox 98 5165 1680 5244; baseline 0.019 -37"><span class='ocrx_word' id='word_1_786' title='bbox 98 5176 193 5213; x_wconf 90' lang='lat' dir='ltr'><strong>non</strong></span> <span class='ocrx_word' id='word_1_787' title='bbox 254 5165 673 5221; x_wconf 81' lang='lat' dir='ltr'><strong>co.nntinantur</strong></span> <span class='ocrx_word' id='word_1_788' title='bbox 733 5168 999 5237; x_wconf 72' lang='lat' dir='ltr'><strong>judicium</strong></span> <span class='ocrx_word' id='word_1_789' title='bbox 1056 5176 1343 5244; x_wconf 64' lang='lat' dir='ltr'><strong>gehennar,</strong></span> <span class='ocrx_word' id='word_1_790' title='bbox 1397 5195 1506 5234; x_wconf 90' lang='lat' dir='ltr'><strong>non</strong></span> <span class='ocrx_word' id='word_1_791' title='bbox 1556 5183 1680 5237; x_wconf 73' lang='lat' dir='ltr'><strong>vita:</strong></span> 
     </span>
    </p>
   </div>
   <div class='ocr_carea' id='block_1_97' title="bbox 93 5254 1679 5329">
    <p class='ocr_par' dir='ltr' id='par_1_97' title="bbox 93 5254 1679 5329">
     <span class='ocr_line' id='line_1_102' title="bbox 93 5254 1679 5329; baseline 0.017 -28"><span class='ocrx_word' id='word_1_792' title='bbox 93 5260 308 5307; x_wconf 62' lang='lat' dir='ltr'><strong>eterna:</strong></span> <span class='ocrx_word' id='word_1_793' title='bbox 363 5254 652 5311; x_wconf 90' lang='lat' dir='ltr'><strong>introitum</strong></span> <span class='ocrx_word' id='word_1_794' title='bbox 687 5259 902 5315; x_wconf 86' lang='lat' dir='ltr'><strong>docent.</strong></span> <span class='ocrx_word' id='word_1_795' title='bbox 956 5262 1073 5317; x_wconf 83' lang='lat' dir='ltr'><strong>Non</strong></span> <span class='ocrx_word' id='word_1_796' title='bbox 1126 5267 1268 5320; x_wconf 90' lang='lat' dir='ltr'><strong>enim</strong></span> <span class='ocrx_word' id='word_1_797' title='bbox 1301 5270 1536 5324; x_wconf 85' lang='lat' dir='ltr'><strong>educant</strong></span> <span class='ocrx_word' id='word_1_798' title='bbox 1580 5287 1679 5329; x_wconf 91' lang='lat' dir='ltr'><strong>nos</strong></span> 
     </span>
    </p>
   </div>
   <div class='ocr_carea' id='block_1_98' title="bbox 93 5341 1676 5430">
    <p class='ocr_par' dir='ltr' id='par_1_98' title="bbox 93 5341 1676 5430">
     <span class='ocr_line' id='line_1_103' title="bbox 93 5341 1676 5430; baseline 0.016 -39"><span class='ocrx_word' id='word_1_799' title='bbox 93 5341 141 5393; x_wconf 80' lang='lat' dir='ltr'><strong>in</strong></span> <span class='ocrx_word' id='word_1_800' title='bbox 202 5344 499 5414; x_wconf 85' lang='lat' dir='ltr'><strong>disciplina</strong></span> <span class='ocrx_word' id='word_1_801' title='bbox 554 5357 721 5417; x_wconf 85' lang='lat' dir='ltr'><strong>atque</strong></span> <span class='ocrx_word' id='word_1_802' title='bbox 771 5353 1085 5408; x_wconf 88' lang='lat' dir='ltr'><strong>eruditione</strong></span> <span class='ocrx_word' id='word_1_803' title='bbox 1134 5356 1371 5423; x_wconf 84' lang='lat' dir='ltr'><strong>Dutuitti,</strong></span> <span class='ocrx_word' id='word_1_804' title='bbox 1425 5362 1517 5430; x_wconf 85' lang='lat' dir='ltr'><strong>qui</strong></span> <span class='ocrx_word' id='word_1_805' title='bbox 1569 5378 1676 5418; x_wconf 90' lang='lat' dir='ltr'><strong>non</strong></span> 
     </span>
    </p>
   </div>
   <div class='ocr_carea' id='block_1_99' title="bbox 92 5443 1674 5519">
    <p class='ocr_par' dir='ltr' id='par_1_99' title="bbox 92 5443 1674 5519">
     <span class='ocr_line' id='line_1_104' title="bbox 92 5443 1674 5519; baseline 0.015 -33"><span class='ocrx_word' id='word_1_806' title='bbox 92 5446 317 5501; x_wconf 83' lang='lat' dir='ltr'><strong>egerunt</strong></span> <span class='ocrx_word' id='word_1_807' title='bbox 356 5453 548 5493; x_wconf 90' lang='lat' dir='ltr'><strong>curam</strong></span> <span class='ocrx_word' id='word_1_808' title='bbox 580 5455 677 5507; x_wconf 91' lang='lat' dir='ltr'><strong>pro</strong></span> <span class='ocrx_word' id='word_1_809' title='bbox 707 5443 996 5500; x_wconf 89' lang='lat' dir='ltr'><strong>animabus</strong></span> <span class='ocrx_word' id='word_1_810' title='bbox 1032 5461 1244 5511; x_wconf 91' lang='lat' dir='ltr'><strong>eorum,</strong></span> <span class='ocrx_word' id='word_1_811' title='bbox 1296 5465 1473 5519; x_wconf 82' lang='lat' dir='ltr'><strong>neque</strong></span> <span class='ocrx_word' id='word_1_812' title='bbox 1525 5455 1674 5509; x_wconf 88' lang='lat' dir='ltr'><strong>solli-</strong></span> 
     </span>
    </p>
   </div>
   <div class='ocr_carea' id='block_1_100' title="bbox 91 5525 1670 5607">
    <p class='ocr_par' dir='ltr' id='par_1_100' title="bbox 91 5525 1670 5607">
     <span class='ocr_line' id='line_1_105' title="bbox 91 5525 1670 5607; baseline 0.015 -31"><span class='ocrx_word' id='word_1_813' title='bbox 91 5525 176 5579; x_wconf 87' lang='lat' dir='ltr'><strong>citi</strong></span> <span class='ocrx_word' id='word_1_814' title='bbox 228 5541 365 5584; x_wconf 85' lang='lat' dir='ltr'><strong>sunt</strong></span> <span class='ocrx_word' id='word_1_815' title='bbox 416 5546 514 5599; x_wconf 89' lang='lat' dir='ltr'><strong>pro</strong></span> <span class='ocrx_word' id='word_1_816' title='bbox 544 5533 742 5600; x_wconf 90' lang='lat' dir='ltr'><strong>salute,</strong></span> <span class='ocrx_word' id='word_1_817' title='bbox 781 5535 869 5589; x_wconf 87' lang='lat' dir='ltr'><strong>vel</strong></span> <span class='ocrx_word' id='word_1_818' title='bbox 897 5538 1208 5607; x_wconf 89' lang='lat' dir='ltr'><strong>perditione</strong></span> <span class='ocrx_word' id='word_1_819' title='bbox 1259 5541 1515 5597; x_wconf 86' lang='lat' dir='ltr'><strong>filiorum.</strong></span> <span class='ocrx_word' id='word_1_820' title='bbox 1554 5544 1670 5599; x_wconf 81' lang='lat' dir='ltr'><strong>Hu-</strong></span> 
     </span>
    </p>
   </div>
   <div class='ocr_carea' id='block_1_101' title="bbox 86 5612 1672 5703">
    <p class='ocr_par' dir='ltr' id='par_1_101' title="bbox 86 5612 1672 5703">
     <span class='ocr_line' id='line_1_106' title="bbox 86 5612 1672 5703; baseline 0.013 -32"><span class='ocrx_word' id='word_1_821' title='bbox 86 5612 322 5681; x_wconf 79' lang='lat' dir='ltr'><strong>iusmodi</strong></span> <span class='ocrx_word' id='word_1_822' title='bbox 352 5636 476 5676; x_wconf 89' lang='lat' dir='ltr'><strong>cum</strong></span> <span class='ocrx_word' id='word_1_823' title='bbox 508 5639 612 5677; x_wconf 93' lang='lat' dir='ltr'><strong>non</strong></span> <span class='ocrx_word' id='word_1_824' title='bbox 643 5627 916 5695; x_wconf 89' lang='lat' dir='ltr'><strong>erudiunt,</strong></span> <span class='ocrx_word' id='word_1_825' title='bbox 955 5643 1133 5699; x_wconf 89' lang='lat' dir='ltr'><strong>neque</strong></span> <span class='ocrx_word' id='word_1_826' title='bbox 1174 5634 1482 5703; x_wconf 88' lang='lat' dir='ltr'><strong>corripiunt</strong></span> <span class='ocrx_word' id='word_1_827' title='bbox 1530 5636 1672 5693; x_wconf 80' lang='lat' dir='ltr'><strong>lllios</strong></span> 
     </span>
    </p>
   </div>
   <div class='ocr_carea' id='block_1_102' title="bbox 90 5712 1669 5795">
    <p class='ocr_par' dir='ltr' id='par_1_102' title="bbox 90 5712 1669 5795">
     <span class='ocr_line' id='line_1_107' title="bbox 90 5712 1669 5795; baseline 0.016 -35"><span class='ocrx_word' id='word_1_828' title='bbox 90 5720 229 5777; x_wconf 78' lang='lat' dir='ltr'><strong>suos,</strong></span> <span class='ocrx_word' id='word_1_829' title='bbox 264 5721 329 5767; x_wconf 90' lang='lat' dir='ltr'><strong>et</strong></span> <span class='ocrx_word' id='word_1_830' title='bbox 354 5712 601 5783; x_wconf 88' lang='lat' dir='ltr'><strong>ipsorum</strong></span> <span class='ocrx_word' id='word_1_831' title='bbox 622 5718 835 5776; x_wconf 88' lang='lat' dir='ltr'><strong>animas</strong></span> <span class='ocrx_word' id='word_1_832' title='bbox 868 5720 979 5791; x_wconf 86' lang='lat' dir='ltr'><strong>igni</strong></span> <span class='ocrx_word' id='word_1_833' title='bbox 1020 5722 1449 5795; x_wconf 86' lang='lat' dir='ltr'><strong>inexstinguibili</strong></span> <span class='ocrx_word' id='word_1_834' title='bbox 1486 5727 1542 5783; x_wconf 93' lang='lat' dir='ltr'><strong>in</strong></span> <span class='ocrx_word' id='word_1_835' title='bbox 1587 5728 1669 5784; x_wconf 91' lang='lat' dir='ltr'><strong>in-</strong></span> 
     </span>
    </p>
   </div>
   <div class='ocr_carea' id='block_1_103' title="bbox 150 5844 1154 5923">
    <p class='ocr_par' dir='ltr' id='par_1_103' title="bbox 150 5844 1154 5923">
     <span class='ocr_line' id='line_1_108' title="bbox 150 5844 1154 5923; baseline 0.01 -21"><span class='ocrx_word' id='word_1_836' title='bbox 150 5844 195 5877; x_wconf 77' lang='lat'>“</span> <span class='ocrx_word' id='word_1_837' title='bbox 224 5844 378 5905; x_wconf 83' lang='lat' dir='ltr'><strong>Psal.</strong></span> <span class='ocrx_word' id='word_1_838' title='bbox 417 5865 572 5918; x_wconf 81' lang='lat' dir='ltr'><strong>xvttt,</strong></span> <span class='ocrx_word' id='word_1_839' title='bbox 626 5852 713 5908; x_wconf 75' lang='lat' dir='ltr'><strong>l3.</strong></span> <span class='ocrx_word' id='word_1_840' title='bbox 791 5852 857 5886; x_wconf 77' lang='lat'><strong>“‘</strong></span> <span class='ocrx_word' id='word_1_841' title='bbox 887 5854 987 5910; x_wconf 87' lang='lat' dir='ltr'><strong>Job</strong></span> <span class='ocrx_word' id='word_1_842' title='bbox 1025 5873 1062 5923; x_wconf 91' lang='lat' dir='ltr'><strong>l,</strong></span> <span class='ocrx_word' id='word_1_843' title='bbox 1100 5858 1154 5912; x_wconf 82' lang='lat'><strong>5.</strong></span> 
     </span>
    </p>
   </div>
   <div class='ocr_carea' id='block_1_104' title="bbox 1234 5860 1707 5935">
    <p class='ocr_par' dir='ltr' id='par_1_104' title="bbox 1234 5860 1707 5935">
     <span class='ocr_line' id='line_1_109' title="bbox 1234 5860 1707 5935; baseline 0.011 -22"><span class='ocrx_word' id='word_1_844' title='bbox 1234 5861 1278 5893; x_wconf 77' lang='grc'>⁸⁵</span> <span class='ocrx_word' id='word_1_845' title='bbox 1312 5860 1545 5935; x_wconf 83' lang='lat' dir='ltr'><strong>Philipp.</strong></span> <span class='ocrx_word' id='word_1_846' title='bbox 1585 5880 1624 5934; x_wconf 92' lang='lat' dir='ltr'><strong>t,</strong></span> <span class='ocrx_word' id='word_1_847' title='bbox 1655 5866 1707 5920; x_wconf 89' lang='lat'><strong>6.</strong></span> 
     </span>
    </p>
   </div>
   <div class='ocr_carea' id='block_1_105' title="bbox 1796 4719 3377 4807">
    <p class='ocr_par' dir='ltr' id='par_1_105' title="bbox 1796 4719 3377 4807">
     <span class='ocr_line' id='line_1_110' title="bbox 1796 4719 3377 4807; baseline 0.024 -38"><span class='ocrx_word' id='word_1_848' title='bbox 1796 4719 1975 4773; x_wconf 86' lang='lat' dir='ltr'><strong>modis</strong></span> <span class='ocrx_word' id='word_1_849' title='bbox 2019 4724 2289 4780; x_wconf 88' lang='lat' dir='ltr'><strong>veraciter</strong></span> <span class='ocrx_word' id='word_1_850' title='bbox 2334 4728 2557 4798; x_wconf 89' lang='lat' dir='ltr'><strong>dicitur,</strong></span> <span class='ocrx_word' id='word_1_851' title='bbox 2608 4734 2686 4788; x_wconf 79' lang='lat' dir='ltr'><strong>sic</strong></span> <span class='ocrx_word' id='word_1_852' title='bbox 2727 4736 2958 4806; x_wconf 80' lang='lat' dir='ltr'><strong>faciebat</strong></span> <span class='ocrx_word' id='word_1_853' title='bbox 3007 4745 3109 4801; x_wconf 84' lang='lat' dir='ltr'><strong>Job</strong></span> <span class='ocrx_word' id='word_1_854' title='bbox 3167 4752 3377 4807; x_wconf 79' lang='lat' dir='ltr'><strong>cunctis</strong></span> 
     </span>
    </p>
   </div>
   <div class='ocr_carea' id='block_1_106' title="bbox 1794 4805 3368 4907">
    <p class='ocr_par' dir='ltr' id='par_1_106' title="bbox 1794 4805 3368 4907">
     <span class='ocr_line' id='line_1_111' title="bbox 1794 4805 3368 4907; baseline 0.024 -50"><span class='ocrx_word' id='word_1_855' title='bbox 1794 4805 1979 4862; x_wconf 81' lang='lat' dir='ltr'><strong>diebus</strong></span> <span class='ocrx_word' id='word_1_856' title='bbox 2018 4812 2137 4866; x_wconf 52' lang='lat' dir='ltr'><strong>vita,</strong></span> <span class='ocrx_word' id='word_1_857' title='bbox 2161 4830 2368 4871; x_wconf 82' lang='lat' dir='ltr'><strong>eorum.</strong></span> <span class='ocrx_word' id='word_1_858' title='bbox 2401 4819 2494 4876; x_wconf 91' lang='lat' dir='ltr'><strong>Sic</strong></span> <span class='ocrx_word' id='word_1_859' title='bbox 2522 4805 2785 4893; x_wconf 79' lang='lat' dir='ltr'><strong>faciebat,</strong></span> <span class='ocrx_word' id='word_1_860' title='bbox 2815 4832 2970 4898; x_wconf 90' lang='lat' dir='ltr'><strong>quasi</strong></span> <span class='ocrx_word' id='word_1_861' title='bbox 2994 4833 3199 4901; x_wconf 91' lang='lat' dir='ltr'><strong>justus,</strong></span> <span class='ocrx_word' id='word_1_862' title='bbox 3229 4841 3368 4907; x_wconf 83' lang='lat' dir='ltr'><strong>pius,</strong></span> 
     </span>
    </p>
   </div>
   <div class='ocr_carea' id='block_1_107' title="bbox 1793 4900 3371 4987">
    <p class='ocr_par' dir='ltr' id='par_1_107' title="bbox 1793 4900 3371 4987">
     <span class='ocr_line' id='line_1_112' title="bbox 1793 4900 3371 4987; baseline 0.023 -37"><span class='ocrx_word' id='word_1_863' title='bbox 1793 4900 1949 4967; x_wconf 85' lang='lat' dir='ltr'><strong>quasi</strong></span> <span class='ocrx_word' id='word_1_864' title='bbox 1998 4901 2107 4958; x_wconf 88' lang='lat' dir='ltr'><strong>Deo</strong></span> <span class='ocrx_word' id='word_1_865' title='bbox 2157 4904 2427 4976; x_wconf 89' lang='lat' dir='ltr'><strong>dilectus,</strong></span> <span class='ocrx_word' id='word_1_866' title='bbox 2482 4914 2638 4981; x_wconf 84' lang='lat' dir='ltr'><strong>quasi</strong></span> <span class='ocrx_word' id='word_1_867' title='bbox 2675 4921 2927 4976; x_wconf 81' lang='lat' dir='ltr'><strong>credens.</strong></span> <span class='ocrx_word' id='word_1_868' title='bbox 2992 4900 3085 4982; x_wconf 85' lang='lat' dir='ltr'><strong>Sic</strong></span> <span class='ocrx_word' id='word_1_869' title='bbox 3135 4928 3371 4987; x_wconf 85' lang='lat' dir='ltr'><strong>faciebat</strong></span> 
     </span>
    </p>
   </div>
   <div class='ocr_carea' id='block_1_108' title="bbox 1788 4991 3366 5090">
    <p class='ocr_par' dir='ltr' id='par_1_108' title="bbox 1788 4991 3366 5090">
     <span class='ocr_line' id='line_1_113' title="bbox 1788 4991 3366 5090; baseline 0.023 -47"><span class='ocrx_word' id='word_1_870' title='bbox 1788 4991 1928 5043; x_wconf 90' lang='lat' dir='ltr'><strong>sicut</strong></span> <span class='ocrx_word' id='word_1_871' title='bbox 1962 4992 2070 5048; x_wconf 91' lang='lat' dir='ltr'><strong>Deo</strong></span> <span class='ocrx_word' id='word_1_872' title='bbox 2100 4996 2371 5065; x_wconf 88' lang='lat' dir='ltr'><strong>placebat,</strong></span> <span class='ocrx_word' id='word_1_873' title='bbox 2432 5004 2574 5061; x_wconf 89' lang='lat' dir='ltr'><strong>sicut</strong></span> <span class='ocrx_word' id='word_1_874' title='bbox 2606 5008 2853 5067; x_wconf 80' lang='lat' dir='ltr'><strong>Creatori</strong></span> <span class='ocrx_word' id='word_1_875' title='bbox 2910 5015 3123 5075; x_wconf 89' lang='lat' dir='ltr'><strong>libitum</strong></span> <span class='ocrx_word' id='word_1_876' title='bbox 3169 5022 3366 5090; x_wconf 89' lang='lat' dir='ltr'><strong>fuerat,</strong></span> 
     </span>
    </p>
   </div>
   <div class='ocr_carea' id='block_1_109' title="bbox 1786 5085 2591 5157">
    <p class='ocr_par' dir='ltr' id='par_1_109' title="bbox 1786 5085 2591 5157">
     <span class='ocr_line' id='line_1_114' title="bbox 1786 5085 2591 5157; baseline 0.024 -20"><span class='ocrx_word' id='word_1_877' title='bbox 1786 5085 1926 5138; x_wconf 87' lang='lat' dir='ltr'><strong>sicut</strong></span> <span class='ocrx_word' id='word_1_878' title='bbox 1968 5103 2063 5142; x_wconf 80' lang='lat' dir='ltr'><strong>rex</strong></span> <span class='ocrx_word' id='word_1_879' title='bbox 2098 5102 2321 5149; x_wconf 87' lang='lat' dir='ltr'><strong>sanctus</strong></span> <span class='ocrx_word' id='word_1_880' title='bbox 2354 5096 2591 5157; x_wconf 86' lang='lat' dir='ltr'><strong>volebat.</strong></span> 
     </span>
    </p>
   </div>
   <div class='ocr_carea' id='block_1_110' title="bbox 1856 5175 3365 5267">
    <p class='ocr_par' dir='ltr' id='par_1_110' title="bbox 1856 5175 3365 5267">
     <span class='ocr_line' id='line_1_115' title="bbox 1856 5175 3365 5267; baseline 0.022 -36"><span class='ocrx_word' id='word_1_881' title='bbox 1856 5175 1962 5234; x_wconf 90' lang='lat' dir='ltr'><strong>Sed</strong></span> <span class='ocrx_word' id='word_1_882' title='bbox 2008 5197 2132 5235; x_wconf 91' lang='lat' dir='ltr'><strong>cum</strong></span> <span class='ocrx_word' id='word_1_883' title='bbox 2172 5184 2246 5238; x_wconf 90' lang='lat' dir='ltr'><strong>ita</strong></span> <span class='ocrx_word' id='word_1_884' title='bbox 2297 5185 2506 5246; x_wconf 85' lang='lat' dir='ltr'><strong>faceret</strong></span> <span class='ocrx_word' id='word_1_885' title='bbox 2556 5193 2680 5261; x_wconf 89' lang='lat' dir='ltr'><strong>Job,</strong></span> <span class='ocrx_word' id='word_1_886' title='bbox 2737 5209 2900 5267; x_wconf 89' lang='lat' dir='ltr'><strong>atque</strong></span> <span class='ocrx_word' id='word_1_887' title='bbox 2951 5201 3066 5257; x_wconf 80' lang='lat' dir='ltr'><strong>haec</strong></span> <span class='ocrx_word' id='word_1_888' title='bbox 3106 5205 3365 5263; x_wconf 89' lang='lat' dir='ltr'><strong>universa</strong></span> 
     </span>
    </p>
   </div>
   <div class='ocr_carea' id='block_1_111' title="bbox 1783 5266 3360 5360">
    <p class='ocr_par' dir='ltr' id='par_1_111' title="bbox 1783 5266 3360 5360">
     <span class='ocr_line' id='line_1_116' title="bbox 1783 5266 3360 5360; baseline 0.022 -40"><span class='ocrx_word' id='word_1_889' title='bbox 1783 5266 1922 5322; x_wconf 90' lang='lat' dir='ltr'><strong>bona</strong></span> <span class='ocrx_word' id='word_1_890' title='bbox 1954 5274 2265 5342; x_wconf 84' lang='lat' dir='ltr'><strong>perliceret,</strong></span> <span class='ocrx_word' id='word_1_891' title='bbox 2300 5296 2406 5336; x_wconf 90' lang='lat' dir='ltr'><strong>non</strong></span> <span class='ocrx_word' id='word_1_892' title='bbox 2442 5287 2706 5341; x_wconf 88' lang='lat' dir='ltr'><strong>sustinuit</strong></span> <span class='ocrx_word' id='word_1_893' title='bbox 2750 5292 3047 5360; x_wconf 91' lang='lat' dir='ltr'><strong>malignus,</strong></span> <span class='ocrx_word' id='word_1_894' title='bbox 3083 5312 3189 5351; x_wconf 91' lang='lat' dir='ltr'><strong>non</strong></span> <span class='ocrx_word' id='word_1_895' title='bbox 3221 5300 3360 5353; x_wconf 85' lang='lat' dir='ltr'><strong>tole-</strong></span> 
     </span>
    </p>
   </div>
   <div class='ocr_carea' id='block_1_112' title="bbox 1781 5364 3361 5455">
    <p class='ocr_par' dir='ltr' id='par_1_112' title="bbox 1781 5364 3361 5455">
     <span class='ocr_line' id='line_1_117' title="bbox 1781 5364 3361 5455; baseline 0.023 -43"><span class='ocrx_word' id='word_1_896' title='bbox 1781 5364 1926 5416; x_wconf 88' lang='lat' dir='ltr'><strong>ravit</strong></span> <span class='ocrx_word' id='word_1_897' title='bbox 1958 5367 2341 5438; x_wconf 89' lang='lat' dir='ltr'><strong>nequissimus,</strong></span> <span class='ocrx_word' id='word_1_898' title='bbox 2392 5377 2489 5432; x_wconf 89' lang='lat' dir='ltr'><strong>sed</strong></span> <span class='ocrx_word' id='word_1_899' title='bbox 2539 5379 2725 5435; x_wconf 89' lang='lat' dir='ltr'><strong>zelans</strong></span> <span class='ocrx_word' id='word_1_900' title='bbox 2776 5384 3107 5453; x_wconf 89' lang='lat' dir='ltr'><strong>tnalignatus</strong></span> <span class='ocrx_word' id='word_1_901' title='bbox 3153 5399 3260 5455; x_wconf 82' lang='lat' dir='ltr'><strong>est,</strong></span> <span class='ocrx_word' id='word_1_902' title='bbox 3304 5403 3361 5448; x_wconf 90' lang='lat' dir='ltr'><strong>et</strong></span> 
     </span>
    </p>
   </div>
   <div class='ocr_carea' id='block_1_113' title="bbox 1783 5450 3357 5546">
    <p class='ocr_par' dir='ltr' id='par_1_113' title="bbox 1783 5450 3357 5546">
     <span class='ocr_line' id='line_1_118' title="bbox 1783 5450 3357 5546; baseline 0.02 -42"><span class='ocrx_word' id='word_1_903' title='bbox 1783 5450 2031 5511; x_wconf 88' lang='lat' dir='ltr'><strong>invidens</strong></span> <span class='ocrx_word' id='word_1_904' title='bbox 2054 5473 2352 5520; x_wconf 90' lang='lat' dir='ltr'><strong>succensus</strong></span> <span class='ocrx_word' id='word_1_905' title='bbox 2399 5475 2503 5522; x_wconf 92' lang='lat' dir='ltr'><strong>est.</strong></span> <span class='ocrx_word' id='word_1_906' title='bbox 2556 5469 2725 5537; x_wconf 85' lang='lat' dir='ltr'><strong>Quid,</strong></span> <span class='ocrx_word' id='word_1_907' title='bbox 2777 5472 2976 5543; x_wconf 90' lang='lat' dir='ltr'><strong>inquit,</strong></span> <span class='ocrx_word' id='word_1_908' title='bbox 3009 5476 3085 5531; x_wconf 90' lang='lat' dir='ltr'><strong>illi</strong></span> <span class='ocrx_word' id='word_1_909' title='bbox 3135 5479 3357 5546; x_wconf 88' lang='lat' dir='ltr'><strong>faciam,</strong></span> 
     </span>
    </p>
   </div>
   <div class='ocr_carea' id='block_1_114' title="bbox 1782 5550 3358 5638">
    <p class='ocr_par' dir='ltr' id='par_1_114' title="bbox 1782 5550 3358 5638">
     <span class='ocr_line' id='line_1_119' title="bbox 1782 5550 3358 5638; baseline 0.021 -42"><span class='ocrx_word' id='word_1_910' title='bbox 1782 5550 2055 5613; x_wconf 89' lang='lat' dir='ltr'><strong>quomodo</strong></span> <span class='ocrx_word' id='word_1_911' title='bbox 2083 5556 2369 5623; x_wconf 88' lang='lat' dir='ltr'><strong>aggrediar</strong></span> <span class='ocrx_word' id='word_1_912' title='bbox 2390 5558 2413 5611; x_wconf 85' lang='lat'><strong>?</strong></span> <span class='ocrx_word' id='word_1_913' title='bbox 2429 5558 2712 5627; x_wconf 86' lang='lat' dir='ltr'><strong>Quomodo</strong></span> <span class='ocrx_word' id='word_1_914' title='bbox 2728 5565 3152 5626; x_wconf 85' lang='lat' dir='ltr'><strong>circumveniant</strong></span> <span class='ocrx_word' id='word_1_915' title='bbox 3172 5573 3194 5625; x_wconf 84' lang='lat'><strong>?</strong></span> <span class='ocrx_word' id='word_1_916' title='bbox 3212 5572 3358 5638; x_wconf 82' lang='lat' dir='ltr'><strong>Quo-</strong></span> 
     </span>
    </p>
   </div>
   <div class='ocr_carea' id='block_1_115' title="bbox 1781 5647 3357 5733">
    <p class='ocr_par' dir='ltr' id='par_1_115' title="bbox 1781 5647 3357 5733">
     <span class='ocr_line' id='line_1_120' title="bbox 1781 5647 3357 5733; baseline 0.018 -41"><span class='ocrx_word' id='word_1_917' title='bbox 1781 5647 1942 5697; x_wconf 86' lang='lat' dir='ltr'><strong>modo</strong></span> <span class='ocrx_word' id='word_1_918' title='bbox 1994 5649 2336 5715; x_wconf 85' lang='lat' dir='ltr'><strong>supplantem</strong></span> <span class='ocrx_word' id='word_1_919' title='bbox 2370 5654 2392 5706; x_wconf 86' lang='lat'><strong>?</strong></span> <span class='ocrx_word' id='word_1_920' title='bbox 2445 5656 2728 5721; x_wconf 81' lang='lat' dir='ltr'><strong>Quomodo</strong></span> <span class='ocrx_word' id='word_1_921' title='bbox 2774 5663 3106 5729; x_wconf 71' lang='lat' dir='ltr'><strong>praevaricer</strong></span> <span class='ocrx_word' id='word_1_922' title='bbox 3143 5665 3168 5719; x_wconf 67' lang='grc' dir='ltr'><strong>ἶ)</strong></span> <span class='ocrx_word' id='word_1_923' title='bbox 3205 5667 3357 5733; x_wconf 83' lang='lat' dir='ltr'><strong>Quo-</strong></span> 
     </span>
    </p>
   </div>
   <div class='ocr_carea' id='block_1_116' title="bbox 1778 5734 3355 5830">
    <p class='ocr_par' dir='ltr' id='par_1_116' title="bbox 1778 5734 3355 5830">
     <span class='ocr_line' id='line_1_121' title="bbox 1778 5734 3355 5830; baseline 0.018 -46"><span class='ocrx_word' id='word_1_924' title='bbox 1778 5734 1942 5788; x_wconf 88' lang='lat' dir='ltr'><strong>modo</strong></span> <span class='ocrx_word' id='word_1_925' title='bbox 1971 5751 2001 5789; x_wconf 89' lang='lat' dir='ltr'><strong>a</strong></span> <span class='ocrx_word' id='word_1_926' title='bbox 2022 5736 2241 5805; x_wconf 89' lang='lat' dir='ltr'><strong>justitia</strong></span> <span class='ocrx_word' id='word_1_927' title='bbox 2280 5744 2590 5803; x_wconf 69' lang='lat' dir='ltr'><strong>abducam?</strong></span> <span class='ocrx_word' id='word_1_928' title='bbox 2644 5750 2939 5809; x_wconf 70' lang='lat' dir='ltr'><strong>Praesentia</strong></span> <span class='ocrx_word' id='word_1_929' title='bbox 2972 5770 3075 5810; x_wconf 90' lang='lat' dir='ltr'><strong>non</strong></span> <span class='ocrx_word' id='word_1_930' title='bbox 3115 5768 3355 5830; x_wconf 84' lang='lat' dir='ltr'><strong>reputat,</strong></span> 
     </span>
    </p>
   </div>
   <div class='ocr_carea' id='block_1_117' title="bbox 1786 5867 2268 5944">
    <p class='ocr_par' dir='ltr' id='par_1_117' title="bbox 1786 5867 2268 5944">
     <span class='ocr_line' id='line_1_122' title="bbox 1786 5867 2268 5944; baseline 0.025 -22"><span class='ocrx_word' id='word_1_931' title='bbox 1786 5867 1830 5899; x_wconf 80' lang='grc'><strong>⁸⁸</strong></span> <span class='ocrx_word' id='word_1_932' title='bbox 1860 5868 2051 5928; x_wconf 75' lang='lat' dir='ltr'><strong>Matth.</strong></span> <span class='ocrx_word' id='word_1_933' title='bbox 2089 5890 2143 5944; x_wconf 88' lang='lat' dir='ltr'><strong>x,</strong></span> <span class='ocrx_word' id='word_1_934' title='bbox 2178 5876 2268 5936; x_wconf 71' lang='lat'><strong>9.2.</strong></span> 
     </span>
    </p>
   </div>
  </div>
