3942 6548
513 411 619 468 399

1647 405 2028 463 ANONYMUS
2064 405 2134 460 IN
2174 403 2319 460 JOB.
2357 435 2426 446 --
2465 403 2594 460 LIB.
2637 404 2677 458 i.
3675 406 3755 459 ιω

512 525 754 585 visibilia
786 538 891 579 non
924 514 1177 595 requirit,
1214 522 1310 576 sed
1335 521 1515 575 futura
1550 531 1759 591 sperat,
1801 518 2096 575 invisibilia
2127 523 2169 579 Α
2204 527 2449 572 tumaces
2476 518 2748 586 patienter
2775 518 3120 583 sustinendo,
3149 520 3539 590 spernentibus
3572 539 3630 577 se
3671 525 3757 578 cle-

515 625 820 688 exspectat,
871 617 1059 672 divina
1105 613 1382 669 desiderat
1443 622 1608 684 atque
1656 611 2097 682 incorruptibilia

517 710 768 779 requirit.
823 705 1074 774 Undique
1132 703 1344 775 justitia
1400 703 1622 758 indutus
1685 713 1792 765 est,
1853 702 2098 768 undique

515 802 809 857 sanctitate
831 810 914 854 est
948 797 1199 862 vestitus,
1235 795 1293 850 in
1329 795 1560 850 veritate
1597 795 1878 861 fundatus,
1916 794 1969 848 in
1993 793 2099 848 [ide

514 904 599 951 est
631 893 1010 949 confirmatus.
1058 890 1185 945 lltec
1241 889 1502 945 nimirum
1535 891 1786 961 cogitans
1829 885 2100 957 ncquissi-

515 1002 638 1040 mus
680 985 914 1050 daernon,
951 984 1067 1037 haec
1100 983 1244 1054 apud
1292 984 1649 1053 semetipsum
1702 981 1974 1036 meditans
2009 978 2098 1034 ille

516 1082 607 1150 qui
641 1081 711 1135 ab
746 1079 902 1134 initio
931 1079 1193 1132 adversus
1224 1085 1445 1133 sanctos
1473 1077 1679 1133 bellum
1711 1075 1880 1147 gessit
1911 1073 2100 1128 diabo-

514 1174 622 1240 lus,
657 1172 836 1226 dixit:
885 1169 1244 1224 Consideravi
1298 1170 1426 1241 quid
1479 1167 1700 1231 faciam,
1743 1168 1810 1221 ad
1861 1166 2097 1236 priorem

515 1267 665 1320 illam
718 1279 897 1320 meam
950 1261 1252 1332 nequitiam
1289 1259 1628 1330 confugiam,
1677 1257 1964 1328 principali
2006 1255 2096 1311 illa

518 1357 714 1415 fraude
758 1366 903 1420 utar,
939 1355 1214 1411 accusabo
1240 1355 1384 1424 apud
1430 1353 1599 1406 Deum
1641 1349 1764 1414 Job,
1799 1349 1942 1404 sicut
1969 1348 2097 1402 olim

519 1451 687 1504 Deum
719 1448 862 1519 apud
891 1447 1086 1512 Adam,
1123 1446 1409 1504 detraham
1442 1443 1544 1499 Job
1570 1444 1710 1514 apud
1732 1444 1926 1505 Deum,
1956 1443 2099 1496 sicut

517 1559 544 1594 a
583 1541 885 1613 primordio
918 1542 1086 1597 Adam
1119 1540 1308 1612 (habet
1337 1538 1500 1594 etiam
1527 1537 1629 1592 Job
1661 1536 1978 1609 paradisum
2017 1536 2101 1590 di-

514 1635 796 1699 vitiarum,
850 1633 992 1688 sicut
1043 1643 1100 1688 et
1136 1632 1265 1687 olim
1313 1630 1536 1701 Adam),
1564 1645 1629 1686 eo
1662 1629 1804 1700 quod
1851 1629 2099 1686 invidens

515 1728 613 1783 tibi
644 1726 811 1792 Deus,
850 1741 916 1780 nc
939 1725 1196 1782 eiliciaris
1224 1726 1367 1779 sicut
1400 1725 1545 1779 Deus
1579 1737 1685 1778 non
1725 1722 1971 1792 permisit
1997 1737 2097 1791 gu-

515 1829 665 1874 stare
701 1828 756 1872 te
795 1817 860 1871 de
889 1816 1034 1887 ligno
1064 1814 1310 1871 scientia:
1355 1832 1368 1867 :
1404 1814 1584 1868 dicam
1626 1827 1772 1866 nunc
1799 1811 1865 1867 ad
1903 1813 2097 1878 Deum,

515 1912 640 1981 quia
677 1925 782 1964 non
841 1918 1066 1978 propter
1118 1906 1496 1970 dilectionem,
1531 1904 1624 1960 sed
1661 1915 1885 1976 propter
1932 1919 2098 1975 pecu-

515 2001 663 2055 niam
714 2001 896 2055 colere
958 1998 1173 2054 videtur
1207 2009 1256 2053 te
1289 1997 1412 2057 Job.
1443 1997 1549 2052 Sed
1580 2013 1702 2052 cum
1739 1997 1858 2052 haec
1886 1996 2095 2066 cogita-

516 2103 602 2148 ret
633 2093 1002 2162 nequissimus
1049 2101 1214 2161 atque
1247 2091 1362 2146 haec
1407 2106 1593 2146 secum
1643 2090 1984 2160 loqueretur,
2013 2091 2096 2162 [a-

515 2203 658 2246 ctum
702 2206 803 2253 est,
851 2190 1051 2260 inquit,
1097 2189 1251 2260 quasi
1279 2190 1375 2243 illa
1410 2191 1522 2244 dies
1553 2190 1623 2242 ⁸⁷.
1649 2189 1780 2256 Quae
1814 2189 1931 2245 dies
1961 2189 2098 2244 illa?

516 2281 644 2337 Dies
669 2296 790 2351 qua?
818 2279 1021 2336 diaboli
1051 2279 1348 2349 nequitiam
1390 2279 1687 2350 redarguit,
1736 2293 1860 2350 qua:
1888 2277 1986 2334 Dei
2010 2279 2098 2349 ju-

515 2377 722 2433 Stitiam
752 2373 1146 2440 manifestavit,
1191 2370 1321 2442 quze
1360 2372 1462 2428 Job
1511 2373 1856 2429 tolerantiam
1889 2375 2098 2444 patefe-

515 2470 614 2524 cit.
651 2465 742 2520 Illa
779 2470 898 2522 dies
923 2481 1043 2534 qua:
1073 2465 1166 2520 Dei
1203 2464 1700 2534 longanimitatem,
1754 2473 1812 2519 et
1856 2463 1958 2520 .lob
1988 2464 2099 2518 ala-

517 2561 797 2621 critatem,
829 2567 882 2612 et
913 2555 1111 2611 diaboli
1131 2557 1429 2625 nequitiam
1463 2555 1761 2626 publicavit
1789 2574 1803 2609 :
1837 2557 2101 2626 quemad-

518 2653 740 2708 modum
775 2651 865 2705 ille
894 2649 1013 2703 dies
1045 2647 1438 2714 mauilestabit,
1491 2647 1582 2717 qui
1621 2648 1674 2702 in
1733 2648 1862 2717 igne
1884 2648 2098 2703 revela-

520 2749 690 2807 bitur.
725 2748 803 2801 sic
832 2745 921 2800 ille
947 2743 1065 2799 dies
1097 2741 1400 2813 publicavit
1431 2755 1647 2796 omnem
1703 2741 2097 2810 nequissimum

518 2835 722 2893 diaboli
746 2835 948 2901 zelum,
981 2844 1144 2904 atque
1170 2833 1481 2888 universam
1512 2831 1737 2904 maligni
1770 2831 1992 2888 Satanae
2016 2834 2099 2886 in-

517 2929 744 2987 vidiam.
804 2926 918 2981 Hoc
964 2941 1203 2994 namque
1249 2925 1634 2980 demonstrans
1661 2921 2098 2979 dicit:Factum

518 3029 598 3076 est
634 3019 788 3091 quasi
842 3020 946 3072 dies
972 3017 1088 3082 illa,
1119 3027 1168 3070 et
1194 3026 1441 3071 uenerunt
1472 3025 1526 3069 ut
1550 3015 1724 3088 angeii
1757 3014 1856 3069 Dei
1899 3024 2099 3070 starent

519 3125 643 3169 ante
688 3113 852 3167 Deum
901 3110 969 3165 ⁸⁸.
1021 3108 1300 3164 Venerunt
1329 3124 1435 3165 non
1463 3111 1530 3165 de
1558 3109 1674 3164 loco
1709 3109 1761 3164 in
1805 3109 1984 3164 locum
2011 3124 2100 3165 ce-

2202 613 2543 672 mentissime
2597 613 2944 679 miserando,
3004 614 3219 686 aliaque
3265 617 3561 672 ineﬂ‘abilia
3620 631 3759 690 atque

2203 703 2638 774 incxcogitabilia
2703 705 2967 760 beneficia
3024 708 3175 762 circa
3243 723 3416 780 genus
3485 711 3758 769 lmmanum

2202 798 2553 865 perﬁciendo.
2585 798 2717 867 Quae
2748 800 3005 856 universa
3043 801 3291 871 quotidie
3320 804 3569 858 videntes
3603 809 3757 862 sancti

2201 891 2376 960 angeli
2409 900 2618 947 stantes
2654 893 2708 946 in
2744 901 3038 963 conspectu
3071 892 3212 960 ejus,
3247 893 3488 960 laudant,
3527 907 3580 952 ct
3613 898 3761 953 hono-

2204 981 2439 1048 rilicant,
2477 982 2828 1051 magnit‘tcant
2877 999 3093 1054 quoque
3127 987 3296 1042 Deum
3330 999 3498 1058 atque
3536 989 3615 1043 illi
3651 1006 3760 1059 gra-

2205 1074 2308 1128 tias
2332 1084 2503 1144 agunt
2530 1089 2629 1144 pro
2665 1075 3142 1132 inmstimabilibus
3187 1079 3305 1148 ejus
3339 1079 3662 1148 beneﬁciis,
3697 1093 3762 1138 at~

2201 1180 2307 1231 que
2342 1167 2733 1221 misericordiae
2770 1167 2912 1236 ejus,
2958 1185 3077 1239 quae
3116 1171 3505 1229 demonstrans
3548 1175 3673 1230 istic
3702 1177 3764 1231 di-

2201 1257 2309 1308 cit:
2355 1254 2618 1312 Venerunt
2671 1262 2844 1330 angeli
2896 1261 3016 1325 Dei,
3058 1271 3116 1316 ut
3168 1271 3371 1319 starent
3420 1279 3543 1321 ante
3593 1267 3764 1322 Deum.

2203 1345 2447 1402 llnmana
2491 1365 2622 1404 usus
2668 1353 3090 1422 consuetudine,
3141 1369 3205 1409 ac
3249 1356 3567 1426 proverbio,
3619 1369 3768 1430 atque

2201 1437 2497 1508 locutione,
2549 1441 2682 1500 dicit
2729 1459 2997 1502 venerunt
3051 1456 3178 1501 ante
3219 1449 3410 1515 Deum,
3448 1453 3551 1520 qui
3601 1457 3770 1511 omnia

2202 1531 2392 1600 replet,
2442 1534 2533 1601 qui
2583 1535 2785 1606 ubique
2832 1552 3073 1606 praesens
3118 1549 3224 1606 est,
3256 1551 3312 1597 et
3361 1559 3470 1597 non
3509 1555 3598 1598 est
3631 1544 3770 1604 locus

2201 1635 2377 1692 neque
2404 1622 2458 1677 in
2492 1624 2650 1693 cmle,
2685 1643 2860 1698 neque
2895 1629 2945 1682 in
2982 1639 3150 1695 terra,
3179 1649 3357 1702 neque
3407 1635 3464 1690 in
3524 1638 3768 1702 excelsis,

2201 1730 2377 1785 neque
2410 1719 2550 1786 apud
2581 1718 2786 1774 inferos
2819 1722 2912 1777 ubi
2938 1738 3043 1778 non
3074 1725 3146 1779 sit
3176 1741 3419 1795 praesens
3458 1728 3622 1788 Deus.
3673 1729 3771 1785 Hoc

2203 1810 2410 1866 sciebat
2440 1812 2528 1866 ille
2558 1813 2649 1882 qui
2682 1815 2758 1868 ait
2789 1831 2802 1868 :
2841 1812 2901 1869 Si
2938 1819 3225 1872 ascendere
3245 1819 3298 1872 in
3329 1818 3539 1885 uetant,
3590 1833 3648 1875 tu
3677 1823 3774 1877 illic

2200 1921 2275 1969 es,
2305 1915 2353 1960 et
2385 1906 2430 1959 si
2464 1907 2778 1960 descendero
2817 1910 2886 1961 ad
2915 1909 3182 1980 infernum
3218 1914 3344 1970 ades
3389 1913 3459 1970 ‘9.
3500 1913 3619 1970 Hoc
3648 1918 3774 1973 scie-

2201 1997 2294 2052 bat
2324 1998 2494 2065 Elias,
2528 2000 2672 2069 quod
2699 2010 2753 2054 et
2780 2001 3007 2070 cmlum,
3037 2015 3093 2058 et
3123 2015 3265 2063 terra
3312 2016 3480 2077 atque
3527 2011 3775 2065 universa

2201 2105 2324 2160 qua:
2353 2101 2480 2146 sunt
2509 2093 2563 2146 in
2595 2092 2698 2157 eis,
2729 2092 2784 2148 in
2812 2108 3106 2164 conspectu
3143 2097 3238 2151 Dei
3269 2109 3418 2154 sunt.
3448 2099 3648 2155 Merito
3667 2117 3776 2158 cum

2202 2193 2348 2240 esset
2379 2199 2545 2254 super
2578 2195 2810 2249 terram,
2851 2197 2986 2242 ante
3031 2188 3208 2248 Deum.
3256 2205 3321 2247 se
3363 2200 3513 2248 stare
3567 2194 3778 2248 deman-

2202 2277 2420 2342 stravit,
2450 2277 2643 2334 dicens
2670 2296 2683 2334 :
2733 2277 2870 2333 Vivit
2903 2279 3161 2337 Dominus
3219 2285 3304 2338 cui
3342 2295 3456 2339 asto
3490 2285 3548 2339 in
3574 2302 3779 2352 conspeo

2202 2379 2289 2423 ctu
2318 2370 2432 2440 ejus
2461 2370 2527 2424 ⁷⁸.
2561 2369 2826 2426 Similiter
2856 2383 2911 2427 et
2951 2374 3182 2445 angelus
3225 2374 3445 2432 Gabriel
3489 2395 3503 2433 :
3557 2377 3665 2443 Qui
3703 2394 3780 2432 as-

2202 2463 2333 2515 sisto
2375 2463 2429 2515 in
2476 2476 2763 2535 conspectu
2810 2465 2924 2535 ejus
2952 2476 3000 2522 et
3036 2465 3137 2520 Dei
3177 2467 3246 2522 ⁷¹.
3290 2469 3530 2526 EtElias
3571 2485 3706 2540 ergo
3733 2473 3777 2523 ia

2203 2569 2437 2624 corpore
2487 2571 2678 2632 super_
2709 2567 2934 2623 terrain,
2974 2566 3030 2617 et
3077 2559 3301 2616 Gabriel
3382 2562 3503 2618 sine
3558 2577 3780 2632 corpore

2205 2645 2257 2698 in
2291 2645 2467 2712 cmlis,
2501 2656 2729 2718 uterque
2759 2650 3012 2706 similiter
3045 2652 3311 2708 assistere
3349 2667 3407 2707 se
3437 2653 3703 2708 dixerunt
3732 2655 3776 2707 in

2203 2747 2499 2810 conspectu
2535 2739 2669 2796 Dei:
2714 2743 2915 2813 ubique
2948 2755 3035 2800 est
3069 2745 3214 2800 enim
3265 2746 3437 2801 facies
3493 2744 3615 2810 Dei,
3667 2755 3779 2800 tan-

2205 2841 2318 2885 tum
2351 2833 2492 2890 mala
2529 2835 2716 2890 videre
2760 2852 2869 2890 non
2919 2837 3032 2891 vult
3066 2837 3252 2908 justus
3279 2847 3335 2893 et
3367 2849 3596 2894 sanctus
3626 2839 3780 2906 Deus,

2206 2924 2329 2980 ideo
2359 2925 2530 2982 dicit:
2567 2927 2714 2983 Mala
2742 2930 2918 2985 videre
2951 2947 3055 2986 non
3079 2931 3190 2986 vult
3217 2931 3494 2988 Dominus.
3519 2933 3592 2987 Et
3621 2933 3779 2988 alibi:

2205 3015 2274 3071 Et
2304 3034 2395 3088 ego
2420 3027 2470 3074 te
2500 3021 2680 3074 videns
2707 3022 3013 3091 despiciam.
3061 3024 3128 3079 Et
3160 3024 3340 3079 adhuc
3376 3042 3390 3078 :
3438 3022 3578 3080 Cum
3610 3035 3782 3080 men—

2205 3112 2392 3166 deritis
2418 3130 2606 3168 manus
2639 3125 2838 3170 uestras
2871 3117 2940 3170 ad
2966 3133 3067 3182 me,
3092 3129 3324 3173 avertam
3349 3118 3541 3187 faciem
3565 3136 3735 3172 meam
3755 3135 3784 3171 α

519 3210 732 3272 dentes,
769 3216 945 3274 neque
980 3203 1180 3257 eximie
1210 3201 1492 3256 venientes
1520 3201 1612 3255 ubi
1644 3201 1787 3256 Deus
1828 3216 1936 3254 non
1983 3199 2102 3254 fue-
2129 3212 2174 3271 ο
2208 3205 2350 3260 vobis
2381 3207 2449 3262 τ’.
2478 3207 2662 3264 Sancti
2695 3223 2826 3279 ergo
2853 3210 3026 3280 digni,
3055 3227 3119 3264 ac
3149 3210 3308 3280 justi,
3343 3221 3512 3282 atque
3557 3215 3785 3268 ςι-θιιω-

521 3301 593 3354 rit
621 3311 880 3368 prtesens,
907 3295 998 3350 illo
1028 3304 1208 3348 autem
1251 3294 1558 3357 venientes,
1597 3283 1688 3348 ubi
1737 3293 1906 3352 Deum
1945 3292 2100 3350 inve-

520 3396 724 3462 nirent,
762 3393 845 3448 vel
891 3392 1158 3447 viderent.
1203 3389 1414 3446 leum
1459 3391 1628 3454 enim,
1659 3398 1715 3442 et
1741 3397 1971 3452 terram,
2011 3403 2100 3443 su-

521 3502 702 3558 peros,
751 3496 807 3541 et
849 3485 1078 3551 inferos,
1131 3484 1566 3554 corruptionem,
1598 3483 2099 3552 incorruptionem,

522 3588 579 3632 et
616 3578 870 3632 universa
901 3574 1018 3644 ejus
1050 3575 1216 3645 replet
1252 3574 1558 3639 beatitudo,
1589 3575 1844 3628 universa
1871 3575 2105 3630 circum-

521 3670 615 3723 dat
664 3668 860 3731 virtus,
910 3676 1105 3723 cuncta
1150 3664 1269 3734 ejus
1324 3666 1572 3720 continet
1625 3665 1941 3738 magnitudo
1987 3682 2000 3718 :
2047 3674 2102 3720 et

522 3761 660 3815 nihil
695 3770 780 3814 est
813 3768 967 3813 extra
1016 3773 1162 3816 eum.
1210 3758 1497 3824 Quomodo
1553 3771 1685 3828 ergo
1739 3766 2010 3811 venerunt
2049 3763 2104 3812 et

522 3856 666 3910 unde
700 3864 971 3910 venerunt
996 3864 1124 3909 ante
1158 3852 1353 3908 faciem
1386 3851 1502 3916 Dei,
1536 3851 1628 3920 qui
1672 3850 1854 3908 omnia
1886 3849 2105 3918 replet?

521 3947 666 4002 Bene
694 3946 1084 4016 intelligamus,
1117 3959 1151 4000 ο
1177 3945 1364 4010 amici,
1395 3952 1447 3998 et
1469 3951 1679 4009 sancte,
1712 3951 1767 3997 et
1795 3940 1906 3997 Deo
1936 3940 2108 4013 digne

520 4040 702 4096 omnia
734 4054 854 4110 qua:
878 4040 1023 4095 dicta
1052 4037 1138 4094 vel
1167 4037 1369 4108 scripta
1397 4046 1563 4091 sunt:
1599 4035 1694 4090 Dei
1722 4035 1870 4091 enim
1898 4049 2105 4090 sermo-

521 4148 622 4190 nes
653 4140 707 4186 et
737 4131 964 4187 consilia
998 4131 1160 4202 digne
1197 4131 1306 4185 Deo
1338 4128 1695 4200 percipienda
1721 4135 1887 4182 sunt.
1923 4126 2105 4182 Vene-

524 4233 654 4280 runt
684 4214 862 4294 angeli
893 4222 987 4280 Dei
1036 4231 1096 4282 ut
1149 4231 1361 4277 starent
1410 4231 1540 4276 ante
1595 4220 1789 4284 Deum,
1839 4229 2106 4276 venerunt

523 4331 637 4372 non
666 4317 913 4386 vestigiis
940 4315 1274 4380 carnalibus,
1309 4329 1489 4384 neque
1538 4313 1852 4369 incessibus
1907 4326 2102 4380 θοι-ρο-

524 4408 752 4473 ralibus,
783 4407 878 4466 sed
927 4408 1160 4477 spiritali
1209 4421 1440 4462 accessu
1474 4415 1640 4477 atque
1692 4400 2103 4474 incorruptibili

526 4511 674 4557 statu
706 4501 941 4556 cmlcsti.
973 4501 1255 4558 Venerunt
1280 4500 1588 4565 laudantes,
1641 4496 2102 4562 honoriﬁcantes,

526 4593 964 4662 magnilicantcs,
1017 4595 1366 4658 conlitentes,
1425 4592 1633 4664 gratias
1689 4599 1939 4660 agentes.
2003 4585 2107 4642 Per

529 4685 634 4740 hoc
663 4685 810 4738 enim
846 4685 989 4754 quod
1017 4686 1232 4741 venisse
1280 4684 1431 4747 dicit,
1477 4698 1577 4754 per
1611 4683 1716 4737 hoc
1747 4679 2106 4736 nihilominus

527 4775 801 4846 signiﬁcat
853 4775 998 4846 quod
1046 4777 1117 4832 sit
1163 4791 1320 4848 opus,
1367 4774 1452 4830 vel
1491 4773 1733 4829 studium
1784 4779 2128 4829 sanctorum.

529 4868 873 4938 angelorum,
903 4868 1047 4938 quod
1079 4868 1300 4923 assidue
1327 4865 1603 4924 cmlestem
1654 4864 1945 4926 Dominum
1989 4863 2108 4917 lau-

531 4959 682 5025 dent,
709 4960 856 5030 quod
887 4969 1090 5015 aeterno
1119 4961 1226 5014 Deo
1255 4959 1463 5031 gratias
1509 4967 1700 5029 agant.
1729 4956 1874 5028 quod
1917 4966 2110 5011 sancto

529 5048 645 5106 Deo
675 5049 1052 5106 indesinenter
1084 5049 1312 5118 gloriam
1361 5064 1460 5120 pro
1487 5048 1769 5106 beneﬁciis
1805 5046 1923 5114 ejus
1963 5045 2108 5107 refe»

531 5151 675 5211 rant,
708 5157 808 5212 pro
833 5143 1007 5213 gratia
1050 5142 1190 5214 ejus,
1241 5157 1339 5210 pro
1391 5141 1768 5196 misericordia
1817 5139 1958 5208 ejus,
2010 5154 2108 5208 pro

532 5234 876 5290 mirabilibus
898 5234 1041 5304 ejus,
1075 5248 1196 5304 qua:
1243 5232 1489 5305 impertit
1529 5232 1718 5305 generi
1769 5232 2012 5289 humano
2055 5232 2108 5285 in

532 5327 680 5399 omni
706 5327 861 5392 hora,
908 5328 962 5382 in
1005 5325 1154 5383 omni
1205 5334 1472 5396 tempore,
1515 5325 1768 5395 plurima,
1804 5331 1861 5378 et
1895 5338 2110 5393 magna,

535 5428 699 5486 atque
725 5420 963 5487 diversa,
992 5419 1292 5489 aliquando
1325 5419 1390 5473 de
1421 5417 1681 5486 periculis
1712 5416 1974 5480 liberans,
2012 5415 2111 5470 ali-

535 5513 753 5579 quando
777 5513 842 5568 de
869 5511 1284 5569 discriminibus
1317 5509 1581 5580 eripiens,
1621 5520 2011 5575 nonnunquam
2043 5520 2110 5560 ex

537 5605 804 5672 angustiis
853 5604 1090 5670 salvans,
1148 5603 1500 5673 peccantibus
1552 5599 1939 5674 longanimiter
1988 5612 2113 5666 par-

538 5693 732 5759 cendo,
765 5695 1095 5764 poenitentes
1126 5693 1558 5750 misericorditer
1589 5690 1959 5762 suscipiendo,
1983 5704 2113 5745 con—

610 5811 776 5868 "Job
828 5829 867 5876 ι,
908 5813 962 5866 6.
1069 5813 1114 5844 ³⁸
1143 5813 1272 5866 ibid.
1379 5810 1592 5867 "Psal.
1636 5824 1899 5878 cxxxvtu,
1926 5807 1979 5866 8.

538 5882 773 5951 "ilicg.
832 5900 868 5950 ι,
905 5885 990 5938 Η.
1069 5883 1112 5915 7"
1138 5882 1280 5937 PsaL
1317 5898 1389 5949 Cl,
1426 5883 1474 5936 Ι.

2070 5809 2114 5841 ⁷ο
2139 5805 2205 5864 ΠΙ
2247 5808 2379 5881 Reg.
2417 5830 2575 5882 xvm,
2607 5816 2692 5870 15.

2208 3305 2310 3363 tes,
2350 3299 2489 3354 casti
2526 3314 2744 3370 quoque
2775 3315 2839 3356 ac
2874 3317 3116 3367 veraces,
3149 3303 3265 3358 sive
3300 3304 3352 3359 in
3379 3320 3616 3375 corpore
3658 3305 3782 3368 sint,

2205 3391 2323 3446 sive
2357 3401 2508 3446 extra
2543 3408 2765 3464 corpus,
2793 3395 2910 3449 sive
2942 3395 2994 3452 in
3022 3403 3191 3464 terra,
3226 3396 3343 3452 sive
3383 3397 3436 3452 in
3469 3399 3635 3464 cmlo,
3681 3400 3788 3453 sive

2205 3485 2381 3557 angeli
2417 3486 2662 3558 gloriosi,
2692 3489 2806 3544 sive
2842 3491 3015 3544 sancti
3059 3491 3188 3556 viri,
3226 3491 3432 3562 jngiter
3466 3508 3532 3548 ac
3586 3493 3788 3548 indesi-

2207 3587 2399 3632 nenter
2435 3587 2600 3648 atque
2631 3578 3118 3634 indissociabiliter
3162 3590 3348 3634 astant
3396 3581 3450 3634 in
3492 3591 3787 3650 conspectu

2209 3670 2322 3725 Dei.
2364 3669 2567 3727 Venire
2603 3681 2784 3725 autem
2837 3673 3097 3730 dicuntur
3145 3681 3273 3730 ante
3317 3673 3482 3728 Deum
3520 3673 3785 3734 homines,

2205 3760 2332 3815 dum
2378 3776 2502 3816 eum
2551 3761 2742 3833 majori
2798 3763 3085 3818 devotione
3125 3771 3290 3834 atque
3341 3763 3523 3820 studio
3579 3766 3791 3820 animas

2204 3867 2330 3908 suas
2362 3851 2654 3908 ell‘uderint
2692 3854 2745 3908 in
2778 3855 3030 3910 oratione
3065 3863 3191 3910 ante
3219 3857 3408 3920 Deum,
3455 3857 3604 3911 sicut
3638 3860 3790 3912 Anna

2206 3951 2380 3997 mater
2419 3943 2710 4010 Samuelis,
2753 3961 2877 3999 cum
2933 3946 2987 4000 in
3037 3946 3225 4001 dolore
3275 3947 3440 4001 animi
3491 3947 3795 4002 elTunderet

2207 4033 2513 4088 orationem
2541 4050 2697 4089 suam
2745 4035 2798 4089 in
2827 4047 3124 4104 conspectu
3159 4037 3374 4092 Domini
3396 4037 3444 4069 ⁷³
3481 4055 3494 4091 :
3539 4039 3683 4092 sicut
3709 4037 3796 4091 ille

2205 4127 2272 4182 de
2310 4141 2419 4196 quo
2445 4127 2650 4182 dictum
2684 4137 2803 4183 est:
2831 4126 3016 4183 Oratio
3045 4131 3313 4198 pauperis,
3337 4147 3455 4184 eum
3486 4133 3797 4186 aitxiaretar

2205 4231 2251 4273 et
2285 4221 2340 4274 in
2376 4231 2654 4290 conspectu
2680 4221 2892 4274 Domtni
2937 4222 3226 4294 e/junderet
3269 4225 3568 4280 orationem
3597 4224 3666 4282 ".
3705 4225 3796 4279 Sic

2207 4313 2390 4382 itaque
2418 4313 2681 4368 assistunt
2713 4323 2838 4366 ante
2868 4313 3034 4367 Deum
3065 4328 3255 4368 omnes
3273 4316 3367 4384 qui
3397 4315 3636 4370 soliicite
3669 4331 3794 4370 cum

2207 4405 2458 4459 oratione
2517 4404 2891 4459 adoraverint.
2975 4404 3067 4460 Sic
3146 4405 3322 4476 angeli
3395 4421 3521 4461 cum
3589 4406 3798 4478 gratias

2212 4505 2435 4566 agentes
2474 4497 2882 4552 misericordias
2913 4496 3033 4565 ejus
3071 4499 3430 4564 conﬁtentur,
3466 4507 3632 4569 atque
3672 4514 3798 4568 gra-

2137 4562 2183 4617 Β
2215 4562 2316 4642 tias
2350 4589 2425 4644 illi
2455 4603 2554 4659 pro
2583 4589 2702 4660 ejus
2748 4562 3031 4646 beneﬁciis
3067 4603 3260 4662 agunt,
3306 4562 3425 4661 quin
3479 4562 3569 4647 ille
3616 4562 3799 4645 inces-

2212 4690 2400 4736 santer
2452 4682 2695 4750 impertit
2751 4680 2877 4737 (iliis
2926 4680 3241 4748 hominum,
3278 4692 3526 4737 autcum
3565 4682 3803 4736 viderint

2213 4783 2530 4828 sanctorum
2581 4773 3118 4840 virtutes'virorum,
3158 4775 3397 4844 insignia
3431 4774 3676 4829 virorum
3714 4772 3806 4826 ni-

2215 4866 2510 4922 hilominus
2545 4866 2641 4922 Dei
2673 4883 2978 4936 servorum,
3019 4867 3408 4931 constantiam,
3460 4879 3627 4936 atque
3669 4879 3805 4931 ago-

2215 4974 2333 5023 nes,
2370 4968 2499 5014 tunc
2537 4961 2792 5014 nimirum
2827 4975 2949 5015 cum
3001 4960 3195 5029 gaudio
3225 4968 3390 5028 atque
3425 4959 3807 5014 exsultatione

2219 5052 2488 5106 assistunt
2514 5063 2639 5106 ante
2670 5053 2856 5114 Deum,
2917 5067 3105 5108 revera
3137 5062 3192 5104 et
3221 5062 3280 5105 ut
3314 5051 3484 5104 Deum
3533 5047 3803 5104 honorili-

2218 5153 2366 5210 cent,
2399 5155 2561 5215 atque
2591 5144 2810 5198 laudent
2840 5145 2904 5198 de
2936 5144 3164 5198 victoria
3205 5158 3490 5198 servorum
3546 5142 3664 5208 Dei,
3701 5154 3810 5192 nec

2219 5251 2327 5289 non
2368 5241 2425 5288 ut
2457 5236 2538 5292 eis
2564 5236 2656 5306 qui
2696 5246 2918 5306 propter
2966 5235 3135 5290 Deum
3167 5237 3474 5305 patiuntur,
3520 5232 3812 5299 patientia:

2223 5327 2563 5382 tolerantiam
2624 5339 2790 5399 atque
2842 5339 3084 5384 sanctam
3147 5327 3676 5383 consummationem
3733 5322 3813 5375 ab

2221 5419 2414 5475 eodem
2442 5420 2718 5490 postulent
2751 5421 2883 5476 Deo.
2938 5420 3030 5476 Sic
3081 5417 3270 5489 itaque
3320 5426 3592 5473 venerunt
3623 5426 3680 5469 et
3706 5428 3812 5466 ve-

2220 5511 2376 5566 niunt
2403 5511 2576 5583 angeli
2613 5511 2730 5578 Dei,
2760 5523 2818 5567 ut
2857 5521 3071 5568 starent
3097 5520 3223 5566 ante
3259 5511 3450 5565 Deum.
3484 5508 3575 5568 Sic
3609 5508 3815 5563 astite-

2221 5610 2348 5656 runt
2379 5617 2499 5656 cum
2523 5605 2686 5659 totius
2706 5605 2887 5660 mundi
2915 5609 3062 5662 salus
3085 5603 3151 5660 ad
3178 5604 3426 5660 homines
3458 5598 3813 5657 veniensini-

2223 5693 2357 5746 tium
2388 5696 2642 5765 sumpsit,
2674 5715 2739 5753 ex
2769 5695 2992 5768 Virgine
3030 5705 3156 5754 nato
3189 5695 3486 5774 Unigenito
3512 5696 3643 5760 Deo,
3674 5704 3814 5753 cum

2803 5817 2844 5848 ⁷¹
2873 5815 3003 5870 Luc.
3035 5831 3072 5882 t,
3123 5815 3207 5870 l9.
3313 5816 3357 5848 ⁷¹
3391 5814 3495 5870 lsa.
3527 5811 3652 5881 ι,1‹ι
3679 5822 3812 5877 seq.
