3942 6530
232 420 331 475 Nl

1374 422 1761 482 ANONYMUS
1799 425 1868 481 ΙΝ
1904 425 2044 482 JOB.
2088 460 2156 469 -——
2194 426 2321 485 LIB.
2366 428 2407 484 1.

3395 415 3506 489 .m

233 540 415 595 subito
438 537 580 593 facta
599 547 684 595 est
705 539 994 597 multitudo
1017 542 1359 598 exercituum
1372 543 1677 599 ctelestium
1697 543 1817 596 lau~
1846 547 1892 603 A
1919 541 2021 599 Job
2047 547 2510 616 appropinquare,
2544 543 2628 600 vel
2663 559 2783 599 eam
2818 553 3045 616 tangere
3062 544 3365 617 permissus
3398 560 3503 600 non

231 635 479 689 dantium
499 645 666 703 atque
691 636 1159 706 magniﬁcentiam
1191 638 1358 692 Deum
1389 653 1489 708 pro
1521 637 1708 692 mundi
1730 654 1819 691 sa—

231 726 363 781 lute‘.
389 725 483 780 Sic
509 727 802 781 astiterunt
831 728 886 782 in
911 728 1180 799 principio
1211 731 1378 786 totius
1400 739 1688 795 creatum,
1710 731 1819 785 sic-

236 824 297 871 ut
335 817 465 872 dicit
492 817 657 888 paulo
680 828 803 889 post
822 817 940 889 ipse
958 820 1101 876 Deus
1118 821 1182 876 ad
1200 821 1305 878 Job
1319 823 1648 892 depromens
1666 833 1719 877 et
1736 823 1819 877 di-

236 922 399 965 rens:
420 908 553 963 Cum
582 911 767 979 [ierent
795 912 965 967 stella:
993 913 1346 969 laudauerunt
1381 933 1460 970 me
1486 933 1605 970 voce
1623 932 1818 986 magna

227 1002 406 1072 angeli
436 1003 558 1069 mei,
590 1015 639 1058 et
682 1008 933 1075 hymnum
963 1008 1236 1062 dixerunt.
1275 1008 1333 1063 Si
1380 1019 1510 1064 tunc
1556 1010 1817 1064 laudave-

225 1106 357 1147 ruut
406 1094 624 1161 quando
670 1096 983 1152 inanimatae
1036 1099 1208 1154 stellae
1260 1100 1419 1154 factae
1458 1109 1614 1165 sunt,
1644 1102 1817 1157 multo

226 1186 405 1255 magis
422 1187 936 1243 tunclaudaverunt
965 1191 1185 1258 quando
1214 1192 1467 1247 animatae
1495 1202 1550 1247 et
1582 1204 1817 1249 sensatic

222 1280 398 1333 stellte
443 1279 600 1335 iactas
650 1291 799 1346 sunt,
833 1283 885 1336 id
934 1294 1019 1338 est
1048 1287 1244 1340 anima:
1290 1297 1608 1340 sanctorum
1651 1298 1817 1356 atque

228 1369 516 1427 Iustorum.
564 1372 640 1429 De
681 1375 879 1443 quibus
926 1376 1105 1431 stellis
1137 1377 1431 1433 dicendum
1481 1390 1609 1435 est:
1647 1378 1815 1435 Stella

226 1462 364 1516 enim
404 1480 439 1516 tt
478 1464 636 1518 stella
690 1466 868 1534 diﬂert
916 1466 971 1521 in
1021 1466 1290 1533 claritate,
1315 1469 1393 1522 ita
1422 1478 1473 1523 et
1502 1471 1814 1525 resurrectio

224 1553 657 1607 mortuorum".
690 1554 759 1608 Et
788 1542 918 1609 alibi
949 1570 964 1610 :
998 1555 1145 1611 Tunc
1177 1558 1451 1629 fulgebunt
1474 1560 1610 1629 justi
1637 1571 1693 1613 ut
1731 1561 1815 1614 lu-

220 1644 463 1698 minaria
516 1645 656 1711 ccli,
700 1656 749 1700 et
799 1648 937 1701 sicut
983 1649 1150 1703 stella:
1194 1651 1249 1703 in
1301 1651 1688 1720 perpetuum".
1721 1650 1814 1708 Sic

219 1736 413 1805 itaque
446 1753 476 1791 a
505 1739 711 1795 saeculo
741 1750 796 1795 et
830 1750 1003 1810 usque
1049 1741 1103 1796 in
1156 1751 1422 1797 aeternum
1470 1755 1649 1799 astant
1698 1745 1813 1799 siu-

202 1828 346 1897 -gula
402 1827 671 1887 beneﬁcia
724 1833 1062 1903 operationis
1110 1834 1348 1899 Domini,
1403 1850 1524 1905 qua:
1580 1837 1632 1890 in
1665 1838 1811 1898 omni

1923 637 2047 689 est?
2075 638 2358 703 Quomodo
2387 640 2603 693 veniret
2630 639 2696 690 ad
2732 636 2900 691 eteius
2936 638 2981 690 is
3012 638 3102 707 qui
3132 652 3236 691 non
3269 647 3355 692 cst
3381 653 3506 708 per-

1922 727 2123 780 missus
2169 728 2396 781 introire
2453 730 2503 780 in
2553 729 2904 797 paradisum?
2937 727 2994 782 Si
3027 729 3173 781 enim
3203 730 3268 782 ad
3297 730 3505 785 ostium

1921 820 2159 891 paradisi
2215 821 2619 875 observandum
2668 823 2953 876 cherubim
3016 823 3228 890 positus
3282 831 3390 886 est,
3447 830 3505 878 et

1922 913 2232 982 rhompltaea
2282 913 2552 980 ﬂammea,
2593 922 2650 966 ut
2687 914 2851 967 homo
2884 914 2972 967 ille
3001 915 3091 983 qui
3128 913 3325 968 exinde
3372 913 3501 968 olim

1921 1004 2138 1071 cecidit,
2184 1005 2237 1059 id
2287 1015 2371 1059 est
2426 1006 2622 1068 Adam,
2653 1005 2791 1059 ultra
2848 1006 3071 1061 introire
3114 1020 3221 1061 non
3270 1014 3497 1075 posset:

1920 1099 2110 1168 quales
2134 1108 2390 1169 putamus
2426 1113 2547 1153 esse
2580 1109 2797 1152 sanctas
2843 1099 3158 1167 angelorum
3193 1102 3497 1166 custodias,

1920 1192 2262 1261 virtutesque
2313 1190 2601 1255 caelorum,
2627 1202 2749 1259 qua:
2800 1191 3117 1245 custodiunt
3146 1202 3327 1261 portas
3353 1194 3501 1261 illas,

1919 1286 1985 1339 ad
2015 1300 2151 1353 quas
2174 1285 2375 1339 dictutn
2406 1294 2488 1340 est
2505 1302 2521 1341 :
2541 1284 2733 1338 Tollite
2750 1295 2952 1351 portas,
2979 1286 3259 1355 principes,
3279 1300 3499 1354 vestras,

1918 1387 2049 1431 etut
2084 1378 2421 1431 iutroeatrea:
2454 1377 2636 1447 gloria:
2654 1377 2737 1430 ⁷⁸ΐ
2771 1392 2906 1447 quas
2940 1380 3174 1432 transire
3203 1379 3284 1432 vel
3322 1390 3501 1433 trans-

1918 1468 2067 1539 gredi
2124 1470 2192 1523 ad
2252 1469 2450 1523 coelum
2492 1470 2828 1540 nequissimo
2886 1470 3107 1525 diabolo
3164 1470 3503 1540 impassibile

1918 1572 2058 1626 erat,
2089 1570 2143 1615 et
2176 1572 2281 1617 est.
2308 1562 2439 1615 Nam
2477 1577 2598 1616 cum
2628 1563 2695 1617 de
2723 1562 2880 1617 cmlis
2910 1572 3128 1633 propter
3154 1563 3499 1632 iniquitatem

1918 1654 2223 1716 ceciderit,
2281 1670 2559 1724 nunquam
2625 1668 2814 1710 rursus
2859 1655 3111 1711 introibit
3156 1655 3210 1711 itt
3277 1656 3492 1716 cmlum.

1918 1756 2197 1810 nunquam
2234 1742 2412 1797 denuo
2443 1753 2749 1798 revertetur
2801 1745 2865 1798 ad
2913 1744 3066 1800 illud.
3108 1743 3170 1799 Si
3229 1746 3374 1800 enim
3430 1747 3499 1801 ad

1919 1835 2113 1904 impios
2150 1845 2315 1904 atque
2344 1835 2642 1890 sceleratos
2677 1837 2810 1891 dicit
2845 1837 3006 1902 Deus,
3042 1835 3266 1891 Calcare
3314 1839 3496 1891 aulam

218 1931 471 1990 tempore
501 1923 746 1994 impertit
774 1926 905 1981 [iliis
937 1927 1244 1996 hominum,
1274 1930 1620 1997 conlitentia,
1646 1941 1814 2001 atque
1836 1923 1887 1979 Β
1918 1944 2086 1980 meam
2135 1945 2236 1981 non
2274 1928 2558 1998 adjicietis,
2598 1942 2776 1981 nonne
2824 1927 2997 1982 multo
3040 1930 3214 1996 magis
3247 1928 3497 1983 diabolus

216 2016 557 2080 invocantia,
585 2029 641 2072 et
672 2020 877 2088 gratias
903 2021 1117 2089 agentia
1140 2020 1461 2076 beatitudini
1481 2025 1670 2077 aeterni
1690 2024 1805 2078 Dei.

216 2106 334 2162 Sed
390 2108 615 2163 interim
664 2115 969 2165 secundum
1025 2112 1313 2166 historiam
1362 2122 1633 2168 steterunt
1678 2124 1809 2171 tunc

214 2210 351 2253 ante
387 2198 557 2254 Deum
591 2202 774 2272 angeli
806 2206 1150 2271 conﬁtentes,
1185 2214 1238 2259 et
1267 2204 1472 2274 gratias
1499 2208 1546 2259 ei
1586 2217 1813 2277 agentes

213 2300 449 2362 propter
492 2294 843 2349 sanctitatem
901 2294 1025 2362 Job,
1075 2310 1141 2350 ac
1192 2297 1474 2363 meritum,
1537 2298 1808 2366 juStitiam

210 2398 461 2453 quoque,
501 2399 565 2440 ac
598 2384 877 2454 pietatem,
913 2387 1284 2443 innocentiam
1329 2398 1497 2458 atque
1526 2390 1810 2460 integrita-

212 2487 356 2541 tem,
402 2478 698 2534 maximam
740 2479 843 2534 sibi
874 2479 1103 2550 gloriam
1138 2492 1452 2551 reputantes
1480 2493 1606 2538 ante
1639 2484 1805 2539 Deum

212 2567 363 2623 beati
387 2568 493 2623 Job
529 2571 903 2625 innocentiam
940 2580 1102 2641 atque
1131 2573 1502 2628 sanetitatem.
1527 2575 1633 2629 Sed
1664 2575 1807 2643 qttod

211 2674 318 2731 pro
338 2663 547 2729 gaudio
579 2671 742 2731 atque
773 2663 949 2732 gloria
978 2666 1186 2718 sanctis
1214 2666 1441 2736 angelis,
1478 2665 1581 2720 hoc
1614 2667 1810 2721 nihilo-

212 2754 400 2809 minus
423 2755 491 2807 ad
525 2754 1009 2813 inﬂammationem
1037 2769 1199 2827 atque
1233 2759 1408 2813 zelum
1442 2760 1663 2830 prolicit
1688 2778 1806 2816 tn‘a-

211 2844 362 2913 ligno
401 2857 460 2900 et
487 2848 809 2904 adversario
864 2850 1103 2906 diabolo.
1136 2849 1433 2919 Pr0pterca
1486 2867 1611 2907 cum
1660 2854 1808 2908 veni-

212 2947 337 2991 rent
388 2938 567 3008 angeli
617 2940 822 3010 gratias
872 2958 1055 3015 agere,
1105 2954 1171 2999 ac
1219 2943 1471 3001 confiteri
1514 2961 1614 3015 pro
1660 2947 1807 3014 justo

208 3026 332 3094 Job,
364 3033 523 3087 venit
550 3032 801 3090 diabolus
823 3036 1166 3105 malignitate
1190 3048 1357 3105 atque
1382 3038 1808 3095 inﬂammatione

213 3122 465 3191 repletus
521 3123 788 3181 adversus
836 3138 1202 3183 memoratum
1261 3128 1386 3184 Job.
1454 3127 1807 3185 Venientibus

212 3214 477 3271 videlicet
516 3218 747 3288 angelis,
790 3221 942 3274 Venit
988 3228 1047 3276 et
1079 3220 1330 3275 diabolus
1382 3228 1442 3275 ut
1485 3230 1655 3276 staret
1680 3230 1807 3276 ante

214 3310 534 3366 Dominum.
576 3313 766 3384 Angeli
800 3323 1069 3370 venerunt
1127 3328 1188 3371 ut
1240 3318 1441 3387 gratias
1477 3328 1719 3389 agerent,
1754 3329 1808 3373 et

210 3408 639 3481 conﬁterentur,
676 3426 732 3468 et
764 3412 1053 3469 laudarent
1082 3430 1096 3468 :
1128 3415 1381 3471 diabolus
1416 3430 1545 3473 vero
1580 3419 1726 3473 venit
1752 3429 1809 3474 ut

211 3506 571 3572 ntentiretur,
616 3517 671 3562 et
711 3517 1019 3573 accusaret,
1051 3518 1216 3577 atque
1248 3509 1517 3578 culparet.
1573 3510 1637 3565 Et
1681 3527 1810 3567 vere

211 3597 367 3663 quasi
399 3594 622 3651 duabus
652 3599 901 3667 personis
931 3606 1090 3652 utens
1119 3598 1433 3669 angelorum
1482 3609 1538 3653 et
1579 3601 1805 3667 diaboli,

212 3688 536 3757 angelorum
565 3702 696 3744 sane
746 3689 1045 3743 bonitatem
1081 3688 1427 3765 ostendithet
1461 3690 1660 3745 diaboli
1712 3706 1808 3744 ne-

211 3781 450 3851 quitiam
504 3781 803 3852 redarguit,
831 3791 993 3850 atque
1045 3781 1411 3849 nequissimus
1444 3782 1809 3851 cogitationes

210 3874 328 3941 cius
357 3874 587 3943 delegit,
613 3875 812 3945 quibus
860 3874 1114 3945 nequiter
1146 3885 1306 3943 atque
1341 3874 1564 3944 indigne
1596 3876 1805 3945 cogita-

209 3968 288 4022 vit
325 3968 481 4036 apud
521 3969 871 4038 semetipsum
899 3967 1087 4036 procul
1138 3967 1300 4021 dubio
1333 3977 1597 4033 tractans,
1629 3982 1693 4022 ac
1724 3968 1808 4023 di-

212 4076 343 4116 cens
379 4079 397 4116 :
433 4056 569 4126 Quis
614 4060 743 4113 mihi
782 4060 931 4114 dabit
983 4071 1041 4113 ut
1071 4058 1273 4129 possim
1301 4060 1492 4114 venire
1526 4069 1655 4113 ante
1677 4075 1807 4115 con-

212 4163 467 4223 spectum
514 4152 649 4207 Dei?
678 4153 812 4219 Quis
838 4152 967 4205 tnihi
1010 4150 1160 4207 dabit
1183 4161 1241 4205 ut
1262 4151 1463 4221 possim
1500 4160 1648 4204 stare
1678 4162 1807 4206 ante

212 4247 418 4303 faciem
473 4245 619 4300 illius
662 4245 892 4300 :etemi?
940 4244 1093 4299 Hanc
1155 4243 1367 4300 scilicet
1422 4240 1808 4311 cogitationem

213 4338 442 4406 diaboli,
473 4348 527 4395 et
565 4340 739 4409 ipsum
779 4337 895 4406 ejus
927 4339 1284 4401 desiderium,
1319 4336 1476 4406 quasi
1511 4336 1808 4389 adventum

214 4448 540 4491 memorans
591 4434 857 4503 scriptor,
910 4432 1081 4486 dicit:
1114 4429 1183 4484 Et
1242 4428 1488 4482 diabolus
1552 4427 1691 4482 venit
1752 4436 1809 4480 ut

212 4539 381 4583 staret
434 4535 558 4581 ante
611 4525 890 4581 Dominum
906 4524 975 4578 τ’.
1014 4521 1195 4588 Venit,
1227 4521 1322 4577 sed
1351 4536 1458 4575 nou
1488 4521 1539 4574 iu
1574 4532 1814 4590 praesen-

213 4621 307 4682 tia,
347 4635 460 4674 non
493 4632 741 4683 accessu,
776 4630 952 4686 neque
995 4615 1241 4681 introitu,
1284 4614 1379 4669 sed
1408 4611 1560 4668 venit
1592 4613 1805 4680 COgita-
1842 4631 1888 4686 ι)

218 4719 398 4782 tione,
429 4714 659 4777 consilio
706 4722 761 4766 et
818 4710 1108 4766 desiderio.
1145 4702 1279 4762 Nam
1311 4707 1455 4762 sicut
1487 4708 1609 4775 quis
1639 4707 1808 4761 latro-

215 4826 343 4862 num
383 4808 595 4878 positus
642 4805 695 4858 in
729 4818 952 4858 carcere
983 4817 1047 4857 ac
1086 4798 1320 4854 vinculis
1346 4798 1463 4852 vult
1489 4796 1809 4866 frequenter

214 4911 270 4956 et
298 4911 460 4970 optat
491 4908 550 4951 ut
586 4897 655 4952 sit
674 4899 820 4950 foras
852 4896 905 4949 itt
939 4893 1218 4949 montibus
1244 4891 1337 4946 ubi
1364 4892 1572 4961 pridem
1604 4891 1804 4953 fuerat,

216 4994 311 5045 sed
367 5006 480 5044 non
525 4991 639 5058 ipse
672 4996 754 5041 est
784 4986 920 5051 illic,
952 4986 1047 5040 sed
1082 4996 1277 5039 seuSus
1324 4993 1487 5052 atque
1547 4982 1807 5051 cogitatio

216 5086 356 5153 eius,
395 5092 451 5137 et
485 5080 633 5134 venit
689 5078 759 5132 illi
816 5076 1075 5148 cogitatio
1123 5074 1619 5131 commonefaciens
1656 5088 1715 5127 se
1742 5072 1809 5126 de

218 5177 285 5232 iis
311 5190 438 5246 qua:
472 5175 581 5229 illic
602 5183 730 5228 sunt
757 5173 891 5226 locis
917 5180 975 5225 et
1002 5169 1352 5231 stationibus,
1384 5164 1547 5220 factis
1568 5177 1809 5234 quoque,

219 5283 389 5342 atque
430 5268 671 5324 studiis:
702 5267 774 5319 ita
814 5263 1084 5327 diabolus,
1128 5276 1250 5315 cum
1284 5257 1707 5315 commonefacit
1750 5269 1810 5310 se

218 5365 474 5433 priorum
506 5362 773 5422 omnium,
807 5366 862 5411 et
905 5354 1182 5409 desiderat
1224 5351 1308 5406 illa
1342 5366 1465 5420 quae
1512 5358 1640 5403 sunt
1682 5358 1810 5401 ante

222 5452 420 5520 Deum,
470 5458 526 5505 et
566 5450 715 5503 vadit
765 5447 891 5501 illuc
921 5460 1083 5499 sensu
1131 5452 1296 5513 atque
1329 5438 1678 5510 eug'itatione,
1715 5451 1809 5490 ve-

223 5546 376 5600 nisse
430 5543 633 5597 dicitur
673 5551 800 5593 ante
848 5538 1039 5603 Deum,
1075 5548 1202 5590 cum
1256 5548 1366 5588 non
1426 5532 1543 5601 ipse
1590 5529 1810 5599 proprie

223 5637 461 5700 venerit,
494 5635 587 5690 sed
646 5648 809 5687 sensu
864 5640 917 5686 et
962 5629 1313 5701 cogitatione.
1345 5623 1481 5679 Nam
1536 5622 1810 5695 quomodo

226 5728 446 5783 veniret
488 5734 614 5778 ante
653 5731 1002 5791 conspectum
1032 5719 1129 5774 Dci
1160 5720 1225 5779 is,
1258 5712 1351 5786 qui
1382 5724 1584 5771 sancta:
1610 5712 1807 5768 anima:

274 5822 396 5875 ."l
428 5821 561 5877 Cor.
594 5835 682 5885 xv,
714 5819 804 5884 ii,
842 5817 929 5873 ιε’..
1007 5815 1052 5847 ⁷⁸
1078 5816 1211 5870 Dan.
1248 5829 1341 5881 χιι,
1374 5812 1427 5866 3.

230 5898 272 5927 ‘”
308 5894 457 5949 Psal.
490 5908 660 5957 vau,
698 5891 747 5944 5,

1543 5810 1587 5841 ⁷⁷
1613 5808 1712 5864 Job
1743 5824 1782 5873 ι,
1811 5807 1864 5861 6.

1916 2020 2007 2090 qui
2060 2031 2143 2074 εει
2197 2021 2360 2075 totius
2390 2020 2692 2088 iniquitatis
2727 2031 2939 2085 auctor,
2972 2028 3028 2075 et
3058 2021 3234 2074 omnis
3274 2020 3497 2075 sceleris

1911 2122 2070 2184 pater
2119 2121 2283 2182 atque
2316 2112 2591 2176 inventor,
2623 2111 2690 2164 ad
2730 2112 3014 2167 cmlestem
3059 2112 3234 2164 aulam
3272 2127 3337 2166 ex
3390 2126 3494 2180 qua

1914 2216 2106 2275 sponte
2129 2205 2348 2269 cecidit,
2387 2221 2660 2273 nunquam
2689 2206 2886 2258 iterum
2915 2205 3195 2271 ascendet,
3218 2218 3501 2273 nunquam

1910 2298 2095 2352 denuo
2128 2296 2471 2350 revertetur?
2501 2294 2557 2350 Si
2591 2295 2736 2349 enim
2782 2297 3006 2365 spiritus
3058 2296 3247 2350 exiens
3297 2300 3492 2349 iterum

1915 2400 2025 2443 non
2072 2390 2388 2455 revertitur,
2446 2404 2621 2459 neque
2677 2396 2964 2443 revocatur
3014 2388 3198 2441 anima
3261 2387 3490 2442 ablata:

1912 2495 2096 2537 nonne
2124 2480 2293 2535 multo
2316 2481 2552 2550 amplius
2578 2482 2626 2536 is
2657 2481 2748 2550 qui
2798 2489 3021 2548 propter
3056 2479 3397 2549 iniquitatem
3427 2480 3494 2536 de

1914 2573 2053 2627 coelo
2089 2574 2279 2640 exivit,
2311 2589 2585 2643 nunquam
2616 2587 2810 2627 rursus
2846 2572 2973 2625 illuc
3006 2581 3331 2637 revertetur,
3366 2583 3421 2626 et
3447 2572 3494 2626 is

1913 2665 2005 2734 qui
2032 2676 2255 2737 pmptcr
2309 2667 2740 2736 impoanitentem
2783 2665 3082 2735 nequitiam
3114 2664 3388 2735 proiectus
3412 2676 3495 2720 est

1911 2772 1978 2812 ex
2016 2759 2199 2814 choris
2244 2769 2555 2814 sanctorum
2588 2758 2929 2825 angelorum,
2957 2774 3231 2828 nunquam
3272 2772 3495 2829 prorsus

1914 2850 1980 2904 ad
2002 2852 2387 2919 paenitentiam
2428 2852 2812 2907 revocabitur?
2842 2851 3019 2906 Stabit
3055 2854 3197 2905 enim
3235 2862 3490 2922 tanquam

1913 2942 2242 3011 incomptus,
2277 2954 2440 3013 atque
2487 2945 2746 2999 indomita
2782 2944 3092 3000 aversione.
3122 2945 3185 2999 Et
3215 2947 3414 3012 adhuc,
3446 2948 3490 3000 si

1913 3037 2040 3092 olim
2071 3038 2203 3092 Cain
2238 3053 2360 3091 cum
2390 3038 2565 3093 exiret
2618 3051 2649 3091 a
2708 3037 2846 3091 facie
2902 3035 3115 3091 Domini
3170 3052 3267 3107 pro
3313 3039 3492 3107 impiis

1912 3129 2157 3193 ausibus,
2194 3144 2469 3197 nunquam
2509 3138 2639 3184 ante
2659 3141 3006 3200 c0t13pectum
3040 3131 3254 3187 Domini
3286 3130 3375 3185 Dei
3409 3144 3494 3186 est

1915 3232 2172 3275 reversus
2197 3237 2211 3273 :
2237 3234 2417 3276 nonne
2447 3219 2617 3275 multo
2647 3222 2881 3292 atnplius
2905 3223 2994 3279 hic
3025 3222 3277 3277 diabolus
3304 3222 3394 3291 qui
3425 3224 3490 3274 ad

1912 3327 2128 3366 omnem
2159 3313 2544 3367 crudelitatem
2592 3311 2695 3368 fuit
2722 3313 2984 3383 magister
3016 3314 3155 3384 ejus,
3186 3312 3277 3383 qui
3309 3323 3363 3367 et
3394 3313 3491 3365 ho-

1913 3405 2110 3460 micida
2142 3406 2212 3459 ab
2236 3404 2554 3473 initiojuste
2582 3414 2664 3461 est
2689 3414 3034 3475 nuncupatus
3053 3421 3081 3460 a
3109 3405 3249 3460 facie
3276 3404 3489 3460 Domini

1914 3495 2009 3549 Dei
2033 3506 2287 3565 tanquam
2314 3496 2546 3565 iniustus
2565 3493 2711 3565 juste
2741 3494 3037 3565 projectus,
3063 3508 3338 3566 nunquam
3365 3505 3492 3550 ante

1914 3586 2106 3643 faciem
2142 3587 2357 3642 Domini
2395 3589 2577 3643 veniet
2617 3588 2876 3658 amplius,
2927 3603 3203 3659 nunquam
3255 3588 3307 3643 in
3363 3602 3495 3643 cou-

1912 3692 2101 3750 Spectu
2157 3691 2361 3738 sanctae
2432 3681 2614 3753 gloria:
2666 3692 2972 3736 revertetur
3032 3681 3290 3738 ulterius?
3338 3683 3492 3752 juxta

1915 3777 2017 3829 hoc
2064 3775 2208 3844 quod
2254 3774 2458 3828 dictum
2496 3784 2618 3829 est:
2651 3774 2945 3843 Auferatur
2984 3775 3176 3843 impius
3218 3789 3281 3828 ne
3319 3774 3491 3827 videat

1911 3867 2135 3938 gloriam
2170 3866 2469 3925 Domini".
2498 3867 2566 3921 Et
2582 3867 2757 3922 adhuc
2784 3887 2798 3923 :
2826 3865 2882 3921 Si
2908 3868 3056 3937 impii
3094 3883 3197 3921 non
3226 3878 3492 3935 resurgen:

1911 3963 1965 4014 in
1994 3961 2226 4031 judicio,
2264 3970 2310 4013 et
2359 3971 2658 4029 peccatores
2698 3961 2752 4013 in
2799 3960 3018 4014 consilio
3064 3959 3334 4029 justorum
3384 3974 3492 4012 non

1912 4052 2343 4122 apparebunt",
2376 4054 2646 4121 quomodo
2692 4052 2782 4107 ille
2810 4052 2904 4121 qui
2950 4061 3107 4122 pater
3149 4051 3357 4105 exstitit
3389 4050 3493 4103 im-

1913 4146 2199 4217 pietatum,
2230 4155 2286 4199 et
2334 4146 2551 4214 genitor
2582 4154 2960 4215 peccatorum,
2997 4143 3049 4198 id
3083 4152 3166 4197 est
3220 4141 3491 4203 diabolus,

1913 4239 1967 4292 in
2000 4248 2293 4307 conspectu
2321 4248 2526 4291 sancta:
2552 4236 2737 4305 gloriae
2772 4234 2866 4289 Dei
2909 4234 3229 4305 apparebit?
3259 4233 3493 4301 Quomo-

1914 4331 1985 4385 do
2026 4344 2175 4384 ntors
2218 4331 2342 4383 vitte
2380 4329 2742 4384 conveniret?
2774 4327 3058 4394 Quomodo
3089 4326 3312 4382 stabunt
3341 4336 3496 4380 tene-

1914 4419 2027 4473 brae
2084 4419 2136 4472 in
2190 4428 2487 4489 conspectu
2545 4418 2685 4472 lucis
2733 4415 3167 4471 inaccessibilis?
3214 4415 3499 4483 Quomodo

1918 4509 2230 4565 sustineant
2271 4507 2498 4578 stipula,
2534 4508 2720 4564 fenum
2769 4518 2936 4577 atque
2985 4521 3114 4561 cera
3157 4505 3495 4561 vicinitatem

1916 4602 2055 4672 ignis
2096 4602 2513 4672 insuperabilis;
2552 4602 2619 4657 de
2644 4616 2753 4671 quo
2774 4600 2978 4655 dicitur
3008 4618 3023 4655 :
3051 4599 3198 4655 Sicut
3224 4598 3346 4669 ﬂuit
3379 4613 3498 4651 rem

1916 4713 1949 4748 a
1987 4694 2125 4762 [acie
2166 4695 2323 4763 ignis,
2350 4694 2426 4747 sic
2475 4704 2689 4762 pereant
2734 4701 3034 4761 peccatores
3073 4708 3105 4744 a
3147 4688 3284 4761 facie
3306 4689 3399 4743 Dei
3418 4686 3500 4740 In?

1914 4786 2200 4852 Quomodo
2230 4799 2417 4839 vocent
2455 4784 2548 4840 Dei
2596 4786 2848 4848 audiens,
2892 4784 3223 4854 respondeat
3268 4780 3345 4835 illi
3392 4781 3497 4832 itu-

1918 4880 2173 4945 mundus,
2204 4892 2368 4949 atque
2411 4879 2765 4936 exsecrabilis
2801 4876 2985 4945 refuga
3036 4876 3305 4938 diabolus,
3336 4888 3496 4941 quem

1915 4987 2015 5026 nec
2075 4974 2248 5026 sancti
2299 4972 2477 5041 angeli
2540 4972 2759 5041 dignum
2798 4971 3001 5024 habent
3047 4985 3145 5024 suo
3192 4962 3500 5033 colloquio?

1917 5063 2085 5131 Cujus
2135 5061 2573 5129 coniunctionem
2629 5061 2811 5117 nullus
2861 5070 3176 5115 sanctorum
3231 5055 3494 5121 suscepit,

1854 5173 1862 5181 ο
1919 5169 2095 5224 neque
2126 5154 2405 5223 amplexus
2437 5155 2559 5208 est?
2592 5154 2746 5221 Quod
2780 5152 2980 5207 claruit
3032 5151 3088 5203 in
3139 5147 3300 5202 beato
3330 5144 3499 5199 Paulo

1919 5256 1973 5302 et
2004 5245 2138 5311 Sila,
2175 5246 2371 5313 quibus
2404 5245 2560 5299 valde
2598 5244 2886 5299 molestum
2933 5241 3032 5294 luit
3066 5239 3207 5309 quod
3253 5237 3500 5292 diabolus

1917 5354 2015 5410 per
2050 5338 2196 5393 illius
2241 5337 2545 5391 divinantis
2567 5337 2756 5406 puellae
2797 5350 2862 5389 os
2909 5335 2964 5387 in
2999 5331 3379 5399 Philippenses
3410 5342 3500 5383 se-

1916 5442 2150 5500 quentes
2194 5444 2289 5484 eos
2328 5429 2675 5490 clamaverit,
2714 5438 2997 5495 usquequo
3056 5437 3162 5477 non
3222 5423 3502 5477 sustinens

1917 5522 2121 5582 Paulus
2146 5522 2414 5580 confusus
2440 5520 2574 5575 illud
2611 5518 2939 5574 daemonium
2975 5515 3203 5587 pepulit.
3230 5512 3499 5570 Omnibus

1922 5617 2109 5685 itaque
2157 5613 2332 5669 modis
2376 5611 2793 5682 comprobatum
2833 5617 2946 5674 est,
2993 5607 3121 5677 quia
3164 5603 3418 5660 diabolus
3468 5620 3501 5656 a

1920 5709 2129 5764 sanctis
2177 5707 2368 5776 pulsus
2417 5713 2525 5768 est,
2570 5713 2736 5773 atque
2783 5712 3096 5757 sanctorum
3152 5697 3501 5767 prasenliam

1946 5807 1991 5837 ⁷⁸
2032 5804 2173 5861 Psal.
2214 5817 2369 5868 χχιιι,
2406 5799 2457 5856 7.
2521 5799 2567 5833 τ’
2597 5799 2699 5857 lsa.
2754 5812 2902 5866 Μῖνι,
2934 5797 3020 5850 ll).
3098 5793 3146 5824 ⁸⁰
3172 5790 3315 5847 Psal.
3366 5805 3402 5855 ι,
3441 5787 3498 5844 4.
