3902 6544
473 420 579 481 405

1602 418 1984 477 ANONYMUS
2020 418 2089 474 IN
2126 418 2267 475 JOB.
2307 449 2377 459 —
2413 417 2543 474 LIB.
2578 417 2622 472 1.

3611 418 3721 473 404

478 561 583 599 non
638 543 930 607 sustinuit,
960 540 1094 595 ’sive
1134 540 1486 609 angelorum,
1535 538 1653 592 sive
1711 537 2038 593 hominum:
2075 536 2199 597 Ain
2247 536 2461 603 spiritu,
2512 542 2698 605 utpote
2751 547 2856 587 non
2909 528 3173 597 carnalia,
3219 531 3312 587 sed
3362 530 3626 602 spiritalia
3661 531 3719 585 in

474 638 645 691 multo
681 636 851 703 magis
894 634 1187 688 terribilem
1235 634 1325 687 Dei
1370 632 1710 702 praesentiam
1744 645 1849 684 non
1876 628 2042 684 susti-

473 727 642 787 nebit,
679 739 856 795 neque
904 733 1030 779 ante
1073 722 1366 793 gloriosam
1419 723 1512 778 Dei
1569 721 1763 776 faciem
1800 721 2035 775 accedet.

422 872 425 874 .
473 817 529 869 Si
567 816 711 871 enim
737 830 859 870 cum
889 814 955 868 ad
993 824 1163 868 terras
1192 815 1403 869 veniret
1432 812 1785 881 Unigenitus,
1820 810 2044 865 Deitatis

477 908 529 962 in
574 922 633 963 se
675 907 929 962 virtutem
981 915 1144 974 atque
1194 920 1473 959 accessum
1512 920 1617 959 non
1655 903 1946 965 sustinens,
1976 915 2043 954 ne

474 1005 840 1066 torqueretur,
875 997 1084 1064 rogavit
1115 1012 1127 1047 :
1162 998 1432 1066 quomodo
1477 995 1543 1049 ad
1577 994 2043 1063 incorruptionem

474 1088 760 1151 accedens,
790 1096 918 1141 ante
948 1085 1092 1140 illam
1124 1084 1527 1141 intolerabilem
1553 1095 1717 1153 atque
1746 1084 2043 1137 inaccessi-

476 1178 637 1233 bilent
693 1177 787 1232 Dei
833 1175 1033 1233 faciem
1079 1176 1262 1240 stabit,
1299 1184 1355 1229 et
1400 1190 1587 1229 vocem
1617 1173 1906 1228 verborum
1944 1188 2044 1227 au-

472 1269 652 1335 diens,
681 1284 1003 1339 responsum
1040 1278 1203 1338 atque
1228 1268 1642 1338 replicationem
1671 1266 1860 1322 dabit?
1893 1266 2046 1332 Quod

472 1373 557 1416 est
582 1362 835 1416 omnibus
868 1361 1040 1415 modis
1069 1371 1123 1415 et
1160 1361 1426 1424 illicitum,
1453 1369 1505 1414 et
1535 1359 1887 1428 impossibile.
1918 1358 2047 1413 Post

472 1470 594 1523 qua:
629 1455 908 1520 universa,
931 1469 965 1511 ο
995 1456 1176 1518 amici,
1212 1465 1273 1508 ut
1316 1454 1569 1523 superius
1610 1452 1745 1516 dixi,
1781 1452 2048 1521 intelliga-

474 1560 594 1599 mus
623 1544 784 1599 verba
810 1552 1013 1599 sanctae
1043 1544 1362 1614 Scriptum.

547 1632 772 1689 Venisse
809 1634 1055 1691 diabolus
1104 1635 1309 1690 dicitur
1362 1644 1488 1689 ante
1540 1634 1729 1699 Deum,
1756 1643 1813 1687 et
1837 1634 2050 1687 audisse

475 1740 504 1779 a
545 1724 675 1791 Deo,
714 1734 769 1779 et
815 1726 1161 1796 respondisse
1212 1726 1343 1790 Deo,
1376 1740 1485 1780 non
1524 1725 1663 1793 quod
1704 1724 1971 1796 malignus
1996 1731 2051 1779 et

474 1816 786 1870 immundus
826 1826 990 1885 atque
1045 1816 1365 1871 tenebrosus
1401 1815 1652 1870 diabolus
1693 1815 1832 1871 facie
1857 1818 1925 1870 ad
1968 1816 2050 1869 fa-

472 1906 609 1959 ciem
649 1907 861 1961 steterit
892 1916 1019 1961 ante
1064 1908 1252 1961 Deum.
1294 1906 1495 1961 Absit:
1528 1908 1652 1976 quis
1702 1908 1844 1962 enim
1880 1909 2049 1962 durus

472 1997 701 2053 ell'ectus
750 2000 1045 2065 sustineat,
1077 1999 1275 2069 inquit,
1318 2002 1663 2069 praesentiam
1695 1998 1846 2067 ejus?
1886 1998 2050 2055 Paulo

476 2101 593 2158 post
618 2091 669 2142 in
696 2090 886 2143 eodem
914 2089 1073 2154 libro,
1113 2091 1215 2145 hoc
1246 2102 1352 2155 est,
1380 2090 1503 2160 quis
1532 2091 1703 2145 durus
1728 2091 1949 2146 ell'ectus
1983 2090 2052 2145 ad

476 2197 581 2236 non
627 2181 1023 2248 paenitendum,
1068 2182 1318 2236 timorem
1372 2190 1537 2251 atque
1592 2183 1845 2236 virtutem
1880 2182 2052 2237 susti-

477 2282 601 2326 neat
648 2271 829 2326 vultus
869 2272 1026 2341 ejus?
1072 2272 1221 2339 Ideo,
1258 2280 1317 2326 ut
1361 2274 1610 2343 superius
1654 2273 1912 2340 diximus,
1943 2285 2051 2326 non

476 2365 530 2418 in
564 2378 793 2435 persona
823 2367 970 2418 venit
1014 2365 1387 2434 nequissimus
1420 2366 1674 2421 diabolus
1696 2375 1825 2421 ante
1855 2366 2049 2428 Deum,

475 2458 571 2511 sed
613 2456 883 2522 consiliis,
911 2467 967 2511 et
996 2457 1440 2527 c0gitationibus,
1471 2467 1636 2528 atque
1663 2457 1916 2528 nequitiae
1941 2473 2053 2513 suae

479 2548 918 2603 meditationibus
944 2564 958 2599 :
983 2557 1039 2602 et
1084 2562 1204 2616 qum
1234 2550 1492 2618 cogitavit
1518 2553 1583 2605 de
1616 2563 1702 2616 eo,
1736 2564 1855 2619 qua:
1888 2550 2052 2605 etiam

475 2639 543 2693 de
583 2632 684 2692 Job
737 2636 909 2705 justo,
960 2639 1075 2693 ιιωο
1121 2646 1392 2693 venerunt
1442 2645 1571 2692 ante
1624 2637 1817 2705 Deum,
1860 2638 2050 2693 horum

476 2731 742 2785 memoria
774 2731 923 2784 venit
969 2730 1022 2784 itt
1062 2739 1357 2801 conspectu
1407 2730 1598 2785 aeterni
1628 2730 1747 2785 Dei.
1785 2729 1910 2786 Hac
1940 2745 2053 2786 me-

478 2839 697 2878 morans
722 2823 933 2894 Moyses
965 2838 1228 2894 personas
1258 2823 1409 2894 ponit
1439 2831 1602 2892 atque
1635 2823 1887 2877 ostendit.
1924 2822 2053 2878 Per-

478 2916 631 2971 sonis
658 2915 851 2986 quibus
873 2914 1079 2970 utitur?
1109 2913 1415 2985 Aliquando
1439 2914 1779 2984 angelorum,
1800 2912 2053 2982 aliquan-

478 3008 549 3063 do
583 3007 802 3071 diaboli,
833 3022 1227 3077 nonnunquam
1264 3017 1446 3062 autem
1473 3005 1589 3071 Dei,
1629 3014 1687 3060 ut
1712 3020 1811 3075 per
1835 3004 2052 3073 signiﬁ-

477 3099 719 3154 cationes
754 3114 1107 3169 personarum
1152 3113 1214 3153 ea
1264 3113 1388 3167 quae
1420 3099 1754 3166 contigerint
1782 3099 2053 3167 designet,

477 3203 533 3247 et
582 3207 704 3261 quae
754 3190 898 3247 facta
958 3202 1085 3247 sunt
1129 3191 1461 3247 manifestet.
1527 3191 1770 3259 Quorum
1830 3191 2053 3246 evidens

479 3284 784 3353 exemplum
844 3284 898 3338 in
955 3284 1113 3339 nobis
1176 3283 1557 3353 reperimus,o
1616 3282 1961 3338 amici.Nam
1998 3292 2054 3338 et

479 3376 791 3445 frequenter
815 3374 1066 3430 sensibus
1096 3375 1298 3429 nostris
1329 3374 1420 3429 illo
1465 3375 1762 3444 pergimus,
1793 3374 1879 3428 ubi
1912 3390 2053 3428 nun-

474 3484 639 3537 quam
674 3483 902 3537 corpore
938 3478 1238 3537 pressantes
1279 3466 1502 3530 luimus,
1525 3468 1643 3522 sive
1674 3467 1727 3521 in
1756 3466 1953 3522 cmlum
1984 3467 2050 3519 ad

477 3559 672 3625 Deum,
702 3560 818 3614 sive
844 3560 897 3613 itt
925 3569 1126 3614 terram
1162 3561 1229 3612 ad
1275 3560 1542 3614 homines.
1577 3560 1731 3629 Saepe
1757 3562 1824 3615 ad
1856 3561 2053 3615 absen-

481 3661 567 3706 tes
585 3650 858 3722 'tanquam
894 3653 960 3705 ad
1000 3661 1303 3723 prtesentes
1346 3651 1645 3720 loquimur,
1680 3662 1733 3707 et
1772 3653 2055 3723 cogitatio-

479 3744 642 3799 nibus
673 3746 876 3799 nostris
903 3758 1025 3798 cum
1049 3743 1156 3798 illis
1180 3744 1273 3813 qui
1305 3744 1460 3800 valde
1489 3744 1647 3815 longe
1678 3754 1805 3799 sunt
1832 3757 2053 3800 conten-

476 3836 680 3903 dimus,
711 3850 765 3891 et
795 3837 1148 3904 altercamur,
1178 3847 1453 3893 certamus
1488 3853 1705 3908 quoque
1730 3848 1785 3893 et
1825 3820 2055 3909 replica-

478 3943 625 3995 mus,
670 3937 723 3983 et
757 3944 825 3983 ex
876 3928 1089 3984 illorum
1135 3943 1367 3998 persona
1413 3931 1835 3997 controversias,
1889 3942 2053 4001 atque

481 4022 883 4091 replicatloues.
910 4023 1068 4078 nobis
1104 4021 1237 4091 ipsis
1269 4023 1517 4078 facimus.
1550 4021 1703 4092 Saepe
1725 4026 1890 4079 etiam
1916 4035 1973 4079 et
2002 4026 2052 4078 in

479 4114 679 4170 caelum
729 4115 796 4169 ad
840 4115 1005 4170 Deum
1053 4114 1404 4171 ascendimus
1442 4127 1497 4170 et
1527 4125 1790 4185 tanquam
1839 4116 1894 4171 in
1923 4132 2056 4170 con-

480 4218 673 4277 spectu
713 4208 803 4262 Dei
833 4208 886 4262 in
920 4207 1155 4264 excelsis
1183 4208 1351 4261 animi
1376 4207 1611 4274 visione,
1643 4218 1807 4277 atque
1829 4208 2055 4277 spiritus

478 4298 787 4355 elevatione
819 4311 1049 4364 stamus,
1080 4310 1137 4357 et
1165 4306 1231 4355 ad
1268 4300 1434 4354 Deum
1477 4300 1775 4371 loquimur,
1799 4310 1854 4357 et
1886 4316 1917 4353 a
1946 4300 2055 4354 Deo

480 4393 748 4454 audimus,
780 4403 943 4462 atque
974 4394 1083 4447 Deo
1110 4408 1427 4462 responsum
1460 4395 1670 4449 damus.
1698 4394 1761 4448 Et
1788 4395 1903 4449 haec
1929 4393 2054 4447 uni-

481 4497 641 4537 versa
674 4483 903 4537 dicimus
946 4483 1125 4537 adhuc
1166 4484 1217 4536 iu
1257 4497 1486 4553 corpore
1514 4486 1699 4554 positi,
1726 4492 1892 4553 atque
1931 4497 2057 4537 car-

2142 629 2288 683 omni
2340 638 2582 699 tempore
2631 630 2959 699 cogitantes,
2995 639 3254 696 tanquam
3286 629 3431 682 inter
3467 625 3723 681 homines

2143 736 2306 789 super
2336 729 2536 775 terram
2565 721 2689 784 visi,
2718 722 2886 774 animi
2922 735 3054 775 vero
3085 718 3270 773 studio
3304 728 3431 772 ante
3459 719 3627 772 Deum
3662 718 3719 771 in

2144 811 2487 889 coclofuisse
2516 810 2869 880 comprobati.
2903 809 3177 878 Ejusmodi
3217 808 3401 863 dicunt
3426 823 3551 862 cum
3584 807 3725 859 ﬁdu-

2144 906 2231 959 cia
2256 921 2269 960 :
2302 903 2594 967 Habitatio,
2624 902 2704 957 vel
2722 902 3048 959 conversatio
3077 911 3258 955 nostra
3292 900 3349 953 in
3381 900 3524 953 caelis
3553 908 3629 952 est
3651 897 3722 949 ⁸⁵.

2146 996 2206 1050 Si
2237 997 2402 1066 igitur
2428 994 2677 1050 homines
2709 1009 2874 1050 carne
2918 994 3116 1058 induti,
3147 1003 3203 1047 et
3225 991 3584 1062 corruptione
3614 990 3729 1044 eir-

2145 1085 2385 1141 cumdati
2418 1084 2475 1139 in
2500 1085 2653 1139 caelis
2677 1096 2804 1139 ante
2834 1085 3001 1138 Deum
3032 1092 3178 1137 stare
3206 1091 3261 1137 et
3290 1095 3414 1136 esse
3446 1080 3727 1145 dicuntur,

2146 1193 2252 1232 non
2284 1185 2475 1231 natura
2503 1177 2633 1230 illuc
2655 1174 2908 1245 proiecti.
2932 1175 3026 1228 sed
3046 1174 3329 1228 voluntate
3352 1180 3410 1228 et
3425 1170 3727 1234 desiderio,

2148 1269 2317 1323 animi
2349 1268 2699 1324 meditatione
2715 1268 2913 1335 evecti,
2944 1268 3073 1337 quid
3106 1281 3360 1337 magnum
3396 1266 3440 1320 si
3474 1264 3732 1320 diabolus

2146 1378 2270 1418 cum
2296 1361 2369 1417 sit
2394 1360 2618 1431 spiritus
2641 1370 2696 1415 et
2724 1358 3209 1429 ineorruptibiliter
3228 1373 3410 1414 aerem
3440 1367 3731 1429 pertrans-

2150 1454 2265 1509 ieus
2304 1463 2360 1507 et
2399 1453 2644 1523 pelagus,
2683 1460 2807 1508 ante
2860 1452 3027 1506 Deum
3072 1450 3285 1505 venisse
3332 1446 3573 1502 dicitur?
3611 1445 3732 1500 Non

2148 1540 2291 1610 quod
2316 1541 2429 1608 ipse
2455 1541 2625 1602 venit,
2649 1539 2745 1594 sed
2784 1550 3049 1594 venerunt
3072 1536 3406 1593 immortales
3438 1535 3736 1606 cogitatio.-

2149 1646 2247 1686 nes
2267 1630 2383 1699 ejus
2409 1649 2423 1685 :
2458 1641 2619 1700 atque
2649 1629 2996 1699 nequissimae
3024 1630 3384 1699 cogitationes
3418 1628 3558 1698 ejus.
3598 1626 3733 1679 Nam

2150 1724 2291 1779 sicut
2320 1724 2386 1777 ad
2409 1723 2721 1779 Cornelium
2747 1723 2952 1776 dictum
2983 1723 3048 1775 de
3074 1722 3231 1776 bonis
3257 1736 3273 1775 :
3301 1720 3589 1775 Orationes
3626 1728 3737 1773 tua:

2153 1828 2199 1871 et
2232 1818 2568 1886 eleemosynae
2599 1824 2704 1869 tute
2730 1817 3073 1869 ascenderunt
3092 1816 3147 1868 in
3170 1814 3476 1868 memoriam
3513 1814 3569 1867 in
3602 1828 3736 1866 con-

2153 1920 2331 1978 speclu
2385 1909 2484 1963 Dei
2500 1911 2592 1973 δ”,
2629 1909 2709 1963 sic
2739 1909 3017 1962 etdictum
3046 1916 3130 1962 est
3179 1905 3391 1962 diabolo
3437 1906 3503 1960 de
3550 1904 3736 1967 malis,

2153 2001 2525 2070 malignitates
2556 2011 2661 2055 tuae
2706 2010 2871 2070 atque
2906 2000 3221 2068 iniquitates
3268 1997 3645 2053 ascenderunt
3685 1996 3737 2050 in

2154 2094 2476 2148 memoriam
2525 2093 2576 2149 in
2633 2101 2928 2162 conspectu
2970 2091 3086 2145 Dei.
3137 2089 3421 2157 Quomodo
3469 2089 3741 2144 ascende-

2154 2186 2316 2240 runt?
2354 2186 2397 2239 Α
2428 2186 2634 2240 sanctis
2658 2185 2867 2253 angelis
2892 2184 3107 2239 oblatae.
3144 2184 3299 2237 Sicut
3323 2183 3468 2237 enim
3493 2181 3741 2238 oﬂ‘erunt

2154 2276 2325 2331 sancti
2374 2278 2549 2347 angeli
2600 2276 2919 2331 memoriam
2944 2275 3236 2343 justorum,
3275 2286 3439 2345 atque
3459 2276 3739 2347 iustiﬁca-

2155 2368 2333 2423 tiones
2380 2383 2567 2422 eorum
2618 2378 2744 2423 ante
2794 2367 3011 2422 Deum:
3048 2367 3128 2423 sic
3174 2368 3430 2423 similiter
3483 2366 3741 2424 deferunt

2154 2458 2316 2513 iidem
2381 2457 2555 2527 angeli
2604 2459 2919 2513 memoriam
2971 2457 3214 2524 malitiae,
3274 2468 3441 2528 atque
3479 2458 3742 2527 nequitiae

2155 2550 2382 2616 diaboli,
2412 2550 2602 2605 livoris
2632 2564 2845 2619 quoque
2875 2550 2993 2621 ejus
3030 2560 3086 2605 et
3121 2548 3337 2605 invidiae
3365 2566 3531 2620 quam
3573 2549 3741 2604 habet

2155 2642 2301 2696 circa
2363 2650 2585 2696 sanctos
2635 2641 2686 2694 in
2739 2648 3033 2708 conspectu
3098 2639 3360 2694 terribilis
3406 2638 3530 2694 Dei.
3582 2639 3739 2706 Quod

2154 2744 2334 2788 autem
2366 2731 2602 2788 oll'erunt
2631 2731 2851 2800 gloriosi
2878 2730 3055 2801 angeli
3093 2732 3143 2785 in
3176 2739 3475 2800 conspectu
3514 2731 3739 2785 Domini

2154 2827 2272 2882 hmo
2306 2826 2585 2888 universa,
2622 2825 2716 2878 Dei
2767 2823 3009 2894 Baphael
3050 2824 3271 2879 nuntius
3305 2824 3460 2877 testis
3495 2833 3611 2887 est,
3648 2825 3740 2891 qui

2156 2920 2371 2974 locutus
2402 2926 2488 2973 est
2530 2918 2597 2970 ad
2645 2916 2871 2972 Tobiam
2913 2918 3104 2973 dicens
3134 2931 3149 2970 :
3178 2915 3309 2970 Cum
3345 2931 3532 2970 orares
3590 2926 3741 2977 αμα

2157 3012 2299 3067 Sara
2328 3012 2442 3080 ﬁlia
2482 3010 2758 3080 Raguelis,
2792 3026 2886 3079 ego
2916 3010 3084 3064 obtuli
3117 3008 3426 3063 memoriam
3476 3008 3741 3063 orationis

2156 3116 2366 3169 vestrm,
2413 3114 2460 3158 et
2499 3104 2735 3172 legitima
2773 3104 2887 3173 ejus
2924 3104 2978 3158 in
3010 3112 3286 3172 conspectu
3330 3102 3520 3172 gloria:
3552 3101 3655 3156 Dei
3670 3102 3737 3156 ⁸⁵.

2158 3195 2407 3251 Oﬂ‘erunt
2453 3194 2808 3249 nihilominus
2855 3193 3033 3250 sancti
3083 3194 3261 3264 angeli
3300 3193 3392 3249 Dei
3439 3208 3550 3248 non
3577 3195 3740 3264 quasi

2161 3288 2373 3343 nesciat
2411 3287 2456 3343 is
2486 3287 2575 3357 qui
2632 3286 2816 3342 omnia
2857 3287 3010 3342 novit
3035 3297 3325 3357 antequam
3365 3286 3521 3349 ﬁant,
3556 3287 3659 3342 sed
3688 3297 3742 3340 ut

2163 3391 2327 3436 testes
2352 3379 2660 3434 elﬁciantur
2683 3379 2996 3435 sanctitatis
3019 3389 3181 3447 atque
3204 3379 3425 3447 pietatis
3441 3377 3740 3447 iustorum.

2162 3474 2362 3527 lterum
2396 3482 2652 3539 tauquam
2680 3469 2937 3526 deﬂentcs
2973 3471 3303 3541 impietates,
3329 3481 3498 3540 atque
3525 3468 3737 3538 injusti-

2165 3566 2265 3618 tias
2320 3563 2673 3634 injustorum,
2737 3572 2831 3616 aut
2886 3563 3051 3617 etiam
3109 3561 3556 3631 ipsiusldiaboli.
3622 3561 3743 3616 llaae

2162 3670 2401 3725 namque
2458 3655 2840 3709 demonstrans
2885 3663 3048 3722 atque
3095 3653 3413 3722 signiﬁcans
3473 3652 3742 3708 Dominus

2162 3750 2298 3803 dicit
2330 3749 2397 3803 de
2439 3747 2545 3801 illis
2576 3746 2734 3800 bonis
2760 3748 2932 3801 servis
2963 3748 3089 3814 (hoc
3118 3755 3199 3800 est
3225 3746 3290 3800 de
3317 3745 3593 3815 angelis):
3636 3742 3735 3798 γι-

2163 3844 2359 3895 nientes
2400 3850 2574 3894 autem
2610 3838 2986 3892 nuntiaverunt
3015 3839 3225 3892 domino
3269 3854 3368 3892 suo
3406 3838 3595 3892 omnia
3628 3852 3742 3909 quia

2161 3934 2307 4005 facta
2331 3934 2539 4000 [nerant
2571 3932 2662 3988 ⁸⁶⁶.

2234 4027 2326 4082 Sic
2373 4027 2558 4098 itaque
2596 4027 2907 4083 omnimode
2948 4036 3226 4081 ostensum
3257 4035 3364 4090 est,
3394 4033 3453 4079 et
3478 4040 3585 4096 per
3615 4040 3742 4079 san-

2163 4131 2374 4175 ctorum
2426 4122 2612 4186 verba,
2664 4129 2829 4191 atque
2872 4119 3151 4182 historias,
3178 4127 3233 4171 et
3279 4132 3376 4186 per
3423 4117 3740 4187 angelorum

2164 4214 2329 4277 dicta,
2354 4214 2481 4281 quia
2529 4228 2637 4267 non
2679 4227 2914 4283 persona
2938 4226 3031 4265 sua
3064 4209 3153 4263 illa
3182 4224 3343 4273 sava,
3375 4208 3612 4272 crudeli,
3649 4210 3744 4262 ob-

2164 4320 2350 4369 scena,
2406 4313 2569 4374 atque
2624 4303 2971 4373 exsecrabili,
3006 4302 3289 4357 tenebrosa
3322 4315 3546 4371 quoque
3575 4309 3743 4369 atque

2165 4397 2534 4460 abominabili,
2580 4396 2794 4451 venerit
2841 4395 3090 4449 diabolus
3143 4394 3195 4447 in
3237 4400 3539 4461 conspectu
3565 4392 3741 4446 sancti

2163 4502 2228 4543 ac
2256 4489 2474 4559 gloriosi
2509 4488 2627 4553 Dei,
2661 4491 2756 4543 sed
2795 4487 3049 4556 nequitia:
3084 4486 3438 4551 revelatione,
3473 4486 3573 4542 sed
3608 4487 3741 4540 livo-

482 4577 569 4631 nis
595 4576 944 4644 corruptione
975 4589 1141 4645 super
1167 4588 1366 4631 terram
1395 4579 1738 4632 circumdati.
1768 4577 1920 4643 Quod
1951 4593 2052 4630 au—
2085 4594 2132 4651 ι)
2167 4582 2242 4635 ris
2266 4592 2431 4650 atque
2459 4579 2678 4635 invidiae
2721 4579 3140 4650 approbatione,
3170 4588 3226 4632 et
3256 4577 3543 4649 iniustitia:
3570 4578 3742 4632 incre-

487 4678 594 4721 tem
629 4667 702 4719 ita
732 4668 825 4730 sit,
858 4678 1058 4721 norunt
1089 4669 1123 4723 ii
1153 4670 1243 4738 qui
1288 4670 1486 4724 sinceri
1535 4682 1663 4724 sunt
1691 4670 1836 4724 circa
1865 4669 2058 4732 Deum,

484 4759 564 4815 illi
592 4760 684 4829 qui
715 4759 914 4814 animis
936 4760 1049 4815 suis
1073 4761 1140 4814 ad
1166 4762 1603 4830 iucorruptibilia
1639 4772 1802 4827 atque
1835 4759 2053 4814 excelsa

484 4867 702 4922 semper
727 4852 1032 4907 intendunt.
1052 4852 1144 4908 Sic
1176 4852 1388 4908 locutus
1419 4861 1501 4906 est
1525 4854 1592 4904 ad
1624 4852 1792 4904 Deum
1823 4850 2058 4920 Moyses,

485 4944 707 5013 quando
742 4946 1018 5013 respondit
1049 4944 1125 4999 illi
1152 4945 1293 4998 Deus
1320 4944 1509 4999 dicens
1537 4960 1552 4997 :
1586 4941 1726 5008 Quid
1766 4945 1966 4997 clamas
1990 4945 2058 4995 ad

483 5052 566 5090 me
587 5035 671 5090 οη
699 5037 791 5092 Sic
825 5037 976 5092 stetit
1002 5045 1130 5091 ante
1172 5036 1341 5091 Deum
1374 5035 1523 5089 Elias
1546 5048 1667 5088 cum
1699 5036 1925 5099 diceret,
1966 5033 2057 5088 Vi-

486 5133 557 5182 cit
591 5128 847 5183 Dominus
881 5129 967 5184 cui
998 5137 1116 5182 asto
1156 5128 1212 5181 in
1261 5136 1538 5195 conspectu
1578 5126 1692 5195 ejus
1716 5127 1783 5181 ⁸³,
1836 5116 1903 5180 Ει
1965 5125 2054 5179 alii

484 5220 916 5276 innumerabiles
968 5220 1334 5275 ostenduntur
1390 5232 1455 5272 ex
1512 5219 1829 5287 Scripturis,
1876 5224 1931 5271 et
1988 5219 2056 5269 ad

484 5316 654 5370 Deum
708 5313 873 5370 locuti
922 5312 1114 5379 fuisse,
1143 5322 1197 5367 et
1230 5328 1259 5364 a
1286 5312 1485 5366 saeculo
1507 5312 1746 5377 audisse,
1770 5322 1825 5365 et
1856 5310 2053 5365 identi-

486 5410 609 5463 dem
629 5407 741 5462 Deo
775 5406 1140 5470 resnondisse,
1170 5419 1275 5459 non
1300 5419 1534 5475 corpore
1556 5414 1735 5458 tamen
1772 5405 1824 5458 in
1855 5403 2059 5458 emtum

487 5500 545 5554 in
599 5506 898 5569 conspectu
936 5498 1031 5553 Dei
1076 5497 1416 5563 ascendisse,
1450 5497 1545 5550 sed
1590 5495 1817 5567 spiritali
1867 5495 2061 5548 animae

491 5590 805 5645 sinceritate
841 5600 967 5643 ante
991 5589 1161 5643 Deum
1188 5588 1422 5651 venisse.
1449 5588 1611 5644 Tales
1643 5588 1863 5643 fuerunt
1887 5587 1960 5641 illi
1995 5587 2061 5641 ad

493 5697 627 5749 quos
659 5683 787 5737 dicit
829 5682 1117 5750 Apostolus
1132 5681 1179 5713 ⁸⁸
1209 5700 1223 5735 :
1262 5680 1362 5735 Vos
1391 5699 1494 5735 non
1523 5681 1650 5734 estis
1681 5680 1736 5732 iu
1759 5696 1937 5743 carne,
1973 5678 2062 5732 sed

562 5778 607 5809 ⁸⁸
638 5779 803 5834 Exod.
844 5793 954 5842 xw,
993 5778 1081 5830 15.
1165 5777 1212 5807 ⁸³
1238 5771 1301 5829 ιιι
1329 5776 1458 5846 Reg.
1497 5792 1652 5846 xvttt,
1686 5777 1773 5829 15.
1850 5776 1897 5805 ⁸³⁸
1930 5776 2060 5828 Rom

498 5864 593 5910 xu,
637 5850 716 5900 12.
796 5848 860 5878 ⁸⁸·
914 5848 1101 5901 Matth.
1138 5860 1293 5913 xvut,
1321 5845 1428 5899 δι(
1481 5846 1524 5877 ⁸⁷
1555 5845 1659 5898 .lcr.
1698 5861 1809 5909 ur,
1843 5847 1924 5898 ltt.

2072 5812 2083 5827 .
2119 5789 2234 5840 vtu,
2264 5776 2319 5831 9.

2163 4671 2400 4741 patione,
2432 4672 2742 4737 iniquarum
2772 4668 3125 4723 nihilominus
3146 4677 3201 4721 et
3225 4668 3739 4738 ntalignissimarum

2163 4765 2551 4835 cogitationum
2591 4761 3036 4818 manifestatione
3070 4769 3234 4830 atque
3258 4758 3740 4815 commemoratio-

2166 4873 2253 4912 ne.
2287 4855 2491 4911 Horum
2529 4857 2739 4912 scilicet
2786 4859 3029 4911 omnium
3082 4855 3542 4911 commemoratio
3582 4865 3743 4922 atque

2166 4949 2427 5003 tnemoria
2454 4951 2601 5003 venit
2638 4949 2692 5003 in
2743 4960 3037 5018 conspectu
3069 4948 3187 5004 Dei.
3223 4949 3315 5003 Sic
3340 4962 3581 5017 namque
3613 4946 3744 5001 dicit

2164 5050 2289 5113 post
2318 5041 2433 5096 hinc
2460 5059 2474 5095 :
2499 5039 2655 5095 Nunc
2711 5042 3026 5095 recordabar
3080 5040 3409 5108 impietatum
3451 5054 3659 5101 eorum,
3695 5045 3741 5089 et

2146 5132 2436 5213 ‘vindicabo
2463 5144 2676 5200 peccata
2712 5132 2923 5186 illorum
2962 5133 3029 5198 ⁸⁷,
3053 5147 3159 5185 non
3188 5131 3344 5198 quasi
3372 5130 3576 5185 oblitus
3601 5142 3741 5183 nunc

2164 5226 2505 5287 recordetur,
2559 5224 2655 5279 sed
2700 5222 2823 5291 quia
2877 5238 3020 5277 nunc
3050 5222 3329 5276 vindicare
3353 5220 3501 5288 juste
3526 5220 3741 5285 judica-

2163 5313 2328 5368 verit.
2387 5314 2547 5369 Juxta
2598 5314 2701 5369 hoe
2752 5314 2926 5382 ipsum
2963 5311 3270 5380 exemplum
3330 5324 3479 5363 nunc
3534 5308 3741 5361 venisse

2168 5404 2369 5458 dicitur
2410 5405 2465 5458 in
2509 5413 2803 5473 conspectu
2854 5403 2952 5458 Dei
2998 5403 3273 5470 diabolus,
3309 5416 3414 5455 non
3464 5401 3611 5472 quod
3649 5414 3742 5454 ne-

2168 5497 2463 5566 quissimus
2520 5495 2607 5551 ille
2647 5496 2858 5550 venerit
2893 5496 2948 5550 in
2994 5503 3291 5564 conspectu
3340 5494 3468 5548 boni
3492 5493 3613 5557 Dei,
3647 5494 3738 5548 sed

2169 5588 2325 5656 quasi
2387 5586 2748 5657 cogitationes
2798 5585 2918 5655 ejus
2977 5584 3223 5642 crudeles
3274 5598 3341 5638 ac
3391 5582 3741 5651 nequissimae

2168 5679 2419 5732 venerint
2463 5679 2518 5732 in
2569 5678 2890 5732 memoriam
2940 5677 2991 5730 in
3039 5683 3328 5743 conspectu
3360 5674 3479 5728 Dei.
3518 5672 3639 5726 llazc
3665 5672 3743 5723 ni-

2395 5776 2438 5808 ”
2466 5775 2701 5847 Philipp.
2740 5791 2824 5843 tu,
2847 5773 2939 5830 20.
3017 5772 3083 5804 ⁸⁵⁴
3111 5774 3231 5827 Act.
3265 5788 3317 5841 tt,
3345 5770 3434 5826 51.
3526 5771 3569 5801 ⁸⁵
3606 5768 3737 5824 Tob.
