3942 6534
278 453 387 508 405

1405 459 1782 518 ANUNYMUS
1817 461 1882 514 IN
1920 459 2059 516 JOB.
2097 492 2166 504 —
2201 463 2327 518 LIB.
2364 462 2403 517 i.‘

3418 455 3520 509 406

280 571 482 628 mirum
519 558 900 625 demonstrans
935 571 987 624 in
1021 572 1122 626 hac
1163 572 1444 643 Scriptura
1483 576 1728 643 personis
1757 575 1862 629 uti-
1887 579 1937 636 Α
1965 576 2052 631 tiae
2082 578 2218 647 ejus,
2250 589 2413 645 atque
2458 575 2809 643 correptione
2852 572 3127 642 injustitiae
3177 573 3337 628 illius.
3384 570 3522 626 Nam

282 671 394 726 t‘ur,
433 670 488 716 et
535 677 916 730 nonnunquam
967 678 1033 716 ex
1087 663 1314 718 adverso
1358 664 1460 718 sibi
1497 665 1728 720 invicem
1763 680 1857 720 eas

280 763 532 809 slatucns
586 753 760 805 dicit:
811 751 1070 807 Venerunt
1136 754 1312 822 angeli
1367 764 1425 808 ut
1477 765 1678 808 starent
1732 766 1855 809 ante

283 846 474 907 Deum,
501 856 547 898 et
580 845 822 899 diabolus
867 847 1006 899 venit
1038 863 1154 899 cum
1181 847 1290 900 illis
1332 858 1386 900 ut
1417 857 1578 901 staret
1603 849 1712 912 ipse
1735 860 1856 903 ante

280 937 450 990 Deum
467 937 558 993 δ”.
602 935 725 990 llaec
751 945 931 990 autem
955 937 1024 990 ob
1062 938 1162 992 hoc
1188 937 1322 991 dicit
1351 946 1408 991 ut
1431 936 1628 991 diaboli
1662 937 1856 1006 iniqui-

280 1039 447 1084 tatem
484 1031 854 1097 redargueret,
888 1036 942 1082 et
970 1025 1072 1082 .lob
1133 1027 1474 1082 tolerantiam
1521 1029 1858 1094 ostenderet,

276 1131 338 1175 et
385 1119 481 1173 Dei
522 1119 791 1184 justitiam
831 1121 1231 1174 demonstraret
1267 1136 1282 1172 :
1324 1117 1603 1184 Venerunt,
1653 1122 1854 1190 inquit,

275 1213 452 1280 angeli
490 1212 586 1265 Dei
625 1221 679 1264 ut
726 1220 924 1264 starent
966 1222 1088 1263 ante
1122 1209 1310 1263 Deum.
1351 1208 1630 1264 Venerunt
1673 1220 1856 1280 utpote

276 1304 458 1358 sancti
511 1318 577 1358 ac
635 1302 879 1373 gloriosi,
939 1312 1124 1372 utpote
1169 1304 1515 1358 sanctissime
1568 1302 1662 1358 Dei
1715 1302 1855 1359 facie

281 1396 428 1464 digni
458 1394 652 1450 habiti.
699 1393 976 1448 Venerunt
1021 1393 1196 1463 angeli
1233 1406 1544 1450 sanctorum
1575 1396 1854 1454 s.mctitati

287 1487 550 1551 ittestari,
582 1484 856 1556 justorum
906 1487 1152 1540 diversas
1198 1502 1261 1541 ac
1301 1487 1479 1542 varias
1515 1487 1765 1554 virtutes,
1799 1498 1852 1543 et

275 1594 464 1632 coram
497 1577 606 1632 Deo
629 1577 1046 1631 demonstrare:
1080 1577 1472 1635 Melchisedech
1504 1581 1610 1634 Deo
1634 1583 1850 1646 dignum

278 1671 657 1724 sacerdotium
713 1686 728 1724 :
781 1669 1014 1723 Abrahae
1064 1669 1393 1724 inmobilem
1461 1673 1642 1736 fidem,
1705 1671 1852 1726 lsaac

269 1774 445 1812 unum
488 1759 823 1829 conjugiunt,
862 1758 1024 1812 lsrael
1073 1760 1255 1814 cordis
1307 1761 1620 1830 puritatem,
1651 1761 1852 1832 Joscph

269 1851 621 1916 eaStitatem,
651 1850 816 1920 Moysi
849 1851 1340 1915 mansuetudinem,
1361 1851 1627 1920 justitiam
1652 1854 1756 1910 Job
1788 1871 1850 1910 ac

272 1941 370 1996 Dei
403 1941 692 1995 culturam.
729 1940 854 1995 Istis
895 1955 1128 2008 namque
1162 1944 1492 2010 temporibus
1519 1953 1635 1997 erat
1661 1946 1848 1998 beatus

264 2033 396 2089 Job.
431 2033 535 2087 ista
565 2033 744 2102 itaque
779 2033 1044 2098 conﬁteri,
1077 2048 1140 2087 ac
1181 2035 1442 2102 profiteri,
1471 2045 1634 2103 atque
1662 2037 1849 2090 testifi-

272 2123 417 2185 cari,
449 2133 525 2184 et,
557 2132 617 2175 ut
651 2123 721 2175 ita
755 2121 955 2183 dicam,
986 2122 1050 2175 de
1096 2122 1213 2176 istis
1261 2122 1478 2193 gloriari
1523 2139 1705 2178 coram
1743 2125 1850 2180 Deo

271 2220 550 2265 venerunt
595 2210 766 2264 sancti
818 2211 1018 2277 angeli.
1077 2208 1168 2265 Sic
1222 2219 1278 2266 et
1323 2227 1468 2266 nunc
1496 2224 1549 2267 et
1587 2229 1758 2282 usque
1795 2216 1849 2270 in

268 2301 444 2357 finem
471 2301 658 2356 sacuii
686 2302 924 2363 venient,
963 2301 1120 2356 unius
1158 2301 1364 2372 jejunio
1407 2319 1512 2358 non
1547 2304 1696 2371 ficto,
1724 2305 1856 2362 alte-

264 2395 388 2448 rius
423 2391 673 2446 sollicitis
707 2392 1083 2457 orationibus,.
1101 2392 1332 2448 alterius
1373 2409 1523 2462 pura:
1579 2395 1851 2464 pteniten»

267 2483 365 2537 tite
391 2493 558 2552 atque
593 2498 697 2536 non
733 2481 1001 2537 simulata:
1025 2484 1188 2548 bono,
1221 2483 1447 2540 alterius
1464 2484 1853 2543 sincerissimis
1877 2557 1890 2572 l

263 2573 660 2643 eleemosynis,
694 2582 750 2628 et
781 2587 1083 2642 pauperum
1117 2574 1491 2645 largitatibus,
1526 2593 1590 2632 ac
1619 2573 1878 2634 misera?

269 2665 524 2719 tionibus
547 2664 947 2720 instantissime
976 2665 1029 2720 in
1058 2678 1353 2737 conspectu
1379 2665 1472 2722 Dei
1501 2678 1851 2726 attestantes.

261 2756 374 2811 Pro
448 2756 534 2811 his
596 2756 814 2826 inquam
868 2758 1120 2813 omnibus
1177 2765 1479 2824 venerunt,
1535 2771 1590 2815 et
1637 2762 1855 2818 venient

265 2846 451 2916 angeli
511 2857 636 2902 ante
683 2848 870 2915 Deum,
912 2861 967 2904 et
1017 2850 1265 2905 diabolus
1301 2851 1447 2905 venit
1478 2866 1598 2906 cum
1652 2853 1762 2908 illis
1797 2864 1855 2908 ut

261 2949 586 3005 accusaret,
645 2946 702 2993 ut
775 2941 1121 3006 detraheret,
1169 2952 1229 2996 ut
1291 2945 1744 3015 reprehenderet,
1798 2954 1858 3000 ut

262 3031 556 3084 mendacio
600 3031 903 3096 simularet,
929 3042 986 3087 ut
1022 3044 1264 3098 vexaret,
1303 3046 1361 3089 ut
1389 3035 1726 3091 luctaretur:
1760 3053 1853 3094 ve-

262 3123 347 3176 nit
375 3130 435 3177 et
454 3136 599 3176 nunc
637 3131 694 3177 ut
738 3122 1004 3193 luctetur,
1036 3134 1096 3179 ut
1147 3126 1394 3195 tribulet,
1422 3138 1480 3182 ut
1527 3129 1864 3196 persecutio-

1958 667 2005 722 si
2039 669 2124 722 hic
2155 683 2316 737 super
2355 680 2555 722 terram
2583 684 2746 724 nemo
2771 668 2837 722 de
2866 668 3009 720 veris
3041 681 3104 720 ac
3130 665 3291 734 justis
3313 663 3523 733 princi-

1959 756 2115 825 pibus
2161 766 2322 824 atque
2362 756 2660 825 judicibus,
2708 756 3032 821 homicidas,
3083 765 3177 809 aut
3229 753 3374 810 fures
3432 762 3524 807 aut

1955 846 2119 899 etiam
2173 845 2504 901 facinorosos
2535 847 2774 901 latrones
2806 845 3136 900 confabulari
3184 860 3389 912 secum,
3439 843 3524 898 vel

1957 939 2228 994 consiliari
2278 939 2428 1006 facit,
2474 954 2542 994 ne
2583 938 2777 992 similis
2819 938 2927 992 illis
2961 937 3234 1007 iudicetur
3267 953 3283 992 :
3317 944 3523 1004 quanto

1956 1031 2131 1101 magis
2162 1031 2342 1099 justus
2367 1043 2422 1085 et
2446 1045 2609 1085 verus
2631 1038 2792 1098 atque
2825 1029 3085 1084 terribilis
3111 1027 3271 1092 Deus,
3297 1026 3520 1097 impium

1957 1122 2105 1176 illum
2160 1122 2451 1184 latronem,
2503 1133 2668 1191 atque
2716 1120 3044 1175 homicidam
3106 1118 3378 1173 diabolum
3421 1132 3524 1188 pro

1954 1214 2224 1282 colloquio
2275 1229 2374 1269 suo
2421 1222 2548 1268 ante
2595 1213 2889 1284 gloriosam
2939 1211 3086 1265 illam
3138 1226 3290 1264 suam
3323 1209 3520 1263 facient

1955 1321 2231 1375 nunquam
2263 1307 2450 1360 venire
2475 1305 2764 1374 permittit,
2791 1318 2965 1372 neque
2997 1303 3098 1358 hoc
3138 1300 3481 1370 amplectitur
3500 1301 3526 1354 ?

1956 1397 2010 1452 Si
2041 1398 2185 1452 enim
2221 1412 2343 1452 cum
2371 1398 2437 1452 ad
2481 1407 2653 1452 terras
2684 1397 2893 1451 veniret
2919 1397 2971 1449 in
3005 1409 3231 1464 corpore
3255 1393 3524 1462 Uuigeni-

1958 1499 2061 1550 tus,
2102 1488 2250 1558 loqui
2293 1504 2414 1543 eum
2457 1503 2640 1544 coram
2693 1501 2751 1542 se
2796 1502 2903 1542 non
2949 1486 3220 1555 permisit,
3258 1486 3354 1541 sed
3400 1501 3521 1540 cum

1956 1577 2326 1648 increpatione
2377 1579 2514 1632 dixit
2567 1579 2634 1632 ad
2670 1594 2792 1634 eum
2821 1595 2834 1630 :
2864 1577 3182 1632 Ccnticesce
3234 1585 3289 1632 et
3330 1577 3524 1630 obmu-

1956 1679 2100 1723 tesce
2136 1669 2447 1738 :quomodo
2499 1669 2550 1723 in
2606 1679 2832 1740 aspectu
2883 1669 3070 1739 gloria:
3116 1683 3229 1724 sua:
3295 1666 3524 1722 Deitatis

1955 1759 2190 1828 colloqui
2234 1775 2357 1814 cum
2404 1759 2643 1828 maligno
2683 1767 2887 1813 statuat
2939 1756 3177 1822 diabolo,
3218 1772 3340 1811 cum
3394 1757 3527 1810 dicit

1955 1851 2021 1904 ad
2067 1867 2192 1908 euza‘
2228 1861 2280 1904 et
2331 1850 2643 1917 respondet,
2687 1857 2742 1903 et
2781 1863 3098 1918 responsum
3144 1848 3331 1901 audire.
3366 1848 3527 1901 abeo

1953 1944 2181 2009 patitur,
2207 1943 2289 1997 vel
2316 1941 2607 2013 dignatur?
2631 1940 2736 1994 Sed
2767 1940 2903 1994 dixit
2935 1938 3000 1992 ad
3030 1939 3301 1992 diabolum
3342 1939 3525 1991 occul-

1954 2044 2005 2087 ta
2053 2033 2450 2101 increpatione,
2486 2042 2651 2101 atque
2715 2029 3092 2084 confulatione
3137 2029 3364 2083 occulta,-
3408 2028 3524 2096 ejus

1953 2125 2331 2196 malignitatis,
2375 2133 2431 2178 et
2469 2123 2592 2190 zeli,
2648 2133 2814 2192 atque
2856 2123 3107 2191 pessima:
3147 2120 3521 2192 cogitationis.

1951 2215 2085 2271 Nam
2115 2225 2164 2272 el
2198 2231 2339 2286 sazpe
2371 2215 2653 2286 Scriptura
2684 2230 2746 2270 ea
2775 2229 2893 2282 qua;
2934 2229 3041 2268 non
3088 2213 3277 2268 dicunt
3315 2212 3522 2267 dixisse

1952 2310 2104 2373 dicit,
2150 2318 2206 2362 et
2258 2323 2318 2361 ea
2361 2323 2479 2376 qua:
2523 2322 2628 2360 non
2680 2306 2910 2359 audiunt
2953 2304 3194 2370 audisse,
3225 2313 3277 2358 et
3309 2317 3369 2356 ea
3403 2317 3530 2370 qua:

1953 2417 2058 2456 non
2099 2399 2404 2468 intelligunt
2436 2413 2533 2452 nec
2557 2398 2748 2450 vivunt
2786 2395 3132 2450 infremuisse
3165 2411 3179 2447 :
3214 2395 3351 2449 sicut
3397 2410 3519 2446 cum

1953 2491 2112 2545 dicit:
2135 2491 2282 2545 Dixit
2302 2490 2640 2551 maremirtus
2656 2499 2828 2543 autent
2850 2487 3011 2540 maris
3032 2487 3196 2540 dixit:
3217 2483 3520 2549 aut,Terra,

1954 2584 2078 2636 audi
2104 2584 2308 2637 verbum
2341 2582 2573 2648 Domini,
2605 2581 2707 2646 vel,
2729 2578 3012 2648 Infremuit
3030 2587 3168 2630 terra
3191 2592 3345 2646 super
3365 2575 3520 2629 iulia-

1954 2676 2180 2729 bitantes
2218 2675 2269 2728 in
2292 2674 2433 2727 ea".
2473 2671 2818 2726 Manifestum
2870 2683 3105 2738 namque
3154 2677 3236 2723 est
3271 2667 3393 2738 quia
3429 2680 3518 2720 ne-

1955 2781 2058 2834 que
2110 2779 2276 2828 mare,
2323 2777 2496 2833 neque
2533 2761 2708 2815 virtus
2758 2761 2944 2828 maris,
2987 2761 3089 2814 hoc
3135 2755 3523 2820 estfluctuum,

1955 2857 2246 2927 aliquando
2281 2855 2439 2921 dixit,
2473 2853 2553 2908 vel
2585 2853 2762 2908 locuta
2785 2861 2889 2918 est,
2915 2865 3089 2920 neque
3113 2863 3254 2904 terra
3277 2849 3524 2919 aliquan-

1956 2949 2027 3004 do
2056 2947 2284 3012 audivit,
2316 2959 2492 3014 neque
2536 2943 2837 2998 infremuit.
2870 2941 2987 2997 Non
3017 2941 3160 2996 enim
3194 2939 3324 2994 dicit
3351 2953 3527 3009 neque

1958 3040 2089 3094 vivit
2109 3048 2273 3105 terra,
2302 3052 2420 3093 cmn
2439 3037 2508 3090 sit
2529 3035 2842 3096 inanimato.
2865 3033 2956 3088 sed
2982 3047 3098 3088 mos
3123 3041 3204 3086 est
3227 3030 3531 3101 Scriptura-

1959 3147 2106 3198 rum,
2129 3132 2203 3186 ita
2238 3131 2306 3185 de
2340 3126 2758 3199 quamplurimis
2779 3126 2984 3181 dicere.
3014 3125 3104 3179 Sic
3140 3137 3373 3192 namque
3401 3121 3528 3174 illud

264 3229 391 3269 nem
415 3255 431 3278 ,
480 3225 537 3270 et
570 3215 942 3272 tribulationes
966 3256 984 3282 ,
1037 3227 1198 3287 atque
1251 3219 1549 3288 angustias,
1591 3229 1645 3276 et
1686 3222 1855 3278 mole-
1883 3251 1928 3309 ρ
1963 3224 2094 3280 dicit
2134 3221 2440 3294 Scriptura,
2487 3220 2629 3290 quod
2681 3219 2823 3273 Deus
2857 3217 2923 3271 ad
2959 3228 3139 3272 cetum
3194 3214 3528 3283 loqueretur,

263 3307 406 3359 stias
447 3307 660 3361 sanctis
691 3321 754 3361 ac
792 3307 953 3376 justis
987 3307 1204 3363 excitet.
1237 3308 1316 3363 Ob
1349 3309 1449 3363 hoc
1482 3325 1610 3381 ergo
1644 3315 1858 3371 venisse

260 3395 472 3449 dicitur
523 3405 778 3466 tanquam
836 3397 1054 3467 angelus
1089 3401 1299 3462 mortis,
1337 3409 1588 3472 tanquam
1637 3410 1859 3473 angelus

260 3499 460 3554 poenas
504 3488 770 3554 irrogans,
807 3501 968 3558 atque
998 3503 1342 3560 exspectans,
1377 3495 1593 3560 quando
1643 3497 1715 3549 illi
1764 3499 1853 3566 qui

262 3595 428 3650 paena
468 3580 615 3651 digni
662 3592 786 3635 sunt
814 3582 861 3636 ei
899 3583 1198 3645 tradantur,
1244 3593 1295 3638 et
1331 3585 1654 3654 deputentur
1687 3602 1857 3657 posita:

262 3681 433 3740 atque
495 3671 816 3740 perditioni,
865 3673 1005 3727 sicut
1041 3674 1132 3728 ille
1178 3675 1242 3729 de
1292 3691 1400 3745 quo
1447 3677 1670 3732 dicitur:
1727 3678 1856 3732 Tra-

261 3765 389 3817 dere
459 3763 763 3832 hujusmodi
832 3761 1048 3820 Satanae
1119 3766 1173 3820 in
1232 3769 1497 3822 interitum
1568 3773 1740 3826 carnis
1786 3773 1854 3838 ⁸⁸,

263 3858 410 3912 sicut
443 3859 608 3913 etiam
654 3860 847 3915 illi‘de
880 3861 1076 3930 quibus
1121 3863 1322 3917 dictum
1369 3874 1452 3920 est
1493 3885 1508 3920 :
1549 3866 1690 3933 Quos
1739 3881 1852 3922 tra-

261 3950 378 4004 didi
442 3949 682 4016 Satanae,
718 3963 776 4006 ut
813 3953 1018 4007 discant
1080 3970 1181 4009 non
1227 3956 1583 4029 blaspltemare
1608 3960 1671 4015 ⁸³.
1721 3959 1852 4016 Οιιι-

266 4057 364 4095 nes
409 4041 559 4096 enim
604 4041 918 4108 facinerosi,
971 4043 1238 4111 infideles,
1282 4046 1453 4114 impii,
1500 4047 1711 4117 injusti,
1758 4049 1849 4102 isti

264 4149 464 4190 omnes
497 4135 754 4206 malignis
791 4147 957 4206 atque
995 4139 1248 4205 pessimis
1279 4139 1477 4193 diaboli
1505 4143 1710 4212 angelis
1744 4153 1848 4196 tra-

264 4225 476 4279 duntur
503 4241 568 4279 ac
598 4225 924 4294 deputantur
953 4225 1059 4281 illis
1088 4227 1157 4282 de
1183 4228 1386 4296 quibus
1418 4229 1620 4283 dicitur
1648 4247 1663 4286 ς
1699 4229 1850 4284 Misit

264 4317 328 4369 in-
352 4333 443 4370 eos
477 4318 618 4368 iram
678 4318 1084 4386 indignationis,
1112 4319 1460 4373 immissione:
1500 4336 1593 4389 per
1638 4323 1848 4391 angelos

267 4411 436 4464 malos
454 4410 538 4477 ὀς
567 4411 673 4464 illis
708 4411 774 4464 de
799 4413 996 4480 quibus
1018 4412 1219 4466 dicitur
1245 4412 1372 4466 alibi
1404 4429 1418 4464 :
1454 4413 1529 4466 De
1557 4414 1712 4468 domo
1734 4417 1848 4486 ejus

264 4501 536 4555 abstrahet
584 4518 700 4554 eum
734 4501 949 4572 angelus
988 4503 1192 4557 mortis.
1234 4502 1328 4557 isti
1368 4518 1499 4574 ergo
1522 4507 1767 4573 veniunt,
1793 4516 1849 4562 et

1962 3327 2010 3372 et
2039 3317 2104 3371 ad
2136 3315 2496 3376 cucurbitam,
2528 3321 2582 3368 et
2612 3314 2679 3366 ad
2721 3324 2954 3366 vermem
2987 3306 3332 3367 matutinum,
3375 3311 3430 3356 et
3460 3300 3526 3354 ad

1961 3407 2211 3478 spiritum
2273 3402 2508 3458 incendii
2559 3403 3014 3459 comburentem,
3067 3397 3211 3450 sicut
3264 3393 3530 3461 scriptum

1959 3509 2042 3552 est
2070 3514 2084 3552 :
2114 3494 2181 3549 Et
2212 3497 2456 3565 prwcepit
2493 3493 2626 3547 Deus
2662 3493 2764 3546 ceti
2795 3506 2984 3559 magno
3025 3497 3077 3540 ut
3130 3485 3407 3556 degtntiret
3433 3481 3528 3536 Jo-

1959 3589 2162 3643 nam”.
2192 3587 2288 3642 Cui
2315 3586 2470 3650 dixit,
2505 3584 2587 3638 vel
2632 3584 2716 3638 cui
2749 3580 3027 3652 praecepit,
3067 3577 3150 3631 vel
3191 3591 3294 3645 qua
3344 3573 3532 3642 lingua

1959 3681 2024 3734 ad
2069 3688 2246 3735 cetum
2297 3677 2505 3734 locutus
2550 3676 2670 3733 est?
2704 3675 3016 3734 iiomimnn,
3063 3686 3130 3724 an
3170 3667 3530 3740 angelorum?

1957 3771 2089 3826 Nam
2121 3773 2299 3842 pisces
2346 3785 2522 3840 neque
2555 3770 2818 3839 linguam,
2848 3779 3025 3834 neque
3066 3779 3254 3819 vocem
3303 3762 3524 3817 habent.

1959 3863 2052 3919 Vel
2101 3865 2374 3934 quomodo
2421 3863 2623 3918 dicitur
2667 3861 2871 3914 dixisse
2907 3859 2974 3911 ad
3010 3851 3376 3922 cucurbitam',
3407 3869 3527 3922 qua:

1958 3971 2057 4012 nec
2098 3956 2244 4010 ‘vivit
2306 3970 2406 4010 nec
2474 3953 2683 4023 spirat?
2732 3951 3014 4019 Quomodo
3068 3949 3380 4015 loqueretur
3446 3945 3529 4000 vel

1956 4049 2084 4118 quid
2124 4049 2310 4102 dicens
2357 4047 2678 4118 praeciperet
2725 4044 2937 4114 spiritui
2996 4040 3243 4097 incendii.
3279 4040 3370 4108 qui
3424 4053 3533 4096 nec

1956 4141 2218 4204 auditum,
2271 4154 2370 4193 nec
2424 4138 2757 4192 intellectum
2813 4135 3016 4199 habet,
3079 4142 3140 4186 ut
3191 4132 3528 4197 incenderet,

1955 4246 2115 4304 atque
2171 4239 2480 4302 percuteret
2513 4230 2566 4283 in
2625 4227 2806 4298 capite
2855 4224 3052 4279 ,ιοηωῖ
3086 4223 3345 4278 Universa
3379 4222 3530 4275 enim

1955 4328 2070 4382 haec
2132 4339 2256 4380 cum
2333 4339 2438 4378 non
2520 4321 2755 4376 habeant
2818 4318 3106 4375 scientiam
3162 4315 3525 4380 naturaliter,

1953 4427 2242 4472 vertuntur
2295 4427 2460 4484 atque
2513 4420 2799 4467 moventur
2846 4410 2952 4463 huc
3004 4416 3167 4477 atque
3210 4406 3334 4460 illuc
3365 4402 3529 4459 Crea-

1957 4510 2090 4566 toris
2117 4507 2424 4563 eﬂicientia.
2464 4506 2618 4560 Sicut
2651 4518 2781 4575 ergo
2821 4503 2940 4557 istis
2974 4501 3229 4557 omnibus
3264 4508 3321 4554 et
3354 4499 3526 4552 dixis-

266 4602 400 4646 tunc
432 4602 701 4646 venerunt
733 4593 1064 4662 temporibus
1094 4592 1217 4649 Joh.
1243 4595 1349 4650 Sed
1388 4611 1494 4651 non
1533 4609 1666 4652 ante
1714 4599 1843 4654 bea-
1879 4621 1923 4675 ι)
1955 4617 2013 4656 se
2039 4642 2056 4667 ,
2093 4611 2148 4656 et
2186 4601 2397 4655 locutus
2453 4598 2662 4663 fuisse,
2712 4605 2766 4651 et
2804 4595 3149 4666 praecepisse,
3196 4601 3363 4660 atque
3409 4589 3528 4658 jus-

267 4692 378 4736 tam
413 4683 507 4738 Dei
537 4682 730 4736 faciem
760 4683 986 4739 veniunt
1013 4684 1087 4738 iiii
1114 4685 1468 4751 damnabiles,
1498 4688 1599 4746 sed
1617 4689 1842 4744 consilia

265 4784 323 4827 et
353 4773 716 4843 cogitationes
739 4787 954 4841 eorum,
989 4775 1253 4829 desideria
1283 4793 1503 4848 quoque
1535 4794 1754 4846 eorum,
1793 4789 1848 4835 et

265 4863 632 4934 cogitationes
663 4865 909 4936 maligna:
938 4876 992 4920 et
1021 4868 1268 4936 pessimae
1290 4879 1453 4938 atque
1478 4873 1844 4939 nequissiune,

263 4965 320 5008 et
349 4956 582 5010 istarum
615 4958 875 5011 memoria
900 4956 1198 5012 offerturin
1219 4971 1517 5028 conspectu
1548 4963 1664 5030 Dei,
1692 4964 1844 5032 juxta

264 5050 453 5103 omnia
476 5065 602 5118 quae
625 5058 921 5104 memorata
947 5059 1110 5118 atque
1131 5061 1346 5104 ostensa
1368 5063 1513 5107 sunt.

340 5141 477 5196 Post
527 5141 642 5196 lucc
690 5144 945 5196 universa
995 5143 1261 5199 dicitzE't
1304 5147 1440 5199 dixit
1493 5147 1747 5199 Dominus
1779 5151 1847 5200 ad

266 5235 542 5288 diabolum
559 5233 627 5288 υ.
657 5233 790 5287 Nam
826 5235 966 5288 sicut
1001 5235 1252 5292 diabolus
1289 5253 1392 5292 non
1425 5253 1658 5308 persona
1697 5241 1847 5294 venit

267 5336 400 5380 ante
431 5325 626 5390 Deum,
658 5327 751 5380 sed
780 5327 1110 5396 cogitatione
1153 5339 1210 5383 et
1238 5330 1530 5392 desiderio,
1558 5340 1719 5400 atque
1747 5347 1842 5386 ne-

267 5417 467 5486 quitia,
497 5417 612 5473 sive
643 5418 998 5474 meditatione
1028 5435 1040 5470 :
1069 5421 1141 5474 ita
1175 5430 1229 5474 et
1257 5421 1401 5476 Deus
1433 5437 1540 5475 non
1572 5437 1667 5476 ore
1696 5423 1846 5477 locu-

268 5519 360 5562 tus
407 5518 494 5563 est
519 5510 585 5563 ad
625 5509 922 5576 diabolum,
957 5525 1133 5579 neque
1171 5514 1396 5567 verbum
1437 5513 1669 5568 contulit
1717 5530 1843 5569 cum

267 5600 478 5669 iniquo,
497 5602 593 5657 sed
622 5602 834 5658 occulta
850 5613 1015 5672 atque
1037 5603 1220 5659 abdita
1251 5605 1630 5674 increpatione
1651 5608 1846 5678 nequi-

341 5761 408 5791 ’ν
432 5759 533 5817 Job
563 5776 603 5829 ι,
631 5762 686 5816 6.
763 5762 810 5796 ⁸⁸
839 5762 856 5816 I
883 5763 1008 5820 Cor.
1044 5780 1095 5825 v.
1129 5767 1182 5820 5.

267 5827 416 5886 Psal.
446 5827 608 5898 Lxxv,
641 5836 696 5888 υ.
773 5834 820 5868 ’³
847 5833 967 5890 Jon.
1002 5850 1060 5902 ιι,
1081 5837 1133 5890 1.

1260 5769 1305 5804 ⁸³
1331 5767 1351 5824 l
1375 5767 1516 5828 Tim.
1537 5785 1576 5838 ι,
1601 5770 1692 5826 ‘20.
1767 5769 1982 5827 "‘Psai.
2017 5785 2224 5838 uxvn,
2253 5769 2341 5826 «i9.

1951 4695 2092 4748 sisse
2140 4692 2341 4748 dicitur
2376 4689 2516 4744 Deus
2559 4703 2665 4742 non
2708 4700 2840 4741 voce
2871 4687 3080 4749 dicens,
3115 4698 3292 4752 neque
3342 4682 3526 4751 lingua

1950 4787 2194 4855 loquens,
2225 4797 2401 4852 neque
2433 4781 2485 4834 in
2515 4789 2861 4850 conspectum
2887 4794 3044 4833 suum
3078 4779 3142 4831 ad
3167 4774 3406 4831 coelestia
3433 4788 3527 4828 eos

1951 4877 2264 4940 sublevans,
2295 4873 2386 4928 sed
2410 4871 2636 4926 occulta:
2662 4887 2771 4926 suae
2797 4871 3126 4940 operationis
3153 4869 3354 4923 virtute
3393 4881 3523 4920 ver-

1953 4978 2072 5022 tens
2104 4976 2160 5020 ut
2189 4963 2485 5019 necessitas
2511 4962 2610 5017 vei'
2626 4962 2765 5016 ratio
2792 4961 3100 5032 poposcerit
3127 4974 3142 5012 :
3172 4959 3249 5012 sic
3274 4956 3525 5012 similiter

1950 5057 2104 5125 juxta
2137 5055 2440 5124 exemplum
2471 5053 2662 5106 horum
2691 5067 2810 5121 quze
2843 5061 3141 5106 memorata
3183 5058 3330 5115 sunt,
3357 5048 3522 5103 etiam

1955 5148 2180 5210 dixisse,
2211 5155 2266 5200 et
2292 5146 2502 5200 locutus
2532 5143 2718 5206 fuisse,
2744 5153 2808 5197 et‘
2830 5142 3064 5206 audisse,
3101 5150 3154 5195 et
3181 5138 3526 5208 respondisse

1955 5238 2170 5298 dicitur,
2216 5245 2271 5290 et
2309 5235 2360 5288 in
2388 5235 2732 5304 prmsentiam
2763 5232 3096 5301 suscepisse,
3143 5245 3319 5298 neque
3366 5227 3526 5284 dictis

1954 5330 2242 5399 quidquam
2275 5328 2340 5381 ad
2367 5343 2491 5380 eum
2525 5328 2870 5396 depromeus,
2898 5339 3071 5391 neque
3098 5323 3275 5391 lingua
3305 5321 3370 5374 ad
3398 5336 3523 5374 eum

1954 5422 2200 5490 loquens,
2247 5433 2422 5488 neque
2468 5419 2533 5473 ad
2581 5418 2793 5471 excelsa
2829 5425 3016 5470 sancta
3072 5415 3126 5466 in
3173 5422 3520 5482 conspectum

1953 5531 2108 5571 suum
2152 5512 2541 5582 nequissimum
2575 5509 2846 5566 diabolum
2886 5507 3128 5571 elevans,
3165 5520 3286 5560 cum
3338 5503 3522 5558 occul-

1955 5618 2062 5662 tam
2098 5615 2258 5677 atque
2281 5605 2514 5662 abditam
2543 5603 2658 5672 ejus
2687 5601 2982 5669 nequitiam
3015 5598 3218 5667 detegit
3250 5612 3310 5650 ac
3342 5611 3523 5666 repre-

2417 5769 2458 5802 "
2489 5766 2592 5824 Job
2623 5782 2665 5832 ι,
2687 5764 2804 5820 7."
2825 5759 3179 5831 lsa.t,2;Job
3204 5777 3396 5826 xxvnt,
3419 5764 3517 5827 ti;
