3942 6550
426 455 537 512 607-

1553 453 1936 510 ANONYMUS
1974 451 2042 508 IN
2082 452 2222 510 JOB.
2264 485 2330 494 —
2369 455 2500 510 LlB.
2543 455 2585 512 Ι.

3522 493 3537 509 .
3561 451 3650 506 408

423 571 640 637 hendit,
669 582 829 644 atque
857 573 1056 630 revelat
1082 575 1356 630 omnibus.
1384 575 1513 642 Qum
1543 575 1700 630 nobis
1727 575 2008 630 evidenter
2036 577 2079 634 Α
2110 576 2372 630 abdicans
2424 590 2640 645 quoque
2671 584 2832 645 alque
2867 573 3220 643 redargncns,
3255 579 3310 624 et
3341 569 3650 639 iniquitatem

426 667 667 722 ostendit
693 668 806 721 lucc
831 681 973 722 nunc
997 681 1430 723 commemorans
1459 671 1740 739 Scriptura
1773 671 1958 724 dicens
1987 684 2002 720 :

429 757 501 812 Et
535 758 666 811 dixit
702 755 959 813 Dominus
1007 760 1076 812 ad
1119 759 1436 816 diabolum:
1468 759 1618 816 Unde
1659 763 1800 816 venis
1853 761 2010 815 tu“?

429 849 498 904 Et
529 851 828 921 interrogat
861 851 949 905 ille
986 852 1075 918 qui
1119 853 1379 916 prwscius
1405 863 1506 916 est,
1537 863 1699 922 atque
1732 856 2007 923 providus,

432 943 821 1012 nequissimum
847 941 1118 996 dfabolum
1145 945 1286 997 unde
1315 946 1544 1010 veniret,
1576 947 1722 1000 illum
1749 947 2006 1016 injusmm

428 1032 696 1105 refugam,
722 1033 864 1089 unde
896 1048 1335 1104 appropcrassct.
1365 1037 1456 1092 Sic
1485 1039 1841 1106 interrogavit
1879 1039 2007 1094 olint

427 1126 622 1193 Adam,
652 1125 756 1181 Ubi
799 1145 850 1181 es
882 1127 1054 1180 Adam
1079 1127 1187 1181 “‘1’
1227 1128 1340 1184 Non
1368 1140 1430 1186 ut
1459 1129 1683 1195 inscius,
1711 1132 1803 1186 sed
1833 1132 2012 1186 sciens

428 1220 802 1287 praescienter,
831 1229 884 1274 et
916 1230 1042 1274 tunc
1074 1220 1139 1274 ad
1175 1221 1370 1285 Adam,
1405 1231 1458 1278 et
1492 1238 1634 1278 nunc
1668 1223 1735 1278 ad
1769 1223 1895 1278 Adw
1921 1237 2010 1278 se-

430 1312 736 1375 ductorem,
766 1313 860 1367 sed
886 1310 988 1367 Job
1019 1328 1122 1367 non
1161 1313 1594 1383 supplantautem
1623 1332 1637 1370 :
1675 1319 1741 1369 ad
1768 1331 1889 1370 eum
1919 1318 2010 1386 qni

428 1404 602 1460 Adam
656 1405 1032 1471 circumvenit,
1075 1409 1168 1462 sed
1204 1405 1306 1462 Job
1349 1422 1454 1461 non
1505 1409 1803 1477 superavit.
1871 1408 2013 1478 Ergo

429 1494 557 1562 quia
589 1494 640 1548 in
675 1483 906 1564 utroque
961 1495 1203 1563 ejusdem
1261 1496 1576 1566 nequissimi
1629 1497 1832 1552 malitia
1893 1499 2010 1564 fuit,

430 1586 626 1641 merito
671 1586 737 1640 ad
788 1595 1078 1657 utrumque
1112 1588 1302 1644 eodem
1339 1604 1470 1643 usus
1498 1598 1582 1644 cst
1619 1591 1786 1645 verbo
1820 1607 1833 1643 :
1877 1591 2015 1646 dixit

431 1678 499 1731 ad
525 1677 694 1731 Adam
722 1677 871 1736 olim.
909 1676 1010 1732 Ubi
1043 1697 1096 1734 es
1127 1680 1341 1734 Adam?
1368 1679 1432 1734 ad
1481 1681 1754 1735 diabolum
1785 1692 1968 1750 pOSIea
1997 1700 2012 1736 :

431 1766 585 1822 Unde
606 1766 748 1823 venis
777 1771 870 1826 tu?
907 1768 1013 1825 Sed
1043 1786 1149 1823 non
1182 1781 1237 1822 ut
1264 1770 1467 1824 inscius
1493 1775 1846 1842 Interrogavit
1873 1774 2015 1830 unde

429 1861 694 1926 venisset,
724 1861 863 1916 sicut
894 1877 992 1917 nec
1017 1863 1188 1916 Adam
1221 1861 1371 1930 olim,
1400 1863 1487 1918 ubi
1518 1874 1683 1930 esset,
1716 1867 1810 1920 sed
1835 1867 2017 1921 occul-

433 1965 545 2008 tam
572 1962 738 2023 atque
759 1955 992 2008 abditam
1020 1956 1406 2026 cogitationem
1437 1958 1554 2026 ejus
1577 1957 1829 2029 detegere
1852 1971 2017 2028 atque

431 2046 711 2117 publicare
750 2046 936 2101 voluit.
983 2047 1196 2103 Latenti
1245 2051 1389 2106 enim
1437 2050 1607 2105 livore
1631 2049 1891 2105 adversus
1919 2050 2018 2108 Job

433 2139 803 2194 inflammatus
860 2149 962 2203 est,
1011 2139 1198 2195 latenti
1247 2143 1576 2212 cogitatione
1627 2143 1790 2196 Deum
1841 2158 2021 2212 repre-

433 2230 644 2296 hendit,
675 2232 828 2302 quasi
868 2230 963 2288 Job
995 2231 1393 2299 defendentem,
1423 2243 1478 2288 et
1502 2233 1900 2288 multitudinem
1929 2236 2016 2289 di-

432 2323 688 2380 vitiarum
715 2325 790 2379 illi
821 2326 1165 2380 cominenter
1199 2326 1541 2397 largientem.
1587 2326 1732 2381 Dixit
1785 2342 2020 2397 namque

436 2417 578 2470 intra
601 2419 949 2487 semetipsum
978 2418 1068 2473 :Si
1101 2419 1230 2474 mihi
1256 2428 1404 2474 tanta
1426 2421 1565 2476 bona
1591 2420 1831 2475 dedisset
1855 2433 2020 2489 super

437 2517 663 2576 terram,
715 2512 956 2580 profecto
1001 2521 1055 2567 et
1090 2527 1190 2581 ego
1241 2511 1472 2567 colerem
1527 2511 1674 2566 illum
1723 2512 1776 2564 in
1833 2513 2019 2579 terris,

437 2601 581 2655 sicut
633 2600 754 2658 Job.
796 2603 950 2660 Nunc
987 2620 1116 2674 ergo
1152 2605 1274 2674 quis
1324 2605 1453 2658 mihi
1496 2604 1644 2659 dabit
1699 2613 1759 2657 ut
1819 2606 2019 2674 possim

438 2694 733 2751 ascendere
767 2713 888 2752 cum
935 2699 1144 2768 angelis
1175 2700 1228 2752 in
1259 2699 1479 2764 ccelum,
1527 2707 1581 2753 et
1611 2708 1757 2754 stare
1797 2700 1848 2753 in
1889 2715 2019 2755 con-

438 2799 626 2858 spectu
654 2787 750 2844 Dei
786 2790 840 2844 in
869 2789 1048 2846 medio
1085 2805 1298 2856 eorum,
1340 2798 1394 2844 et
1421 2800 1740 2858 potestatem
1772 2789 2023 2860 accipere

436 2895 472 2935 a
511 2881 620 2936 Deo
659 2883 902 2938 omnium
940 2882 1057 2954 ejus
1086 2882 1390 2939 bonorum?
1421 2881 1486 2936 Et
1515 2884 1860 2939 ostenderem
1897 2899 2020 2937 eum
2055 2908 2070 2922 -

439 2992 539 3032 sua
566 2978 704 3034 bona
733 2981 1052 3048 perdidisse,
1082 2982 1208 3052 quia
1235 2997 1342 3037 non
1371 2991 1455 3036 est
1482 2981 1689 3046 utilior,
1728 2998 1901 3052 neque
1931 2987 2024 3037 lir-

439 3070 581 3125 mior
610 3069 713 3126 Job
735 3074 948 3127 caeteris
976 3075 1283 3128 hominibus
1310 3073 1598 3141 universis,
1623 3075 1745 3144 quia
1775 3092 1878 3129 non
1901 3091 2025 3146 pro-

438 3173 562 3231 pter
605 3164 949 3230 charitatem,
1005 3181 1180 3238 neque
1232 3167 1486 3237 pietatem
1531 3165 1630 3222 Job
1662 3167 1794 3222 colit
1829 3167 2022 3230 Deum,

441 3255 537 3308 sed
569 3268 792 3325 propter
823 3257 1066 3325 pecunia:
1113 3258 1512 3314 multitudinem
1563 3269 1730 3330 atque
1760 3260 2021 3315 bonorum

439 3346 852 3402 abundantiam.
903 3350 1021 3404 Nisi
1073 3352 1219 3405 enim
1270 3365 1366 3418 pro
1415 3352 1606 3405 horum
1653 3351 2024 3406 blandimento

439 3441 672 3495 serviret
702 3442 831 3507 Deo,
859 3442 1100 3510 perfecto
1124 3459 1231 3497 non
1263 3453 1410 3498 esset
1439 3444 1630 3500 melior
1651 3445 1792 3499 Esau
1827 3447 2027 3500 tritavo

441 3545 561 3587 suo.
599 3530 754 3586 Nune
780 3547 911 3587 vero
945 3541 1199 3604 tanquam
1232 3533 1332 3589 llos
1369 3534 1586 3589 videtur
1607 3551 1674 3590 ex
1708 3537 1880 3606 spinis
1910 3538 2025 3591 ori-

439 3622 487 3672 ri
522 3618 624 3676 Job
655 3637 723 3676 ex
755 3619 1075 3691 posteritate
1107 3624 1247 3679 Esau
1289 3644 1302 3679 :
1347 3627 1441 3680 sed
1478 3627 1521 3681 si
1557 3627 1862 3682 denudetur
1892 3627 2028 3682 divi-

441 3714 557 3778 tiis,
588 3712 835 3782 profecto
870 3716 1128 3771 continuo
1159 3718 1522 3773 denudabitur
1571 3720 1737 3774 etiam
1783 3720 1877 3776 Dei
1915 3721 2029 3776 cul-

444 3813 604 3872 tura;
633 3805 679 3860 si
713 3804 992 3862 auferatur
1014 3808 1083 3863 ab
1111 3807 1202 3863 illo
1227 3811 1476 3880 pecunia,
1505 3809 1748 3879 profecto
1776 3827 1880 3866 non
1899 3811 2030 3867 offe-

441 3906 528 3952 ret
559 3898 675 3969 ipse
705 3900 1004 3968 gratiarum
1025 3902 1273 3957 actiones
1300 3902 1431 3957 Deo.
1469 3903 1614 3975 Ergo
1639 3906 1764 3974 quia
1796 3906 1910 3960 haec
1939 3921 2032 3961 co-

439 3991 635 4063 gitavit
664 3992 911 4048 diabolus
947 4009 1068 4048 cum
1104 3996 1359 4064 nequiter
1387 3997 1582 4052 invidit
1609 3997 1732 4064 Job,
1763 4006 1818 4053 et
1845 3999 2031 4054 illicite

442 4083 795 4152 reprehendit
831 4085 1021 4150 Deum,
1059 4083 1258 4152 injuste
1285 4086 1642 4142 nihilominus
1675 4097 1839 4156 atque
1888 4088 2032 4141 indi-

442 4191 548 4242 gne
581 4178 884 4246 ingressum
918 4192 1042 4232 cum
1070 4178 1279 4248 angelis
1304 4180 1622 4234 desiderans
1668 4189 1800 4234 ante
1837 4181 2028 4246 Deum,

445 4286 658 4327 necnon
703 4275 887 4330 ethoc
913 4275 1057 4343 quod
1091 4274 1283 4330 illicite
1317 4273 1576 4330 deferens
1613 4273 1737 4341 Job,
1789 4275 2032 4345 pecunia:

445 4371 611 4432 atque
661 4365 896 4420 filiorum
942 4365 1060 4434 ejus
1101 4375 1426 4434 potestatem
1475 4365 1728 4434 accipere
1764 4374 2030 4433 cuperet,

445 4470 779 4530 acceptaque
826 4459 1007 4514 omnia
1060 4458 1243 4512 subito
1299 4459 1570 4527 perderet,
1604 4468 1660 4512 et
1693 4473 1816 4514 cum
1853 4458 2033 4528 perdi-

446 4553 640 4615 disset.
671 4559 766 4606 aut
799 4560 950 4606 certe
978 4549 1081 4606 Job
1113 4566 1142 4604 a
1172 4550 1282 4605 Deo
1321 4550 1684 4614 abstraheret,
1746 4559 1840 4603 aut
1864 4551 2029 4604 etiam

2108 667 2222 735 ejus
2251 677 2414 737 atque
2461 669 2824 737 apostasiam,
2873 666 3275 736 malignumque
3307 663 3421 732 ejus
3452 662 3650 716 livorem

2109 763 2257 816 circa
2287 759 2408 824 Job,
2463 771 2517 815 et
2568 762 2714 817 circa
2762 773 2954 816 omnes
2999 771 3220 813 sanctos
3276 757 3652 824 demonstrans,

2109 855 2246 909 dixit
2277 870 2291 909 :
2321 853 2470 910 Unde
2516 856 2660 910 venis
2708 856 2810 909 tu?
2847 854 2958 909 Non
2995 852 3134 908 dixit
3175 853 3278 906 hoc
3326 849 3392 903 ad
3441 850 3653 918 angelos,

2113 964 2288 1019 neque
2314 951 2380 1002 ad
2411 960 2626 1004 sanctas
2654 949 2902 1010 virtutes,
2932 963 3036 1002 non
3077 945 3436 1016 interrogavit
3467 944 3656 1014 Specia-

2111 1042 2190 1096 les
2225 1041 2504 1096 ministros
2543 1041 2684 1096 unde
2711 1041 3008 1106 venissent,
3041 1039 3123 1094 vel
3159 1041 3301 1093 unde
3337 1038 3565 1094 veniant.
3610 1039 3656 1092 In

2113 1134 2228 1204 ipso
2270 1133 2416 1188 enim
2465 1141 2627 1204 atque
2675 1133 2729 1188 in
2777 1132 2894 1205 ejus
2929 1133 3225 1199 voluntate,
3272 1131 3327 1186 in
3383 1129 3661 1186 visionibus

2112 1225 2230 1293 ejus
2281 1235 2443 1296 atque
2480 1225 2914 1282 ordinationibus
2958 1235 3013 1282 et
3060 1234 3193 1281 eunt
3238 1234 3295 1280 et
3342 1225 3573 1290 veniunt,
3617 1237 3664 1278 et

2114 1318 2292 1371 onmia
2331 1316 2620 1385 perficiunt
2654 1329 2817 1388 atque
2843 1319 3022 1371 omnia
3054 1317 3354 1386 adimplent
3375 1358 3391 1382 ,
3416 1326 3470 1370 et
3494 1326 3663 1372 cuncta

2115 1408 2409 1462 secumlmn
2457 1407 2573 1477 ejus
2621 1407 2953 1462 voluntatem
3007 1416 3325 1477 operantur,
3376 1407 3522 1477 juxta
3579 1408 3666 1462 hoc

2115 1502 2255 1572 quod
2303 1501 2502 1555 dictttm
2544 1511 2628 1556 est
2659 1517 2676 1556 :
2712 1501 3011 1556 Benerlicite
3043 1501 3350 1568 Dominum,
3386 1517 3552 1554 omnes
3583 1517 3666 1552 an-

2117 1595 2219 1664 geli
2247 1595 2378 1660 eius.
2413 1595 2643 1648 ministri
2669 1595 2805 1663 ejus,
2835 1594 2925 1665 qui
2947 1592 3126 1662 facitis
3151 1593 3471 1647 voluntatem
3490 1593 3594 1660 ejus
3609 1591 3665 1645 ".

2119 1688 2260 1758 Ergo
2295 1687 2417 1754 quia
2451 1687 2583 1742 tales
2606 1695 2733 1742 sunt
2763 1687 2937 1742 sancti
2967 1685 3164 1756 angeli,
3194 1694 3249 1740 et
3278 1684 3460 1740 taliter
3485 1683 3672 1739 faciunt

2119 1783 2452 1836 voluntatem
2481 1780 2596 1846 Dei,
2628 1790 2683 1834 et
2705 1779 2758 1834 in
2788 1779 2904 1851 ipso
2929 1791 3082 1844 eunt,
3112 1788 3166 1833 et
3194 1779 3438 1840 veniunt,
3461 1787 3513 1832 et
3534 1787 3670 1832 extra

2121 1873 2293 1942 ipsmn
2330 1887 2603 1941 nunquam
2642 1880 2789 1938 sunt,
2838 1870 3033 1926 merito
3080 1885 3208 1938 ergo
3240 1869 3362 1925 illos
3396 1884 3500 1922 non
3526 1869 3673 1922 inter-

2127 1975 2278 2036 rogat
2309 1966 2450 2019 ttnde
2502 1965 2764 2020 veniant:
2803 1963 3096 2033 malignum
3135 1973 3316 2017 autem
3364 1961 3510 2016 illum
3548 1959 3673 2014 refu-

2125 2077 2244 2131 gam
2274 2070 2437 2129 atque
2469 2067 2769 2128 apostatam
2806 2058 3124 2125 interrogat,
3161 2068 3420 2126 tanquam
3444 2056 3674 2124 alienige-

2125 2166 2274 2212 nam,
2305 2161 2559 2220 tanquam
2585 2158 2855 2215 extorum,
2886 2158 3136 2217 tanquam
3163 2147 3553 2212 adversarium,
3576 2155 3676 2199 tan-

2123 2257 2283 2312 quam
2323 2241 2600 2296 inimicum
2649 2242 2889 2295 omnium
2926 2241 3213 2296 bonorum.
3249 2238 3408 2294 Hunc
3457 2252 3580 2304 ergo
3607 2235 3678 2290 itt-

2129 2345 2412 2403 tcrrogans
2445 2331 2576 2387 dicit
2612 2330 2798 2385 :Unde
2834 2333 2974 2386 venis
3025 2332 3124 2384 tu?
3173 2331 3252 2385 Ab
3290 2327 3606 2389 homicidiis,
3651 2343 3674 2380 a

2124 2424 2497 2492 sanguinibus,
2543 2425 2609 2479 ab
2641 2423 2946 2488 adulteriis,
2987 2438 3015 2476 a
3063 2422 3249 2486 furtis,
3295 2437 3325 2476 a
3380 2419 3676 2482 mendaciis,

2129 2529 2385 2589 tanquam
2422 2517 2724 2581 homicida,
2759 2527 2813 2570 et
2846 2525 3098 2587 tanquam
3130 2515 3399 2571 mendacii
3435 2523 3601 2585 pater,
3631 2520 3678 2564 et

2124 2613 2318 2666 horum
2364 2620 2555 2666 auctor
2575 2618 2738 2678 atque
2773 2609 3022 2663 inventor
3055 2607 3330 2663 exsistens
3375 2620 3536 2676 super
3588 2615 3679 2657 ter-

2127 2720 2288 2760 ram:
2331 2701 2478 2757 Unde
2525 2702 2663 2756 venis
2706 2701 2800 2755 tu?
2837 2701 2916 2754 Ab
2965 2699 3340 2755 internecione
3372 2697 3522 2760 Abel,
3564 2694 3680 2764 agiv

2127 2803 2348 2865 gantum
2380 2792 2714 2864 impudicitia
2748 2801 2909 2862 atque
2942 2792 3161 2847 interitu
3213 2791 3454 2858 illorum,
3499 2804 3528 2842 a
3555 2798 3681 2841 turre

2128 2888 2484 2943 contumaciae
2526 2896 2692 2958 atque
2733 2885 3087 2956 dispersione,
3131 2886 3198 2939 ab
3251 2884 3394 2939 Esau
3446 2882 3681 2937 aviditate

2127 2991 2292 3050 atque
2316 2979 2502 3035 fratris
2528 2979 3014 3042 circumventione,
3047 2993 3076 3031 a
3119 2976 3428 3032 Pharaonis
3469 2975 3680 3045 pertina-

2127 3073 2211 3129 cia
2243 3081 2405 3142 atque
2440 3071 2778 3143 perditione,
2808 3071 2878 3126 ab
2911 3071 3076 3126 Israel
3113 3072 3164 3124 in
3195 3071 3414 3125 deserto
3442 3066 3680 3122 idoltram

2128 3165 2338 3220 cultura
2385 3173 2549 3234 atque
2580 3164 2757 3230 ruina,
2801 3178 2830 3216 a
2877 3161 3261 3232 prophetarum
3307 3154 3682 3231 persecutione,

2051 3291 2093 3350 ϐ
2128 3259 2196 3313 ab
2229 3257 2608 3314 interfectione
2651 3255 2896 3320 Joannis,
2933 3270 2963 3310 a
3007 3255 3319 3310 Judaeorum
3361 3249 3682 3314 crudelitate,

2128 3364 2184 3408 et
2213 3353 2281 3409 ab
2317 3353 2560 3408 onmium
2587 3367 2616 3406 a
2649 3350 2848 3407 saeculo
2873 3359 2927 3405 et
2958 3365 3128 3420 usque
3175 3350 3228 3404 in
3256 3347 3513 3404 sreculum
3536 3344 3686 3399 malo-

2131 3463 2249 3500 rum
2293 3445 2652 3514 perfectione.
2707 3443 2922 3512 Omnia,
2963 3443 3162 3514 inquit,
3205 3442 3348 3497 mala
3396 3455 3513 3511 qua:
3547 3450 3686 3505 super

2133 3549 2330 3593 terram
2361 3551 2550 3594 exorta
2599 3547 2746 3601 sunt,
2783 3554 2851 3593 ex
2884 3548 2938 3593 te
2985 3537 3196 3592 initium
3237 3539 3601 3604 sumpserunt,
3642 3537 3687 3580 et

2131 3646 2227 3700 per
2260 3641 2311 3686 te
2341 3631 2440 3687 sub
2481 3630 2624 3686 cmlo
2659 3629 3008 3687 disseminata
3055 3637 3207 3690 sunt,
3241 3637 3295 3681 et
3325 3635 3379 3680 tu
3410 3640 3490 3688 es,
3519 3638 3550 3677 ο
3589 3621 3686 3675 dia-

2131 3723 2279 3788 bole,
2305 3724 2551 3778 omnium
2582 3722 2775 3776 horum
2818 3720 3015 3784 factor,
3039 3728 3092 3774 et
3123 3717 3474 3789 suffragator,
3507 3723 3560 3769 et
3596 3710 3687 3765 ini-

2133 3817 2291 3878 tium,
2322 3823 2377 3870 et
2403 3814 2547 3869 linis.
2575 3813 2807 3876 Obhaec,
2835 3811 3029 3881 inquit,
3057 3827 3090 3868 ο
3117 3809 3354 3876 diabole,
3387 3819 3440 3863 et
3461 3820 3600 3862 mors
3620 3801 3686 3854 vi-

2130 3904 2230 3969 vit,
2261 3913 2315 3959 et
2339 3902 2585 3958 infernus
2607 3900 2783 3968 ﬂoret,
2806 3910 2859 3955 et
2889 3901 3126 3956 tenebra:
3152 3897 3413 3969 gaudent,
3436 3907 3490 3951 et
3515 3895 3688 3950 obscu-

2133 3997 2268 4052 ritas
2296 4011 2401 4052 non
2446 3995 2772 4058 minoratur,
2805 4002 2858 4047 et
2887 3989 3142 4061 iniquitas
3168 4006 3274 4045 non
3303 3988 3516 4054 deficit,
3545 3995 3595 4040 et
3614 3983 3688 4052 ju-

2134 4089 2236 4141 dex
2267 4085 2455 4140 mortis
2487 4083 2766 4139 victoriam
2799 4082 3017 4152 accipit.
3045 4081 3179 4136 Cum
3215 4095 3348 4150 ergo
3381 4081 3687 4146 interrogent

2137 4186 2188 4232 te
2216 4179 2358 4232 unde
2392 4175 2602 4240 venias,
2641 4189 2745 4228 non
2787 4173 2944 4244 quasi
2982 4173 3230 4228 nesciens
3288 4173 3581 4238 interrogo,
3613 4181 3692 4220 ne-

2134 4286 2239 4341 que
2267 4280 2324 4324 ut
2355 4270 2572 4336 ignarus
2599 4269 2869 4332 sciscitor,
2901 4267 2995 4322 scd
3032 4276 3090 4320 ut
3124 4264 3529 4334 reprehendens
3551 4270 3693 4329 atque

2135 4366 2412 4435 detegens,
2449 4364 2781 4419 eonvincens
2820 4371 2985 4430 atque
3034 4360 3389 4428 redarguens,
3424 4352 3694 4413 Ostendeas

2136 4470 2353 4526 quoque
2388 4465 2554 4524 atque
2583 4453 2966 4509 demonstrans
2996 4451 3138 4520 quod
3172 4451 3240 4505 ab
3271 4449 3417 4504 omni
3469 4444 3695 4514 impieta-

2138 4546 2207 4603 tis
2252 4556 2415 4616 atque
2469 4544 2749 4615 injustitize
2794 4542 3134 4614 perfectione
3183 4551 3349 4609 atque
3399 4534 3695 4608 operatione

447 4657 572 4698 cum
610 4642 818 4709 justum
859 4640 960 4697 Job
991 4642 1277 4696 tormentis
1305 4639 1580 4707 alliceret,
1620 4641 1880 4711 nequitia:
1919 4655 2033 4695 sua:
2066 4635 2110 4692 D
2137 4638 2346 4694 venies.
2371 4638 2465 4692 Dic
2493 4637 2636 4690 unde
2667 4635 2819 4690 venis
2849 4644 2927 4700 tu,
2954 4632 3068 4689 zelo
3089 4647 3408 4698 succensus,
3436 4625 3695 4696 iniquitale

447 4735 812 4792 satisfaceret.
869 4735 1010 4804 Ergo
1064 4734 1190 4802 quia
1238 4743 1298 4789 ιιι
1345 4735 1456 4789 dixi
1507 4734 1778 4788 desiderio
1821 4749 1919 4788 suo
1966 4749 2032 4789 ac

445 4827 679 4882 consilio
707 4827 782 4880 ita
813 4827 962 4880 venit
991 4826 1357 4895 nequissimus
1390 4825 1640 4880 diabolus
1681 4836 1808 4880 ante
1837 4825 2028 4892 Deum,

446 4920 504 4973 in
536 4919 714 4974 medio
743 4919 1064 4989 angelorum
1107 4920 1304 4973 merito
1329 4918 1543 4974 venisse
1569 4934 1694 4974 eum
1720 4918 1885 4985 dicit,
1925 4934 2030 4973 non

447 5010 592 5079 quod
627 5009 742 5075 ipse
767 5009 1000 5072 venerit,
1029 5009 1126 5064 sed
1155 5008 1490 5064 desiderium
1538 5007 1659 5078 ejus
1693 5019 1859 5079 atque
1885 5011 2032 5078 cogi-

447 5099 588 5153 tatio
624 5099 793 5154 venit.
838 5099 1114 5154 Adversus
1148 5113 1310 5168 quam
1365 5099 1750 5170 cogitationem
1807 5115 2035 5169 respon-

448 5189 595 5245 disse
622 5191 821 5245 dieitur
853 5191 1014 5258 Deus,
1049 5201 1104 5245 et
1135 5190 1502 5258 interrogasse
1541 5190 1842 5256 diabolum,
1890 5192 2036 5246 unde

447 5283 680 5337 veniret.
715 5281 851 5336 Nam
889 5297 1020 5338 vero
1057 5299 1163 5338 non
1213 5291 1469 5352 poterant
1517 5282 1632 5337 haec
1678 5283 2039 5338 historialiter

449 5375 642 5440 scribi,
675 5390 852 5445 neque
877 5375 1037 5430 aliter
1069 5378 1228 5430 nobis
1263 5373 1506 5439 recitari,
1540 5375 1644 5430 nisi
1679 5385 1738 5430 ut
1785 5390 2034 5444 persona:

449 5465 812 5522 recitarentur
848 5467 1001 5535 quasi
1033 5467 1100 5521 ad
1131 5465 1362 5520 invicem
1391 5465 1806 5533 respondentes,
1839 5466 1908 5519 ob
1930 5465 2036 5519 hoc

446 5557 583 5618 dicit
610 5577 625 5614 :
660 5558 726 5612 Et
774 5560 909 5613 dixit
954 5559 1094 5613 Deus
1140 5561 1208 5613 ad
1249 5559 1520 5613 diabolum
1550 5555 1738 5613 :Unde
1768 5557 1907 5612 venit
1938 5559 2037 5612 tu?

450 5651 569 5705 Non
605 5651 760 5721 quasi
802 5653 1168 5722 interrogans,
1206 5652 1290 5706 vel
1318 5667 1592 5721 qurerens,
1631 5650 1711 5703 vel
1745 5649 2038 5703 sciscitans

454 5742 658 5798 dixerit
687 5755 703 5796 :
737 5741 888 5797 Unde
927 5744 1066 5798 uenis
1115 5743 1212 5796 tu?
1253 5743 1348 5799 sed
1391 5746 1641 5812 culpatis,
1675 5749 1731 5795 et
1758 5741 2037 5811 detegens,

527 5901 572 5932 "
601 5899 700 5958 Joh
730 5916 766 5967 t,
804 5901 853 5956 7.
934 5901 1168 5968 θ’θ’-ϐου.
1205 5917 1284 5966 ιιι,
1320 5901 1374 5956 9.
1451 5903 1494 5932 ⁹⁵
1541 5898 1682 5955 Psal.
1720 5914 1812 5964 cu,
1847 5897 1933 5963 20,
1966 5896 2056 5951 9.1.

2138 4741 2416 4796 oneratus,
2447 4727 2648 4782 invidia
2683 4727 2913 4797 plenus?
2956 4726 3088 4797 Ego,
3125 4725 3324 4794 inquit,
3356 4722 3477 4779 dedi
3510 4718 3624 4780 Job,
3651 4722 3698 4766 el

2141 4831 2194 4876 tu
2230 4819 2459 4875 invides.
2498 4818 2608 4889 Ego
2633 4819 2801 4888 adjeci
2830 4817 2930 4883 illi,
2959 4827 3014 4872 et
3045 4828 3098 4869 tu
3122 4802 3412 4870 a-mularis.
3443 4813 3550 4879 Ego
3579 4807 3697 4862 mul.

2141 4909 2409 4981 tiplicavi,
2433 4918 2489 4963 tu
2522 4925 2650 4964 vero
2675 4908 2913 4963 lluescis.
2946 4907 3057 4976 Ego
3081 4907 3306 4976 largitus
3336 4923 3478 4969 sum,
3510 4916 3560 4957 tu
3586 4914 3698 4954 vero

2142 4999 2360 5054 auferre
2391 4999 2628 5054 conaris.
2656 4997 3076 5070 Apprchendam
3111 5001 3257 5051 enim
3289 5005 3360 5060 te,
3393 5006 3448 5050 et
3473 4996 3695 5060 detegant

2141 5093 2326 5146 divina
2365 5090 2736 5156 Providentia,
2791 5101 3047 5160 tanquam
3100 5090 3273 5144 furem
3321 5087 3514 5142 alienis
3561 5080 3698 5138 bonis

2115 5179 2462 5250 'inhiantcm,
2501 5193 2554 5240 et
2583 5193 2895 5254 sperantem
2928 5183 3074 5252 quod
3106 5197 3202 5251 per
3233 5182 3346 5235 hac
3384 5179 3584 5247 justum
3611 5171 3697 5225 Job

2137 5277 2462 5330 subvertere
2489 5275 2685 5346 possis.
2726 5275 2832 5330 Sed
2861 5290 2986 5346 ego,
3020 5274 3232 5343 inquit,
3268 5282 3321 5328 et
3350 5282 3494 5326 tuam
3522 5263 3697 5332 iniqui-

2141 5377 2302 5422 tatem
2334 5370 2685 5439 redarguam,
2713 5368 2850 5422 bona
2881 5365 2982 5423 Job
3015 5365 3108 5420 tibi
3140 5364 3425 5428 tradendo,
3456 5373 3514 5415 ut
3540 5369 3586 5413 et
3610 5353 3696 5408 Job

2130 5457 2332 5527 justum
2367 5459 2733 5513 demonstrem
2765 5471 2862 5526 per
2885 5455 3231 5512 tolerantiam
3265 5452 3545 5507 victoriam
3572 5447 3631 5499 de
3654 5452 3697 5492 Ic

2135 5557 2462 5603 sumentem.
2495 5545 2575 5602 οι)
2608 5547 2713 5602 hoc
2745 5560 2875 5618 ergo
2903 5555 3159 5616 tanquam
3194 5546 3530 5612 interrogans
3556 5537 3693 5590 dico:

2139 5638 2292 5694 Unde
2323 5641 2462 5694 venis
2491 5641 2590 5694 tu?
2643 5638 2712 5695 Ut
2750 5640 2963 5695 occulta
2998 5651 3087 5694 tua
3123 5637 3402 5692 meditatio
3435 5636 3693 5703 appareat.

2141 5745 2200 5791 ut
2226 5735 2524 5793 vehemens
2569 5745 2657 5793 tua
2709 5737 2947 5806 nequitia
2993 5733 3248 5791 omnibus
3293 5731 3692 5788 demonstretur.
