3942 6508
179 437 281 494 409

1325 443 1712 502 ANONYMUS
1751 444 1817 500 IN
1856 443 1998 503 JOB.
2036 479 2101 487 —
2143 448 2271 506 LIB.
2315 449 2357 504 l.

3357 457 3455 511 410

178 564 232 607 ut
265 537 570 610 malitiosos
619 563 745 611 tuus
788 556 930 611 livor
978 559 1236 615 omnibus
1273 563 1602 623 innotescat.
1656 568 1766 622 Pro
1795 574 1840 628 Α
1870 582 1976 638 que
2005 579 2091 625 est
2121 581 2367 640 pra-scus
2409 582 2571 641 atque
2610 581 2785 627 totum
2828 575 3088 628 mundum
3113 575 3292 630 subito
3331 594 3454 647 per-

176 647 261 701 his
287 659 422 716 ergo
453 648 710 704 omnibus
751 650 875 704 dico
907 666 920 702 :
968 649 1118 707 Unde
1155 657 1300 709 venis
1339 660 1436 712 tu?
1486 659 1764 715 Adversus

175 744 294 801 quia
319 736 654 802 respondens
677 737 928 794 diabolus
955 741 1088 796 dicit
1116 759 1131 795 :
1163 743 1396 801 Cit-cuivi
1421 765 1626 805 omnem
1655 763 1763 805 ter-

175 837 283 880 ram
309 843 429 895 qum
462 827 560 882 sub
593 829 720 884 εωιο
751 839 851 898 est,
875 843 922 887 et
948 835 1064 888 ueni
1092 837 1160 892 ".
1197 835 1564 910 Magniloquio
1598 855 1764 915 atque

175 917 485 989 arrogantia
539 922 734 988 uteris,
792 938 827 978 o
875 927 1187 982 miserrime
1237 930 1472 1000 diabole,
1525 935 1761 995 elatione

173 1027 383 1082 quoque
409 1021 575 1084 atque
599 1014 889 1084 jactantia,
914 1029 976 1072 ut
1002 1019 1076 1073 ita
1104 1031 1368 1091 appareat
1393 1026 1540 1094 quod
1567 1043 1759 1085 omnes

173 1103 527 1174 magniloqui,
554 1104 918 1175 jactanticuli,
941 1122 1290 1183 arrogantes,
1323 1123 1377 1172 et
1405 1120 1625 1189 superbi
1652 1130 1760 1178 tute

171 1194 427 1263 nequitia:
456 1195 567 1250 sint
586 1191 866 1266 discipuli,
888 1209 946 1255 et
967 1203 1110 1271 apud
1143 1210 1200 1259 te
1227 1205 1521 1264 didicerint
1546 1225 1609 1265 ea
1635 1227 1757 1283 qua:

172 1286 274 1339 Deo
307 1297 443 1341 sunt
485 1291 766 1345 contraria
813 1306 827 1342 :
878 1290 1021 1348 Deus
1062 1296 1203 1350 enim
1244 1299 1485 1368 superbis
1531 1303 1755 1372 resistit,

165 1378 454 1434 humilibus
482 1389 658 1436 autem
685 1381 779 1437 dat
802 1385 1037 1453 gratiam
1070 1389 1136 1442 ’⁷.
1168 1387 1264 1445 llis
1305 1393 1560 1449 similiter
1588 1399 1753 1452 etiam

165 1471 310 1526 Anna
352 1480 537 1528 mater
580 1473 856 1532 Samuelis
892 1477 1022 1534 dicit
1055 1494 1070 1535 :
1105 1479 1293 1536 Nolite
1337 1484 1484 1556 loqui
1530 1489 1754 1558 superba

163 1565 214 1617 in
251 1564 526 1631 superbia,
569 1577 618 1623 et
645 1582 750 1622 non
792 1579 940 1624 exeat
976 1573 1399 1646 magniloquium
1438 1593 1504 1634 επ
1546 1597 1636 1636 ore
1667 1600 1752 1638 ve-

161 1661 263 1708 slro
291 1656 362 1713 ⁸⁸.
398 1655 506 1711 Sed
531 1658 722 1714 borum
759 1661 1046 1718 immemor
1081 1665 1352 1734 diabolus,
1381 1677 1437 1724 et
1477 1672 1614 1729 alios
1648 1674 1751 1730 do-

161 1748 288 1812 cuit,
332 1759 393 1804 et
447 1751 568 1822 ipse
598 1768 791 1824 magna
828 1755 1040 1812 locutus
1086 1758 1224 1814 dixit
1261 1773 1277 1814 :
1316 1760 1553 1819 Circuivi
1586 1775 1749 1823 totum

159 1851 352 1892 terram
391 1855 512 1911 quis
556 1845 651 1897 sub
686 1844 815 1899 caelo
861 1855 960 1901 est.
999 1847 1292 1916 lntendite,
1340 1866 1376 1907 o
1404 1855 1594 1921 amici,
1621 1858 1747 1926 quia

157 1932 424 1989 circuisse
458 1949 518 1990 se
547 1936 682 1992 dicit
717 1944 887 1994 lotam
933 1947 1134 1998 terram
1162 1955 1285 2014 qua:
1334 1946 1438 2003 sub
1471 1947 1612 2002 celo
1640 1958 1748 2015 est,

156 2026 245 2080 sed
276 2041 388 2080 non
427 2028 743 2086 carnalibus
787 2033 1054 2104 vestigiis,
1081 2050 1259 2107 neque
1299 2041 1748 2112 corruptibiiibos

155 2119 456 2188 gressibus,
485 2121 580 2177 sed
613 2123 846 2193 spiritali
881 2133 1223 2196 transcursu,
1257 2140 1422 2202 atque
1452 2134 1506 2188 in
1549 2150 1746 2190 corno-

156 2211 247 2266 rali
295 2215 541 2270 transitu
593 2216 850 2273 universa
886 2235 1009 2290 quae
1053 2223 1154 2276 sub
1194 2225 1336 2280 cosio
1395 2238 1523 2282 sunt
1568 2231 1748 2286 subito

153 2305 445 2374 pervolans
471 2315 635 2378 atque
675 2324 996 2382 peragrans.
1039 2310 1197 2369 Sicut
1230 2329 1363 2386 ergo
1412 2334 1520 2373 non
1551 2335 1742 2375 corru-

151 2397 438 2465 ptibilibus
470 2401 768 2469 gressibus,
813 2417 992 2473 neque
1023 2407 1338 2464 carnalibus
1366 2411 1615 2482 vestigiis
1637 2413 1747 2468 eir-

151 2488 312 2542 cuivit
353 2491 627 2559 diabolus,
662 2495 756 2549 sed
791 2495 843 2550 in
877 2497 1286 2570 incorruptibill
1329 2513 1494 2574 atque
1525 2507 1742 2565 occulto

155 2589 478 2638 transcursu
534 2603 550 2643 :
608 2587 687 2643 sic
743 2587 999 2645 similiter
1054 2605 1180 2648 cum
1234 2593 1370 2651 dicit
1419 2600 1565 2667 quod
1615 2611 1743 2655 ante

153 2673 312 2729 Deum
345 2679 591 2744 steterit,
621 2695 728 2736 non
766 2681 907 2739 l’acie
933 2685 1000 2739 ad
1023 2683 1225 2742 faciem
1257 2702 1444 2744 coram
1491 2691 1602 2748 Deo
1628 2705 1742 2749 ste-

153 2767 230 2832 tit,
264 2769 364 2825 sed
401 2772 638 2828 occultis
661 2775 1113 2848 cogitationibus,
1158 2790 1213 2835 et
1246 2783 1598 2852 aequissimis
1628 2803 1741 2842 me-

149 2861 511 2921 ditationibus
541 2876 667 2924 ante
698 2867 868 2924 Deum
891 2873 1109 2930 venisse
1136 2876 1355 2945 dicitur,
1388 2879 1495 2934 hoc
1529 2891 1613 2934 est
1645 2898 1742 2937 ne-

148 2953 433 3022 quissimae
476 2954 596 3025 ejus
637 2961 1000 3031 cegitatioues
1044 2976 1143 3035 pro
1188 2966 1306 3038 ejus
1367 2973 1741 3039 increpatione

149 3057 422 3105 steterunt
460 3061 590 3106 ante
620 3053 811 3110 Deum.
841 3053 948 3112 Sed
975 3057 1216 3126 interim,
1269 3059 1469 3133 inquit,
1505 3063 1742 3121 Circuivi

147 3151 299 3196 totam
332 3152 541 3213 terram
564 3160 684 3215 quo:
729 3147 824 3201 sub
862 3148 990 3204 ctelo
1033 3161 1214 3219 est,‘et
1244 3155 1379 3209 veni.
1434 3154 1562 3224 Sed,
1599 3161 1740 3216 male

1867 663 2077 719 volans.
2130 664 2186 719 Si
2216 667 2362 719 enim
2392 664 2542 720 venti
2576 666 2723 721 aeris
2751 669 3004 738 regiones
3038 683 3104 722 ac
3133 671 3453 738 provincias

1864 755 2043 811 subito
2075 755 2306 827 perﬂant
2342 767 2508 828 atque
2554 767 2865 826 transeunt,
2913 776 3094 816 nonne
3139 759 3308 815 multo
3338 775 3452 815 am-

1863 848 2002 918 plius
2046 849 2192 904 aerei
2235 849 2481 919 spiritus,
2528 850 2582 904 id
2643 857 2732 906 est
2785 851 3109 920 nequissimi
3151 851 3451 917 daemones,

1863 937 2043 992 subito
2091 937 2380 1007 pervolant
2415 947 2586 992 totum
2642 939 2926 1004 mundum,
2970 941 3153 994 subito
3193 942 3450 995 universa

1861 1033 2157 1098 peragrant
2199 1041 2322 1097 qua
2367 1029 2468 1084 sub
2511 1030 2651 1084 cmlo
2682 1037 2831 1095 sunt,
2871 1031 3052 1087 subito
3101 1031 3300 1102 ubique
3325 1041 3451 1087 sunt

1860 1121 2193 1190 praesentes?
2226 1122 2284 1176 in
2317 1123 2466 1178 omni
2495 1122 2681 1192 proelio
2706 1122 2788 1178 vel
2821 1137 3022 1194 pugna,
3059 1124 3113 1178 in
3145 1123 3293 1178 omni
3326 1137 3450 1194 per-

1863 1210 2176 1268 turbatione
2201 1222 2367 1286 atque
2392 1215 2584 1269 mortis
2609 1215 2791 1280 ruina,
2827 1216 2880 1270 in
2905 1215 3054 1270 omni
3083 1215 3356 1271 seditione
3384 1230 3449 1272 ac

1860 1304 2118 1370 tumultu,
2151 1306 2205 1361 in
2237 1307 2384 1362 omni
2417 1308 2772 1363 contentione
2800 1317 2856 1363 et
2891 1308 3009 1375 lite,
3058 1309 3114 1362 in
3147 1309 3292 1362 oumi
3319 1324 3449 1362 san-

1857 1399 2021 1472 guine
2050 1408 2108 1455 et
2142 1399 2461 1466 homicidio,
2488 1409 2542 1455 et
2573 1397 2720 1454 furto
2750 1409 2916 1472 atque
2943 1401 3235 1466 adulterio,
3269 1399 3446 1453 omni-

1856 1507 1962 1564 que
1985 1492 2321 1549 lamentabili
2356 1493 2499 1549 bello
2525 1494 2638 1549 sive
2669 1495 2921 1559 orientis,
2972 1495 3088 1549 sive
3118 1493 3444 1559 occidentis,

1855 1587 1970 1642 sive
2029 1585 2344 1653 meridiani,
2390 1587 2508 1642 sive
2555 1586 2849 1656 aquilonis,
2897 1587 3100 1657 ubique
3143 1594 3446 1656 prtesentcs

1855 1684 1985 1733 sunt
2014 1677 2336 1748 nequissimi
2379 1685 2547 1747 atque
2573 1677 2723 1734 aerei
2774 1679 3048 1733 daemones
3078 1676 3198 1748 plus
3223 1684 3444 1746 pertur-

1853 1771 2066 1836 bantes,
2107 1778 2166 1824 et
2210 1770 2612 1825 succendentes
2646 1780 2812 1838 atque
2847 1771 3099 1826 universa
3134 1777 3441 1823 moventes.

1855 1862 2010 1920 Unde
2043 1863 2407 1920 divinationes
2441 1871 2592 1931 sunt,
2629 1879 2695 1920 ex
2753 1879 2861 1934 quo
2891 1864 3273 1935 malignissiml
3335 1863 3444 1916 da:-

1854 1969 2066 2021 mones,
2095 1955 2354 2025 aereique
2378 1954 2605 2025 spiritus
2637 1956 2817 2011 subito
2845 1956 2992 2010 hunc
3023 1952 3285 2010 mundum
3316 1967 3444 2022 per-

1849 2045 2097 2098 volantes
2151 2055 2315 2116 Nque
2353 2045 2607 2100 universa
2655 2061 2775 2116 qua:
2806 2047 2859 2101 in
2911 2049 3060 2102 omni
3110 2047 3230 2105 loco
3282 2051 3444 2118 hujus

1850 2154 2035 2194 minim
2095 2145 2234 2192 nunt
2275 2137 2712 2207 contemplantes
2757 2152 2772 2191 :
2815 2149 2869 2193 et
2917 2156 2980 2195 ea
3017 2155 3138 2212 qua:
3184 2142 3446 2198 dicuntur

1850 2233 2154 2298 audientes,
2205 2233 2298 2303 qui
2332 2231 2458 2287 alibi
2491 2231 2806 2302 ubicunque
2841 2233 2998 2303 longe
3043 2235 3206 2304 positi
3237 2234 3444 2290 iuerint

1848 2324 1948 2379 sub
1981 2323 2237 2393 nequitia
2271 2322 2541 2378 ministris
2571 2322 2818 2378 revelant
2843 2333 3010 2394 atque
3039 2326 3440 2394 demonstrant,

1849 2423 1958 2469 tam
1987 2415 2042 2469 in
2085 2415 2294 2470 somnis
2319 2429 2482 2485 quam
2532 2415 2585 2469 in
2639 2414 2867 2485 vigiliis,
2917 2431 3017 2471 nec
3043 2433 3147 2472 non
3181 2420 3234 2471 in
3271 2420 3444 2488 phan-

1849 2506 2192 2575 tasmatibus,
2231 2515 2285 2562 et
2306 2505 2464 2576 iuxta
2500 2508 2618 2563 haec
2651 2521 2771 2578 quae
2801 2510 2960 2575 ilunt,
3010 2509 3095 2564 vel
3127 2522 3442 2579 emergunt,

1846 2599 2012 2653 etiam
2059 2598 2165 2654 alia
2193 2608 2356 2668 atque
2391 2597 2496 2654 alia
2523 2597 2710 2654 futura
2742 2614 2971 2670 sperare
3000 2610 3166 2672 atque
3209 2603 3446 2672 probare

1847 2693 2065 2749 docent.
2103 2693 2314 2750 Exinde
2355 2693 2526 2764 ccepit
2573 2693 2928 2749 divinationis
2971 2708 3130 2750 error
3169 2693 3311 2751 lilios
3343 2697 3443 2752 ho-

1847 2787 2052 2842 minum
2091 2785 2146 2840 in
2188 2786 2508 2842 scandalum
2558 2786 2612 2840 in
2648 2799 2743 2841 eos
2771 2786 2974 2856 quibus
3028 2801 3196 2856 super
3237 2796 3442 2844 terram

1844 2889 2025 2932 ortum
2057 2885 2161 2934 est.
2190 2876 2286 2933 His
2316 2891 2551 2948 namque
2583 2878 2839 2933 omnibus
2863 2879 3254 2935 demonstratis
3278 2887 3444 2950 atque

1846 2969 2163 3025 memoratis
2226 2970 2658 3042 malignissitnus
2718 2980 2885 3041 atque
2933 2985 3125 3026 aereus
3186 2971 3441 3028 diabolus

1847 3062 2019 3117 dicit:
2059 3061 2291 3116 Circuiui
2329 3072 2495 3115 totam
2528 3073 2725 3116 terram
2775 3079 2894 3134 quis
2942 3064 3037 3117 sub
3089 3063 3216 3118 caelo
3255 3073 3354 3129 est,
3390 3074 3442 3119 et

1848 3157 1983 3210 veni.
2014 3155 2059 3211 0
2085 3155 2421 3226 nequissime
2447 3156 2784 3222 adversarie,
2828 3171 2860 3212 ο
2889 3156 3286 3228 malignissime
3317 3159 3440 3213 dia-

147 3232 435 3303 gloriaris;
479 3244 537 3291 et
576 3237 718 3292 mala
759 3247 842 3294 est
886 3241 1004 3298 haec
1055 3252 1145 3298 tua
1187 3243 1458 3315 gloriatio.
1511 3245 1737 3305 Terram
1768 3268 1811 3326 ε
1845 3251 1988 3319 bole,
2012 3265 2176 3321 quam
2210 3248 2482 3322 malignus
2517 3265 2602 3316 es,
2647 3259 2704 3305 et
2733 3250 2800 3304 ad
2846 3250 3033 3305 omnia
3071 3251 3212 3305 mala
3245 3265 3441 3306 versu-

147 3325 365 3390 circuis,
402 3328 501 3381 sed
530 3327 598 3381 ad
642 3328 842 3385 etelum
872 3346 978 3387 non
1015 3339 1326 3393 reverteris.
1366 3339 1438 3394 Ea
1470 3355 1592 3410 qua:
1635 3345 1736 3398 sub

146 3413 276 3468 cutio
304 3422 444 3468 sunt
485 3429 773 3489 peragras,
811 3423 905 3475 sed
933 3422 1026 3476 illa
1077 3440 1199 3494 quae
1234 3428 1288 3482 in
1335 3431 1567 3487 excelsis
1609 3443 1737 3489 sunt

147 3521 242 3560 non
275 3509 615 3577 possidebis.
664 3509 898 3567 Circuivi
952 3532 1157 3572 omnem
1214 3531 1414 3575 terram
1453 3540 1574 3595 quae
1637 3527 1734 3578 sub

144 3599 263 3652 ratio
289 3609 395 3654 est.
433 3601 699 3658 Circuivit
722 3620 829 3660 non
861 3609 1174 3666 carnalibus
1207 3613 1469 3681 vestigiis,
1496 3615 1593 3672 sed
1622 3619 1734 3672 cir-

142 3691 481 3748 cuitiouibos
509 3693 838 3765 iniquitatis,
888 3715 992 3755 non
1028 3706 1262 3759 terrenis
1304 3708 1604 3777 gressibus,
1638 3711 1733 3765 sed

141 3783 486 3850 spiritalibus
531 3789 974 3858 seductionibus,
1045 3795 1280 3850 Circuiui
1324 3807 1487 3854 totum
1539 3813 1735 3856 terram

139 3892 251 3945 quis
272 3880 374 3932 sub
399 3879 528 3934 calo
561 3891 660 3936 est.
689 3883 805 3940 Non
839 3899 938 3954 per
966 3895 1272 3958 temporum
1307 3893 1480 3961 Spatia
1531 3893 1734 3949 circui-

140 3971 227 4035 sti,
272 3973 372 4026 sed
420 3974 623 4040 subito,
658 3977 916 4034 celeriter
964 3995 1030 4035 ac
1088 3982 1352 4039 velociter
1403 3987 1588 4040 omnia
1614 4005 1736 4058 quae

137 4061 234 4116 sub
277 4063 430 4118 caelo
464 4075 591 4120 sunt
636 4071 962 4139 peragrasti,
1007 4079 1062 4125 et
1114 4075 1301 4128 omnia
1347 4091 1468 4145 quae
1510 4076 1579 4142 in,
1609 4094 1736 4134 aere

138 4163 259 4208 sunt
304 4156 672 4225 pervolando,
715 4169 769 4214 et
800 4170 999 4216 cuncta
1028 4167 1284 4240 quaagsub
1321 4168 1463 4223 caelo
1496 4180 1622 4224 sunt
1651 4170 1736 4224 in-

137 4246 442 4315 spiciendo,
471 4250 653 4306 subito
682 4252 750 4306 ab
771 4253 984 4309 oriente
1007 4257 1073 4310 ad
1096 4273 1350 4314 occasqu
1376 4265 1732 4332 transeundo,

136 4347 187 4390 et
212 4354 239 4390 a
273 4340 592 4395 meridiano
619 4344 687 4396 ad
721 4344 1030 4413 aquilonem
1059 4349 1412 4416 pervoiaudo,
1440 4362 1495 4407 et
1516 4369 1581 4408 ea
1613 4370 1735 4424 quae

135 4444 227 4498 per
254 4444 502 4501 quatuor
533 4436 796 4490 terminos
827 4437 976 4493 orbis
1004 4438 1057 4492 in
1089 4443 1344 4498 omnibus
1373 4446 1652 4514 gentibus,
1682 4458 1736 4502 et

134 4523 465 4592 provinciis,
525 4535 580 4581 et
622 4528 938 4600 regionibus
981 4541 1147 4603 atque
1204 4535 1405 4606 lingulis
1444 4541 1600 4607 iinnt,
1651 4542 1731 4596 vel

1843 3355 1929 3400 tus
1974 3352 2138 3411 atque
2183 3341 2448 3399 callidus!
2490 3342 2628 3398 Cum
2677 3343 2824 3398 enim
2860 3343 2928 3397 ad
2960 3341 3128 3398 Deum
3173 3342 3440 3413 loqueris,

1841 3438 2206 3493 humilitatem
2261 3440 2494 3510 fingens,
2541 3447 2710 3494 totam
2758 3447 2961 3493 terram
3012 3449 3132 3508 qua:
3163 3437 3265 3494 sub
3299 3438 3440 3495 caelo

1839 3539 1928 3586 est
1969 3531 2237 3585 circuisse
2274 3541 2324 3586 te
2356 3530 2513 3596 dicis,
2553 3540 2610 3586 et
2639 3530 2763 3586 cmli
2797 3545 2904 3586 non
2943 3531 3262 3587 meministi.
3302 3531 3439 3586 Cum

1839 3632 2022 3679 autem
2045 3625 2113 3678 ad
2139 3623 2389 3678 homines
2415 3621 2676 3693 loqueris,
2703 3633 2835 3677 tunc
2861 3623 3215 3679 nihilominus
3241 3639 3439 3692 magna

1839 3709 2068 3782 loquens
2096 3722 2155 3768 ut
2183 3714 2430 3769 homines
2466 3714 2668 3785 rapias,
2713 3713 2854 3770 dicis
2885 3731 2898 3766 :
2930 3712 2997 3768 In
3030 3714 3216 3769 caelum
3253 3731 3442 3768 ascen-

1838 3805 1986 3871 dam,
2031 3821 2188 3874 super
2223 3805 2405 3860 stellas
2447 3806 2562 3860 caeli
2593 3823 2786 3876 ponam
2816 3805 2989 3861 sedem
3025 3823 3218 3874 meum,
3252 3816 3300 3862 et
3346 3822 3439 3860 ero

1839 3896 2028 3951 similis
2056 3896 2327 3950 Altissimo
2361 3897 2451 3951 π’.
2499 3896 2613 3952 lloc
2643 3898 2900 3952 nimirum
2928 3899 2997 3952 ob
3027 3899 3130 3954 hoc
3163 3899 3302 3954 dicis
3327 3939 3342 3964 ,
3380 3907 3438 3956 ut

1838 4004 1936 4059 pro
1954 3985 2235 4042 Altissimo
2253 3988 2466 4042 adorari
2485 3999 2648 4058 atque
2668 3989 2776 4043 coli
2805 3990 2872 4043 ab
2897 3989 3210 4044 hominibus
3230 3991 3433 4059 possis.

1908 4079 2174 4146 Circuivi,
2224 4081 2421 4151 inquit,
2470 4089 2634 4135 totam
2667 4093 2864 4136 terram
2908 4099 3026 4153 qua:
3060 4083 3154 4137 sub
3186 4085 3312 4136 uelo
3334 4094 3434 4142 est.

1838 4172 2066 4229 Terram
2103 4174 2329 4242 circuis,
2349 4190 2382 4224 o
2408 4174 2645 4241 diabole,
2673 4175 2739 4228 ad
2771 4176 3144 4240 dcsolandum,
3165 4176 3230 4230 ad
3255 4185 3437 4230 exter-

1838 4266 2152 4321 minandum
2192 4282 2337 4320 eam.
2371 4265 2444 4321 Ea
2474 4282 2593 4338 qua:
2626 4267 2730 4324 sub
2754 4266 2896 4323 coelo
2925 4279 3050 4322 sunt
3082 4284 3339 4339 peragras
3367 4267 3435 4324 ad

1838 4358 2266 4426 perturbandum
2296 4368 2350 4412 et
2377 4359 2828 4428 pervertendum,
2854 4366 2907 4412 et
2930 4360 2996 4413 ad
3028 4359 3272 4414 furorem
3298 4376 3434 4414 cou-

1837 4447 2082 4504 citandas
2115 4458 2278 4521 atque
2308 4449 2724 4505 exacerbandas
2771 4460 2962 4520 gentes
2999 4452 3272 4507 adversus
3301 4468 3436 4522 gen-

1841 4555 1921 4599 tes
1970 4551 2024 4599 et
2052 4544 2320 4614 regiones.
2349 4541 2457 4598 Pro
2489 4544 2608 4599 istis
2634 4559 2766 4611 ergo
2792 4545 3068 4607 omnibus,
3101 4546 3297 4614 inquit,
3328 4547 3435 4600 cir-

135 4619 397 4674 dicuntur
439 4620 652 4684 videns,
697 4633 749 4678 et
794 4622 1044 4693 audiens,
1090 4635 1146 4681 et
1187 4629 1369 4682 sciens
1392 4671 1406 4694 ,
1454 4646 1560 4685 non
1615 4641 1734 4686 tau-
1767 4616 1812 4671 ί)
1840 4636 1983 4692 cuivi
2021 4645 2191 4690 tOtam
2222 4645 2423 4690 terram
2451 4651 2572 4707 quae
2599 4636 2700 4691 sub
2738 4635 2881 4707 coelo
2913 4647 3017 4704 est,
3053 4647 3106 4691 et
3142 4639 3286 4690 veni.
3324 4637 3434 4692 Sed

134 4725 292 4779 quam
351 4715 412 4768 in
453 4717 747 4783 praesentia
789 4716 1022 4783 habens,
1069 4721 1164 4775 sed
1203 4730 1461 4794 tanquam
1507 4725 1732 4794 spiritus

134 4804 341 4869 volans,
379 4814 437 4860 et
459 4808 638 4861 omnia
667 4824 785 4878 quas
816 4825 948 4865 voce
970 4810 1229 4867 dicuntur
1251 4816 1501 4880 audiens,
1530 4826 1584 4872 et
1612 4833 1731 4887 quze

133 4898 398 4964 operibus
446 4898 584 4954 liunt
637 4900 889 4956 universa
955 4903 1166 4968 videns,
1225 4921 1288 4958 ea
1344 4920 1476 4960 vero
1525 4923 1646 4976 qua:
1677 4909 1729 4961 in

134 4989 297 5045 corde
332 4998 507 5060 atque
538 4990 680 5045 intra
715 4992 962 5046 animum
996 5002 1327 5060 tractantur,
1362 4997 1633 5052 nesciens.
1671 4997 1731 5053 Si

131 5083 274 5138 enim
320 5083 610 5140 hominum
651 5087 1012 5157 cogitationes
1063 5088 1280 5154 scisset,
1343 5090 1591 5160 proiecto
1620 5094 1734 5148 nul-

131 5171 240 5229 lum
287 5175 577 5232 hominem
633 5177 845 5234 salvum
900 5179 1019 5234 fieri
1074 5181 1440 5250 permisisset,
1487 5183 1732 5252 nihilque

134 5266 256 5324 boni
282 5272 584 5340 perlicere,
618 5271 714 5326 sed
746 5271 930 5327 omnia
968 5273 1107 5327 bona
1146 5288 1271 5328 mox
1305 5285 1363 5329 ut
1403 5277 1734 5346 cogitatione

133 5371 313 5432 coepta
343 5361 602 5430 fuissent,
632 5364 894 5421 continuo
925 5365 1254 5432 destrueret,
1293 5367 1554 5422 continuo
1613 5382 1735 5437 per-

134 5456 298 5510 licere
354 5469 465 5508 non
511 5457 872 5525 permisisset.
910 5455 1067 5513 Nunc
1096 5473 1228 5513 vero
1254 5473 1318 5513 ea
1364 5460 1582 5528 quidem
1615 5475 1735 5529 qtne

131 5550 468 5618 cogitantur,
499 5549 585 5604 vel
619 5560 922 5607 tractantur
966 5552 1181 5624 ignorat
1210 5571 1224 5608 :
1264 5570 1328 5610 ea
1359 5571 1493 5610 vero
1523 5571 1645 5625 qua:
1681 5557 1734 5610 in

129 5642 397 5709 operibus
423 5643 582 5710 linat,
617 5654 672 5699 et
706 5659 804 5715 per
832 5661 1021 5701 vocem
1057 5647 1336 5713 dicuntur,
1363 5647 1534 5714 audit,
1563 5657 1620 5702 et
1652 5649 1733 5701 vi-

133 5733 242 5798 det,
274 5745 474 5805 utpote
498 5736 731 5807 spiritus
764 5738 996 5795 callidus
1025 5755 1092 5796 ac
1131 5741 1371 5808 subtilis,
1401 5751 1456 5797 et
1481 5742 1571 5811 qui
1612 5741 1730 5796 ubi-

199 5913 248 5944 “
298 5910 404 5964 lob
435 5929 473 5978 l,
507 5911 558 5966 7.
636 5913 680 5945 ⁸⁷
724 5913 738 5966 1
779 5913 924 5970 Petr.
951 5933 1002 5983 ν,
1165 5921 1207 5952 ³⁸
1243 5918 1258 5972 Ι
1293 5919 1422 5990 Reg.
1468 5935 1525 5988 ll,
1571 5921 1625 5976 3.

1840 4727 2015 4783 adhuc
2044 4729 2206 4783 aliter
2230 4729 2452 4784 circuivi
2483 4739 2651 4784 totam
2681 4739 2908 4794 terram,
2935 4746 3128 4785 onmes
3159 4739 3432 4795 terrenos,

1840 4833 1934 4875 eos
1980 4821 2073 4890 qui
2125 4832 2342 4877 terrena
2387 4821 2606 4890 sapiunt
2663 4831 2897 4888 tantum,
2946 4839 3040 4877 eos
3070 4824 3159 4892 qui
3217 4808 3434 4876 terrena

1841 4910 1953 4965 sola
1985 4911 2252 4981 cogitant,
2283 4923 2338 4967 et
2382 4912 2743 4979 meditantur,
2779 4912 3014 4984 diligunt
3053 4923 3217 4983 atque
3259 4916 3436 4982 requi-

1842 5011 1988 5057 runt.
2021 5003 2159 5057 Istos
2189 5019 2319 5073 ergo
2348 5003 2570 5070 circuis,
2611 5003 2895 5074 exploras,
2922 5004 3172 5074 exquiris
3210 5012 3266 5057 et
3302 5019 3436 5056 cou-

1839 5095 2042 5160 culcas,
2076 5095 2204 5165 quia
2250 5096 2508 5151 introitus
2540 5107 2596 5152 et
2636 5097 2819 5152 exitus
2853 5097 2996 5149 viam
3052 5109 3215 5164 atque
3246 5095 3348 5149 iter
3378 5099 3431 5148 in

1840 5186 1921 5239 eis
1948 5186 2136 5242 habes.
2168 5185 2281 5253 Sic,
2310 5187 2557 5256 inquam,
2593 5189 2792 5243 circuis
2823 5198 3095 5252 terram,o
3119 5185 3353 5249 diabole,
3381 5195 3433 5240 et

1839 5291 2105 5347 peragras
2134 5292 2199 5333 ea
2246 5293 2368 5347 qua:
2399 5279 2499 5333 sub
2553 5278 2695 5335 cwlo
2743 5289 2893 5334 sunt.
2942 5279 3070 5346 Qum
3100 5288 3227 5334 sunt
3275 5275 3436 5332 haec?

1839 5367 2016 5423 Corda
2047 5383 2170 5437 qua:
2216 5384 2322 5423 non
2350 5380 2479 5424 sunt
2529 5370 2581 5424 in
2629 5370 2794 5435 caelo,
2823 5387 2945 5442 qua:
2989 5371 3042 5425 in
3074 5371 3272 5426 coelum
3302 5387 3435 5425 nun-

1839 5475 2004 5532 quam
2035 5462 2428 5530 asceuderunt,
2471 5478 2648 5532 neque
2692 5463 2816 5517 ﬁdei
2864 5463 3204 5534 integritate,
3251 5449 3438 5532 neque.

1841 5555 2042 5609 mentis
2089 5554 2386 5619 desiderio.
2433 5571 2606 5625 neque
2657 5555 2870 5611 Domini
2920 5555 3208 5622 memoria,
3253 5573 3432 5628 neque

1843 5648 2265 5703 resurrectionis
2297 5649 2729 5718 exspectatione,
2781 5664 2960 5719 neque
2982 5647 3174 5718 iudicii
3211 5651 3428 5717 timore,

1840 5754 2016 5810 neque
2045 5755 2141 5810 spe
2167 5741 2354 5812 gloria:
2381 5749 2616 5810 aeternae,
2650 5743 2744 5798 sed
2777 5744 2972 5800 borum
3031 5745 3273 5800 omnium
3309 5760 3432 5816 qua:

1703 5922 1767 5953 ³⁸·
1800 5920 1898 5977 isa.
1939 5937 2046 5990 xxv,
2077 5921 2165 5982 15.
