3902 6522
526 431 626 487 Ml

1651 430 2032 487 ANONYMUS
2071 430 2135 484 IN
2169 431 2310 487 JOB.
2348 464 2415 472 —
2451 431 2579 485 LIB.
2618 433 2655 485 l.

3668 438 3767 490 1’9.

526 547 579 600 iu
640 545 780 601 coelo
823 550 986 613 sunt,
1019 542 1472 611 'obliviscuutur,
1524 544 1829 616 despiciunt
1883 561 2097 616 quoque
2125 551 2170 606 Α
2203 545 2407 611 Mosen,
2441 547 2508 600 de
2536 561 2643 616 quo
2671 544 2800 601 dicit
2831 545 2897 599 ad
2930 546 3149 601 Aaron:
3184 545 3304 600 Non
3344 547 3480 600 sicut
3535 545 3767 616 famulus

522 645 685 704 atque
718 634 1062 703 delinquunt.
1107 633 1258 688 Talia
1293 636 1610 689 suntcorda
1661 635 1901 690 omnium
1950 635 2093 690 fero-

521 728 682 790 cium,
716 724 1098 793 pertinacium,
1145 740 1333 781 eorum
1374 728 1464 796 qui
1492 742 1596 781 non
1629 736 1799 796 agunt
1824 728 2094 797 paeniten-

520 817 675 871 tiam.
729 816 1109 886 llujuscemodi
1171 818 1315 873 enim
1376 819 1540 874 corda
1599 818 1793 874 circuit
1842 819 2090 875 diabolus

517 909 852 976 persuadens
880 918 1044 979 atque
1073 910 1373 978 inlatuans,
1397 912 1708 969 obtundens
1736 920 1899 982 atque
1924 912 2091 967 obdu-

515 1013 662 1061 rans,
692 1016 879 1055 eorum
912 1002 1011 1072 qui
1038 1017 1099 1057 ea
1128 1018 1247 1074 quae
1269 1020 1431 1074 super
1456 1006 1653 1060 coelum
1680 1016 1810 1062 sunt
1835 1009 1887 1061 in
1913 1007 2089 1061 incor-

514 1092 767 1160 ruptione
820 1108 926 1148 non
958 1096 1197 1165 sapiunt,
1255 1098 1346 1151 sed
1376 1113 1441 1152 ea
1485 1098 1599 1152 sola
1648 1114 1769 1167 quae
1794 1100 1893 1153 sub
1948 1099 2087 1154 coalo

512 1191 641 1237 sunt
687 1184 739 1238 in
790 1188 1141 1257 corruplione
1192 1204 1356 1257 super
1402 1199 1603 1243 terram
1656 1191 1958 1259 requirunt.
2012 1189 2086 1245 Dc

512 1274 631 1330 istis
662 1290 790 1344 ergo
820 1278 1071 1333 omnibus
1102 1278 1229 1333 dicit
1264 1296 1278 1332 :
1312 1279 1541 1333 (Ιίνιιιὶυὶ
1565 1288 1731 1333 totum
1755 1292 1949 1334 terram
1969 1298 2085 1350 qua:

508 1368 604 1421 sub
634 1369 761 1422 cosio
798 1380 898 1435 est,
938 1384 985 1424 et
1012 1372 1147 1427 veni.
1192 1374 1235 1425 A
1268 1372 1423 1426 nobis
1451 1384 1634 1425 autem
1667 1373 1935 1428 avertitur
1960 1390 2081 1427 cum

509 1460 676 1514 donat
730 1460 872 1516 Deus
908 1477 1005 1517 cor
1050 1464 1331 1528 mundum,
1382 1464 1621 1518 animam
1662 1476 1889 1530 castam,
1930 1480 2084 1521 men-

510 1560 723 1620 temque
753 1552 921 1621 piam,
962 1554 1121 1609 [idem
1154 1555 1443 1625 integram,
1489 1556 1699 1625 plenam
1732 1558 2079 1624 charitatem,

508 1642 936 1699 misericordiam
986 1646 1617 1718 sinceram,‘puritatem
1659 1665 1764 1704 non
1813 1650 1989 1705 [ictam
2025 1660 2081 1707 et

505 1750 655 1803 spem
710 1736 1063 1804 immobilem,
1116 1748 1173 1791 ut
1220 1754 1412 1795 omnes
1463 1742 1783 1809 nequissimi
1831 1742 2081 1797 incursus

508 1838 671 1894 atque
699 1842 951 1883 accessus
983 1828 1141 1899 longe
1184 1846 1212 1883 a
1260 1831 1413 1887 nobis
1449 1842 1785 1895 avertantur,
1820 1844 1875 1887 et
1901 1833 2079 1888 omnis

507 1920 745 1973 versutia
780 1920 896 1988 ejus
926 1921 1151 1977 confusa
1195 1933 1361 1991 atque
1390 1924 1637 1979 ineﬂicax
1680 1927 2079 1995 comprobctur.
2116 1904 2157 1962 Β

509 2011 615 2065 Sed
646 2011 862 2066 interim
892 2028 1015 2068 cum
1048 2015 1161 2068 lucc
1184 2016 1386 2069 diceret
1411 2016 1657 2070 diabolus
1682 2018 1823 2086 quod
1854 2018 2082 2073 circuis-

508 2112 589 2156 set
640 2114 862 2170 terram,
910 2116 967 2160 et
995 2118 1338 2176 peragrasset
1378 2121 1440 2162 ea
1472 2124 1595 2177 qua:
1634 2110 1736 2163 sub
1764 2110 1906 2164 caelo
1932 2119 2080 2175 sunt,

505 2194 786 2263 respondit
815 2194 865 2249 ei
896 2193 1060 2262 Deus,
1108 2198 1295 2251 dicens
1328 2213 1343 2252 :
1376 2196 1809 2252 Animadvertisli
1854 2199 1924 2252 ad
1953 2216 2079 2269 pue-

504 2300 623 2338 rum
655 2302 824 2339 meum
856 2286 979 2353 Job,
1012 2290 1136 2356 quia
1160 2290 1349 2342 similia
1388 2291 1436 2343 ei
1466 2305 1567 2343 non
1602 2300 1675 2344 est
1714 2292 1991 2361 quicquam
2025 2292 2081 2346 in

503 2377 660 2430 terris
692 2378 770 2431 "'1
802 2378 1082 2449 Tanquam
1110 2382 1154 2436 si
1197 2382 1403 2436 diceret
1432 2400 1445 2436 :
1476 2382 1612 2449 Quia
1642 2383 1897 2453 gloriaris
1935 2384 2079 2453 quod

504 2478 708 2523 terram
759 2470 1062 2533 circuieris,
1107 2482 1162 2527 et
1206 2488 1270 2528 ea
1312 2489 1435 2545 qum
1482 2476 1584 2530 sub
1618 2475 1755 2531 cmlo
1792 2486 1917 2529 sunt
1956 2491 2080 2545 per-

501 2562 801 2628 agraveris,
821 2562 906 2616 dic
929 2562 1082 2628 mihi,
1110 2565 1538 2620 animadvertisti
1565 2566 1628 2619 ad
1646 2581 1869 2636 puerum
1899 2582 2077 2622 meum

500 2647 638 2705 Job?
678 2651 833 2719 Quod
863 2656 909 2709 si
949 2654 1180 2712 forsitan
1212 2657 1436 2724 dixeris,
1476 2658 1663 2713 nescio
1693 2658 1813 2726 quis
1846 2659 1917 2715 sit
1953 2657 2074 2725 101),

501 2743 592 2798 hic
620 2754 725 2813 est,
750 2745 839 2800 cui
867 2762 972 2801 non
999 2758 1084 2803 est
1115 2749 1276 2803 homo
1300 2750 1495 2804 similis
1516 2766 1680 2821 super
1709 2761 1929 2806 terram.
1960 2752 2075 2823 Ego

501 2835 624 2891 dico
659 2838 801 2905 quod
824 2854 931 2893 non
957 2839 1029 2894 sit
1064 2839 1140 2895 illi
1167 2841 1363 2897 similis
1396 2857 1561 2911 super
1588 2851 1788 2897 terram
1821 2853 1916 2899 :tn
1946 2859 2075 2899 vero

500 2925 593 2993 qui
614 2926 749 2980 dicis
776 2928 917 2995 quod
944 2937 1145 2983 terram
1172 2929 1477 2998 circuieris,
1506 2940 1560 2986 et
1588 2947 1650 2986 ea
1672 2947 1791 3002 quae
1813 2934 1915 2987 sub
1936 2934 2075 2990 cmlo

496 3026 625 3070 sunt
655 3020 1057 3089 peragravcris,
1106 3022 1331 3077 ostende
1380 3024 1543 3077 alium
1592 3025 1827 3079 similem
1872 3025 1970 3080 illi.
2007 3026 2073 3079 Et

496 3121 628 3163 vere
660 3111 975 3180 nequissimi
1021 3112 1222 3170 diaboli
1270 3116 1628 3186 cogitationes
1664 3118 1866 3188 arguit,
1909 3129 2074 3188 atque

493 3198 742 3255 illicitum
775 3201 893 3273 ejus
920 3203 1142 3260 livorem
1184 3208 1440 3273 ostendit,
1470 3223 1629 3278 quem
1669 3209 1960 3265 meditatus
1986 3219 2069 3266 est
2097 3236 2146 3293 ο

492 3306 559 3347 ac
585 3296 837 3364 nequiter
890 3298 1169 3369 cogitavit,
1205 3315 1325 3354 cum
1366 3300 1465 3355 Job
1499 3302 1706 3357 zelatur
1738 3311 1794 3359 et
1836 3303 2064 3358 invidet.

489 3384 570 3438 Ac
618 3385 662 3438 si
706 3386 955 3442 diceret:
988 3388 1097 3459 Ego
1133 3406 1302 3456 arguo
1342 3393 1716 3448 meditationes
1764 3403 1908 3459 tuas,
1940 3409 2066 3449 ecce

491 3475 674 3528 revelo
725 3478 955 3531 consilia
1004 3489 1114 3544 tua,
1146 3496 1274 3535 ecce
1324 3485 1552 3538 ostendo
1593 3483 1889 3553 nequitiam
1918 3494 2065 3538 tuam

489 3574 658 3633 atque
690 3564 937 3621 livorem.
985 3567 1124 3627 Ecce
1162 3569 1231 3624 do
1264 3571 1355 3623 tibi
1387 3574 1695 3638 audaciam,
1740 3573 2065 3645 utproferas

490 3654 751 3709 malitiam
787 3666 956 3721 tuam,
981 3671 1039 3714 ut
1065 3659 1354 3729 depromas
1387 3662 1771 3734 malignitatem
1805 3674 1973 3727 tuam,
2007 3674 2066 3719 ut

488 3743 557 3798 ad
595 3755 874 3802 certamen
905 3758 1067 3819 atque
1092 3751 1334 3821 prmlium
1385 3752 1600 3809 beatum
1639 3755 1906 3823 requiras.
1952 3754 2061 3809 Nisi

487 3835 634 3890 enim
672 3839 922 3895 tiduciam
979 3844 1292 3912 acceperis,
1346 3860 1590 3915 quaerere
1637 3862 1742 3900 non
1794 3846 2059 3903 audebis:

483 3927 917 3985 Animadvertiin
950 3933 1020 3986 ad
1063 3951 1283 4003 puerum
1330 3952 1499 3991 meum
1545 3934 1691 3994 Job?
1735 3936 1847 3995 Hoc
1869 3954 1954 3995 est
1980 3957 2066 3996 re—

480 4018 683 4076 laxasti
732 4023 971 4079 animum
1021 4034 1190 4093 tuum,
1239 4027 1602 4098 cogitationes
1649 4040 1790 4096 tuas,
1834 4033 2060 4089 consilia

488 4121 600 4177 tua,
629 4113 1008 4172 meditationes
1037 4127 1174 4173 tuas.
1199 4120 1278 4174 Ad
1300 4122 1504 4189 quem?
1534 4121 1618 4175 Ad
1644 4139 1863 4189 puerum
1892 4142 2062 4179 meum

482 4204 604 4260 Job.
649 4206 944 4263 Lartaberis
984 4210 1293 4266 adversarie
1339 4212 1536 4282 sagitta
1582 4213 1635 4267 in
1672 4216 1890 4271 modum
1920 4217 2060 4287 ignis

482 4299 870 4355 comburente?
918 4300 1067 4356 llanc
1093 4316 1279 4356 vocem
1323 4304 1569 4359 diabolus
1598 4321 1937 4376 nequaquam
1962 4324 2060 4363 au-

483 4386 601 4442 dire
638 4391 859 4457 patitur,
906 4405 1014 4446 non
1058 4390 1253 4446 tolerat
1299 4394 1698 4462 nequissimus,
1753 4405 1811 4450 ut
1860 4396 2061 4466 aliquis

483 4494 675 4535 servus
706 4481 797 4535 Dei
826 4482 920 4546 sit,
947 4482 1031 4536 vel
1063 4482 1286 4539 omnino
1322 4486 1652 4540 nominetur.
1706 4487 1837 4542 Cum
1876 4500 2053 4544 autem

2199 654 2345 690 meus
2373 636 2544 690 Moses
2572 639 2623 689 iu
2657 647 2767 690 tota
2795 639 2948 690 domo
2976 654 3089 689 mea
3113 636 3283 704 ﬁdelis
3309 638 3349 690 ¹.
3382 636 3448 690 Ει
3486 647 3610 704 post
3634 651 3766 704 pau-

2198 731 2366 785 lulum
2404 746 2417 783 :
2450 729 2722 794 Quomodo
2755 746 2858 783 non
2892 730 3114 783 timuisti
3144 730 3290 800 loqui
3319 733 3382 781 de
3414 729 3619 797 famulo
3656 746 3765 783 meo

2198 820 2345 876 Mosa
2372 821 2426 874 ’ζ’
2451 820 2589 886 Quid
2623 822 2724 875 hoc
2757 820 2928 889 majus
2955 832 3058 887 est,
3092 822 3219 889 quid
3253 822 3528 891 superius,
3557 832 3616 875 ut
3646 824 3765 887 quis

2196 914 2267 969 sit
2302 911 2576 969 Creatoris
2610 928 2795 967 servus
2836 923 2999 981 atque
3028 912 3264 967 caelestis
3314 913 3457 983 regis
3497 912 3765 967 famulus?

2195 1004 2312 1059 Non
2343 1014 2425 1060 est
2454 1005 2553 1059 hac
2582 1006 2753 1074 major
2781 1004 2972 1073 gloria.
3002 1003 3174 1073 Super
3209 1005 3321 1058 hinc
3352 1014 3534 1059 autem
3587 1005 3761 1071 ipsum

2193 1094 2468 1150 diabolum
2503 1094 2767 1163 increpat,
2814 1094 2999 1164 dejicit
3042 1105 3205 1167 atque
3251 1092 3507 1165 obiurgat
3552 1109 3653 1163 per
3712 1095 3761 1147 id

2192 1186 2338 1257 quod
2376 1186 2477 1241 Job
2523 1201 2751 1255 puerum
2792 1200 2947 1241 suum
2993 1187 3272 1256 appellat:
3306 1186 3760 1249 Animadvertisli,

2191 1278 2385 1347 inquit,
2414 1276 2484 1330 ad
2510 1293 2727 1347 puerum
2751 1293 2919 1331 meum
2943 1274 3082 1330 Job?
3116 1279 3193 1332 Ac
3229 1278 3274 1332 si
3302 1278 3542 1333 diceret:
3577 1278 3763 1332 Nonne

2189 1370 2367 1425 victus
2395 1384 2475 1433 es,
2507 1379 2563 1424 et
2586 1367 2829 1436 deiectus
2856 1376 3017 1438 atque
3050 1368 3387 1438 humiliatus,
3420 1380 3477 1424 ut
3503 1370 3607 1425 Job
3641 1386 3763 1426 cor-

2156 1446 2159 1451 ”
2188 1459 2460 1529 ruptibilis
2489 1470 2652 1529 atque
2678 1468 2927 1514 terrenus
2962 1460 3125 1515 homo
3156 1474 3349 1516 servus
3376 1476 3530 1515 meus
3583 1462 3677 1524 sit,
3708 1472 3763 1514 et

2187 1553 2242 1608 in
2271 1566 2391 1608 mea
2417 1552 2676 1607 servitute
2716 1552 2968 1607 maneat?
3003 1551 3080 1606 Tu
3113 1567 3261 1619 vero,
3290 1567 3323 1607 ο
3362 1552 3602 1617 diabole,
3636 1569 3758 1606 cum

2186 1648 2436 1717 superior
2482 1648 2559 1703 sis
2612 1644 2841 1717 angelis,
2894 1659 3017 1700 cum
3070 1645 3211 1700 inter
3259 1646 3546 1701 cherubim
3601 1660 3631 1698 a
3676 1660 3760 1699 me

2187 1750 2426 1805 creatus,
2451 1755 2481 1794 a
2513 1753 2629 1794 mea
2659 1738 2925 1794 servitute
2958 1738 3253 1801 recessisti,
3284 1747 3337 1793 et
3366 1752 3545 1792 meum
3589 1737 3757 1791 mini-

2186 1834 2411 1890 sterium
2440 1833 2811 1903 dereliquisti,
2827 1831 3019 1887 merito
3050 1847 3116 1887 ex
3159 1832 3362 1887 sanctis
3408 1830 3599 1886 choris
3634 1844 3756 1899 pro—

2182 1926 2359 1998 jectus
2384 1936 2547 1995 atque
2572 1940 2601 1979 a
2632 1925 2947 1981 coelestibus
2987 1923 3173 1993 pulsus
3212 1923 3355 1978 circa
3396 1933 3571 1977 terras
3595 1923 3754 1976 ober-

2185 2033 2297 2082 ras,
2328 2017 2472 2073 circa
2517 2026 2691 2070 terras
2732 2025 2935 2087 reptas,
2978 2026 3030 2071 et
3078 2025 3320 2071 terrenos
3358 2016 3757 2079 circumvenire

2182 2109 2419 2164 conaris.
2450 2107 2530 2163 0b
2564 2109 2665 2161 hoc
2697 2123 2819 2161 cum
2863 2107 2997 2162 dicis
3027 2108 3167 2177 quod
3214 2116 3412 2162 terram
3449 2107 3752 2170 circnieris,

2181 2206 2236 2251 et
2261 2211 2324 2251 ea
2354 2211 2474 2265 qua:
2500 2196 2599 2250 sub
2628 2200 2765 2249 caelo
2814 2207 2940 2251 sunt
2978 2198 3375 2269 peragraveris,
3424 2198 3555 2267 quia
3587 2197 3755 2249 coele-

2181 2290 2347 2344 stium
2380 2290 2563 2360 refuga
2598 2288 2829 2345 elIcctus
2861 2299 3023 2359 atque
3050 2289 3105 2343 in
3145 2289 3376 2344 terrenis
3410 2297 3653 2358 reptare,
3703 2290 3754 2342 in

2182 2392 2325 2437 terra
2382 2383 2732 2445 manducare,
2787 2382 2837 2436 in
2894 2396 3125 2453 persona
3160 2382 3427 2451 serpentis
3458 2397 3520 2435 cs
3582 2382 3755 2436 male-

2179 2472 2377 2533 dictus.
2414 2472 2846 2527 animadvertisti
2899 2473 3081 2527 animo
3119 2472 3210 2527 illo
3254 2474 3616 2542 nequissimo,
3672 2474 3756 2525 iu-

2178 2563 2325 2630 vido,
2356 2564 2586 2631 crudeli,
2636 2579 2826 2635 pravo,
2855 2563 2991 2631 fero,
3036 2563 3101 2618 ad
3149 2579 3376 2634 puerum
3414 2579 3598 2617 meum
3645 2564 3755 2617 mi-

2180 2664 2306 2719 tem,
2356 2656 2672 2726 benignum,
2716 2654 3040 2724 subjectum,
3084 2655 3413 2726 religiosum,
3457 2670 3566 2709 non
3603 2654 3755 2709 frau-

2176 2748 2476 2813 dulentum,
2523 2749 2618 2803 sed
2677 2748 2950 2815 devotum,
2995 2749 3061 2803 ad
3118 2763 3346 2819 puerum
3400 2764 3608 2813 meum,
3666 2750 3752 2803 cui

2174 2854 2280 2894 non
2338 2849 2421 2894 est
2456 2840 2617 2895 homo
2653 2838 2843 2896 similis
2892 2854 3054 2910 super
3099 2841 3341 2895 terram?
3391 2837 3447 2894 lu
3492 2842 3753 2896 omnibus

2174 2930 2472 2987 virtutibus
2514 2940 2676 3002 atque
2728 2932 2925 2987 studiis
2970 2947 3075 2987 non
3116 2940 3202 2986 est
3244 2931 3320 2986 illi
3361 2931 3557 2987 similis
3586 2947 3757 3003 super

2176 3032 2401 3078 terram.
2444 3020 2718 3077 Abraham
2750 3037 2855 3079 non
2906 3032 3011 3089 est,
3056 3023 3206 3079 Isaac
3251 3023 3543 3093 requievit,
3581 3026 3757 3079 Israel

2174 3113 2446 3177 transivit,
2471 3110 2671 3182 Joseph
2697 3115 2931 3181 quietem
2965 3116 3258 3185 assumpsit
3286 3132 3297 3166 :
3324 3124 3616 3187 propterea
3641 3131 3752 3171 non

2175 3212 2260 3259 est
2294 3204 2369 3259 illi
2397 3204 2589 3259 similis
2628 3220 2789 3274 super
2818 3214 3039 3259 terram.
3074 3204 3206 3273 Ego,
3258 3204 3454 3275 inquit,
3494 3206 3755 3260 testimo-

2172 3297 2321 3349 nium
2352 3295 2614 3366 perhibeo
2654 3295 2945 3349 virtutibus
2974 3296 3111 3365 ejus,
3139 3306 3324 3364 utpote
3368 3296 3618 3351 omnium
3661 3312 3754 3353 ce-

2169 3387 2349 3456 guitor
2376 3387 2657 3441 Dominus.
2702 3386 3010 3440 Attestatur
3042 3386 3290 3442 videlicet
3321 3386 3396 3441 illi
3429 3390 3597 3442 etiam
3635 3405 3756 3441 ma~

2168 3481 2347 3550 lignus
2402 3488 2529 3532 tuus
2578 3477 2756 3541 livor,
2790 3494 2823 3532 ο
2874 3478 3103 3533 diabole.
3160 3477 3306 3543 Nisi,
3346 3479 3563 3548 inquit,
3596 3496 3754 3535 meus

2168 3581 2358 3621 servus
2393 3566 2583 3619 fuisset
2633 3575 2856 3620 sanctus
2882 3582 2945 3620 ac
2980 3567 3211 3627 dignus,
3238 3578 3398 3635 atque
3430 3569 3565 3622 mihi
3610 3571 3754 3623 bene

2167 3655 2541 3723 complacens,
2581 3671 2686 3710 non
2716 3657 2902 3725 utique
2948 3674 3067 3711 cum
3121 3658 3327 3713 zelatus
3368 3658 3592 3723 fuisses,
3638 3679 3753 3716 non

2167 3747 2353 3815 utique
2386 3762 2509 3800 cum
2550 3748 2839 3802 invideres.
2883 3747 2995 3803 Non
3032 3765 3089 3803 es
3117 3753 3322 3803 relatus
3348 3752 3505 3805 tEsau
3529 3793 3545 3816 ,
3574 3768 3754 3820 neque

2167 3838 2380 3903 lsmael,
2411 3856 2515 3895 nou
2549 3839 2810 3895 zelaberis
2853 3841 3001 3907 Saul,
3046 3852 3207 3911 atque
3252 3843 3545 3906 Achitofel,
3573 3859 3756 3913 neque

2164 3930 2370 3998 Doech,
2398 3947 2572 4001 neque
2602 3933 2766 3986 ullum
2798 3950 2861 3988 ex
2906 3936 2973 3989 iis
3011 3934 3102 4003 qui
3136 3943 3281 3987 tuam
3317 3950 3634 4004 perversam
3673 3940 3754 3992 fe-

2164 4033 2357 4078 cerunt
2384 4024 2713 4078 voluntatem
2751 4042 2763 4076 :
2798 4026 2892 4080 sed
2941 4026 3145 4079 zelatus
3180 4040 3240 4078 es
3270 4042 3299 4078 a
3326 4026 3525 4081 saeculo
3558 4043 3759 4083 omnes

2161 4131 2350 4172 servos
2401 4132 2549 4172 meos
2588 4127 2755 4187 atque
2794 4117 3047 4185 cultores,
3076 4120 3125 4171 id
3162 4128 3247 4173 est
3269 4118 3402 4171 Abel
3429 4128 3485 4175 et
3518 4117 3749 4191 Josepli,

2163 4218 2218 4263 et
2273 4225 2417 4264 nunc
2469 4210 2642 4279 ipsum
2678 4208 2804 4275 Job,
2854 4220 3015 4280 atque
3054 4211 3138 4263 his
3182 4211 3387 4265 similes
3428 4228 3667 4275 omnes.
3698 4227 3756 4267 et

2162 4315 2353 4355 omnes
2397 4301 2685 4357 sinceriter
2717 4318 2803 4356 me
2837 4303 3167 4357 invocantes.
3203 4303 3341 4367 Quia
3378 4320 3485 4357 non
3530 4317 3632 4370 est,
3664 4306 3752 4359 in-

2161 4393 2297 4461 quit,
2323 4393 2511 4447 similis
2558 4392 2638 4446 illi
2687 4410 2843 4463 super
2885 4404 3104 4448 terram.
3162 4393 3221 4447 In
3262 4410 3368 4463 quo
3402 4411 3508 4450 non
3553 4407 3641 4450 est
3672 4399 3753 4452 si-

2161 4484 2304 4537 milis
2345 4485 2393 4540 ei
2428 4485 2711 4554 quisquam
2766 4500 2931 4554 super
2977 4496 3174 4539 terram
3206 4486 3229 4538 ‘l
3256 4484 3316 4539 ln
3350 4488 3615 4543 omnibus
3654 4489 3756 4542 bo-

479 4570 607 4625 odio
631 4572 856 4627 haberet
889 4571 989 4627 Job
1015 4582 1177 4644 atque
1206 4576 1475 4631 zelaretur
1497 4592 1644 4641 eum,
1673 4578 1868 4648 adjecit
1892 4596 2052 4649 super
2082 4579 2127 4634 D
2157 4577 2240 4631 nis
2286 4577 2561 4645 operibus,
2596 4588 2755 4645 atque
2797 4577 2918 4631 ideo
2962 4576 3191 4641 dilectis,
3220 4579 3337 4633 sine
3367 4580 3598 4648 querela
3638 4594 3753 4645 est,

477 4662 777 4729 nequitiam
813 4679 935 4718 cum
971 4679 1186 4719 servum
1226 4667 1316 4720 Dei
1348 4668 1497 4722 illum
1530 4672 1834 4739 nuncupari
1866 4674 2053 4725 audis-

478 4761 583 4817 Set,
642 4754 753 4809 Deo
816 4768 1114 4826 astruentc,
1167 4761 1251 4814 Ad
1310 4780 1531 4831 puerum
1591 4781 1763 4819 meum
1804 4766 1927 4822 Job.
1985 4768 2053 4823 Et

475 4851 847 4909 animadverte
870 4865 1105 4925 quantus
1128 4872 1325 4913 sensus
1352 4859 1404 4912 in
1434 4859 1535 4913 hoc
1562 4859 1677 4929 ipso
1708 4863 2051 4916 demonstra-

477 4952 567 4996 tur
594 4955 867 5009 sermone,
904 4961 1027 5001 cum
1056 4963 1274 5002 servum
1305 4964 1461 5003 suum
1487 4950 1721 5020 appellat
1752 4952 1870 5007 Job.
1925 4955 2048 5008 Pri-

473 5047 621 5087 mum
647 5035 865 5104 quidem
895 5045 1151 5106 tanquam
1191 5040 1417 5110 gloriam
1461 5041 1564 5096 sibi
1591 5043 1863 5098 existimat
1889 5056 2052 5115 atque

474 5124 731 5179 honorem
770 5127 1011 5180 omnium
1049 5128 1308 5183 Dominus
1336 5146 1457 5184 cum
1487 5142 1674 5186 sancte
1703 5142 1866 5202 atque
1904 5143 2050 5188 caste

474 5214 553 5267 illi
593 5217 835 5270 serviunt
877 5217 1141 5271 homines.
1181 5217 1389 5273 Idcirco
1432 5221 1587 5289 quasi
1634 5220 1872 5291 glorians
1921 5221 2050 5273 dicit

472 5323 620 5363 nunc
647 5324 777 5364 sane
809 5312 873 5366 de
902 5311 1017 5365 solo
1040 5310 1162 5375 Job,
1196 5310 1427 5364 Puerum
1463 5328 1633 5365 meum
1652 5311 1775 5377 Job,
1809 5315 1910 5367 hoc
1942 5321 2043 5376 est,

471 5417 687 5456 servum
720 5420 896 5458 meum
926 5418 939 5455 :
973 5404 1099 5459 alibi
1149 5415 1330 5459 autem
1384 5405 1449 5459 de
1498 5403 1744 5473 plurimis
1772 5420 1787 5457 :
1820 5404 1948 5456 Misi
1976 5404 2045 5455 ad

471 5506 558 5544 vos
600 5508 777 5547 omnes
825 5511 999 5549 servos
1060 5512 1199 5550 meos
1246 5496 1525 5565 prophetas
1569 5496 1610 5551 ί.
1684 5494 1839 5549 Unde
1878 5495 2041 5548 etiam

475 5580 619 5650 ipsos
650 5583 918 5652 gloriﬁcat
968 5597 1129 5656 atque
1166 5587 1479 5655 magniﬁeat
1536 5602 1632 5656 per
1666 5587 1716 5640 id
1750 5587 1890 5654 quod
1929 5600 2046 5637 ser-

474 5682 591 5737 vos,
622 5682 675 5726 et
704 5672 934 5731 famulos
990 5690 1085 5730 eos
1145 5677 1343 5731 astruit
1387 5688 1549 5744 atque
1601 5674 1855 5744 appellat,
1905 5675 2046 5726 sicut

1582 5840 1599 5867 '
1631 5835 1789 5890 Num.
1820 5852 1916 5900 xu,
1938 5836 1990 5887 7.

548 5828 593 5863 "
616 5828 717 5887 Job
755 5850 793 5897 ι,
823 5834 875 5889 8.
957 5836 971 5867 '
1000 5833 1192 5893 Matth.
1219 5850 1377 5901 mit,
1416 5837 1503 5890 51.

2155 4675 2339 4735 utpote
2369 4667 2461 4735 qui
2490 4668 2542 4721 in
2584 4667 2730 4721 nullo
2765 4668 2939 4735 potuit
2975 4670 3313 4738 reprehendi.
3342 4671 3635 4741 Quamvis,
3668 4678 3754 4730 in-

2154 4758 2294 4826 quit.
2332 4766 2386 4809 tu
2430 4772 2552 4811 eum
2595 4760 2978 4827 reprehendas,
3004 4777 3036 4815 ο
3066 4762 3298 4823 diabole.
3324 4766 3481 4832 quasi
3518 4779 3753 4836 propter

2154 4849 2375 4903 divitias
2416 4864 2502 4902 me
2533 4850 2821 4915 colentem,
2869 4862 2991 4920 post
3040 4853 3314 4922 paululum
3373 4859 3749 4925 probabitur,

2154 4940 2280 5010 quia
2308 4940 2528 4995 omnino
2557 4938 2657 4995 Job
2688 4942 2805 4995 sine
2827 4945 3046 5010 querela
3073 4956 3375 5012 permanet,
3411 4957 3467 5001 et
3517 4965 3627 5004 non
3662 4969 3754 5008 so-

2153 5032 2263 5086 lum
2292 5033 2407 5087 sine
2436 5032 2678 5101 querela,
2712 5034 2805 5087 sed
2855 5043 2911 5089 et
2940 5034 3141 5105 justus,
3171 5053 3292 5091 cum
3324 5039 3541 5109 justitia
3573 5046 3748 5100 etiam

2151 5138 2335 5180 verus,
2385 5123 2491 5179 Sed
2538 5124 2663 5192 quia
2709 5124 2953 5195 plerique
2996 5126 3274 5181 hominum
3308 5129 3359 5181 in
3406 5130 3512 5185 hoc
3539 5136 3757 5189 mundo

2147 5214 2399 5267 omnibus
2429 5214 2601 5267 modis
2622 5215 2739 5267 sine
2772 5214 2990 5280 querela
3015 5214 3227 5269 fuerunt
3260 5227 3315 5273 et
3338 5218 3473 5288 justi
3503 5231 3559 5275 et
3583 5239 3748 5278 vera-

2146 5320 2237 5359 ces
2272 5307 2321 5358 in
2365 5305 2612 5358 humanis
2659 5307 2919 5359 duntaxat
2968 5306 3188 5375 judiciis
3225 5319 3279 5363 et
3319 5314 3525 5377 causis,
3579 5325 3750 5385 atque

2149 5396 2590 5463 corruptibilibus
2617 5393 2844 5464 justitiis
2880 5397 3171 5467 universis,
3200 5408 3255 5455 et
3284 5401 3428 5469 quod
3461 5418 3746 5461 summum

2150 5494 2205 5539 et
2234 5486 2522 5539 maximum
2548 5494 2650 5549 est,
2676 5486 2765 5540 Dei
2795 5488 3080 5543 scientiam
3111 5506 3216 5544 non
3244 5492 3581 5561 habuerunt,
3608 5498 3747 5550 cha-

2153 5579 2367 5632 ritatem
2408 5595 2623 5649 quoque
2662 5579 2779 5645 Dei,
2827 5592 2991 5651 atque
3022 5586 3311 5650 culturam,
3340 5590 3544 5643 merito
3577 5606 3747 5658 super

2152 5668 2267 5723 haec
2300 5670 2547 5726 universa
2586 5667 2688 5725 Job
2744 5669 2884 5725 bona
2921 5671 3107 5741 adjicit
3152 5675 3204 5731 id
3251 5678 3397 5746 quod
3432 5680 3753 5735 maximum

2069 5836 2088 5867 ³
2118 5834 2245 5890 ibid.
2279 5834 2335 5891 8.
