3942 6516
235 439 349 500 415

1380 437 1769 497 ANONYMUS
1806 439 1873 494 ιΝ
1910 438 2049 495 JOB.
2084 472 2154 483 --
2190 440 2317 497 LIB.
2363 442 2403 496 l.

3394 443 3501 498 414

230 570 322 614 est
354 559 571 624 dicens,
602 559 701 614 Dei
748 559 952 614 cultor‘
978 575 1001 615 :
1034 559 1151 615 sive
1183 558 1302 614 sine
1340 558 1563 629 querela
1604 556 1819 622 fuisset,
1848 559 1896 618 Α
1927 555 2115 610 Deum.
2158 534 2347 625 incipit
2385 563 2696 619 ostendere,
2729 555 2855 624 quia
2902 554 3158 626 nequiter
3211 557 3500 615 meditatus

230 651 352 706 sive
380 649 584 719 justus,
628 651 744 705 sive
774 666 959 717 verax,
999 650 1185 707 omnia
1235 650 1350 705 haec
1383 659 1609 720 promer
1644 649 1815 703 Deum

227 751 415 808 erant,
445 751 611 811 atque
644 740 737 795 Dei
769 743 1059 797 culturam.
1088 742 1263 813 Super
1294 757 1413 812 qua:
1442 741 1694 796 universa
1719 738 1816 794 ad-

224 832 429 903 jicieus
446 834 576 888 dicit
605 833 920 888 :Abstinens
949 849 1004 888 se
1028 833 1095 887 ab
1121 834 1267 887 omni
1299 848 1353 887 re
1376 832 1519 886 mala
1532 832 1598 899 δ’,
1626 838 1817 900 utpote

226 925 324 995 qui
348 926 514 979 Deum
542 924 775 989 colebat,
806 934 993 995 utpote
1035 925 1127 996 qui
1161 926 1329 981 Deum
1360 927 1655 989 metuebat,
1699 933 1816 977 tan-

226 1031 396 1085 quam
430 1016 521 1085 qui
556 1018 662 1071 Deo
691 1017 989 1079 serviebat,
1020 1025 1076 1071 et
1103 1024 1360 1085 tanquam
1389 1015 1482 1085 qui
1536 1014 1648 1070 Deo
1693 1013 1812 1084 pla-

224 1124 349 1164 cere
385 1109 663 1179 cupiebat.
696 1108 787 1165 Sic
814 1111 998 1180 itaque
1032 1125 1199 1180 super
1230 1123 1424 1165 omnes
1446 1118 1673 1164 ceteras
1698 1107 1814 1163 vir-

226 1210 371 1256 tntes
406 1201 734 1270 praecipuam
762 1200 884 1272 ejus
925 1202 1186 1257 virtutem
1232 1202 1289 1257 in
1320 1200 1673 1257 conclusione
1723 1199 1816 1256 de-

224 1303 546 1349 monstrans
580 1293 673 1349 Dei
705 1296 971 1350 cultorem
1004 1296 1156 1351 illum
1181 1295 1350 1352 fuisse
1372 1294 1814 1366 ostendit,atque

220 1388 294 1442 ab
331 1387 481 1441 omni
513 1402 570 1442 re
604 1387 742 1442 mala
766 1403 827 1443 se
866 1390 1253 1446 abstinentem.
1289 1389 1357 1443 Et
1386 1401 1514 1445 vere
1540 1403 1662 1443 cum
1692 1388 1813 1445 haec

220 1480 293 1533 ad
316 1480 593 1535 diabolum
622 1481 882 1551 loquitur,
910 1496 1009 1552 per
1050 1481 1167 1539 hzec
1199 1482 1474 1539 diabolum
1507 1484 1689 1553 arguit
1721 1490 1809 1537 at-

218 1584 333 1640 que
385 1570 652 1639 increpat,
682 1580 737 1626 et
776 1571 944 1627 veluti
974 1571 1203 1638 diceret,
1234 1573 1385 1638 audi,
1408 1587 1441 1627 o
1476 1571 1711 1637 diabole,
1739 1571 1809 1626 ad

217 1662 443 1716 teenim
477 1674 559 1716 est
594 1661 682 1718 hic
708 1678 909 1729 sermo,
954 1671 1010 1719 et
1043 1673 1133 1719 tua
1161 1665 1276 1720 htec
1316 1664 1618 1734 increpatio
1648 1673 1811 1733 atque

216 1753 550 1825 objurgatio.
585 1754 716 1811 Sine
745 1756 974 1825 querela
1001 1765 1081 1812 est
1110 1754 1238 1823 Job,
1272 1768 1327 1812 tu
1378 1771 1512 1812 vero
1554 1756 1808 1812 omnibus

1920 659 2006 706 est
2031 666 2046 703 ε
2073 649 2264 718 incipit
2290 647 2588 717 publicare,
2615 648 2739 714 quia
2773 647 3039 703 malitiose
3069 649 3348 719 cogitavit.
3376 650 3500 706 Non

1919 743 2031 797 sine
2078 758 2263 805 causa,
2309 741 2586 811 inquiens,
2627 739 2730 794 Job
2768 739 2893 794 colit
2926 740 3114 796 Deum.
3161 740 3277 797 Non
3306 746 3496 812 gratis,

1918 835 2012 891 sed
2039 850 2160 889 cum
2186 833 2397 903 pretio;
2431 847 2537 886 non
2567 832 2792 895 frustra,
2827 832 2921 885 sed
2950 846 3049 901 pro
3079 834 3363 899 mercede;
3389 851 3496 890 non

1916 936 2139 996 propter
2164 924 2441 995 pietatem,
2474 923 2566 978 sed
2595 930 2816 991 propter
2836 924 3090 991 divitias;
3118 940 3225 980 non
3275 936 3499 997 propter

1916 1017 2130 1072 Domini
2163 1016 2533 1078 dilectionem,
2576 1015 2670 1069 sed
2703 1025 2923 1084 propter
2952 1016 3150 1085 peculii
3196 1018 3496 1073 multitudi-

1915 1124 2063 1164 nem.
2103 1107 2218 1162 Non
2270 1107 2390 1163 sine
2437 1121 2598 1161 causa
2639 1104 2742 1160 Job
2781 1105 2907 1161 colit
2960 1107 3145 1162 Deum.
3174 1107 3347 1164 Habet
3398 1126 3498 1180 pro

1914 1199 2111 1269 quibus
2135 1207 2531 1267 recompenset,
2561 1197 2730 1253 habet
2757 1212 2859 1267 pro
2889 1198 3087 1267 quibus
3118 1200 3309 1254 reddat
3334 1201 3497 1255 retri-

1911 1294 2212 1350 butionem.
2244 1289 2369 1347 Non
2420 1291 2533 1346 sine
2566 1305 2728 1344 causa
2762 1290 2886 1343 colit
2935 1290 3122 1346 Deum.
3149 1290 3209 1346 Si
3234 1293 3379 1347 enim
3414 1294 3495 1347 fe-

1913 1387 2220 1443 rocioribus
2280 1393 2446 1455 atque
2496 1383 2917 1439 immanioribus
2969 1384 3278 1440 hominibus
3321 1394 3498 1443 tantas

1911 1480 2192 1538 conferres
2226 1478 2469 1545 divitias,
2485 1486 2540 1532 et
2573 1486 2779 1531 tantam
2810 1477 3065 1546 gloriam,
3094 1488 3259 1548 atque
3286 1488 3493 1535 tantum

1910 1572 2195 1638 honorem,
2225 1571 2470 1643 profecto
2500 1587 2695 1628 omnes
2729 1586 2836 1627 uno
2885 1587 3151 1629 consensu
3193 1574 3287 1630 tibi
3321 1576 3497 1629 servi-

1910 1674 2033 1720 rent
2072 1674 2128 1720 et
2158 1674 2211 1720 te
2236 1664 2499 1721 colerent.
2530 1662 2657 1719 Non
2681 1665 2794 1718 sine
2824 1680 2990 1719 causa
3018 1666 3120 1720 Job
3150 1666 3273 1721 colit
3303 1666 3493 1735 Deum,

1908 1758 2004 1813 sed
2034 1773 2133 1827 pro
2164 1756 2389 1821 divitiis,
2408 1760 2508 1827 pro
2536 1756 3008 1826 possibilitatibus,
3042 1773 3140 1826 pro
3161 1759 3490 1824 substantia,

212 1847 552 1903 criminibus
577 1862 636 1903 es
668 1847 923 1905 refertus.
953 1848 1144 1905 Justus
1172 1857 1259 1906 est
1294 1848 1421 1914 Job,
1452 1859 1505 1904 tu
1532 1864 1663 1903 vero
1692 1848 1809 1916 ipse
1838 1913 1877 1922 _
1910 1867 2009 1922 pro
2039 1850 2414 1915 facultatibus,
2444 1863 2544 1919 pro
2594 1849 2832 1920 potentia
2859 1859 2915 1903 et
2963 1850 3157 1918 gloria,
3195 1860 3358 1921 atque
3391 1853 3493 1907 ho-

210 1938 456 2009 iujustus
501 1954 584 2005 es,
632 1949 690 1995 et
746 1941 914 1995 totius
967 1939 1251 2012 injustitize
1303 1938 1651 2010 suffragator.
1696 1913 1805 1995 ἦε·
1836 1913 1883 1970 Β
1909 1913 2061 1997 bore.
2079 1939 2186 1996 Pro
2206 1939 2292 1995 his
2318 1913 2462 2009 erg-o-
2488 1913 2652 2009 atque
2682 1939 2874 1994 horum
2918 1913 3304 1996 blandimentis
3328 1950 3381 1997 te
3402 1956 3497 1996 co-

211 2044 314 2084 rus
358 2040 449 2085 est
495 2029 597 2085 Job
621 2070 637 2095 ,
677 2040 731 2086 tu
765 2039 948 2086 autem
996 2031 1161 2089 totius
1195 2031 1441 2087 veritatis
1480 2044 1541 2086 es
1573 2046 1803 2099 exsors,

208 2132 380 2193 atque
413 2123 561 2177 omni
594 2123 877 2178 mendacio
911 2125 1101 2194 plenus
1122 2165 1137 2188 ,
1160 2134 1217 2179 et
1239 2124 1418 2180 omnis
1443 2123 1691 2190 fallacia,
1725 2134 1807 2179 at-

206 2229 320 2284 que
347 2213 459 2269 doli
483 2230 545 2268 es
568 2225 741 2285 pater.
775 2216 871 2270 Dei
899 2216 1077 2270 cultor
1102 2226 1187 2271 est
1210 2214 1332 2282 Job,
1364 2226 1421 2271 tu
1441 2231 1571 2272 vero
1596 2216 1689 2272 Dei
1720 2233 1806 2273 re-

208 2306 345 2377 fuga
368 2317 428 2361 et
469 2316 736 2378 apostata,
770 2317 934 2377 atque
976 2308 1194 2364 rebellis
1224 2326 1239 2363 :
1271 2317 1326 2363 et
1362 2322 1470 2364 non
1511 2308 1691 2363 solum
1719 2318 1802 2375 tu,

204 2399 308 2453 sed
341 2407 397 2454 et
430 2412 625 2454 omnes
672 2398 923 2455 homines
955 2399 1025 2455 ad
1076 2400 1181 2456 hoc
1223 2400 1477 2471 instigas,
1511 2400 1706 2456 suades
1747 2408 1804 2454 et

204 2490 397 2545 doces.
423 2489 673 2547 Abstth
690 2504 753 2547 se
777 2491 845 2546 ab
871 2491 1023 2547 omni
1038 2506 1205 2563 opere
1223 2492 1366 2549 malo
1388 2502 1444 2548 et
1466 2494 1634 2548 verbo
1656 2491 1758 2548 Job
1782 2510 1797 2547 :

205 2590 265 2635 tu
299 2590 485 2637 autem
518 2597 679 2637 omne
726 2582 927 2638 malum
964 2592 1021 2639 et
1055 2583 1321 2652 illicitum,
1359 2594 1523 2655 atque
1573 2584 1798 2655 impium

199 2688 366 2742 opus,
393 2683 491 2729 aut
542 2676 764 2730 verbum
812 2675 1096 2732 seminasti
1148 2676 1291 2732 inter
1335 2676 1608 2742 homines,
1636 2686 1801 2746 atque

200 2767 260 2822 in
292 2781 359 2823 ea
394 2782 518 2837 qua:
544 2766 648 2823 sub
674 2768 814 2823 cmlo
848 2779 976 2824 sunt
1001 2768 1136 2824 oriri
1168 2768 1366 2825 fecisti.
1403 2769 1544 2824 Dicit
1566 2768 1799 2839 denique

199 2860 324 2918 hac
376 2863 633 2919 universa
686 2863 830 2919 Deus
863 2865 931 2921 ad
973 2865 1271 2931 diabolum,
1314 2880 1437 2920 cum
1471 2863 1654 2919 laudat
1694 2863 1797 2919 Joh

197 2966 257 3011 et
291 2959 565 3013 veraciter
598 2958 910 3029 magniﬁcat
944 2973 1089 3025 eum,
1122 2967 1182 3014 ut
1208 2968 1396 3015 nosset
1423 2958 1669 3014 diabolus
1696 2962 1794 3013 ad-

1908 2033 1992 2089 iit.
2023 2032 2182 2089 Nunc
2234 2047 2363 2087 vero
2397 2031 2555 2087 facile
2600 2040 2686 2086 est
2732 2031 2808 2086 illi
2864 2031 3044 2087 colere
3085 2040 3159 2097 te,
3196 2032 3357 2088 facile
3407 2044 3495 2095 est

1906 2128 2071 2182 etiam
2114 2127 2232 2181 sine
2256 2126 2475 2195 querela
2517 2136 2572 2181 et
2605 2126 2812 2196 justum
2856 2134 3021 2195 atque
3063 2139 3316 2183 veracetn
3347 2142 3489 2185 esse.

1908 2220 2039 2275 Sine
2062 2220 2281 2291 querela
2307 2230 2413 2286 est,
2437 2219 2562 2289 quia
2599 2220 3013 2275 innumerabilia
3053 2219 3238 2286 habet,
3267 2229 3323 2275 et
3346 2220 3492 2276 nullo

1908 2313 2111 2384 indiget
2138 2328 2154 2377 ;
2183 2311 2365 2381 justus
2388 2322 2493 2375 est,
2524 2312 2649 2382 quia
2683 2312 2901 2367 divitias
2932 2312 3137 2379 habet;
3191 2325 3356 2367 verax
3384 2321 3487 2374 est.

1904 2405 2029 2473 quia
2080 2419 2270 2459 omnes
2296 2404 2534 2474 undique
2590 2403 2664 2458 illi
2703 2405 3056 2470 inclinantur,
3083 2411 3139 2460 et
3179 2418 3488 2460 sermonem

1902 2496 2022 2565 ejus
2059 2509 2229 2564 usque
2278 2493 2343 2548 ad
2381 2494 2553 2549 nubes
2589 2496 2890 2564 perferunt.
2934 2494 3040 2550 Sed
3083 2496 3231 2549 mitte
3272 2512 3490 2550 manum

1902 2596 2051 2639 tuam
2077 2594 2127 2639 et
2161 2596 2315 2656 tange
2344 2585 2521 2639 omnia
2552 2600 2669 2654 quia
2701 2584 2857 2639 habet
2904 2594 2953 2638 et
2985 2586 3115 2639 scito
3148 2585 3195 2640 si
3222 2586 3490 2640 benedicat

1902 2686 1952 2730 te
1970 2675 2015 2732 ⁷.
2060 2674 2252 2740 Aufer,
2288 2674 2496 2744 inquit,
2537 2674 2789 2736 divitias.
2826 2674 3065 2745 exspolia
3111 2674 3488 2740 facultatibus,

1900 2769 2094 2840 detege
2121 2768 2315 2838 gloria,
2340 2768 2494 2837 priva
2528 2768 2757 2832 honore,
2781 2767 3008 2822 humilia
3038 2781 3105 2822 ex
3130 2766 3487 2835 sublimitate,

1899 2870 1955 2915 et
1978 2869 2108 2915 tunc
2141 2875 2244 2915 non
2267 2859 2442 2914 solum
2484 2860 2627 2915 hanc
2654 2859 2927 2916 culturam
2957 2858 3325 2931 derelinquet,
3355 2868 3412 2915 et
3440 2859 3489 2916 si

1899 2968 2006 3007 non
2037 2953 2088 3006 in
2120 2951 2376 3021 praesenti
2400 2959 2451 3005 te
2480 2951 2788 3015 benedicet,
2816 2951 2918 3005 hoc
2944 2962 3027 3007 est
3048 2951 3150 3005 nisi
3183 2960 3235 3006 te
3266 2952 3318 3006 in
3348 2966 3488 3021 prte-

200 3062 399 3104 versus
428 3064 591 3119 quem
626 3049 895 3115 habebat,
921 3062 987 3103 oe
1020 3056 1208 3118 postea
1235 3049 1464 3116 diceret,
1506 3064 1611 3104 non
1662 3049 1794 3103 mihi
1898 3046 2039 3099 senti
2073 3044 2363 3099 maledicat
2396 3053 2452 3099 et
2486 3044 2849 3114 blasphemet.
2884 3053 3047 3111 atque
3072 3043 3347 3115 detrahat.
3376 3041 3490 3097 Mo-

194 3142 492 3208 indicasti,
529 3158 707 3212 neque
736 3158 838 3213 ego
891 3144 1177 3212 sperabam
1226 3142 1281 3198 iu
1329 3142 1591 3199 omnibus
1631 3158 1797 3214 super
1898 3153 1985 3195 ses
2011 3138 2157 3193 enim
2192 3152 2417 3209 magnus
2456 3137 2621 3192 homo
2652 3135 2743 3191 Dei
2775 3151 2899 3189 cum
2930 3135 3198 3190 scriberet
3221 3133 3344 3198 Job,
3374 3149 3484 3189 non

197 3244 407 3290 terram
438 3234 809 3303 hujuscemodi
841 3250 964 3292 esse
1012 3235 1397 3291 constantiam.
1428 3234 1667 3292 Cunctos
1692 3252 1792 3291 ntt-
1822 3256 1866 3315 ο
1900 3232 1974 3285 ita
2005 3230 2229 3300 scripsit
2260 3229 2403 3283 sicut
2462 3227 2716 3282 diabolus
2755 3226 2968 3281 locutus
2996 3236 3115 3290 est,
3149 3226 3244 3281 sed
3292 3226 3489 3281 decen-

193 3326 331 3391 divi,
364 3326 461 3395 qui
508 3326 723 3381 fuerunt
759 3328 828 3383 ab
852 3327 1007 3383 initio
1042 3327 1250 3393 saeculi,
1282 3336 1337 3383 et
1359 3327 1791 3398 quamplurimos
1896 3325 2006 3380 tius
2034 3338 2099 3378 ac
2130 3322 2440 3393 benignius,
2468 3329 2655 3391 utpote
2684 3320 2915 3374 devotus
2938 3319 3030 3374 Dei
3069 3317 3324 3375 famulus.
3358 3318 3485 3373 Dia-

195 3417 338 3471 meis
363 3416 653 3485 discipulis
691 3417 1046 3488 circumdedi,
1078 3428 1241 3488 atque
1275 3418 1413 3475 meis
1443 3418 1657 3476 insidiis
1689 3436 1788 3491 ap.
1893 3417 2050 3472 holus
2078 3416 2221 3469 enim
2250 3413 2552 3469 crudeliter
2588 3427 2651 3468 ac
2686 3412 2937 3480 nequiter
2960 3411 3173 3466 locutus
3206 3419 3310 3473 est,
3341 3421 3396 3464 et
3428 3418 3489 3465 ut

193 3509 489 3579 prehendi.
520 3509 712 3565 Merito
742 3510 999 3580 putabam
1045 3510 1208 3565 etiam
1248 3510 1390 3567 hunc
1424 3513 1581 3583 quasi
1623 3529 1789 3568 unum

193 3610 263 3654 ex
292 3602 555 3655 onmihus
591 3600 749 3657 facile
775 3615 1064 3671 superare.
1098 3602 1179 3658 Ob
1210 3604 1313 3659 hoc
1346 3618 1477 3673 ergo
1516 3620 1585 3661 ne
1614 3606 1791 3662 victus

194 3691 451 3746 d'raboltts
480 3702 603 3759 post
630 3692 731 3747 hoc
766 3702 952 3764 posset
978 3710 1039 3748 ea
1068 3709 1188 3764 quae
1218 3705 1521 3750 memorata
1547 3706 1673 3751 sunt
1707 3698 1790 3753 di-

191 3797 357 3847 cere,
396 3793 686 3852 propterea
742 3784 1065 3841 testificatus
1095 3795 1177 3841 est
1226 3786 1299 3840 illi
1334 3786 1513 3855 Deus,
1552 3797 1610 3844 et
1662 3801 1791 3844 ante

193 3877 526 3946 put-monuit
559 3875 626 3930 de
662 3878 911 3934 omnibus
940 3894 1060 3949 quae
1088 3879 1230 3934 circa
1258 3877 1360 3935 Job
1389 3891 1699 3947 agerentur,
1726 3898 1791 3938 ac

190 3965 237 4019 si
272 3966 489 4020 diceret
524 3980 542 4017 :
572 3964 692 4020 Noli
743 3978 959 4037 putare,
994 3985 1028 4024 ο
1058 3969 1293 4035 diabole,
1324 3971 1467 4041 quod
1501 3972 1789 4027 adversum

188 4072 361 4111 avum
407 4056 513 4112 Job
562 4057 702 4113 Esau
746 4059 983 4128 habeas,
1027 4069 1121 4114 aut
1173 4065 1462 4135 adversum
1506 4078 1670 4117 unum
1721 4077 1790 4119 ex

185 4147 338 4203 Esau
367 4149 659 4214 similibus,
678 4151 772 4205 sed
804 4152 1092 4207 adversum
1133 4150 1235 4207 Job
1270 4154 1458 4219 habes,
1488 4154 1540 4207 in
1578 4153 1789 4210 fideiu-

186 4239 606 4304 decliuabilem,
644 4241 980 4297 immobilem
1035 4244 1088 4297 in
1114 4242 1343 4313 iustitia,
1400 4245 1452 4299 in
1487 4247 1788 4317 gratiarum

185 4332 509 4386 actionibus
543 4332 966 4398 immutabilem,
997 4334 1051 4388 in
1082 4334 1360 4390 doloribus
1400 4352 1505 4390 non
1536 4352 1791 4392 succum-

185 4424 438 4491 bentem,
486 4440 591 4479 nou
641 4426 980 4481 deiicientem
1017 4427 1070 4481 in
1108 4427 1568 4484 tribulationibus.
1604 4429 1788 4484 Talem

184 4518 362 4572 sitisse
388 4515 493 4573 Job
534 4518 718 4574 sciens
748 4518 924 4585 Deus,
952 4528 1079 4576 ante
1112 4521 1439 4576 testificatus
1466 4531 1551 4577 est
1577 4521 1791 4577 diabolo

1892 3510 2013 3583 plus
2042 3509 2109 3562 ad
2149 3506 2508 3570 iracundiam,
2555 3514 2612 3558 ut
2654 3503 2895 3573 putabat,
2925 3512 3245 3572 provocaret
3289 3502 3483 3567 Deum,

1894 3617 2003 3657 non
2025 3600 2165 3655 dixit
2190 3600 2237 3653 si
2273 3616 2376 3653 non
2422 3600 2475 3651 in
2515 3597 2707 3666 faciem
2738 3606 2787 3649 te
2812 3596 3160 3657 benedixerit,
3181 3596 3276 3650 sed
3304 3596 3351 3649 si
3379 3609 3485 3649 non

1891 3695 1952 3749 in
1985 3694 2171 3764 faciem
2203 3692 2298 3745 tibi
2329 3690 2688 3745 maledixerit.
2733 3688 2910 3743 Moses
2942 3703 3073 3742 vero
3105 3687 3346 3741 illicitam
3399 3695 3487 3739 at-

1893 3804 2000 3859 que
2032 3785 2310 3843 crudelem
2354 3783 2552 3839 diaboli
2593 3797 2781 3837 vocem
2836 3782 3164 3844 immutans,
3205 3779 3386 3834 dixit:
3420 3777 3485 3833 In

1892 3881 2085 3951 [aciem
2121 3879 2216 3931 tibi
2267 3877 2552 3930 benedicet.
2594 3876 2709 3931 Non
2753 3876 2872 3930 sine
2914 3889 3101 3939 causa,
3143 3872 3351 3943 inquit,
3379 3870 3483 3927 Job

1893 3972 2024 4029 colit
2054 3972 2242 4027 Deum.
2275 3969 2340 4023 Et
2382 3969 2617 4039 utquid?
2643 3967 2727 4022 vel
2759 3967 2829 4020 ob
2864 3981 3023 4036 quam
3058 3979 3279 4019 causam
3308 3964 3484 4019 colit?

1893 4065 2034 4131 Quia
2073 4075 2130 4118 tu
2158 4062 2377 4117 munisti
2413 4062 2494 4115 illi
2515 4077 2575 4114 ea
2601 4076 2719 4131 qua:
2742 4069 2890 4113 extra
2912 4061 3126 4112 domum
3159 4071 3314 4129 atque
3340 4058 3484 4110 intra

1892 4156 2107 4208 domum
2152 4154 2266 4223 ejus
2315 4151 2502 4206 sunt“.
2536 4150 2615 4205 Tu
2655 4148 2899 4216 munisti,
2937 4158 2992 4202 tu
3045 4146 3479 4215 circumdedisti,

1896 4256 1953 4299 tu
1980 4245 2344 4309 obumbrasti,
2376 4253 2429 4296 tu
2478 4243 2833 4313 prospexisti,
2881 4253 2936 4296 tu
2990 4242 3155 4297 illaesa
3187 4239 3483 4296 custodisti

1893 4336 2076 4390 omnia
2131 4336 2273 4390 bona
2324 4333 2461 4402 ejus,
2496 4348 2605 4388 non
2635 4333 2808 4389 solum
2849 4349 2911 4387 ea
2942 4350 3063 4405 qum
3091 4334 3233 4387 intra
3260 4334 3481 4387 domum

1893 4439 2045 4497 sunt,
2071 4431 2165 4485 sed
2191 4439 2245 4485 et
2267 4443 2330 4483 ea
2357 4444 2477 4499 quas
2515 4428 2857 4483 extrinsecus
2898 4437 3028 4483 sunt
3057 4437 3213 4482 extra
3262 4427 3481 4482 domum

1896 4520 2177 4587 universa,
2206 4535 2327 4591 qua
2356 4528 2483 4576 sunt
2505 4520 2580 4575 oei
2610 4520 2665 4574 in
2704 4521 2977 4575 circuitu.
3003 4518 3249 4586 Quoties,
3279 4519 3479 4588 inquit,

182 4612 382 4666 dicens
422 4631 437 4666 :
472 4609 645 4666 flama
674 4612 789 4667 sine
809 4610 1045 4682 querela,
1060 4611 1445 4681 justus,vera:s
1470 4613 1570 4669 Dei
1594 4616 1787 4683 cultor,
1817 4598 1869 4659 Ῑ)
1894 4615 2043 4671 volui
2079 4614 2542 4685 appropinquare,
2572 4620 2630 4668 et
2658 4627 2766 4667 nou
2794 4612 2976 4667 iuveni
3006 4626 3309 4675 accessum,
3355 4625 3481 4664 cum

179 4702 467 4756 abstinens
497 4718 551 4755 se
580 4703 722 4755 omni
754 4719 809 4757 re
836 4701 977 4755 mala
999 4702 1040 4756 ⁸.

257 4794 372 4850 Sed
408 4803 464 4849 et
496 4810 621 4865 quae
645 4797 699 4849 iu
730 4794 942 4850 laudem
990 4795 1131 4851 beati
1158 4796 1259 4852 Job
1289 4798 1420 4853 dicit
1445 4798 1591 4854 Deus
1620 4808 1787 4869 atque

178 4888 238 4943 in
292 4889 673 4943 testimonium
709 4889 1029 4957 nequissimi
1071 4890 1294 4956 diaboli,
1341 4891 1455 4946 hate
1488 4893 1557 4947 ad
1613 4893 1789 4947 maxi-

178 4996 334 5036 mam
368 4979 851 5036 inﬂammationem
898 4981 1266 5050 profecerunt,
1292 4993 1349 5039 et
1373 4985 1781 5039 succensionem

178 5070 450 5141 nequitiae
487 5072 791 5126 adversarii
828 5081 996 5142 atque
1021 5072 1316 5127 maximam
1346 5074 1633 5128 adversum
1682 5071 1783 5128 Job

177 5163 612 5218 concitationem
641 5162 830 5219 livoris
869 5179 935 5220 ac
966 5164 1090 5220 zeli.
1129 5163 1327 5220 Merito
1352 5163 1577 5220 audacia
1607 5162 1783 5219 frctus

178 5255 560 5325 nequissimus
580 5296 597 5320 ,
626 5256 1053 5313 immoderanter
1081 5256 1299 5328 protulit
1342 5271 1498 5314 suam
1528 5256 1783 5327 iniquita-

178 5359 298 5403 tem
320 5348 513 5403 diceus
539 5363 553 5400 :
591 5344 715 5401 Non
736 5349 851 5403 sine
875 5365 1038 5404 causa
1074 5350 1240 5420 gratis
1266 5349 1368 5404 Job
1399 5350 1520 5403 colit
1544 5348 1713 5403 Deum
1738 5348 1783 5402 ⁸.

176 5440 500 5511 Respondet
516 5439 889 5505 nihilominus,
905 5449 961 5496 et
977 5440 1133 5507 dicit,
1147 5456 1252 5497 non
1272 5440 1428 5497 labiis
1442 5442 1785 5512 depromens,

177 5549 367 5603 neque
398 5535 640 5587 lmmano
672 5547 769 5587 ore
808 5533 1047 5597 locutus,
1082 5536 1177 5589 sed
1207 5533 1454 5590 consiliis
1483 5534 1651 5605 iniqui
1684 5550 1783 5590 co-

175 5627 390 5697 gitans,
425 5635 589 5696 atque
613 5625 749 5694 ipsis
782 5626 1203 5696 cogitationibus
1238 5627 1426 5683 illicita
1464 5629 1775 5693 meditatus,

176 5720 524 5789 respondens
560 5717 809 5774 diabolus
842 5718 1003 5785 dicit,
1041 5718 1163 5775 Non
1194 5721 1306 5775 sine
1330 5737 1493 5775 causa
1516 5719 1623 5775 Job
1653 5721 1776 5775 colit

1895 4708 2138 4781 protegis
2184 4716 2349 4777 atque
2396 4704 2730 4763 obumbras?
2790 4704 3014 4773 Quoties
3044 4743 3060 4768 ,
3094 4703 3289 4773 inquit,
3332 4702 3479 4756 volui

1892 4802 2124 4874 perdere
2163 4809 2221 4856 et
2268 4800 2673 4865 exterminare,
2699 4807 2755 4852 et
2788 4813 2895 4853 non
2940 4796 3187 4867 permisit
3230 4796 3481 4864 omnipo-

1899 4904 2021 4952 tens
2075 4909 2272 4950 manus
2313 4893 2561 4950 tuaiTu
2605 4893 2831 4947 munisti
2865 4892 2915 4947 ei
2962 4892 3145 4946 omnia
3180 4905 3303 4960 qua:
3352 4897 3480 4943 sunt

1892 4989 2037 5044 intra
2074 4990 2295 5044 domum
2318 5027 2336 5053 ,
2373 4998 2540 5056 atque
2588 4996 2744 5041 extra
2794 4986 3012 5041 domum
3065 4983 3185 5055 ejus
3218 4993 3475 5053 tanquam

1890 5081 2110 5136 flamma
2165 5079 2306 5150 ignis
2336 5077 2655 5148 angelorum
2696 5087 2918 5132 tuorum
2967 5074 3211 5129 custodia
3237 5080 3363 5125 ante
3392 5084 3479 5124 me

1891 5173 2074 5231 omnia
2134 5172 2275 5228 bona
2315 5171 2687 5235 circumdatis,
2746 5183 3026 5225 accessum
3072 5166 3203 5221 mihi
3253 5163 3477 5218 minime

1889 5264 2234 5332 concessisti,
2259 5278 2436 5333 neque
2463 5264 2844 5332 approximare
2866 5260 2999 5315 mihi
3028 5256 3349 5329 permisisti,
3372 5270 3478 5325 po-

1894 5365 2150 5413 testatem
2185 5355 2317 5409 mihi
2372 5354 2681 5410 nullatenus
2712 5353 2929 5407 dedisti.
2963 5351 3143 5418 Quare
3178 5364 3307 5419 ergo
3361 5348 3478 5404 lau-

1896 5448 1993 5503 das
2032 5446 2133 5502 Job
2170 5446 2322 5516 quasi
2346 5446 2596 5516 justum?
2633 5446 2774 5513 Quid
2810 5443 3131 5515 magnificas
3167 5440 3292 5507 Job,
3318 5439 3474 5509 quasi

1898 5540 1995 5596 Dei
2019 5538 2287 5595 cultorem
2340 5548 2508 5610 atque
2554 5538 2918 5611 religiosum?
2951 5535 3067 5591 Non
3120 5533 3222 5590 Job
3260 5532 3477 5603 religio-

1887 5631 2043 5697 sitas,
2074 5638 2250 5699 neque
2269 5628 2480 5699 justitia
2515 5631 2621 5687 hoc
2650 5628 2802 5696 fecit,
2848 5630 2945 5685 sed
2986 5626 3305 5697 largitiones
3346 5633 3474 5689 tute,

1885 5731 2050 5793 atque
2106 5720 2425 5791 multiplicia
2485 5731 2576 5778 tua
2636 5720 2798 5789 bona,
2846 5734 2945 5792 pro
2973 5720 3167 5791 quibus
3198 5728 3249 5773 te.
3294 5715 3476 5773 colere

299 5874 317 5904 ⁸
352 5874 453 5932 Job
514 5892 553 5947 I,
591 5875 645 5933 8.
724 5878 765 5910 δ’
803 5878 935 5935 ibid.
1014 5880 1033 5911 '
1069 5878 1200 5935 ibid.
1264 5881 1283 5912 ⁸
1318 5879 1449 5937 ibid.
1482 5881 1534 5935 9.
1614 5881 1631 5912 ⁷
1660 5880 1789 5939 ibid.
1831 5881 1911 5939 ll.
1987 5879 2009 5909 "
2041 5878 2168 5936 ibid.
2198 5878 2281 5933 10.
