3942 6508
616 264 649 291 ο

519 416 634 478 ΗΒ

1680 410 2071 473 ΑΝΟΝῚΜυδ
2107 415 2114 470 l

2214 413 2352 471 JOB.
2386 447 2458 458 —
2486 413 2619 472 LIB.
2660 414 2699 471 l.
3646 417 3724 473 416

522 546 758 603 videtur.
782 543 936 613 Quod
975 542 1021 598 sl
1050 556 1158 596 non
1198 540 1303 595 hoc
1336 546 1438 600 est.
1480 536 1631 593 Mitte
1676 554 1895 593 manum
1933 546 2100 601 tuam,
2134 541 2178 597 Α
2210 538 2323 607 ipse
2346 536 2590 592 diabolus
2620 545 2703 591 cst
2723 535 2886 590 etiam
2918 530 3192 600 nunc,qni
3214 530 3392 599 utique
3413 530 3501 584 fuit
3520 542 3567 586 cl
3584 551 3724 604 nunc;

524 651 681 708 tange
723 637 897 692 omnia
937 648 1056 705 qua
1085 633 1277 697 habet,
1310 632 1413 685 nisi
1448 630 1506 684 in
1555 631 1747 699 [aciem
1789 631 2108 686 benediaxrit

525 732 642 796 tibi,
674 728 756 783 vel
811 728 989 796 potius
1040 720 1407 788 maledixerit,
1452 722 1604 778 sicut
1656 723 1785 778 dicit
1832 722 2106 779 diabolus.

525 821 628 887 Tu,
679 818 891 887 inquit,
935 816 1195 885 munisti,
1242 826 1300 871 tu
1349 815 1711 875 benedixisti.
1754 824 1811 868 tu
1850 813 2111 883 multipliv

522 911 684 975 casti,
713 921 769 964 tu
818 908 1160 965 conservasti
1190 918 1245 962 et
1276 921 1341 963 ea
1393 923 1514 978 quae
1565 907 1710 961 domi
1759 917 1919 971 sunt,
1948 917 2004 961 et
2047 920 2110 960 ea

525 1016 646 1069 quae
671 1010 825 1055 extra
858 1002 1097 1065 domum,
1130 1001 1227 1057 sed
1272 1001 1325 1055 in
1371 1001 1603 1054 circuitu
1641 1008 1788 1060 sunt,
1815 1006 1869 1052 et
1902 1014 1965 1051 ea
1993 1006 2113 1066 qua:

523 1104 651 1148 sunt
695 1107 885 1163 prope,
922 1102 977 1148 et
1023 1106 1089 1148 ea
1130 1107 1252 1163 quae
1308 1092 1466 1160 longe
1513 1099 1645 1146 sunt
1698 1090 1976 1144 universa.
2005 1088 2113 1143 Pro

526 1188 633 1248 his,
660 1185 860 1256 inquit,
887 1186 1144 1241 omnibus
1171 1187 1499 1253 deprecatur
1527 1192 1583 1238 et
1623 1182 1754 1237 colit
1772 1221 1790 1248 ,
1824 1189 1880 1236 et
1905 1180 2114 1250 gratias

528 1280 637 1349 agit
668 1297 681 1332 :
710 1294 821 1333 non
871 1278 966 1333 tibi
1012 1278 1218 1348 gratias
1252 1291 1439 1347 agens,
1482 1276 1581 1332 sed
1628 1290 1727 1346 pro
1783 1273 1918 1343 ipsis
1954 1273 2115 1329 bonis

530 1370 739 1439 gratias
791 1383 1241 1438 recompensans,
1289 1383 1399 1422 non
1435 1377 1487 1421 te
1514 1366 1764 1436 diligens,
1813 1366 1908 1421 sed
1942 1366 2112 1434 ipsam

526 1463 933 1518 multitudinem
978 1461 1222 1530 pecunia:
1254 1473 1447 1514 amans
1474 1466 1533 1512 et
1566 1468 1922 1523 conservans,
1952 1467 2116 1526 atque

527 1553 754 1623 perdere
781 1550 994 1605 nolens.
1022 1548 1139 1603 Non
1174 1563 1327 1618 ergo,
1353 1548 1554 1619 inquit,
1579 1561 1677 1617 pro
1708 1556 1798 1601 tua
1828 1545 2116 1602 dilectione

460 1703 467 1712 1
530 1654 581 1698 te
608 1642 763 1705 colit,
797 1652 972 1710 neque
1016 1649 1240 1710 propter
1280 1649 1429 1694 luant
1470 1639 1865 1693 beatitudinem
1912 1639 2117 1708 gratias

528 1735 659 1805 agit,
690 1733 783 1788 sed
831 1748 932 1803 pro
979 1733 1222 1801 pecuniae
1267 1732 1427 1801 hujus
1468 1730 1843 1786 blandimento
1876 1741 1931 1786 te
1961 1730 2114 1796 colit,

528 1824 621 1877 sed
650 1831 881 1891 propter
906 1822 1304 1876 beatitudinem
1338 1836 1493 1877 suam
1527 1835 1818 1889 rerumque
1855 1820 2118 1891 plurima-

531 1930 648 1967 rum
678 1928 815 1984 quas
850 1913 941 1968 hic
963 1913 1203 1981 possidet
1225 1952 1241 1976 ,
1267 1912 1479 1983 capiam
1504 1928 1667 1982 quam
1696 1913 1887 1968 dedisti
1916 1913 1990 1978 ei,
2019 1914 2115 1969 tibi

522 2006 736 2076 gratias
764 2005 906 2074 agit.
943 2004 1113 2058 Aufer
1160 2018 1293 2073 ergo
1344 2004 1419 2058 illi
1449 2018 1569 2073 quae
1600 2005 1797 2059 dedisti
1839 2006 2114 2070 universa,

527 2095 815 2165 apparebit
863 2095 1119 2149 omnibus
1172 2110 1292 2164 quin
1334 2096 1404 2150 sit
1440 2093 1543 2151 Job
1576 2096 1803 2165 perﬁdia
1831 2134 1847 2159 ,
1878 2107 1936 2151 et
1987 2098 2115 2167 quia

528 2201 637 2241 nou
688 2200 824 2256 pura
852 2185 1147 2240 dilectione
1181 2195 1229 2239 te
1258 2185 1408 2253 colit,
1443 2186 1539 2240 sed
1589 2196 1809 2256 propter
1830 2188 2114 2255 pecuniam

529 2290 819 2343 rerumque
860 2284 1135 2329 tantarum
1187 2276 1608 2344 possessionem,
1650 2292 1718 2331 ne
1760 2292 1879 2332 eam
1930 2278 1975 2333 si
2033 2280 2118 2334 in-

522 2376 714 2438 gratus
760 2370 1008 2424 videatur
1063 2368 1313 2432 auferas,
1348 2378 1401 2424 te
1450 2379 1750 2424 reveretur.
1794 2370 1892 2426 Cui
1954 2372 2117 2442 digne

523 2466 921 2533 respondeatur
967 2472 1025 2519 et
1073 2464 1284 2518 dicatur
1319 2464 1388 2517 ad
1417 2478 1565 2517 eum.
1591 2463 1741 2527 Dico,
1780 2464 2116 2534 nequissime

524 2556 751 2623 Satana,
783 2557 927 2623 dico,
960 2556 1194 2625 maligne
1220 2555 1459 2622 diabole,
1487 2572 1597 2611 non
1643 2557 1923 2626 intelligis,
1948 2576 1982 2613 o
2014 2560 2115 2613 mi-

524 2649 786 2711 serrime,
824 2649 951 2718 quia
1000 2656 1059 2702 tu
1111 2649 1342 2717 teipsum
1396 2648 1630 2717 deiicis,
1663 2659 1719 2703 tu
1772 2650 2113 2720 temetipsum

525 2741 879 2796 condemnas.
910 2738 1044 2793 Nam
1093 2740 1147 2794 in
1194 2740 1280 2794 his
1319 2755 1440 2807 quae
1477 2739 1531 2793 in
1581 2739 1681 2795 Job
1735 2741 2112 2809 reprehendis,

523 2832 667 2902 quod
720 2832 811 2888 ille
874 2834 1115 2904 ingratus
1154 2833 1457 2898 exstiterit,
1495 2835 1724 2903 teipsum
1781 2837 2114 2892 condemnas

524 2941 650 2979 eum
686 2934 740 2979 tu
772 2926 961 2980 eadem
1005 2925 1225 2983 feceris.
1261 2925 1397 2980 Nam
1450 2926 1555 2981 hoc
1602 2927 1777 2995 ipsum
1825 2938 1881 2982 tu
1936 2929 2110 2985 fecisti

523 3032 650 3072 cum
675 3032 705 3071 a
731 3015 840 3073 Deo
872 3019 1202 3085 discederes,
1234 3030 1399 3088 atque
1422 3020 1530 3075 Deo
1554 3021 1855 3087 resisteres,
1879 3024 2114 3079 derelin-

525 3122 724 3177 queres
756 3122 991 3179 quoque,
1020 3120 1184 3180 atque
1207 3112 1452 3181 ingratus
1481 3114 1795 3179 exsisteres,
1829 3115 1894 3170 de
1917 3116 2113 3186 quibus

520 3215 671 3254 nunc
695 3198 798 3255 Job
825 3213 927 3255 nec
961 3201 1257 3271 quidquam
1305 3204 1619 3274 huiusmodi
1666 3205 1955 3263 facientem
1987 3223 2111 3278 pes-

526 3294 665 3346 sime
698 3292 1070 3361 reprehendis.
1104 3292 1210 3348 Sed
1234 3294 1472 3361 interim,
1497 3311 1531 3350 ο
1560 3297 1793 3363 diabole,
1819 3300 1955 3356 dicis
1975 3304 2117 3371 quod

527 3400 634 3439 non
670 3396 890 3455 propter
938 3387 1369 3443 benedictionem
1422 3392 1565 3446 colat
1611 3408 1697 3448 me
1745 3392 1870 3460 Job,
1894 3397 1988 3449 sed
2021 3411 2119 3465 pro

528 3476 685 3531 donis
704 3477 845 3533 meis
878 3485 1042 3548 atque
1069 3479 1318 3547 pecunia.
1349 3480 1446 3536 Dic
1468 3497 1622 3553 ergo,
1650 3486 1984 3555 nequissime
2011 3487 2115 3541 Sa-

528 3576 679 3631 taua,
706 3574 967 3635 quantum
1016 3570 1101 3625 vel
1147 3570 1276 3639 quid
1310 3573 1435 3627 dedi
1483 3571 1586 3628 Job
1607 3614 1624 3639 ,
1657 3577 2114 3645 quemadmodum

528 3660 671 3714 tibi?
702 3660 895 3717 Nonne
938 3672 990 3716 te
1020 3664 1359 3733 superiorem
1396 3666 1604 3736 angelis
1631 3668 1756 3734 feci,
1790 3677 1848 3724 et
1879 3672 2117 3727 anterio-

526 3768 644 3809 rem
695 3754 1043 3824 archangelis
1079 3756 1103 3809 ?
1143 3754 1336 3811 Nonne
1385 3757 1530 3811 inter
1578 3760 1798 3815 ordines
1831 3761 2113 3819 cherubim

528 3847 709 3901 crravi
735 3847 759 3901 2
783 3846 973 3903 Nonne
998 3848 1426 3917 incorruptionis
1446 3850 1614 3921 gloria
1642 3861 1691 3905 te
1724 3851 1909 3907 indui?
1926 3852 2116 3912 Nonne

526 3938 584 3994 in
614 3938 942 3995 indesinenti
974 3940 1161 3996 laetitia
1211 3941 1393 3998 vultus
1441 3943 1545 3998 mei
1574 3951 1626 4001 te
1672 3945 1932 3999 constitui
1963 3946 2115 4003 ?Pro

526 4032 728 4099 quibus
764 4043 819 4107 tu
844 4033 1111 4089 universis
1135 4034 1376 4104 ingratus
1404 4035 1672 4090 essistens
1706 4051 1792 4091 me
1818 4036 2115 4108 dereliqui~

527 4125 622 4189 sti,
650 4134 706 4180 et
752 4141 780 4178 a
821 4140 907 4181 me
940 4128 1239 4192 recessisti,
1284 4137 1340 4182 et
1384 4128 1598 4184 rebellis
1644 4132 1774 4184 mihi
1826 4131 2110 4188 exstitisti.

526 4215 625 4271 Dic
640 4233 789 4288 ergo,
806 4232 838 4271 ο
866 4218 1100 4285 diabole,
1125 4221 1251 4288 quid
1279 4221 1653 4289 hujuscemodi
1670 4222 1795 4276 dedi
1822 4221 1921 4278 Job
1938 4224 1961 4276 ?
1976 4224 2113 4290 Quid

527 4308 900 4376 hujuscemodi
946 4312 1217 4382 impertivi
1249 4313 1271 4366 ?
1298 4312 1490 4367 Nonne
1523 4315 1806 4370 mortalem
1832 4326 1887 4371 et
1930 4332 2116 4372 corru-

528 4403 771 4471 ptibilem
816 4405 954 4458 infra
985 4407 1327 4477 angelorum,
1353 4408 1807 4478 archangelorum
1859 4421 2111 4465 naturam

529 4492 746 4545 creavi?
769 4492 959 4548 Nonne
984 4494 1037 4548 in
1069 4496 1205 4551 valle
1229 4495 1570 4551 miseriarum
1593 4513 1717 4552 cum
1747 4500 1962 4555 caeteris
1989 4501 2113 4555 liliis

2210 631 2460 685 eumdem
2494 629 2800 698 iniquitatis
2825 628 3052 681 livorem
3084 626 3250 680 etiam
3286 640 3422 678 nunc
3453 626 3595 679 habet
3615 629 3727 683 circa

2211 738 2312 776 nos
2342 720 2528 790 procul
2550 721 2741 784 dubio,
2774 731 2935 791 quem
2966 728 3022 774 et
3058 727 3188 772 tunc
3223 716 3405 772 habuit
3435 726 3578 785 atque
3604 733 3728 773 exer-

2210 815 2326 868 cuit
2355 814 2501 869 circa
2535 811 2663 867 Job.
2719 812 2833 867 Non
2882 811 3120 882 quiescit
3167 822 3398 877 unquam
3452 810 3729 864 adversarius

2212 915 2381 960 uester
2395 904 2778 971 diabolits,sed
2808 913 3060 974 tanquam
3092 904 3172 957 leo
3197 901 3602 971 rugiens,circuit
3622 918 3731 971 qua-

2215 1014 2331 1054 rens
2360 1015 2514 1066 quem
2547 1000 2755 1052 devoret
2784 998 2826 1051 9.
2862 996 2980 1052 Non
3013 996 3247 1065 quiescit
3281 1009 3504 1063 unquam
3526 1009 3733 1050 acutsare

2216 1090 2462 1145 homines
2484 1090 2552 1144 ad
2578 1089 2770 1155 Deum,
2793 1098 2846 1143 et
2869 1088 3038 1143 Deum
3065 1087 3131 1141 ad
3156 1086 3416 1141 homines.
3448 1083 3615 1139 Merito
3636 1101 3733 1152 ergo

2214 1184 2461 1240 diabolus
2491 1193 2574 1240 est
2615 1184 2939 1254 appellatus,
2972 1184 3026 1239 id
3056 1192 3144 1238 est
3174 1194 3468 1237 accusator.
3495 1179 3578 1235 Sic
3612 1197 3736 1236 nant—

2213 1288 2323 1345 que
2346 1285 2404 1330 et
2448 1285 2579 1330 tunc
2604 1274 2709 1331 Job
2763 1274 3046 1331 accusavit
3086 1275 3237 1330 circa
3279 1273 3463 1339 Deuut,
3489 1274 3625 1343 quasi
3655 1290 3734 1326 non

2214 1378 2436 1438 prapter
2486 1368 2891 1435 sinceritatem,
2923 1368 3021 1423 sed
3064 1376 3287 1437 propter
3317 1366 3546 1436 pecuniae
3573 1366 3737 1421 blandi-

2218 1462 2419 1516 tionem
2446 1460 2614 1515 Deum
2638 1460 2871 1516 coluerit
2896 1477 2912 1518 :
2941 1470 3001 1515 et
3026 1461 3195 1516 Deum
3226 1457 3495 1514 accusavit
3513 1466 3563 1513 et
3586 1471 3735 1525 repre-

2217 1552 2405 1608 hendit
2428 1568 2542 1607 non
2576 1553 2821 1619 minime,
2852 1552 2947 1609 sed
2970 1553 3150 1621 potius
3171 1567 3334 1621 quam
3358 1550 3595 1614 maxime,
3617 1549 3737 1618 quasi

2216 1658 2327 1697 non
2360 1642 2553 1713 digne,
2599 1644 2693 1698 sed
2744 1646 3092 1700 continenter
3119 1641 3223 1698 Job
3272 1641 3484 1697 divitias
3516 1640 3740 1705 tribuerit,

2217 1738 2287 1792 ob
2319 1736 2423 1791 hoc
2448 1736 2649 1800 solum,
2678 1747 2737 1792 ut
2770 1739 3069 1793 adorarent
3104 1736 3256 1791 illum
3289 1744 3493 1791 tantum
3538 1732 3742 1788 homines

2219 1837 2276 1882 et
2299 1828 2561 1883 colerent.
2593 1826 2708 1883 Hoc
2739 1828 2917 1896 ipsum
2951 1827 3206 1883 nimirum
3258 1825 3422 1881 etiam
3464 1839 3598 1879 nunc
3622 1823 3739 1889 facit,

2149 1885 2192 1945 Β
2212 1929 2276 1976 et
2318 1934 2489 1990 usque
2525 1920 2591 1974 ad
2622 1919 3148 1975 consummationem
3185 1917 3369 1974 saeculi
3400 1930 3575 1973 omnes
3600 1916 3740 1971 homi-

2219 2028 2319 2068 nes
2349 2012 2857 2067 occulte'accusans
2886 2011 2954 2066 ad
2980 2012 3154 2067 Deum
3185 2020 3241 2066 et
3263 2024 3362 2080 pro
3410 2009 3567 2065 verbo
3592 2023 3638 2062 et
3668 2022 3742 2078 pm

2217 2120 2408 2176 Opere,
2438 2105 2692 2161 omnibus
2742 2104 3057 2160 hominibus
3104 2105 3331 2174 laqueos
3376 2113 3430 2160 et
3461 2107 3745 2174 capturaset

2221 2199 2520 2254 tendiculas
2560 2196 2712 2267 ponit
2734 2203 2791 2252 et
2815 2195 3069 2251 scandala
3101 2195 3444 2263 multiplicat,
3469 2204 3523 2250 et
3562 2191 3742 2248 tribula-

2218 2293 2396 2345 tiones
2428 2299 2483 2344 et
2525 2288 2798 2344 molestias
2848 2288 3068 2357 ingerit,
3094 2288 3331 2342 maxime
3354 2286 3512 2357 iustis
3540 2284 3744 2340 omnibus

2214 2392 2384 2453 atque
2411 2383 2639 2447 sanctis,
2663 2381 2809 2436 circa
2838 2395 2977 2449 quos
3005 2381 3170 2434 etiam
3198 2379 3372 2434 zelum
3403 2379 3555 2434 habet
3577 2385 3623 2431 et
3640 2375 3745 2431 bella

2212 2475 2441 2530 suscitat
2469 2484 2630 2542 atque
2646 2470 2892 2542 praelium
2920 2470 3235 2534 catamittit,
3255 2471 3400 2524 sicut
3421 2468 3545 2523 dicit
3574 2467 3620 2520 in
3646 2476 3747 2535 quo-

2212 2571 2339 2625 dam
2382 2568 2507 2623 loco
2540 2568 2822 2638 propheta
2853 2585 2867 2622 :
2900 2565 2974 2619 Et
3009 2565 3238 2634 faciebat
3280 2563 3471 2618 bellum
3515 2578 3620 2615 cum
3649 2576 3747 2612 sati-

2216 2663 2312 2716 ctis
2374 2660 2620 2714 altissimi
2683 2658 2810 2722 Dei,
2855 2666 2904 2712 et
2954 2656 3268 2725 prwcalebat
3320 2656 3395 2709 eis
3450 2655 3603 2707 donec
3645 2652 3747 2705 venit

2213 2753 2472 2821 Antiquos
2529 2752 2737 2807 dierum
2771 2756 2821 2803 et
2860 2748 3126 2817 judicium
3169 2746 3315 2800 dedit
3368 2744 3557 2799 sanctis
3604 2740 3750 2795 Excel-

2211 2852 2260 2903 si
2305 2849 2366 2903 ³ο.
2409 2847 2599 2902 Merito
2641 2859 2770 2911 ergo
2830 2844 2886 2897 in
2922 2841 3070 2897 omni
3130 2849 3376 2910 tempore
3435 2844 3581 2894 caute
3625 2839 3751 2904 atque

2213 2941 2441 2997 sollicite
2489 2940 2873 3001 observemus,
2912 2944 3075 3004 atque
3124 2934 3467 2990 intendamus
3518 2927 3753 2985 animabus

2214 3036 2434 3095 nostris,
2482 3043 2541 3087 ut
2586 3045 2686 3086 nec
2729 3031 2816 3084 bic
2853 3042 3136 3085 accessum
3176 3027 3244 3082 ad
3294 3040 3398 3081 nos
3439 3021 3752 3093 nequissimus

2213 3126 2472 3188 inveniat,
2504 3135 2603 3177 nec
2651 3119 2759 3175 illic
2812 3118 2865 3171 in
2899 3128 3189 3188 conspectu
3242 3116 3336 3171 Dei
3387 3129 3485 3170 nos
3513 3121 3754 3183 reprensa-

2137 3228 2182 3291 ο
2214 3220 2326 3276 dat.

2297 3308 2477 3373 Mitte,
2508 3303 2708 3375 inquit.
2728 3317 2949 3359 manum
2972 3309 3118 3356 tuam
3147 3314 3269 3370 qua:
3297 3312 3445 3354 nunc
3478 3292 3756 3353 circumdat.

2219 3416 2339 3471 quae
2374 3411 2520 3453 nunc
2551 3396 2749 3461 munit,
2781 3409 2902 3464 quae
2930 3407 3074 3449 nunc
3096 3379 3355 3461 protegit,
3388 3402 3505 3458 quae
3534 3398 3661 3442 nunc
3681 3395 3756 3434 un-

2219 3495 2382 3562 dique
2411 3488 2725 3551 obumbrat,
2759 3502 2879 3555 qute
2929 3500 3073 3541 nunc
3099 3483 3411 3539 nullatenus
3454 3477 3582 3534 mihi
3613 3485 3758 3529 πων

2217 3599 2337 3641 sum
2369 3582 2580 3637 tribuit.
2614 3580 2768 3634 Mitte
2799 3594 2944 3633 nunc
2973 3592 3191 3632 manum
3220 3585 3396 3637 tuam,
3425 3574 3525 3628 hoc
3550 3578 3626 3626 est
3653 3579 3759 3635 prs-

2218 3688 2436 3749 ceptum
2485 3686 2637 3730 tuum
2663 3714 2676 3736 .
2706 3673 3006 3742 iussionem
3044 3681 3230 3731 tuam,
3281 3666 3566 3735 imperium
3621 3671 3758 3715 tuum.

2219 3769 2345 3826 Haec
2375 3783 2611 3838 namque
2650 3765 2969 3837 significans
3009 3764 3163 3830 dicit,
3198 3761 3358 3816 Mitte
3388 3774 3593 3815 manum
3625 3764 3759 3813 tuam,

2219 3879 2283 3920 ac
2308 3864 2353 3917 si
2386 3863 2616 3926 diceret,
2655 3860 2909 3930 praecipe,
2934 3857 3087 3927 iube,
3122 3854 3340 3918 manda,
3377 3852 3634 3924 permitte.
3662 3843 3761 3898 Ilzcc

2216 3957 2405 4024 utique
2440 3954 2694 4007 universa
2731 3951 2935 4005 habens
2962 3950 3104 4002 intra
3134 3955 3373 4001 mentem
3408 3958 3558 3999 suam
3588 3936 3763 4005 nequis-

2216 4049 2388 4103 simus
2417 4044 2668 4100 diabolus
2711 4043 2883 4103 dixit,
2934 4039 3085 4095 Mitle
3123 4055 3343 4093 manum
3374 4047 3539 4091 tuam.
3578 4031 3681 4087 Non
3714 4027 3764 4079 de

2217 4155 2282 4195 eo
2309 4138 2493 4193 infelix
2541 4135 2680 4191 dixit
2728 4134 2794 4187 ad
2841 4134 3007 4187 Deum
3035 4172 3052 4196 ,
3085 4130 3239 4184 Mitte
3288 4145 3506 4183 manum
3537 4138 3686 4185 tuam,
3714 4129 3764 4170 eo

2216 4228 2357 4300 quod
2377 4242 2593 4282 manum
2626 4224 2718 4279 Dei
2749 4224 2910 4278 vellet
2933 4222 3095 4285 mitti,
3118 4220 3327 4274 sciebat
3354 4230 3584 4285 namque
3611 4213 3764 4270 miser.

2217 4322 2346 4391 quia
2375 4320 2683 4388 ubicunque
2718 4331 2910 4371 manus
2934 4314 3029 4369 Dei
3071 4313 3332 4372 mittitur.
3381 4328 3503 4367 cum
3540 4303 3764 4379 prapitia-

2219 4411 2365 4471 tione
2409 4408 2673 4474 mittitur,
2703 4406 2815 4460 illic
2852 4416 2907 4459 et
2938 4405 3116 4458 munit
3158 4412 3213 4457 et
3241 4403 3554 4466 auxiliatur,
3585 4413 3642 4452 ac
3670 4408 3765 4463 opt-

2220 4499 2420 4554 tulatur
2447 4506 2501 4553 et
2530 4497 2671 4566 regit
2704 4506 2758 4550 et
2784 4504 2942 4550 sanat
2970 4502 3132 4564 atque
3166 4492 3363 4547 salvat.
3393 4492 3519 4547 llaec
3549 4487 3766 4544 nimirum

528 4582 813 4638 hominum
849 4588 1110 4642 constitui
1150 4588 1395 4644 iNonne
1424 4588 1784 4645 mortalitatis
1822 4601 1876 4646 et
1920 4607 2111 4647 corru-
2145 4575 2190 4631 Ῑ)
2220 4588 2398 4642 sciens
2421 4588 2662 4657 iniquus,
2685 4586 2833 4641 aliud
2866 4585 3195 4655 loquebatur
3230 4593 3288 4638 et
3328 4584 3477 4639 aliud
3508 4576 3767 4650 cogitabat.

527 4673 842 4743 ptibilitatis
869 4691 980 4731 suae
1018 4680 1363 4748 passionibus
1388 4695 1532 4744 eunt,
1563 4689 1623 4735 ut
1664 4693 1899 4737 caeteros
1937 4685 2115 4739 honti-

528 4782 653 4831 nes,
687 4767 891 4835 subieci
924 4770 947 4823 ἲ
975 4770 1179 4838 Nempe
1233 4786 1339 4825 non
1386 4772 1439 4826 in
1487 4773 1725 4829 tristitiis
1772 4775 1907 4831 vivit
1951 4791 2116 4847 super

530 4867 732 4915 terram
758 4861 781 4914 ?
812 4860 1015 4933 Nempe
1045 4876 1150 4920 non
1176 4864 1392 4920 labores
1423 4881 1682 4923 manuum
1714 4883 1934 4923 suarum
1968 4886 2117 4924 tuan-

527 4951 979 5024 ducat?Nempe
1029 4972 1135 5010 non
1187 4956 1402 5012 labores
1452 4972 1580 5013 suos
1636 4973 1741 5013 non
1790 4960 2117 5016 habentibus

527 5042 818 5109 dividens,
855 5047 986 5101 ntibi
1029 5048 1236 5115 gratias
1276 5049 1390 5117 agit
1432 5050 1455 5102 ?
1503 5047 1708 5119 Nempe
1764 5065 1870 5105 non
1916 5052 2116 5105 sudore

527 5135 710 5189 vultus
742 5137 824 5190 sui
865 5138 1035 5192 edens
1076 5154 1162 5194 tne
1195 5140 1366 5195 colit?
1392 5140 1692 5207 Quomodo,
1728 5141 1923 5210 inquit,
1953 5157 1987 5196 ο
2027 5142 2112 5196 itt-

525 5225 845 5283 ."elicissime
869 5229 1101 5294 diabole,
1136 5246 1260 5284 cum
1297 5242 1349 5284 tu
1377 5248 1473 5300 pro
1492 5232 1750 5302 gloriosis
1783 5234 1837 5286 in
1865 5234 2112 5287 incorru-

527 5320 714 5387 ptione
750 5320 992 5388 ingratus
1025 5322 1304 5376 exstiteris
1331 5361 1347 5383 .
1389 5320 1489 5378 Job
1527 5324 1912 5393 reprehendis,
1959 5324 2109 5378 illum

531 5411 619 5479 qui
656 5412 708 5463 itt
739 5412 949 5480 exiguis
979 5422 1141 5481 atque
1176 5416 1359 5483 parvis
1390 5414 1561 5471 ﬁdelis
1587 5416 1881 5483 exsistens,
1912 5416 2116 5471 indesi-

530 5513 722 5557 ttenter
766 5518 851 5557 me
899 5505 1085 5559 colens
1132 5507 1263 5560 ntilti
1314 5508 1523 5576 gratias
1565 5509 1724 5579 agit?
1759 5508 1885 5565 llaec
1934 5512 2118 5580 itaque

534 5594 819 5648 audientes
844 5610 962 5659 nos,
1003 5612 1036 5650 ο
1070 5597 1172 5650 viri
1206 5600 1389 5668 periti,
1426 5610 1585 5655 caute
1619 5618 1718 5656 nos
1739 5603 2120 5668 observemus,

533 5684 764 5738 sollicite
802 5688 1085 5742 animabus
1136 5691 1339 5746 nostris
1384 5692 1755 5748 intendamus.
1801 5693 1935 5748 Nunt
1978 5696 2119 5750 idem

606 5844 624 5874 ⁹
661 5842 674 5894 Ι
714 5843 855 5898 l‘etr.
890 5863 942 5913 ν,
977 5848 1029 5905 8.
1113 5852 1154 5883 ‘°
1201 5848 1333 5902 Dan.
1372 5863 1468 5913 \‘ll,
1508 5847 1601 5911 2|,
1652 5848 1741 5902 22.

2223 4678 2365 4733 aliud
2394 4678 2720 4748 suggerebat
2768 4687 2825 4732 et
2875 4677 3023 4731 aliud
3069 4675 3370 4745 quaerebat.
3409 4674 3490 4731 Ob
3533 4676 3631 4728 hoc
3667 4679 3771 4736 ergo

2221 4774 2353 4828 dicit
2380 4772 2575 4831 callide
2600 4786 2614 4824 :
2640 4771 2794 4826 Mitte
2821 4784 3039 4825 Manum
3071 4782 3238 4824 tuam.
3263 4768 3639 4838 Bcne,inquit,
3666 4774 3769 4817 ecce

2221 4865 2377 4919 mitto
2406 4878 2622 4917 manum
2647 4877 2822 4918 meam
2851 4871 2909 4914 ut
2940 4870 2992 4914 tu
3022 4862 3161 4916 dicis
3189 4877 3206 4917 :
3234 4862 3313 4915 Ad
3336 4862 3468 4932 quid
3503 4855 3770 4913 faciendum

2220 4956 2430 5010 mittam
2460 4969 2677 5009 manuni
2710 4968 2882 5008 nteant
2914 4952 2937 5005 Ἰ
2967 4952 3142 5016 Mitte,
3170 4952 3366 5022 inquit,
3395 4967 3605 5005 manum
3630 4956 3770 5006 tuam,

2214 5060 2266 5104 et
2299 5059 2455 5118 tange
2480 5048 2657 5100 omnia
2680 5062 2800 5117 qua:
2830 5045 3005 5099 habet.
3044 5042 3157 5099 Cur
3204 5054 3445 5112 tangam,
3480 5032 3770 5111 inquit?Ad

2216 5142 2525 5205 delendum,
2554 5140 2652 5204 ait,
2687 5150 2865 5207 tange,
2885 5139 2950 5193 ad
2973 5138 3278 5203 interitum,
3298 5138 3363 5192 ad
3392 5130 3772 5192 exterminium.

2216 5235 2283 5286 ad
2316 5233 2691 5304 perditionem.
2725 5233 2789 5285 Et
2809 5232 3100 5300 quomodo,
3133 5231 3327 5301 inquit,
3364 5229 3608 5298 perdam,
3635 5236 3665 5275 ο
3689 5218 3773 5276 ini-

2213 5326 2356 5380 mice
2382 5323 2619 5379 omnium
2646 5322 2910 5377 bonorum
2927 5320 3161 5390 diabole,
3186 5335 3248 5375 ea
3273 5336 3393 5388 qua:
3414 5316 3589 5373 creav'i
3612 5315 3634 5368 τ
3654 5310 3775 5377 Quo‘

2213 5415 2375 5471 modo
2403 5413 2763 5469 extermiuem
2800 5427 2864 5468 ea
2893 5426 3014 5481 qua:
3052 5410 3223 5465 dedi?
3253 5409 3344 5463 Vel
3387 5406 3653 5478 quomodo
3696 5402 3774 5454 de-

2214 5508 2355 5563 leant
2389 5522 2449 5562 ea
2481 5521 2600 5576 quae
2629 5522 2728 5577 ego
2769 5506 2873 5561 feci
2908 5506 2930 5560 ?
2960 5506 3027 5561 Et
3074 5507 3252 5560 adhuc
3291 5505 3491 5560 aliter:
3522 5496 3775 5569 Quomodo

2219 5599 2464 5670 perdam,
2486 5615 2519 5653 ο
2553 5599 2787 5663 diabole,
2804 5598 3170 5653 substantiam
3195 5614 3263 5654 ex
3283 5613 3385 5666 qua
3424 5595 3558 5651 mihi
3583 5608 3678 5648 non
3702 5590 3771 5643 in-

2224 5693 2400 5763 digna:
2432 5693 2665 5748 victimae
2699 5689 3034 5758 oﬂ'erutttur,
3066 5699 3230 5761 atque
3271 5692 3486 5747 sincera
3528 5678 3769 5741 sacriﬁcia
