3942 6550
280 387 391 440 bl?

1423 382 1808 440 ANONYMUS
1846 382 1913 438 IN
1946 381 2086 439 JOB.
2130 413 2195 422 —
2237 384 2364 439 LIB.
2420 386 2460 441 l.

3454 388 3561 442 M8

275 505 636 562 immolantur
665 505 688 559 i
721 504 1009 572 Quomodo
1058 505 1416 561 extermiuem
1465 506 1830 561 substantiam
1852 544 1869 568 ,
1900 509 1948 567 Α
1976 504 2175 569 nando,
2209 506 2611 574 obumbraudo,
2662 507 3017 577 protegendo,
3051 506 3233 562 omnia
3280 521 3403 577 qum
3460 507 3561 562 sub

272 600 419 653 unde
447 598 625 653 vidua:
668 600 973 653 vestiuntur
1006 606 1064 653 et
1088 599 1325 666 orphani
1355 608 1656 667 pascuntur
1685 606 1740 653 et
1779 597 1867 651 iu-

275 688 561 742 ﬁrmorum
612 688 851 756 scapulae
877 687 1140 743 calehunt
1175 688 1198 740 ’ἶ
1227 687 1515 754 Quomodo
1550 687 1797 752 perdam,
1830 701 1866 741 ο

273 780 513 843 diabole,
541 780 680 834 lilios
705 778 824 846 ejus
845 783 935 848 qni
976 794 1061 834 tne
1083 780 1313 836 nimium
1339 778 1556 849 diligit?
1584 778 1871 847 Quomodo

272 875 530 927 obturem
553 886 646 926 ora
679 886 869 927 eorum
907 873 1000 941 qui
1050 872 1101 926 in
1136 872 1451 929 innocentia
1484 887 1589 925 una
1618 887 1740 927 cum
1770 886 1863 938 pa-

274 977 359 1017 tre
380 979 482 1019 suo
509 964 609 1019 Job
640 964 835 1019 devote
863 966 995 1019 mihi
1028 966 1231 1035 gratias
1252 976 1423 1036 agunt
1451 965 1474 1019 ?
1502 964 1610 1020 Sed
1643 965 1864 1018 interim

274 1059 402 1128 quia
435 1073 546 1113 non
578 1067 779 1126 potest,
826 1059 1021 1128 inquit,
1057 1060 1216 1115 aliter
1264 1070 1352 1115 tua
1390 1060 1653 1130 iniquitas
1685 1059 1867 1115 sedari

272 1151 379 1204 nisi
424 1150 527 1211 sic.
579 1147 714 1204 Ecce
750 1152 925 1204 omnia
972 1167 1091 1222 qua:
1130 1152 1321 1217 habet,
1379 1151 1497 1205 dedi
1542 1151 1596 1205 in
1649 1167 1863 1204 manum

271 1256 421 1297 tuam
440 1243 657 1297 ".Nam
680 1244 725 1297 si
754 1258 859 1298 non
888 1244 1105 1309 dedero,
1137 1244 1422 1298 discedens
1463 1244 1783 1314 gloriaberis
1814 1253 1869 1298 et

276 1334 528 1406 plaudes,
557 1337 714 1407 quasi
745 1337 917 1391 victor
949 1336 1291 1400 discesseris,
1317 1337 1467 1404 quasi
1495 1350 1595 1406 ego
1623 1336 1725 1389 hoc
1748 1348 1872 1389 cer-

273 1440 463 1484 tamen
499 1445 606 1484 non
642 1430 1029 1490 concesserim,
1066 1429 1224 1497 quasi
1257 1429 1360 1483 hoc
1384 1428 1581 1483 bellum
1618 1428 1732 1482 ﬁeri
1761 1443 1868 1482 non

271 1522 645 1593 permiserim,
698 1524 853 1592 quasi
884 1524 953 1575 de
983 1521 1086 1577 Job
1136 1524 1441 1577 constantia
1478 1538 1582 1576 non
1612 1537 1867 1592 prmsutn-

268 1613 504 1684 pserim,
531 1612 687 1682 quasi
715 1622 840 1666 ante
867 1613 1108 1681 praelium
1147 1623 1202 1669 et
1230 1614 1671 1684 congressionem
1710 1628 1871 1681 supe-

271 1715 432 1757 ratus
468 1703 635 1757 fuerit
672 1702 797 1769 Job,
829 1705 918 1774 qui
957 1721 1105 1759 a-me
1143 1704 1523 1775 magniﬁcatus
1550 1716 1715 1774 atque
1752 1707 1869 1759 latt-

268 1796 433 1850 datus
461 1805 563 1850 est.
598 1795 679 1850 0b
703 1794 831 1859 hoc,
867 1796 1073 1860 inquit,
1107 1811 1173 1852 ne
1207 1798 1273 1851 de
1313 1796 1397 1850 his
1427 1796 1704 1867 glorieris.
1732 1797 1869 1851 Ecce

267 1888 451 1939 omnia
494 1903 614 1957 qua:
650 1888 832 1951 habet,
863 1887 984 1941 dedi
1017 1887 1074 1943 in
1123 1902 1343 1940 manum
1373 1896 1541 1941 tuam.
1594 1888 1662 1941 Et
1688 1889 1869 1943 adhuc

269 1990 586 2059 propterea,
619 1988 679 2032 ut
716 1994 837 2033 cum
871 1979 973 2035 hoc
1004 1978 1149 2048 quod
1182 1978 1423 2049 gloriari,
1456 1986 1540 2034 vel
1573 1983 1869 2049 appraude-

270 2090 332 2128 re
357 2090 465 2129 non
502 2072 855 2141 permitteris,
900 2087 1023 2127 cum
1058 2071 1163 2127 hoc
1209 2073 1326 2141 ipso
1355 2073 1519 2128 etiam
1559 2074 1869 2130 humilieris

268 2184 337 2223 ac
388 2168 645 2223 refuteris
679 2178 841 2238 atque
888 2167 1121 2222 mendax
1159 2170 1532 2237 comproberis
1561 2187 1574 2221 :
1602 2169 1702 2226 Job
1736 2186 1868 2225 vero

265 2260 546 2314 exaltetur
570 2271 625 2314 et
652 2259 1017 2321 heatiﬁcetur,
1050 2269 1214 2328 atque
1239 2262 1413 2315 victor
1438 2261 1863 2326 demonstretur,

266 2363 324 2407 et
355 2354 428 2407 sit
461 2353 601 2407 Deus
633 2368 817 2416 verax,
843 2352 934 2420 qui
960 2353 1325 2406 testimonium
1357 2353 1630 2421 perhibuit
1652 2352 1773 2419 Job,
1811 2364 1864 2409 tu

267 2460 401 2502 vero
429 2446 645 2500 diabolo
670 2446 924 2511 mendax,
954 2455 1119 2516 atque
1140 2456 1335 2499 auctor
1381 2447 1645 2500 mendacii
1676 2456 1867 2501 osten-

266 2541 439 2594 daris.
466 2537 550 2594 Oh
579 2539 682 2593 hoc
710 2553 841 2607 ergo
870 2539 1050 2591 omnia
1078 2552 1414 2607 quaecunque
1444 2538 1629 2602 habet,
1657 2538 1777 2591 dedi
1813 2538 1865 2591 in

266 2648 494 2685 manum
521 2640 690 2698 tuam,
726 2640 783 2685 ut
829 2645 1022 2685 omnes
1057 2630 1108 2684 in
1151 2640 1415 2699 perpetuo
1452 2638 1783 2700 cognoscant
1811 2638 1868 2684 et

266 2736 416 2778 tuam
472 2724 850 2793 iniquitatem,
895 2738 928 2777 0
963 2721 1215 2785 diabole,
1250 2730 1305 2776 et
1352 2720 1452 2776 Job
1494 2721 1759 2790 jttstitiam
1799 2738 1865 2778 ac

270 2815 638 2880 tolerantiam,
669 2825 724 2870 et
749 2829 924 2869 meam
955 2813 1329 2884 praesentiam;
1364 2822 1419 2867 et
1447 2814 1573 2882 quia
1608 2813 1659 2866 in
1691 2815 1863 2867 tribu-

266 2908 566 2963 lationibus
600 2918 764 2977 atque
799 2906 1087 2962 tolerantia
1134 2904 1304 2974 probo
1333 2904 1539 2958 electos
1586 2919 1737 2959 tneos
1770 2920 1784 2970 ;
1812 2914 1867 2958 et

267 3003 393 3071 quia
432 3003 678 3071 plurima:
707 3000 1075 3053 tribulationes
1097 3000 1391 3067 justorum,
1429 3006 1477 3050 et
1515 3014 1579 3052 ea;
1622 2998 1867 3050 omnibus

266 3097 351 3148 his
374 3096 621 3147 liberabit
645 3108 731 3146 eos
759 3090 1104 3156 Dominus“;
1140 3099 1193 3145 et
1217 3092 1340 3160 quia
1375 3099 1630 3159 tanquam
1671 3105 1863 3143 aurum

269 3192 323 3243 in
362 3189 607 3251 fornace,
640 3188 712 3240 ita
733 3185 864 3254 justi
891 3192 1057 3253 atque
1092 3184 1203 3238 Deo
1237 3182 1605 3253 acceptabiles
1629 3187 1865 3252 probau-

269 3296 359 3337 tur
383 3284 438 3337 in
478 3281 800 3336 tentatione.
832 3278 913 3333 Ob
956 3280 1058 3333 hoc
1100 3292 1233 3347 ergo
1266 3276 1603 3345 respondens
1636 3276 1769 3329 dicit
1796 3275 1867 3329 ad

267 3377 547 3431 diabolum
578 3393 592 3427 :
635 3374 787 3439 Ecce,
822 3373 1012 3442 inquit,
1049 3370 1225 3424 omnia
1269 3386 1387 3439 quae
1433 3369 1625 3432 habet,
1658 3369 1782 3421 dedi
1810 3369 1866 3421 in

268 3485 488 3523 manum
542 3478 703 3521 tuam.
738 3467 874 3534 Quia
936 3467 1038 3520 hoc
1089 3463 1372 3534 quaesisti,
1409 3470 1468 3515 ut
1513 3476 1614 3531 ego
1645 3476 1865 3514 manum

271 3577 451 3614 meam
489 3563 783 3625 mitterem,
815 3560 934 3613 ideo
956 3574 1087 3614 ecce
1115 3572 1217 3627 ego
1246 3557 1367 3611 dedi
1402 3554 1585 3610 omnia
1616 3569 1870 3624 quzecun-

269 3671 380 3725 que
416 3655 577 3708 habet
611 3654 663 3707 iu
698 3669 912 3706 manum
940 3663 1119 3717 tuam,
1154 3662 1208 3708 et
1243 3650 1512 3719 peculium
1543 3656 1598 3703 et
1642 3648 1780 3701 ﬁlios
1812 3656 1869 3701 et

269 3748 634 3803 substantiam
665 3756 720 3801 et
759 3747 972 3802 labores
1012 3756 1068 3801 et
1090 3747 1309 3803 divitias
1338 3755 1391 3799 et
1422 3743 1861 3813 possibilitatem.

269 3838 470 3897 Omnia
494 3853 614 3907 quae
640 3849 767 3893 sunt
794 3840 932 3892 intra
968 3840 1183 3893 domum
1210 3848 1264 3892 et
1287 3847 1441 3891 extra
1470 3837 1686 3891 domum
1724 3833 1863 3903 ejus,

266 3932 455 3986 omnia
480 3947 817 4002 quaecunque
850 3932 1009 3987 habet
1048 3948 1153 3985 non
1179 3932 1427 3996 defendo,
1452 3943 1629 3997 neque
1652 3938 1869 3981 contra-

270 4026 420 4090 dico,
453 4044 558 4081 non
608 4027 902 4097 prmpedio,
959 4040 1134 4089 neque
1167 4024 1482 4087 obvio,sed
1534 4023 1587 4075 in
1642 4034 1863 4073 manum

271 4130 423 4175 luam
452 4122 627 4175 trado.
660 4119 905 4174 lnterﬁce
927 4162 940 4183 ,
974 4122 1137 4189 perde
1177 4118 1299 4172 dele
1342 4126 1503 4186 atque
1535 4113 1861 4169 extermina.

268 4214 483 4270 Perﬁce
510 4215 801 4284 malignum
832 4226 982 4269 tuutn
1022 4214 1273 4268 livorem.
1306 4211 1473 4280 Imple
1518 4209 1864 4263 maledictum

272 4309 408 4365 illud
433 4320 581 4364 tuum
615 4311 817 4364 odium.
848 4308 1140 4364 Pecuniam
1184 4309 1328 4363 enim
1360 4316 1414 4361 et
1448 4305 1587 4359 ﬁlios
1620 4302 1719 4359 Joh
1745 4318 1866 4373 per-

269 4403 394 4467 des,
433 4402 525 4459 sed
566 4403 888 4458 charitatem
930 4402 1048 4471 ejus
1083 4416 1188 4457 non
1237 4400 1452 4470 perdes.
1488 4396 1863 4453 Substantiam

269 4508 342 4549 ac
368 4494 582 4549 labores
636 4495 752 4565 ejus
785 4495 1124 4565 intercipies,
1161 4494 1254 4549 sed
1293 4494 1663 4548 sinceritatem
1720 4489 1865 4543 illius

1892 3229 1939 3287 ϐ

1967 596 2108 650 οωιο
2131 608 2261 653 sunt
2306 598 2448 655 facta
2481 599 2701 655 tuendo.
2742 602 2897 667 Quod
2929 612 3110 659 autem
3142 600 3215 656 ita
3248 610 3331 656 est
3380 600 3561 669 perdi-

1970 688 2100 744 tioni
2130 690 2311 744 dedita
2353 690 2671 759 nequissimi
2716 693 2916 748 diaboli
2968 710 3184 758 manus,
3213 692 3559 749 manifestum

1968 790 2054 835 est
2079 781 2131 833 in
2156 779 2288 844 Job;
2325 798 2446 850 qua:
2479 799 2603 838 mox
2635 794 2692 837 nt
2721 785 2986 854 permissa
3014 795 3188 847 cst,et
3218 802 3341 841 ntox
3373 784 3563 854 utjtts-

1965 871 2173 926 sionem
2190 872 2421 940 accepit,
2437 875 2621 929 statim
2645 876 3012 944 imparcentet‘
3028 887 3223 933 cuncta
3240 878 3435 946 perdit,
3453 886 3567 932 sta.

1970 963 2064 1017 tim
2082 965 2267 1021 omnia
2292 964 2569 1023 interﬁcit.
2595 966 2748 1032 Ecce,
2777 969 3020 1036 inquam,
3050 971 3229 1022 omnia
3254 986 3373 1038 qua:
3404 970 3562 1023 habet

1967 1057 2115 1111 dedit
2141 1057 2195 1112 in
2226 1074 2444 1115 manum
2467 1059 2782 1115 tuam.Ecce
2798 1076 2991 1115 omnes
3011 1062 3102 1117 tibi
3124 1062 3303 1117 ademi
3318 1064 3565 1118 occasio-

1970 1164 2088 1214 nes,
2106 1164 2234 1205 ecce
2260 1166 2365 1205 non
2384 1150 2555 1207 babes
2572 1152 3089 1217 contradictionem,
3106 1166 3236 1209 ecce
3258 1169 3363 1208 non
3391 1155 3563 1212 habes

1970 1243 2135 1297 ullam
2166 1244 2743 1312 replicatiouem,ecce
2781 1260 2887 1299 non
2914 1246 3080 1303 habes
3106 1248 3517 1301 excusationem
3544 1263 3559 1300 :

1968 1338 2145 1390 omnia
2170 1352 2495 1406 qua'cunque
2527 1338 2677 1390 habet
2736 1336 2857 1391 dedi
2902 1339 2960 1390 in
3011 1353 3224 1394 manum
3272 1350 3443 1402 tuam,
3493 1351 3556 1399 ut

1970 1444 2093 1484 cum
2125 1441 2341 1485 omnem
2372 1427 2474 1483 Job
2522 1428 2886 1484 substantiam
2917 1429 3235 1499 perdideris.
3274 1440 3399 1487 tunc
3423 1447 3562 1499 prte-

1970 1522 2160 1578 sertim
2190 1534 2493 1590 cognoscas
2517 1519 2645 1588 quia
2680 1534 2788 1575 non
2821 1532 3043 1591 propter
3077 1520 3447 1579 substantiam
3476 1538 3563 1576 me

1971 1613 2097 1667 colit
2132 1612 2257 1679 Job,
2293 1613 2386 1667 sed
2422 1620 2643 1682 propter
2671 1613 3019 1677 charitatem,
3043 1613 3172 1681 quia
3206 1628 3312 1669 non
3340 1624 3565 1681 propter

1975 1705 2260 1761 facultates
2288 1706 2495 1774 gratias
2522 1706 2656 1761 mihi
2684 1706 2819 1777 agit,
2868 1708 2962 1761 sed
3019 1716 3241 1776 propter
3273 1708 3563 1762 sincerita-

1974 1806 2101 1854 tem.
2134 1796 2215 1853 Ob
2239 1799 2341 1852 hoc
2372 1812 2503 1867 ergo
2528 1796 2664 1851 Ecce
2695 1800 2874 1852 omnia
2891 1815 3215 1868 quacunque
3248 1799 3400 1854 habet
3441 1802 3563 1854 dedi

1903 1867 1943 1923 Β
1973 1892 2028 1943 in
2084 1907 2303 1944 manum
2372 1901 2540 1953 tuam,
2592 1890 2681 1943 sed
2723 1892 2898 1958 ipsum
2950 1907 3076 1945 cave
3138 1907 3201 1946 ne
3243 1903 3430 1962 tangas
3472 1894 3560 1946 η’.

1976 1982 2196 2046 Dixisti,
2227 1997 2261 2036 ο
2285 1982 2518 2043 diabolo,
2549 1982 2691 2050 quod
2740 1997 2845 2035 non
2891 1991 3119 2051 propter
3153 1983 3433 2051 pietatem,
3467 1986 3562 2038 sed

1972 2085 2199 2145 propter
2234 2076 2453 2129 divitias
2482 2073 2585 2130 Job
2607 2075 2838 2129 coluerit
2868 2090 2954 2129 nte
2979 2089 2994 2127 :
3028 2076 3238 2141 dixisti,
3270 2076 3426 2131 aufer
3442 2092 3563 2146 qua:

1975 2166 2197 2230 dedisti,
2247 2176 2301 2220 et
2345 2182 2645 2237 cognosces
2695 2168 2825 2238 quid
2880 2169 2953 2223 sit
3002 2166 3320 2239 Job.,Ego,
3362 2171 3560 2240 inquit,

1974 2274 2310 2329 cognoscere
2344 2276 2452 2313 non
2493 2275 2717 2316 necesse
2759 2261 2933 2316 habeo
2976 2281 2989 2316 :
3023 2262 3375 2330 prtesclcnter
3414 2264 3560 2318 enim

1974 2352 2088 2407 scio
2119 2354 2477 2406 constantiam
2521 2350 2622 2406 Joh
2668 2362 2833 2421 atque
2884 2351 3224 2411 devotionem
3266 2368 3432 2421 quam
3463 2353 3563 2407 ha—

1976 2445 2067 2499 bet
2100 2444 2247 2499 circa
2288 2459 2375 2499 me
2409 2459 2422 2495 :
2450 2446 2629 2499 omnia
2678 2460 2810 2499 vero
2840 2458 3180 2513 quaecunque
3208 2455 3334 2498 sunt
3359 2444 3458 2508 illi,
3494 2446 3562 2497 do

1977 2539 2029 2591 in
2064 2552 2283 2590 manum
2347 2546 2516 2603 tuam,
2580 2546 2641 2590 ιιι
2690 2550 2814 2592 cum
2866 2534 3212 2604 probaveris,
3264 2549 3562 2606 cognoscas

1973 2631 2098 2700 quia
2136 2630 2286 2685 solus
2317 2628 2417 2682 Joh
2453 2628 2593 2682 valet
2650 2628 2907 2684 resistere
2959 2630 3227 2683 universa:
3282 2628 3577 2697 iniquitati

1974 2737 2138 2794 atque
2213 2726 2435 2778 malitia:
2486 2735 2611 2777 tum.
2660 2724 2771 2777 Sed
2832 2722 3048 2776 interim
3105 2723 3307 2787 omnia,
3361 2722 3559 2790 inquit,

1972 2835 2297 2889 qua'cunque
2319 2819 2470 2870 habet
2512 2818 2633 2871 dedi
2662 2818 2717 2871 in
2778 2832 2994 2870 manum
3036 2825 3207 2879 tuam,
3255 2815 3346 2867 sed
3390 2815 3561 2883 ipsum

1973 2928 2095 2965 cave
2122 2928 2185 2965 ne
2211 2920 2415 2980 tangas.
2455 2911 2608 2978 Quod
2636 2910 2954 2979 qumsivisti,
2980 2910 3172 2978 inquit,
3200 2908 3367 2964 habes
3394 2926 3407 2960 :
3441 2923 3561 2976 quae

1977 3003 2184 3073 petisti,
2205 3004 2487 3070 accepisti,
2513 3012 2836 3072 potestatem
2866 3002 3186 3056 substantia:
3203 3010 3257 3054 et
3280 3000 3562 3070 possibili.

1982 3097 2108 3149 tatis
2124 3103 2288 3164 atque
2307 3097 2644 3160 divitiarum,
2663 3094 2858 3165 peculii
2880 3093 3235 3147 niltil0minus
3252 3102 3414 3162 atque
3429 3093 3563 3146 ﬁlio—

1977 3202 2095 3240 rum
2134 3205 2148 3240 :
2189 3188 2283 3241 sed
2322 3186 2652 3254 ipsumcave
2688 3203 2749 3239 ne
2783 3194 3005 3253 tangas,
3048 3185 3175 3253 quia
3226 3200 3332 3238 non
3380 3184 3558 3253 ipsum

1968 3281 2235 3350 quaesisti,
2254 3280 2347 3335 sed
2367 3293 2708 3349 quaecunque
2725 3278 2906 3331 habet.
2925 3276 3132 3330 Idcirco
3146 3276 3400 3331 omnibus
3418 3291 3559 3345 quae.

1968 3389 2185 3443 cunque
2220 3374 2381 3429 habet
2420 3372 2665 3442 acceptis
2698 3371 2878 3442 ipsum
2909 3386 3035 3425 care
3068 3382 3353 3439 netangas,
3381 3384 3559 3439 neque

1968 3466 2286 3528 carnaliter,
2314 3478 2492 3532 neque
2529 3463 2869 3532 spiritaliter,
2901 3475 3078 3529 neque
3112 3460 3420 3524 manifeste,
3464 3477 3560 3514 ne-
3602 3504 3614 3521 ,

1967 3575 2075 3630 que
2108 3559 2366 3612 latenter.
2401 3557 2584 3626 Ipsum
2623 3572 2745 3609 cave
2783 3571 2845 3608 ne
2877 3563 3083 3623 tangas.
3127 3552 3241 3608 Cur
3271 3554 3556 3606 enimnon

1972 3649 2228 3718 tangam?
2251 3648 2333 3703 0b
2364 3648 2487 3711 hoc,
2513 3646 2711 3715 inquit,
2745 3644 2871 3713 quia
2890 3651 3142 3697 servatur
3165 3642 3231 3696 ad
3258 3643 3556 3697 secundam

1968 3743 2345 3804 luctationem,
2378 3749 2653 3795 certamen
2681 3752 2898 3808 quoque
2942 3745 2998 3791 et
3053 3735 3441 3799 constantiam,
3474 3744 3559 3787 at-

1967 3852 2074 3906 que
2100 3836 2398 3889 tolerantia:
2426 3834 2898 3903 approbationem.
2928 3829 3160 3897 Subicit,
3194 3829 3388 3899 inquit,
3414 3842 3558 3882 nunc

1970 3926 2083 3982 haec
2118 3942 2239 3996 quae
2274 3940 2370 3995 per
2422 3925 2667 3994 pecunia:
2702 3934 2869 3993 atque
2928 3923 3164 3978 ﬁliorum
3197 3924 3555 3992 perditionem

1968 4017 2028 4071 ﬁt
2057 4018 2303 4071 tentatio.
2339 4015 2531 4070 Merito
2558 4015 2736 4085 ipsum
2769 4030 2903 4069 cave
2934 4032 3001 4069 ne
3030 4024 3243 4085 tangas.
3269 4014 3314 4069 0
3338 4014 3556 4068 bonitas

1970 4121 2084 4177 tua,
2114 4125 2232 4175 rex,
2258 4126 2290 4165 ο
2314 4110 2489 4165 virtus
2514 4119 2678 4179 atque
2717 4106 3123 4178 magniﬁcentia
3170 4117 3276 4168 tua,
3306 4107 3550 4163 λεια-ηεξ

1968 4206 2140 4271 Quam
2171 4218 2420 4273 magnam
2454 4202 2883 4257 consolationem
2923 4199 3118 4255 tribuis
3154 4201 3219 4255 iis
3248 4202 3340 4269 qui
3391 4201 3457 4254 ad
3504 4210 3556 4253 te

1969 4295 2337 4365 confugerint,
2360 4304 2415 4349 et
2434 4294 2759 4349 constantiae
2791 4292 3045 4347 ﬁduciam
3065 4300 3165 4346 ate
3189 4291 3553 4363 speraverint,

1968 4399 2029 4444 ut
2058 4403 2233 4457 neque
2256 4388 2540 4443 hominum
2575 4400 2751 4457 neque
2776 4387 3149 4456 iumentorum
3172 4426 3188 4451 ,
3237 4399 3409 4454 neque
3437 4385 3554 4437 ani-

1972 4489 2239 4534 matorum
2285 4493 2462 4547 neque
2514 4479 2934 4533 inauimatorum
2969 4484 3294 4545 potestatem
3355 4474 3552 4529 habeat

270 4594 442 4653 atque
494 4586 790 4655 gratiarum
841 4588 1109 4641 actionem
1151 4600 1256 4639 non
1294 4582 1630 4652 intercipics.
1666 4580 1858 4636 Omnia
1895 4567 1937 4622 ο
1967 4570 2338 4634 adversarius.
2366 4570 2466 4625 ﬂiSi
2505 4570 2593 4624 Ubi
2620 4568 2785 4623 Ῐιιθΐῖῑ
2816 4569 3147 4638 PermiSSUS!
3201 4566 3318 4622 N00
3368 4576 3550 4621 amem

270 4690 410 4745 ergo
438 4690 774 4745 quaecunque
831 4676 994 4732 habet
1024 4676 1146 4731 dedi
1183 4675 1235 4730 in
1294 4688 1514 4728 manum
1550 4682 1718 4736 tuam,
1746 4685 1866 4738 qua:

273 4766 415 4833 iram
471 4775 635 4836 atque
685 4766 922 4836 gladium
967 4768 1232 4833 continet,
1287 4780 1407 4834 qua:
1458 4763 1641 4833 przelia
1699 4771 1865 4831 atque

272 4858 413 4912 bella
471 4869 749 4928 operatur,
800 4874 921 4928 quas
963 4859 1327 4927 perditionem
1360 4865 1523 4925 atque
1563 4853 1866 4909 damnatio-

273 4964 401 5002 nem
448 4949 680 5018 perlicit,
712 4964 832 5018 quae
872 4947 1151 5004 doloribus
1184 4947 1440 5011 satiatur,
1470 4961 1588 5014 quae
1645 4943 1866 4999 sceleri-

272 5037 379 5094 bus
411 5050 574 5108 atque
614 5039 982 5108 impietatibns
1011 5039 1207 5093 inhiat.
1243 5036 1300 5090 ln
1337 5039 1500 5102 hanc,
1526 5034 1721 5102 inquit,
1753 5048 1868 5086 ma-

272 5148 405 5185 nuni
445 5141 591 5183 tuam
636 5132 791 5186 trado
837 5132 1019 5186 omnia
1064 5145 1401 5200 quaecunque
1447 5136 1573 5180 sunt
1602 5126 1781 5186 illius;
1812 5124 1863 5177 in

278 5225 421 5276 hanc
453 5239 696 5285 manum,
724 5239 841 5291 qua:
871 5223 915 5277 si
954 5223 1294 5292 praevaleret,
1332 5235 1546 5276 onmem
1592 5217 1864 5271 hominem

272 5324 333 5365 et
365 5326 581 5367 onmem
622 5313 872 5380 spiritum
902 5314 994 5383 qui
1035 5312 1137 5367 sub
1167 5310 1307 5367 cmlo
1333 5322 1439 5375 est,
1473 5308 1654 5362 subito
1679 5307 1731 5359 in
1755 5306 1862 5359 ictu

271 5406 420 5460 oculi
452 5408 739 5474 perderet,
778 5406 985 5461 deleret
1041 5418 1204 5475 atque
1250 5404 1604 5466 interﬁceret,
1659 5400 1699 5454 si
1742 5414 1865 5469 per-

273 5499 609 5564 mitteretur,
642 5509 697 5553 et
748 5498 791 5552 si
821 5497 974 5566 juxta
1027 5498 1361 5550 voluntatem
1413 5491 1720 5560 iniquitatis
1752 5503 1875 5543 sure"

271 5600 600 5660 potestatem
627 5592 869 5645 haberet.
902 5590 1006 5645 Sed
1037 5590 1244 5644 resistit
1277 5588 1350 5642 illi
1377 5592 1718 5652 omnipotens
1753 5595 1867 5633 ma-

273 5702 378 5739 nus
408 5685 520 5749 Dei,
566 5694 728 5753 atque
769 5682 1063 5737 fortissima
1096 5682 1318 5738 dextera
1355 5678 1631 5736 Creatoris
1672 5677 1867 5746 guber-

351 5852 389 5879 ¹¹
436 5847 534 5903 Joh
567 5867 605 5913 t,
642 5847 726 5901 l2.
808 5850 848 5881 ¹²
880 5847 1023 5904 Psal.
1060 5863 1248 5909 X\Xlll,
1277 5847 1363 5900 “.20.
1463 5845 1527 5875 ¹¹⁶
1569 5839 1667 5894 J-b
1703 5857 1746 5902 ι,
1787 5838 1867 5891 1⁵2..

1968 4662 2325 4732 permittitur,
2359 4660 2462 4715 nisi
2496 4661 2585 4715 ubi
2612 4661 2826 4716 noverit
2867 4658 3010 4714 Deus
3044 4675 3146 4729 pro
3203 4659 3323 4713 ﬁdei
3375 4660 3549 4712 manl-

1965 4753 2279 4816 festatioue,
2323 4761 2377 4807 et
2400 4752 2722 4807 constantia
2758 4751 3176 4819 approbatione.
3218 4761 3383 4818 atque
3438 4749 3553 4816 glo.

1965 4848 2130 4903 riosae
2188 4843 2649 4899 remunerationis
2712 4844 3092 4898 retributione.
3154 4841 3280 4896 Haec
3344 4841 3553 4896 scilicet

1971 4952 2073 4991 nos
2102 4936 2337 4989 scientes
2361 4934 2594 4989 sollicite
2619 4945 2782 5002 atque
2810 4935 3007 4986 devote
3042 4932 3109 4985 ad
3158 4931 3326 4984 Deum
3362 4930 3553 4984 confu-

1969 5029 2202 5100 giamus,
2240 5026 2633 5081 instantissime
2662 5036 2828 5094 atque
2850 5023 3223 5078 sincerissime
3258 5023 3312 5075 in
3339 5022 3549 5076 oratio—

1971 5120 2131 5173 nibus
2164 5120 2326 5172 Deum
2356 5118 2693 5181 invocemus,
2733 5128 2791 5168 ut
2815 5124 3033 5168 avertat
3066 5130 3099 5167 a
3128 5112 3286 5167 nobis
3329 5112 3550 5180 maligni

1970 5208 2232 5274 insidias;
2271 5218 2329 5261 ut
2354 5207 2552 5277 eripiat
2582 5221 2679 5259 nos
2702 5205 2769 5259 de
2811 5202 3125 5258 crudelibus
3152 5200 3299 5253 illius
3360 5200 3549 5254 incur-

1968 5302 2237 5365 sionibus,
2270 5311 2324 5354 et
2348 5316 2455 5354 non
2481 5298 2760 5367 permittat
2785 5310 2882 5350 nos
2909 5293 3103 5348 tentari
3131 5306 3294 5361 super
3314 5292 3373 5346 id
3405 5292 3550 5361 quod

1966 5393 2244 5463 possimus
2278 5391 2527 5446 sulferre.

2040 5484 2198 5548 Ecce,
2232 5485 2432 5552 inquit,
2469 5482 2713 5535 universa
2768 5494 3089 5547 quiscunque
3132 5477 3284 5531 habet
3338 5477 3457 5531 dedi
3497 5478 3551 5529 in

1969 5596 2130 5635 manu
2155 5589 2265 5631 tua.
2302 5574 2416 5629 Non
2450 5575 2595 5638 ideo,
2629 5573 2825 5643 inquit.
2857 5572 2979 5627 dedi
3006 5572 3119 5626 hazc
3141 5570 3401 5625 omniain
3436 5586 3551 5623 ma-s

1977 5690 2047 5729 nu
2087 5683 2197 5740 tua,
2232 5669 2358 5741 quia
2386 5675 2702 5738 oportuerat
2730 5665 2813 5722 \el
2844 5664 3048 5736 justum
3102 5663 3299 5729 iuerat,
3328 5662 3423 5718 sed
3479 5663 3550 5717 ob
