3942 6536
440 363 548 420 419

1569 362 1953 419 ΑΝΟΝἾΜΗδ
1987 362 2053 419 ΙΝ
2089 363 2229 419 1οΒ.
2267 395 2338 404 -
2376 364 2502 420 LlB.
2542 366 2581 421 1.

3587 371 3687 426 420

440 488 547 544 hoc
578 496 634 541 ut
660 486 913 557 nequitiae
952 494 1056 540 tua:
1086 484 1400 541 occasiones
1423 486 1714 542 auferrem.
1736 486 2015 554 Quomodo
2042 489 2093 552 Α
2123 487 2228 543 alio
2257 498 2507 558 poterant
2552 488 2883 544 manducare
2912 489 2997 545 vel
3024 490 3208 547 bibere
3265 489 3390 546 talis
3436 496 3502 545 ac
3555 492 3687 546 tanti

440 581 584 635 enim
611 580 816 647 justum
845 588 985 641 eral,
1010 576 1094 633 vel
1120 588 1435 650 oportuerat
1459 588 1516 632 nt
1548 580 1732 633 darem
1765 580 1817 633 in
1851 594 2010 632 manu

443 683 531 726 tua
579 672 707 742 juga
759 673 916 725 boum
948 685 1071 741 qua:
1111 672 1299 725 viduas
1327 671 1532 726 orando
1590 670 1901 725 revelabant
1958 680 2015 725 et

441 776 633 831 greges
666 760 1065 832 pecornm,qni
1131 760 1405 830 nrphanos
1474 761 1796 827 vestiebant,
1851 773 2012 831 atque

442 853 869 907 calefaciebant?
895 852 1177 919 Quomodo
1205 861 1542 922 oportuerat,
1563 853 1647 908 vel
1669 854 1875 922 justum
1895 864 2013 909 erat

440 956 498 1001 ut
518 946 697 1015 jnstos
722 956 779 1001 et
809 947 1125 1001 innocentes
1153 947 1291 1001 ﬁlios
1318 946 1420 1001 Job
1446 958 1501 1001 tu
1545 948 1792 1015 nequiter
1838 946 2011 1000 inter-

440 1038 705 1104 ﬁceres,o
732 1038 965 1101 diabole,
991 1052 1112 1091 cum
1153 1037 1383 1091 dixerim
1408 1047 1529 1107 post
1554 1038 1607 1091 in
1633 1037 1747 1107 lege
1766 1054 1779 1090 :
1796 1035 2012 1089 Justnm

437 1144 486 1186 et
514 1132 844 1185 innocentem
868 1147 969 1183 non
1003 1130 1208 1183 occides
1238 1130 1317 1183 "‘f
1352 1128 1469 1184 Non
1514 1144 1643 1199 ergo
1696 1139 2013 1196 oportuerat

440 1224 840 1293 nequejustum
876 1223 1073 1285 fuerat,
1104 1223 1198 1277 sed
1232 1231 1457 1292 propter
1488 1223 1830 1292 iniquitatem
1865 1231 2009 1276 tuam

437 1327 491 1371 et
524 1317 699 1371 zelum
737 1325 793 1369 et
820 1317 1067 1378 livorem,
1102 1324 1159 1368 ut
1197 1312 1583 1369 inexcusabilis
1618 1311 2010 1382 comproberis,

438 1419 495 1463 et
544 1409 748 1476 absque
802 1406 1241 1461 contradictione
1299 1405 1667 1474 redarguaris,
1726 1416 2012 1476 propterea

436 1516 555 1555 ecce
611 1501 787 1554 omnia
830 1515 1150 1570 quaecunque
1212 1498 1365 1551 habet
1414 1499 1537 1552 dedi
1585 1500 1639 1551 in
1686 1513 1847 1552 manu
1895 1509 2008 1567 tua,

437 1593 531 1648 sed
561 1595 730 1661 ipsum
768 1607 889 1645 cave
942 1609 1004 1645 ne
1041 1604 1252 1661 tangas.
1284 1588 1350 1642 Et
1381 1590 1577 1659 factum
1616 1602 1689 1645 est
1720 1592 1871 1657 quasi
1899 1591 2009 1644 dies

436 1684 530 1739 illa
557 1684 621 1739 “.
654 1683 784 1751 Quae
812 1683 1083 1739 dies‘illla
1116 1685 1232 1738 dies
1263 1683 1317 1737 in
1351 1699 1457 1753 qua
1479 1683 1747 1753 malignus
1784 1683 2011 1752 pennis-

437 1777 644 1830 sionem
681 1775 911 1843 accepit,
965 1774 1018 1828 in
1085 1789 1190 1843 qna
1251 1775 1616 1843 nequissimus
1667 1774 1860 1829 ﬁducia
1926 1785 2010 1829 est

2118 578 2221 633 viri
2258 577 2351 634 lilii
2391 590 2632 650 tempore
2668 598 2683 635 :
2718 580 2846 651 quia
2891 596 2989 637 nec
3054 584 3170 651 ipse
3224 593 3381 638 extra
3442 583 3687 638 ordinem

2120 672 2449 729 manducare
2479 673 2564 728 vel
2592 674 2780 729 bibere
2811 674 3005 730 solitus
3029 687 3146 731 erat
3168 715 3185 741 ,
3219 676 3312 731 sed
3362 676 3688 746 competenti

2120 772 2382 834 tempore,
2446 765 2540 820 sed
2585 764 2852 834 disposito
2874 774 3120 832 tempore
3147 775 3309 837 atque
3342 765 3599 821 ordinato
3637 776 3691 822 et

2121 856 2236 926 ipse
2260 856 2628 924 manducavit,
2656 865 2712 912 et
2744 856 2883 913 ﬁlios
2923 873 3050 912 suos
3082 858 3228 913 circa
3258 858 3508 913 ordinem
3544 873 3693 913 man.

2120 947 2320 1003 ducare
2346 947 2549 1003 docuit.
2584 947 2675 1003 Sic
2714 947 2896 1019 itaque
2927 949 3057 1005 hora
3092 950 3300 1018 prandii
3354 949 3691 1005 manducan-

2121 1038 2266 1094 tibus
2295 1038 2403 1095 illis
2430 1054 2495 1094 ac
2518 1038 2851 1106 bibentibus,
2876 1038 2978 1095 Job
3013 1055 3145 1095 sane
3172 1041 3225 1095 in
3255 1041 3416 1095 domo
3443 1055 3567 1105 sua,
3596 1040 3692 1095 ﬁlii

2121 1139 2297 1185 autem
2328 1129 2517 1201 ejuset
2547 1130 2695 1196 ﬁliae,
2749 1131 2801 1185 in
2864 1130 3027 1187 domo
3070 1130 3259 1185 fratris
3303 1132 3384 1186 sui
3446 1130 3691 1200 majoris,

2119 1223 2342 1276 nuntius
2372 1221 2523 1276 venit
2544 1222 2611 1276 ad
2638 1220 2761 1276 Job.
2801 1220 2932 1275 Erat
2959 1236 3192 1291 namque
3224 1222 3543 1292 nequissimi
3575 1222 3692 1276 dia-

2117 1314 2225 1369 boli
2251 1314 2511 1374 versutia.
2540 1322 2600 1367 ut
2628 1314 2817 1370 horam
2848 1314 3057 1384 prandii
3086 1317 3422 1378 observaret,
3444 1323 3502 1367 nt
3530 1310 3693 1383 pran-

2118 1405 2277 1459 dente
2306 1404 2402 1460 illo
2442 1405 2626 1459 tristes
2680 1419 2743 1459 ac
2793 1404 3104 1460 mortiferus
3156 1405 3377 1479 nuntios
3438 1408 3504 1461 ad
3567 1421 3691 1460 eum

2117 1495 2377 1561 mitteret,
2406 1510 2513 1565 quo
2545 1495 2719 1565 magis
2767 1495 3018 1565 fatigaret
3073 1505 3126 1551 et
3168 1511 3290 1552 eum
3333 1497 3690 1562 interﬁceret,

2116 1597 2176 1642 ut
2199 1597 2441 1656 tempore
2466 1588 2818 1643 comestionis
2847 1603 2910 1643 ac
2937 1596 3097 1656 potus
3125 1598 3289 1657 atque
3327 1588 3692 1658 iucunditatis

2119 1678 2301 1732 tristes
2336 1680 2556 1734 nuntios
2587 1679 2851 1734 mittendo
2879 1680 3111 1734 deﬁcere
3136 1680 3285 1735 illum
3307 1682 3514 1751 justum
3544 1679 3691 1735 face-

2116 1779 2217 1823 ret.
2240 1768 2365 1825 lltec
2395 1786 2630 1840 namque
2660 1773 3037 1826 demonstrans
3071 1773 3200 1828 dicit
3228 1789 3246 1827 :
3282 1771 3420 1828 Ecce
3468 1775 3688 1827 nuntias

439 1867 630 1931 fretos,
659 1867 712 1920 in
743 1880 848 1935 qua
873 1866 964 1921 die
991 1865 1239 1921 diabolus
1265 1867 1615 1921 innocentum
1662 1876 1889 1922 mortem
1935 1867 2012 1920 fa-
2047 1855 2087 1909 Β
2117 1859 2257 1914 venit
2288 1860 2357 1912 ad
2377 1859 2479 1914 Job
2505 1859 2571 1929 ³⁸,
2601 1859 2846 1916 dolorum
2880 1871 3043 1931 atque
3088 1862 3383 1932 gemituum
3446 1864 3685 1926 nuntius.

435 1959 676 2013 bricatus
708 1966 791 2012 est
823 1976 836 2011 :
867 1956 931 2011 Et
962 1957 1163 2026 factum
1192 1968 1272 2013 est
1314 1960 1465 2028 quasi
1494 1960 1604 2012 dies
1644 1958 1763 2022 illa,
1799 1958 1850 2012 in
1902 1972 2009 2028 qua

437 2049 683 2104 diabolus
722 2050 942 2119 gavisus
973 2060 1077 2114 est,
1108 2049 1200 2120 qui
1248 2066 1525 2121 nunquam
1565 2062 1647 2105 est
1680 2051 1915 2122 gavisus,
1955 2052 2007 2106 in

436 2155 541 2211 qua
580 2140 849 2212 malignus
892 2140 1205 2207 exsultavit,
1236 2144 1327 2212 qui
1387 2158 1663 2212 nunquam
1734 2143 2009 2199 exsultare

433 2242 520 2287 est
552 2232 955 2304 comprobatus.
992 2231 1126 2288 Nam
1167 2233 1584 2289 exsultationem
1617 2233 1767 2288 ducit
1818 2250 2005 2289 eorum

434 2324 526 2392 qui
555 2333 682 2377 sunt
711 2323 1092 2394 perditionem,
1119 2334 1283 2394 atque
1325 2327 1568 2379 vivorum
1632 2325 2005 2380 mortiﬁcatio-

435 2432 579 2470 nem.
609 2415 677 2469 Et
700 2417 899 2485 factum
923 2428 999 2470 est
1022 2419 1154 2471 sicut
1182 2418 1277 2471 illa
1328 2418 1461 2471 dies.
1517 2417 1654 2484 Quae
1691 2417 1851 2471 dies?
1892 2416 2004 2482 Illa,

434 2509 632 2579 inquit,
664 2510 780 2563 dies
810 2510 862 2563 in
885 2524 992 2579 qna
1013 2508 1106 2563 ﬁlii
1137 2507 1240 2564 Job
1264 2520 1320 2565 et
1342 2509 1466 2564 ﬁliae
1497 2509 1847 2563 novissimum
1877 2510 2005 2564 illtnl

433 2601 807 2655 unanimitatis
838 2612 1001 2671 atque
1017 2602 1326 2656 concordia:
1353 2601 1641 2672 prandium
1671 2601 2008 2670 pranderunt

433 2708 595 2763 super
624 2703 846 2748 terram.
882 2693 936 2747 ln
974 2693 1128 2748 caelis
1164 2707 1396 2763 namque
1444 2702 1663 2748 aeterna:
1703 2695 1888 2765 glorize
1950 2702 2008 2749 et

435 2783 865 2854 incorruptibilis
894 2784 1234 2840 beatitudine
1271 2786 1475 2853 pariter
1538 2784 1810 2840 fruuntur.
1850 2787 2003 2853 Quod

434 2885 614 2929 autem
641 2874 1001 2930 novissimum
1030 2876 1315 2946 prandium
1351 2886 1478 2930 tunc
1500 2877 1551 2930 in
1588 2892 1815 2945 corpore
1839 2894 2003 2947 pran-

431 2964 647 3031 dernnt,
673 2981 795 3019 mox
825 2967 1220 3036 subsequenter
1257 2967 1514 3033 ostendit,
1546 2968 1769 3023 dicens:
1800 2966 1868 3021 Et
1906 2968 2005 3037 filii

429 3058 533 3112 Job
557 3069 605 3112 et
638 3059 765 3127 ﬁlia:
783 3059 1170 3113 manducabant
1196 3069 1245 3114 et
1287 3060 1524 3114 bibebant
1552 3061 1607 3114 in
1637 3062 1792 3115 domo
1818 3061 2003 3130 fratris

430 3152 515 3204 sui
541 3150 764 3220 majoris
784 3150 850 3217 ",
883 3165 945 3207 ac
966 3149 1129 3206 veluti
1152 3151 1361 3222 parvuli
1387 3150 1623 3223 infantes
1651 3153 1808 3208 malis
1827 3154 2005 3209 omni-

432 3242 533 3297 bus
556 3252 830 3315 expertes,
851 3243 1013 3299 simul
1040 3245 1229 3300 sedent
1255 3252 1308 3299 et
1337 3254 1515 3310 stant,
1556 3244 1715 3300 simul
1738 3254 1793 3300 et
1816 3245 2007 3301 ludunt

430 3344 485 3389 et
516 3335 729 3401 bibunt,
786 3350 885 3392 nec
946 3335 1242 3407 quidquam
1290 3336 1442 3404 mali,
1493 3347 1588 3391 aut
1647 3336 1844 3403 illiciti,
1911 3346 2007 3392 aut

429 3427 592 3483 etiam
626 3426 847 3482 obsceni
889 3427 955 3481 de
987 3427 1216 3483 invicem
1244 3426 1310 3482 ad
1340 3428 1571 3483 invicem
1616 3428 1852 3497 cogitant
1884 3445 1899 3483 :
1931 3427 2003 3481 ita

427 3525 485 3573 et
517 3516 820 3572 beatissimi
858 3516 950 3570 ﬁlii
985 3516 1088 3573 Job
1120 3532 1185 3573 ac
1216 3517 1339 3573 ﬁliae
1369 3518 1507 3573 casti
1537 3529 1695 3572 erant
1729 3518 1927 3573 animis
1951 3527 2006 3573 et

429 3609 631 3663 mundo
663 3610 849 3673 corde,
880 3618 935 3662 et
966 3609 1309 3664 immaculata
1355 3610 1687 3665 conscientia
1725 3618 1782 3665 et
1829 3610 2007 3665 omni-

430 3699 531 3754 bus
583 3699 942 3754 immunditiis
992 3708 1159 3769 atqne
1205 3700 1411 3756 illicitis
1473 3709 1745 3770 expertes.
1811 3699 2004 3757 Merito

430 3806 554 3845 cum
610 3790 987 3861 hujuscemodi
1043 3801 1247 3854 essent,
1289 3791 1449 3845 simul
1504 3791 1902 3847 manducabant
1951 3800 2006 3847 et

429 3882 682 3937 bibebant
706 3889 877 3937 caste.
908 3881 984 3938 lta
1014 3892 1173 3938 erant
1203 3882 1362 3939 simul
1393 3883 1523 3938 olim
1568 3884 1739 3938 Adam
1788 3893 1845 3938 et
1894 3883 2001 3938 Eva

426 3975 665 4043 quandin
715 3975 768 4028 in
798 3975 1052 4043 paradiso
1096 3976 1147 4030 in
1198 3976 1513 4032 innocentia
1556 3977 1999 4045 permansissent.

428 4068 501 4122 Ita
536 4078 588 4122 et
618 4083 762 4123 nunc
789 4077 912 4125 sunt
935 4068 987 4123 in
1017 4078 1205 4123 sancta
1242 4068 1481 4124 Ecclesia
1512 4080 1678 4125 castae
1706 4068 1903 4123 animae
1936 4083 1999 4123 ac

426 4161 817 4225 sancue,sicut
875 4161 1151 4231 simplices
1202 4161 1460 4226 infantes,
1523 4172 1688 4232 atque
1748 4160 2003 4217 onmibns

426 4252 581 4307 malis
606 4262 876 4321 expertes.
916 4251 1009 4308 Sic
1040 4253 1250 4308 scilicet
1276 4253 1495 4309 fuerunt
1522 4254 1687 4308 etiam
1721 4252 2001 4323 benignis-

425 4344 572 4406 sitni,
600 4359 663 4397 ac
705 4345 815 4401 Deo
847 4344 1051 4408 dilecti.
1081 4354 1244 4415 atque
1281 4344 1532 4400 omnibus
1562 4345 1766 4415 angelis
1792 4345 2001 4400 sanctis

425 4435 542 4504 ejus
566 4433 782 4490 ﬁliiJob
816 4445 1039 4506 propter
1078 4437 1449 4491 innocentiam
1512 4448 1564 4491 et
1619 4439 1992 4495 sanctitatem.

2117 1950 2381 2006 malorum
2435 1960 2598 2022 atque
2660 1951 3040 2007 amaritudinis
3086 1967 3284 2022 praeco,
3324 1952 3689 2008 tribulationis

2117 2051 2280 2112 atque
2314 2044 2579 2115 angustia:
2607 2044 2949 2113 praedicator.
2980 2043 3216 2100 Nuntius
3248 2044 3399 2099 venit
3444 2046 3511 2099 ad
3570 2043 3686 2109 Job,

2117 2134 2211 2204 qui
2251 2143 2603 2190 conservatus
2648 2136 2717 2188 ab
2748 2136 3061 2191 adversario
3108 2138 3306 2192 missus
3344 2146 3427 2191 est
3472 2153 3502 2192 a
3560 2138 3689 2192 dia-

2114 2226 2261 2282 bolo.
2308 2226 2543 2283 Nnntius
2596 2227 2744 2283 venit
2784 2227 2853 2283 ad
2904 2226 3039 2294 Job,
3077 2230 3349 2296 concisus,
3389 2228 3686 2286 laceratus.

2114 2318 2463 2389 compilatus,
2523 2329 2806 2383 contusus,
2857 2319 3013 2386 flens,
3047 2320 3371 2387 lamentans,
3423 2322 3686 2392 plangens

2114 2422 2170 2465 et
2208 2409 2544 2477 vociferans,
2596 2420 2758 2481 atque
2810 2412 3059 2468 universa
3113 2428 3235 2484 qua:
3288 2423 3410 2468 sunt
3461 2413 3686 2468 misera-

2112 2503 2241 2559 bilia
2281 2502 2428 2557 luctu
2461 2502 2865 2571 demonstrans,
2901 2503 2973 2558 ita
3018 2519 3050 2559 a
3086 2506 3321 2575 maligno
3366 2505 3594 2560 edoctus
3630 2515 3688 2559 ut

2114 2595 2231 2664 ipso
2262 2596 2442 2666 potius
2479 2595 2773 2652 miserabili
2819 2612 2918 2652 suo
2950 2595 3096 2653 luctu
3127 2612 3189 2652 ac
3227 2597 3443 2668 planctu
3489 2598 3545 2651 in
3594 2597 3683 2652 Dei

2114 2689 2589 2758 reprehensionem
2644 2687 2779 2757 justi
2842 2688 2983 2743 illius
3056 2699 3289 2744 mentem
3365 2690 3682 2746 concitaret.

2112 2779 2344 2836 Nuntius
2399 2782 2545 2835 venit
2579 2780 2647 2835 ad
2692 2779 2793 2836 Job
2837 2792 2891 2834 et
2940 2781 3077 2838 dixit
3111 2781 3206 2845 illi,
3265 2782 3561 2837 miserabili
3606 2792 3684 2837 at-

2112 2887 2220 2942 que
2268 2871 2600 2944 Iacrymabili
2650 2888 2783 2928 voce
2826 2873 2963 2928 dixit
3015 2872 3066 2929 ei
3116 2888 3133 2928 :
3179 2874 3319 2941 Quid
3366 2876 3599 2945 cogitas,
3651 2890 3684 2930 o

2111 2962 2246 3020 Job?
2296 2966 2376 3019 Ad
2440 2979 2678 3020 mensam
2724 2966 2917 3032 sedes,
2952 2972 3006 3021 et
3054 2981 3118 3022 ea
3172 2982 3291 3035 quae
3343 2967 3683 3038 contigerunt

2114 3056 2350 3125 ignoras.
2409 3056 2624 3111 Deliciis
2671 3056 2877 3121 uteris,
2957 3065 3010 3113 et
3065 3058 3375 3113 accidentes
3431 3057 3527 3113 tibi
3585 3058 3684 3112 mi-

2111 3149 2286 3204 serias
2326 3150 2525 3203 nescis.
2580 3148 2725 3204 Dixit
2764 3148 2839 3203 illi
2880 3165 2893 3203 :
2927 3148 3009 3205 Ad
3056 3164 3297 3205 mensam
3343 3148 3683 3219 splendidam

2108 3240 2451 3306 sedes,Job:
2492 3240 2588 3296 sed
2628 3241 2786 3296 hodie
2832 3240 2900 3295 ad
2938 3256 3203 3307 mensam,
3240 3257 3380 3324 veras
3434 3256 3567 3297 vero
3617 3242 3681 3296 ad

2108 3333 2307 3389 lectum
2329 3332 2474 3389 foras
2501 3334 2906 3404 deportatorum
2930 3333 3187 3399 ﬁliorum,
3220 3334 3379 3390 modo
3407 3334 3459 3387 in
3484 3335 3683 3404 jucun-

2107 3428 2301 3493 ditate,
2337 3436 2459 3496 post
2480 3426 2755 3496 paululum
2782 3435 2961 3480 autem
3004 3425 3056 3479 iu
3103 3425 3306 3480 infelici
3346 3436 3681 3497 paupertate.

2107 3519 2260 3588 Quod
2290 3521 2333 3575 si
2359 3535 2465 3576 non
2493 3519 2710 3585 credis,
2740 3519 2880 3586 quod
2919 3517 2963 3571 si
3017 3532 3123 3573 non
3184 3532 3375 3587 speras
3434 3519 3506 3573 ita
3560 3533 3679 3573 esse

2106 3612 2233 3667 audi
2262 3611 2435 3681 :Juga
2468 3612 2620 3666 boum
2657 3621 2866 3665 tuorum
2896 3611 3118 3665 arabant
3147 3622 3196 3665 et
3228 3613 3393 3665 asinte
3415 3612 3582 3680 juxta
3616 3614 3682 3666 it-

2105 3702 2183 3758 ιο)
2201 3704 2503 3774 pascebant,
2535 3712 2583 3757 et
2614 3712 2861 3756 venerunt
2890 3702 3163 3770 prwdones
3207 3711 3255 3757 et
3305 3702 3534 3770 pra'dati
3561 3716 3681 3757 sunt

2104 3794 2222 3861 illa,
2249 3806 2296 3849 et
2327 3811 2515 3864 pueros
2560 3794 2867 3848 occiderunt
2915 3796 2967 3850 in
2996 3810 3088 3849 ore
3141 3794 3339 3865 gladii,
3365 3806 3412 3848 et
3451 3797 3683 3849 remansi

2104 3904 2197 3957 ego
2227 3887 2393 3952 solus,
2423 3898 2469 3940 et
2500 3887 2615 3940 veni
2646 3898 2701 3941 ut
2751 3887 2845 3941 tibi
2889 3888 3187 3942 nuntiarem
3214 3887 3278 3940 ¹⁷.
3317 3886 3362 3943 0
3397 3888 3681 3958 multiplex

2104 3988 2265 4047 atque
2291 3978 2484 4033 callida
2518 3978 2814 4032 adversarii
2846 3979 3071 4044 astutia,
3122 3988 3179 4032 ut
3219 3979 3407 4034 eadem
3455 3995 3577 4049 qua:
3601 3981 3681 4035 in-

2103 4080 2349 4139 gesserat
2374 4071 2536 4134 mala,
2558 4070 2630 4123 ita
2663 4069 2854 4124 callide
2883 4079 3186 4135 enarraret,
3212 4081 3268 4125 nt
3305 4071 3370 4125 ad
3404 4070 3497 4126 Dei
3537 4070 3679 4125 blas-

2100 4162 2373 4230 phemiam
2401 4159 2536 4229 justi
2564 4160 2704 4215 illius
2728 4160 2829 4214 viri
2866 4162 3103 4214 animum
3134 4173 3454 4230 provocaret
3477 4163 3488 4215 !
3510 4160 3675 4232 luga,

2104 4254 2299 4322 inquit,
2345 4252 2503 4307 boum
2556 4259 2768 4306 tuorum
2837 4253 3082 4307 arabant.
3133 4251 3249 4307 Non
3311 4255 3455 4307 enim
3501 4255 3675 4307 otiosa

2100 4354 2259 4399 erant
2289 4359 2463 4415 neque
2491 4344 2701 4399 inutilia
2726 4343 2968 4409 Stabant,
3008 4344 3105 4398 sed
3136 4343 3373 4397 arabant
3428 4344 3674 4397 ultimam

2100 4447 2397 4500 aratnram,
2422 4447 2585 4505 atque
2625 4434 2974 4490 novissimam
3026 4443 3348 4489 exercentes
3378 4434 3670 4489 culturam.

428 4527 503 4581 De
533 4526 654 4582 istis
682 4542 813 4596 ergo
836 4526 963 4581 ﬁliis
990 4526 1092 4582 101)
1118 4529 1249 4581 dicit
1283 4528 1404 4582 istic
1458 4546 1471 4582 :
1511 4527 1577 4581 Et
1639 4528 1737 4596 ﬁlii
1797 4527 1899 4582 Job
1946 4539 1994 4582 et
2029 4552 2072 4607 ι)
2102 4528 2239 4596 Quid
2263 4528 2329 4581 ad
2369 4529 2500 4597 ham,
2539 4527 2748 4595 inquit?
2776 4524 2843 4577 Et
2877 4535 3124 4580 venerunt
3166 4527 3437 4595 prmdones
3467 4538 3513 4580 et
3534 4542 3669 4595 prae-

423 4617 554 4688 ﬁlia:
581 4619 968 4672 mandncabant
986 4630 1037 4673 et
1088 4618 1327 4673 bibebant
1380 4621 1436 4672 in
1480 4619 1635 4673 domo
1686 4619 1873 4689 fratris
1915 4622 1997 4675 sui
2102 4621 2212 4673 dati
2243 4627 2362 4673 sunt
2387 4633 2469 4671 ea.
2493 4615 2616 4681 Job,
2640 4617 2721 4671 vel
2761 4617 2902 4672 unde
2937 4617 3032 4672 tibi
3060 4618 3231 4684 vives,
3260 4618 3342 4672 vel
3377 4618 3521 4673 unde
3553 4619 3671 4672 aliis

424 4708 669 4776 majoris.
704 4708 768 4762 Et
790 4710 843 4763 in
887 4709 989 4763 hoc
1013 4709 1156 4779 quod
1192 4709 1381 4779 majori
1409 4710 1675 4779 primatus
1723 4710 1899 4765 honor
1930 4711 1999 4766 ab
2097 4710 2361 4767 beneﬁcia
2396 4710 2717 4780 impertias?
2748 4708 2904 4765 Unde
2937 4709 3020 4763 vel
3046 4711 3139 4765 tibi
3164 4710 3360 4773 victus,
3385 4710 3467 4765 vel
3513 4712 3669 4766 mise-

423 4800 676 4854 omnibus
699 4800 1083 4864 exhibebatur,
1117 4801 1168 4855 in
1206 4801 1312 4856 hoc
1340 4802 1454 4871 ipso
1478 4801 1639 4855 etiam
1672 4801 1810 4856 sicut
1850 4811 1903 4856 et
1943 4804 1995 4856 in
2095 4804 2173 4859 ris
2203 4814 2257 4858 et
2279 4816 2383 4857 non
2409 4800 2729 4855 habentibus
2754 4801 3012 4856 refectio?
3045 4799 3178 4872 Jnga
3233 4802 3392 4855 boum
3456 4811 3666 4857 tuorum

421 4891 676 4945 omnibus
701 4893 847 4945 circa
881 4892 974 4945 Dei
1002 4892 1399 4948 ordinationem
1432 4893 1712 4948 ambulare
1734 4908 1993 4963 propera-
2094 4894 2352 4959 arabant,
2377 4908 2496 4963 qua:
2532 4908 2631 4948 nec
2659 4894 2752 4948 tibi
2783 4894 2944 4957 ultra,
2970 4910 3069 4949 nec
3106 4894 3230 4950 aliis
3258 4896 3510 4949 arabunt.
3550 4895 3666 4949 Asi-

420 4992 636 5036 verunt.
664 4982 755 5037 Dei
786 4984 929 5039 enim
957 4984 1252 5049 ordinatio,
1282 4996 1445 5056 atque
1471 4985 1563 5040 Dei
1612 4983 1822 5053 justitia
1879 4984 1995 5038 hzec
2094 5000 2178 5042 nte
2207 4994 2310 5039 tuae
2342 4983 2650 5055 pascebant,
2682 5001 2802 5055 qua:
2831 4984 2969 5040 ultra
2999 4984 3141 5041 fetus
3162 5002 3269 5041 non
3296 4986 3521 5053 facient,
3552 5001 3665 5056 qua:

420 5082 524 5136 est,
559 5073 830 5143 utmajori
869 5076 1128 5142 primatus
1152 5076 1324 5131 honor
1350 5076 1419 5131 ab
1457 5077 1708 5131 omnibus
1734 5076 1993 5131 exhibea-

419 5172 527 5219 tur.
561 5163 960 5220 llatiducabant
992 5180 1122 5236 ergo
1150 5177 1205 5221 et
1256 5166 1514 5222 bibebant
1541 5182 1645 5222 non
1695 5166 1989 5229 luxuriose,

419 5270 593 5323 neque
622 5258 951 5326 petulanter,
985 5272 1161 5325 neque
1194 5256 1462 5327 superﬂua
1492 5258 1790 5328 loquentes,
1817 5273 1992 5326 neque

420 5345 606 5402 illicita
670 5348 995 5414 fabulantes,
1036 5350 1133 5404 sed
1184 5349 1586 5403 manducabant
1642 5360 1694 5404 et
1735 5351 1991 5407 bibebant

419 5438 701 5495 laudantes
747 5455 903 5495 suum
966 5440 1319 5507 Creatorem,
1372 5441 1772 5499 benefactorem
1824 5459 1980 5498 suum

417 5531 727 5595 adorantes,
758 5541 924 5599 atque
946 5530 1183 5586 alentem
1208 5546 1267 5586 se
1293 5531 1703 5590 benedicentes.
1744 5533 1835 5589 Sic
1880 5534 1985 5589 ita-

415 5638 521 5691 que
546 5622 944 5677 manducabant
966 5632 1022 5676 et
1050 5624 1306 5678 bibebant
1344 5624 1437 5679 ﬁlii
1474 5622 1595 5681 Job.
1627 5624 1748 5693 Quo
1776 5634 1984 5697 tempo-

418 5714 513 5768 re?
544 5713 764 5768 Certum
808 5723 892 5769 est
918 5713 1061 5784 quod
1100 5723 1344 5784 tempore
1392 5719 1625 5785 prandii.
1664 5716 1781 5775 Non
1838 5719 1983 5774 enim

487 5830 531 5862 ⁸³
560 5828 729 5887 Exod.
763 5831 990 5900 xxut,7.
1070 5831 1111 5864 ⁸⁸
1137 5830 1237 5889 Job
1272 5847 1311 5901 t,
1350 5834 1434 5889 l5.

1530 5836 1574 5869 “
1591 5835 1730 5894 ibid.
1808 5838 1853 5871 “
1876 5837 2008 5896 ibid.
2047 5837 2133 5895 14.

2091 5092 2193 5131 nec
2218 5076 2311 5131 tibi
2352 5092 2454 5132 nec
2483 5076 2605 5130 aliis
2633 5077 2949 5145 proderunt.
2975 5076 3176 5143 Quare,
3210 5079 3383 5146 inquit
3404 5076 3523 5133 ?Oh
3545 5080 3660 5142 hoc,

2089 5171 2184 5231 ait,
2216 5172 2342 5238 quia
2371 5178 2630 5224 venerunt
2675 5171 2956 5239 praedones
2989 5180 3044 5225 et
3105 5171 3327 5241 praedati
3394 5182 3523 5225 sunt
3580 5186 3657 5226 ea.

2088 5264 2186 5329 Qui
2213 5261 2290 5316 ait
2317 5277 2331 5313 :
2359 5261 2589 5314 Tantum
2624 5276 2708 5316 me
2736 5271 2925 5325 terres,
2945 5278 2977 5314 o
3011 5261 3192 5323 homo,
3222 5262 3377 5331 quasi
3405 5261 3549 5331 jngis
3576 5261 3661 5315 de-

2088 5352 2340 5423 praedatis
2362 5352 2546 5407 vivere
2585 5368 2690 5406 non
2740 5354 2964 5423 possim.
3014 5351 3154 5407 Sunt
3208 5353 3359 5422 pueri
3424 5353 3658 5423 plurimi,

2089 5444 2266 5499 coloni
2295 5443 2771 5511 abundantissimi,
2799 5445 2889 5514 qui
2941 5445 3178 5499 universi
3247 5444 3659 5501 mercimonium

2088 5534 2376 5603 facientes,
2413 5546 2469 5591 et
2499 5550 2583 5590 me
2610 5546 2664 5592 et
2684 5550 2743 5591 se
2777 5546 3021 5606 pascant,
3041 5544 3096 5591 et
3126 5552 3213 5592 me
3242 5544 3294 5593 et
3327 5551 3387 5591 se
3411 5536 3659 5591 tolerent.

2092 5626 2197 5683 Sed
2228 5629 2515 5699 respondet
2550 5630 2769 5683 nuntius
2797 5630 2886 5698 qni
2916 5637 3155 5695 venerat,
3185 5638 3239 5685 et
3272 5628 3405 5683 dicit
3434 5648 3447 5682 :
3484 5628 3661 5683 Inani-

2093 5728 2175 5774 ter
2205 5721 2299 5776 tibi
2326 5720 2614 5784 blandiris,
2646 5737 2679 5773 o
2708 5719 2833 5787 Job,
2884 5730 3049 5793 atque
3085 5727 3421 5794 Supervacuc
3450 5736 3656 5791 speras,

2254 5837 2301 5874 ⁸⁷
2325 5838 2455 5896 ibid.
2489 5837 2573 5905 14,
2602 5838 2689 5894 15.
