  <div class='ocr_page' id='page_1' title='image "/cluster/home/n/w/nwhite01/storage/ocr_20150623/17/hvd.32044051719607/222.png"; bbox 0 0 3942 6514; ppageno 0'>
   <div class='ocr_carea' id='block_1_1' title="bbox 236 344 335 399">
    <p class='ocr_par' dir='ltr' id='par_1_1' title="bbox 236 344 335 399">
     <span class='ocr_line' id='line_1_1' title="bbox 236 344 335 399; baseline -0.01 0"><span class='ocrx_word' id='word_1_1' title='bbox 236 344 335 399; x_wconf 58' lang='lat' dir='ltr'><strong>(Si</strong></span> 
     </span>
    </p>
   </div>
   <div class='ocr_carea' id='block_1_2' title="bbox 1384 356 2423 419">
    <p class='ocr_par' dir='ltr' id='par_1_2' title="bbox 1384 356 2423 419">
     <span class='ocr_line' id='line_1_2' title="bbox 1384 356 2423 419; baseline 0.008 -9"><span class='ocrx_word' id='word_1_2' title='bbox 1384 356 1769 415; x_wconf 76' lang='lat' dir='ltr'><strong>ANONYMUS</strong></span> <span class='ocrx_word' id='word_1_3' title='bbox 1806 360 1875 415; x_wconf 78' lang='lat' dir='ltr'><strong>IN</strong></span> <span class='ocrx_word' id='word_1_4' title='bbox 1918 359 2060 416; x_wconf 82' lang='lat' dir='ltr'><strong>JOB.</strong></span> <span class='ocrx_word' id='word_1_5' title='bbox 2102 394 2171 402; x_wconf 91' lang='lat'><strong>——</strong></span> <span class='ocrx_word' id='word_1_6' title='bbox 2210 360 2337 416; x_wconf 87' lang='lat' dir='ltr'><strong>LIB.</strong></span> <span class='ocrx_word' id='word_1_7' title='bbox 2381 363 2423 419; x_wconf 92' lang='lat' dir='ltr'><strong>I.</strong></span> 
     </span>
    </p>
   </div>
   <div class='ocr_carea' id='block_1_3' title="bbox 3406 375 3513 430">
    <p class='ocr_par' dir='ltr' id='par_1_3' title="bbox 3406 375 3513 430">
     <span class='ocr_line' id='line_1_3' title="bbox 3406 375 3513 430; baseline 0 0"><span class='ocrx_word' id='word_1_8' title='bbox 3406 375 3513 430; x_wconf 63' lang='lat'><strong>‘22</strong></span> 
     </span>
    </p>
   </div>
   <div class='ocr_carea' id='block_1_4' title="bbox 232 452 3511 558">
    <p class='ocr_par' dir='ltr' id='par_1_4' title="bbox 232 452 3511 558">
     <span class='ocr_line' id='line_1_4' title="bbox 232 452 3511 558; baseline 0.009 -41"><span class='ocrx_word' id='word_1_9' title='bbox 232 465 388 533; x_wconf 91' lang='lat' dir='ltr'><strong>quod</strong></span> <span class='ocrx_word' id='word_1_10' title='bbox 417 464 600 522; x_wconf 90' lang='lat' dir='ltr'><strong>coloni</strong></span> <span class='ocrx_word' id='word_1_11' title='bbox 633 470 1017 527; x_wconf 71' lang='lat' dir='ltr'><strong>remanserint.</strong></span> <span class='ocrx_word' id='word_1_12' title='bbox 1047 472 1180 528; x_wconf 84' lang='lat' dir='ltr'><strong>Nam</strong></span> <span class='ocrx_word' id='word_1_13' title='bbox 1207 474 1261 530; x_wconf 91' lang='lat' dir='ltr'><strong>hi</strong></span> <span class='ocrx_word' id='word_1_14' title='bbox 1290 477 1382 547; x_wconf 85' lang='lat' dir='ltr'><strong>qui</strong></span> <span class='ocrx_word' id='word_1_15' title='bbox 1413 452 1541 547; x_wconf 77' lang='lat' dir='ltr'><strong>juga</strong></span> <span class='ocrx_word' id='word_1_16' title='bbox 1578 480 1738 533; x_wconf 92' lang='lat' dir='ltr'><strong>boum</strong></span> <span class='ocrx_word' id='word_1_17' title='bbox 1768 490 1820 534; x_wconf 89' lang='lat' dir='ltr'><strong>et</strong></span> <span class='ocrx_word' id='word_1_18' title='bbox 1852 502 1897 555; x_wconf 67' lang='grc' dir='ltr'><strong>Α</strong></span> <span class='ocrx_word' id='word_1_19' title='bbox 1926 480 2149 550; x_wconf 73' lang='lat' dir='ltr'><strong>pmdati</strong></span> <span class='ocrx_word' id='word_1_20' title='bbox 2180 490 2308 535; x_wconf 85' lang='lat' dir='ltr'><strong>sunt</strong></span> <span class='ocrx_word' id='word_1_21' title='bbox 2341 496 2371 535; x_wconf 95' lang='lat' dir='ltr'><strong>a</strong></span> <span class='ocrx_word' id='word_1_22' title='bbox 2406 481 2605 537; x_wconf 67' lang='lat' dir='ltr'><strong>saeculo</strong></span> <span class='ocrx_word' id='word_1_23' title='bbox 2628 492 2682 538; x_wconf 89' lang='lat' dir='ltr'><strong>et</strong></span> <span class='ocrx_word' id='word_1_24' title='bbox 2712 483 3094 555; x_wconf 71' lang='lat' dir='ltr'><strong>deprredantur</strong></span> <span class='ocrx_word' id='word_1_25' title='bbox 3118 501 3290 558; x_wconf 91' lang='lat' dir='ltr'><strong>usque</strong></span> <span class='ocrx_word' id='word_1_26' title='bbox 3322 494 3377 545; x_wconf 87' lang='lat' dir='ltr'><strong>lu</strong></span> <span class='ocrx_word' id='word_1_27' title='bbox 3408 507 3511 547; x_wconf 73' lang='lat' dir='ltr'><strong>sa:-</strong></span> 
     </span>
    </p>
   </div>
   <div class='ocr_carea' id='block_1_5' title="bbox 234 558 1825 638">
    <p class='ocr_par' dir='ltr' id='par_1_5' title="bbox 234 558 1825 638">
     <span class='ocr_line' id='line_1_5' title="bbox 234 558 1825 638; baseline 0.01 -28"><span class='ocrx_word' id='word_1_28' title='bbox 234 558 427 612; x_wconf 86' lang='lat' dir='ltr'><strong>asinas</strong></span> <span class='ocrx_word' id='word_1_29' title='bbox 463 559 759 629; x_wconf 61' lang='lat' dir='ltr'><strong>deprwdati</strong></span> <span class='ocrx_word' id='word_1_30' title='bbox 786 573 934 629; x_wconf 89' lang='lat' dir='ltr'><strong>sunt,</strong></span> <span class='ocrx_word' id='word_1_31' title='bbox 969 565 1129 620; x_wconf 89' lang='lat' dir='ltr'><strong>iidem</strong></span> <span class='ocrx_word' id='word_1_32' title='bbox 1166 567 1265 637; x_wconf 86' lang='lat' dir='ltr'><strong>ipsi</strong></span> <span class='ocrx_word' id='word_1_33' title='bbox 1295 576 1350 623; x_wconf 91' lang='lat' dir='ltr'><strong>et</strong></span> <span class='ocrx_word' id='word_1_34' title='bbox 1383 584 1582 638; x_wconf 88' lang='lat' dir='ltr'><strong>pueros</strong></span> <span class='ocrx_word' id='word_1_35' title='bbox 1610 572 1825 633; x_wconf 87' lang='lat' dir='ltr'><strong>occide-</strong></span> 
     </span>
    </p>
   </div>
   <div class='ocr_carea' id='block_1_6' title="bbox 233 649 1820 733">
    <p class='ocr_par' dir='ltr' id='par_1_6' title="bbox 233 649 1820 733">
     <span class='ocr_line' id='line_1_6' title="bbox 233 649 1820 733; baseline 0.008 -31"><span class='ocrx_word' id='word_1_36' title='bbox 233 661 386 706; x_wconf 89' lang='lat' dir='ltr'><strong>runt.</strong></span> <span class='ocrx_word' id='word_1_37' title='bbox 422 649 1077 717; x_wconf 86' lang='lat' dir='ltr'><strong>Quomodooccideruut?</strong></span> <span class='ocrx_word' id='word_1_38' title='bbox 1116 660 1172 713; x_wconf 93' lang='lat' dir='ltr'><strong>In</strong></span> <span class='ocrx_word' id='word_1_39' title='bbox 1216 675 1310 715; x_wconf 93' lang='lat' dir='ltr'><strong>ore</strong></span> <span class='ocrx_word' id='word_1_40' title='bbox 1377 661 1563 731; x_wconf 78' lang='lat' dir='ltr'><strong>gladii,</strong></span> <span class='ocrx_word' id='word_1_41' title='bbox 1624 663 1820 733; x_wconf 91' lang='lat' dir='ltr'><strong>inquit,</strong></span> 
     </span>
    </p>
   </div>
   <div class='ocr_carea' id='block_1_7' title="bbox 231 751 1820 823">
    <p class='ocr_par' dir='ltr' id='par_1_7' title="bbox 231 751 1820 823">
     <span class='ocr_line' id='line_1_7' title="bbox 231 751 1820 823; baseline 0.008 -30"><span class='ocrx_word' id='word_1_42' title='bbox 231 757 339 794; x_wconf 89' lang='lat' dir='ltr'><strong>non</strong></span> <span class='ocrx_word' id='word_1_43' title='bbox 374 755 757 812; x_wconf 84' lang='lat' dir='ltr'><strong>pepercerunt,</strong></span> <span class='ocrx_word' id='word_1_44' title='bbox 783 763 889 802; x_wconf 93' lang='lat' dir='ltr'><strong>non</strong></span> <span class='ocrx_word' id='word_1_45' title='bbox 931 751 1137 805; x_wconf 88' lang='lat' dir='ltr'><strong>miserti</strong></span> <span class='ocrx_word' id='word_1_46' title='bbox 1164 761 1311 817; x_wconf 89' lang='lat' dir='ltr'><strong>sunt,</strong></span> <span class='ocrx_word' id='word_1_47' title='bbox 1332 769 1435 809; x_wconf 92' lang='lat' dir='ltr'><strong>non</strong></span> <span class='ocrx_word' id='word_1_48' title='bbox 1462 753 1820 823; x_wconf 86' lang='lat' dir='ltr'><strong>reliquerunt;</strong></span> 
     </span>
    </p>
   </div>
   <div class='ocr_carea' id='block_1_8' title="bbox 228 835 1823 909">
    <p class='ocr_par' dir='ltr' id='par_1_8' title="bbox 228 835 1823 909">
     <span class='ocr_line' id='line_1_8' title="bbox 228 835 1823 909; baseline 0.008 -22"><span class='ocrx_word' id='word_1_49' title='bbox 228 835 322 887; x_wconf 90' lang='lat' dir='ltr'><strong>sed</strong></span> <span class='ocrx_word' id='word_1_50' title='bbox 359 850 556 890; x_wconf 91' lang='lat' dir='ltr'><strong>omnes</strong></span> <span class='ocrx_word' id='word_1_51' title='bbox 594 837 963 906; x_wconf 89' lang='lat' dir='ltr'><strong>imparcenter</strong></span> <span class='ocrx_word' id='word_1_52' title='bbox 999 844 1351 909; x_wconf 88' lang='lat' dir='ltr'><strong>occiderunt,</strong></span> <span class='ocrx_word' id='word_1_53' title='bbox 1392 846 1487 899; x_wconf 90' lang='lat' dir='ltr'><strong>sed</strong></span> <span class='ocrx_word' id='word_1_54' title='bbox 1541 844 1823 899; x_wconf 84' lang='lat' dir='ltr'><strong>immiseri-</strong></span> 
     </span>
    </p>
   </div>
   <div class='ocr_carea' id='block_1_9' title="bbox 228 926 1817 1003">
    <p class='ocr_par' dir='ltr' id='par_1_9' title="bbox 228 926 1817 1003">
     <span class='ocr_line' id='line_1_9' title="bbox 228 926 1817 1003; baseline 0.006 -26"><span class='ocrx_word' id='word_1_55' title='bbox 228 926 478 980; x_wconf 87' lang='lat' dir='ltr'><strong>corditer</strong></span> <span class='ocrx_word' id='word_1_56' title='bbox 528 927 945 996; x_wconf 78' lang='lat' dir='ltr'><strong>interfecerunt,</strong></span> <span class='ocrx_word' id='word_1_57' title='bbox 992 942 1155 1003; x_wconf 88' lang='lat' dir='ltr'><strong>atque</strong></span> <span class='ocrx_word' id='word_1_58' title='bbox 1212 935 1455 987; x_wconf 88' lang='lat' dir='ltr'><strong>omnium</strong></span> <span class='ocrx_word' id='word_1_59' title='bbox 1496 934 1817 1002; x_wconf 79' lang='lat' dir='ltr'><strong>sanguinem</strong></span> 
     </span>
    </p>
   </div>
   <div class='ocr_carea' id='block_1_10' title="bbox 227 1018 1816 1095">
    <p class='ocr_par' dir='ltr' id='par_1_10' title="bbox 227 1018 1816 1095">
     <span class='ocr_line' id='line_1_10' title="bbox 227 1018 1816 1095; baseline 0.004 -25"><span class='ocrx_word' id='word_1_60' title='bbox 227 1018 528 1071; x_wconf 75' lang='lat' dir='ltr'><strong>crudeliter</strong></span> <span class='ocrx_word' id='word_1_61' title='bbox 553 1018 827 1076; x_wconf 80' lang='lat' dir='ltr'><strong>fuderunt.</strong></span> <span class='ocrx_word' id='word_1_62' title='bbox 868 1022 997 1077; x_wconf 83' lang='lat' dir='ltr'><strong>Mihi</strong></span> <span class='ocrx_word' id='word_1_63' title='bbox 1032 1026 1156 1087; x_wconf 89' lang='lat' dir='ltr'><strong>soli,</strong></span> <span class='ocrx_word' id='word_1_64' title='bbox 1190 1026 1383 1095; x_wconf 91' lang='lat' dir='ltr'><strong>inquit,</strong></span> <span class='ocrx_word' id='word_1_65' title='bbox 1438 1031 1816 1094; x_wconf 86' lang='lat' dir='ltr'><strong>pepercerunt,</strong></span> 
     </span>
    </p>
   </div>
   <div class='ocr_carea' id='block_1_11' title="bbox 228 1108 1815 1181">
    <p class='ocr_par' dir='ltr' id='par_1_11' title="bbox 228 1108 1815 1181">
     <span class='ocr_line' id='line_1_11' title="bbox 228 1108 1815 1181; baseline 0.004 -18"><span class='ocrx_word' id='word_1_66' title='bbox 228 1125 311 1163; x_wconf 84' lang='lat' dir='ltr'><strong>me</strong></span> <span class='ocrx_word' id='word_1_67' title='bbox 344 1108 520 1163; x_wconf 91' lang='lat' dir='ltr'><strong>solum</strong></span> <span class='ocrx_word' id='word_1_68' title='bbox 554 1111 901 1171; x_wconf 86' lang='lat' dir='ltr'><strong>remiserunt.</strong></span> <span class='ocrx_word' id='word_1_69' title='bbox 934 1116 995 1169; x_wconf 81' lang='lat' dir='ltr'><strong>Et</strong></span> <span class='ocrx_word' id='word_1_70' title='bbox 1046 1131 1167 1170; x_wconf 92' lang='lat' dir='ltr'><strong>cum</strong></span> <span class='ocrx_word' id='word_1_71' title='bbox 1215 1116 1365 1171; x_wconf 89' lang='lat' dir='ltr'><strong>solus</strong></span> <span class='ocrx_word' id='word_1_72' title='bbox 1411 1117 1815 1181; x_wconf 73' lang='lat' dir='ltr'><strong>remansissent,</strong></span> 
     </span>
    </p>
   </div>
   <div class='ocr_carea' id='block_1_12' title="bbox 222 1204 1813 1277">
    <p class='ocr_par' dir='ltr' id='par_1_12' title="bbox 222 1204 1813 1277">
     <span class='ocr_line' id='line_1_12' title="bbox 222 1204 1813 1277; baseline 0.004 -22"><span class='ocrx_word' id='word_1_73' title='bbox 222 1204 347 1257; x_wconf 84' lang='lat' dir='ltr'><strong>veni</strong></span> <span class='ocrx_word' id='word_1_74' title='bbox 378 1210 439 1255; x_wconf 90' lang='lat' dir='ltr'><strong>ut</strong></span> <span class='ocrx_word' id='word_1_75' title='bbox 472 1204 779 1261; x_wconf 72' lang='lat' dir='ltr'><strong>nuntiarem</strong></span> <span class='ocrx_word' id='word_1_76' title='bbox 816 1206 932 1263; x_wconf 89' lang='lat' dir='ltr'><strong>tibi.</strong></span> <span class='ocrx_word' id='word_1_77' title='bbox 955 1207 1117 1274; x_wconf 88' lang='lat' dir='ltr'><strong>Quid,</strong></span> <span class='ocrx_word' id='word_1_78' title='bbox 1146 1208 1344 1277; x_wconf 89' lang='lat' dir='ltr'><strong>inquit,</strong></span> <span class='ocrx_word' id='word_1_79' title='bbox 1415 1208 1539 1262; x_wconf 89' lang='lat' dir='ltr'><strong>mihi</strong></span> <span class='ocrx_word' id='word_1_80' title='bbox 1574 1208 1813 1273; x_wconf 92' lang='lat' dir='ltr'><strong>nuntias,</strong></span> 
     </span>
    </p>
   </div>
   <div class='ocr_carea' id='block_1_13' title="bbox 223 1296 1813 1370">
    <p class='ocr_par' dir='ltr' id='par_1_13' title="bbox 223 1296 1813 1370">
     <span class='ocr_line' id='line_1_13' title="bbox 223 1296 1813 1370; baseline 0.005 -22"><span class='ocrx_word' id='word_1_81' title='bbox 223 1311 254 1347; x_wconf 92' lang='grc' dir='ltr'><strong>ο</strong></span> <span class='ocrx_word' id='word_1_82' title='bbox 276 1296 485 1352; x_wconf 86' lang='lat' dir='ltr'><strong>homo?</strong></span> <span class='ocrx_word' id='word_1_83' title='bbox 515 1298 630 1354; x_wconf 84' lang='lat' dir='ltr'><strong>Hoc</strong></span> <span class='ocrx_word' id='word_1_84' title='bbox 667 1298 800 1357; x_wconf 87' lang='lat' dir='ltr'><strong>mihi</strong></span> <span class='ocrx_word' id='word_1_85' title='bbox 828 1301 1046 1355; x_wconf 87' lang='lat' dir='ltr'><strong>nuntias</strong></span> <span class='ocrx_word' id='word_1_86' title='bbox 1076 1303 1221 1370; x_wconf 92' lang='lat' dir='ltr'><strong>quod</strong></span> <span class='ocrx_word' id='word_1_87' title='bbox 1273 1300 1558 1370; x_wconf 67' lang='lat' dir='ltr'><strong>praedones</strong></span> <span class='ocrx_word' id='word_1_88' title='bbox 1588 1301 1813 1370; x_wconf 74' lang='lat' dir='ltr'><strong>przedati</strong></span> 
     </span>
    </p>
   </div>
   <div class='ocr_carea' id='block_1_14' title="bbox 221 1390 1815 1461">
    <p class='ocr_par' dir='ltr' id='par_1_14' title="bbox 221 1390 1815 1461">
     <span class='ocr_line' id='line_1_14' title="bbox 221 1390 1815 1461; baseline 0.003 -20"><span class='ocrx_word' id='word_1_89' title='bbox 221 1399 377 1454; x_wconf 89' lang='lat' dir='ltr'><strong>sunt,</strong></span> <span class='ocrx_word' id='word_1_90' title='bbox 407 1400 466 1444; x_wconf 89' lang='lat' dir='ltr'><strong>et</strong></span> <span class='ocrx_word' id='word_1_91' title='bbox 495 1406 617 1445; x_wconf 84' lang='lat' dir='ltr'><strong>cum</strong></span> <span class='ocrx_word' id='word_1_92' title='bbox 642 1390 869 1461; x_wconf 72' lang='lat' dir='ltr'><strong>praedati</strong></span> <span class='ocrx_word' id='word_1_93' title='bbox 912 1390 1164 1455; x_wconf 82' lang='lat' dir='ltr'><strong>fuissent,</strong></span> <span class='ocrx_word' id='word_1_94' title='bbox 1192 1392 1376 1461; x_wconf 90' lang='lat' dir='ltr'><strong>pueris</strong></span> <span class='ocrx_word' id='word_1_95' title='bbox 1399 1408 1504 1446; x_wconf 92' lang='lat' dir='ltr'><strong>non</strong></span> <span class='ocrx_word' id='word_1_96' title='bbox 1558 1407 1815 1461; x_wconf 85' lang='lat' dir='ltr'><strong>peperce-</strong></span> 
     </span>
    </p>
   </div>
   <div class='ocr_carea' id='block_1_15' title="bbox 217 1481 1813 1553">
    <p class='ocr_par' dir='ltr' id='par_1_15' title="bbox 217 1481 1813 1553">
     <span class='ocr_line' id='line_1_15' title="bbox 217 1481 1813 1553; baseline 0.003 -19"><span class='ocrx_word' id='word_1_97' title='bbox 217 1494 371 1548; x_wconf 91' lang='lat' dir='ltr'><strong>runt,</strong></span> <span class='ocrx_word' id='word_1_98' title='bbox 407 1483 575 1537; x_wconf 88' lang='lat' dir='ltr'><strong>sedet</strong></span> <span class='ocrx_word' id='word_1_99' title='bbox 599 1482 746 1553; x_wconf 92' lang='lat' dir='ltr'><strong>ipsos</strong></span> <span class='ocrx_word' id='word_1_100' title='bbox 781 1482 834 1536; x_wconf 91' lang='lat' dir='ltr'><strong>in</strong></span> <span class='ocrx_word' id='word_1_101' title='bbox 876 1496 971 1537; x_wconf 90' lang='lat' dir='ltr'><strong>ore</strong></span> <span class='ocrx_word' id='word_1_102' title='bbox 994 1481 1158 1551; x_wconf 79' lang='lat' dir='ltr'><strong>gladii</strong></span> <span class='ocrx_word' id='word_1_103' title='bbox 1186 1482 1527 1548; x_wconf 89' lang='lat' dir='ltr'><strong>occiderunt,</strong></span> <span class='ocrx_word' id='word_1_104' title='bbox 1559 1483 1813 1553; x_wconf 88' lang='lat' dir='ltr'><strong>reliquias</strong></span> 
     </span>
    </p>
   </div>
   <div class='ocr_carea' id='block_1_16' title="bbox 216 1574 1809 1645">
    <p class='ocr_par' dir='ltr' id='par_1_16' title="bbox 216 1574 1809 1645">
     <span class='ocr_line' id='line_1_16' title="bbox 216 1574 1809 1645; baseline 0.003 -18"><span class='ocrx_word' id='word_1_105' title='bbox 216 1575 351 1628; x_wconf 90' lang='lat' dir='ltr'><strong>mihi</strong></span> <span class='ocrx_word' id='word_1_106' title='bbox 390 1590 501 1629; x_wconf 91' lang='lat' dir='ltr'><strong>non</strong></span> <span class='ocrx_word' id='word_1_107' title='bbox 546 1574 918 1640; x_wconf 81' lang='lat' dir='ltr'><strong>dimittentes,</strong></span> <span class='ocrx_word' id='word_1_108' title='bbox 962 1590 1138 1645; x_wconf 87' lang='lat' dir='ltr'><strong>neque</strong></span> <span class='ocrx_word' id='word_1_109' title='bbox 1183 1575 1375 1630; x_wconf 90' lang='lat' dir='ltr'><strong>solatia</strong></span> <span class='ocrx_word' id='word_1_110' title='bbox 1418 1576 1809 1645; x_wconf 85' lang='lat' dir='ltr'><strong>relinquentes.</strong></span> 
     </span>
    </p>
   </div>
   <div class='ocr_carea' id='block_1_17' title="bbox 213 1662 1807 1737">
    <p class='ocr_par' dir='ltr' id='par_1_17' title="bbox 213 1662 1807 1737">
     <span class='ocr_line' id='line_1_17' title="bbox 213 1662 1807 1737; baseline 0.003 -19"><span class='ocrx_word' id='word_1_111' title='bbox 213 1662 364 1731; x_wconf 71' lang='lat' dir='ltr'><strong>Hrec,</strong></span> <span class='ocrx_word' id='word_1_112' title='bbox 399 1666 597 1735; x_wconf 84' lang='lat' dir='ltr'><strong>inquit,</strong></span> <span class='ocrx_word' id='word_1_113' title='bbox 618 1666 752 1721; x_wconf 90' lang='lat' dir='ltr'><strong>mihi</strong></span> <span class='ocrx_word' id='word_1_114' title='bbox 780 1668 1017 1733; x_wconf 86' lang='lat' dir='ltr'><strong>nuntias,</strong></span> <span class='ocrx_word' id='word_1_115' title='bbox 1057 1667 1242 1721; x_wconf 88' lang='lat' dir='ltr'><strong>nuntia</strong></span> <span class='ocrx_word' id='word_1_116' title='bbox 1270 1678 1317 1722; x_wconf 90' lang='lat' dir='ltr'><strong>et</strong></span> <span class='ocrx_word' id='word_1_117' title='bbox 1343 1668 1648 1737; x_wconf 66' lang='lat' dir='ltr'><strong>praedones,</strong></span> <span class='ocrx_word' id='word_1_118' title='bbox 1677 1684 1807 1722; x_wconf 87' lang='lat' dir='ltr'><strong>nun-</strong></span> 
     </span>
    </p>
   </div>
   <div class='ocr_carea' id='block_1_18' title="bbox 212 1758 1807 1831">
    <p class='ocr_par' dir='ltr' id='par_1_18' title="bbox 212 1758 1807 1831">
     <span class='ocr_line' id='line_1_18' title="bbox 212 1758 1807 1831; baseline 0.001 -19"><span class='ocrx_word' id='word_1_119' title='bbox 212 1758 287 1813; x_wconf 90' lang='lat' dir='ltr'><strong>tia</strong></span> <span class='ocrx_word' id='word_1_120' title='bbox 322 1768 379 1813; x_wconf 92' lang='lat' dir='ltr'><strong>et</strong></span> <span class='ocrx_word' id='word_1_121' title='bbox 403 1758 813 1824; x_wconf 81' lang='lat' dir='ltr'><strong>interfectores,</strong></span> <span class='ocrx_word' id='word_1_122' title='bbox 840 1769 899 1814; x_wconf 94' lang='lat' dir='ltr'><strong>ut</strong></span> <span class='ocrx_word' id='word_1_123' title='bbox 943 1760 989 1816; x_wconf 89' lang='lat' dir='ltr'><strong>si</strong></span> <span class='ocrx_word' id='word_1_124' title='bbox 1026 1775 1269 1830; x_wconf 87' lang='lat' dir='ltr'><strong>possum,</strong></span> <span class='ocrx_word' id='word_1_125' title='bbox 1301 1760 1499 1831; x_wconf 88' lang='lat' dir='ltr'><strong>inquit,</strong></span> <span class='ocrx_word' id='word_1_126' title='bbox 1540 1761 1807 1816; x_wconf 84' lang='lat' dir='ltr'><strong>vindicem</strong></span> 
     </span>
    </p>
   </div>
   <div class='ocr_carea' id='block_1_19' title="bbox 1926 570 3508 651">
    <p class='ocr_par' dir='ltr' id='par_1_19' title="bbox 1926 570 3508 651">
     <span class='ocr_line' id='line_1_19' title="bbox 1926 570 3508 651; baseline 0.008 -26"><span class='ocrx_word' id='word_1_127' title='bbox 1926 570 2132 635; x_wconf 88' lang='lat' dir='ltr'><strong>culum,</strong></span> <span class='ocrx_word' id='word_1_128' title='bbox 2165 571 2301 626; x_wconf 89' lang='lat' dir='ltr'><strong>alios</strong></span> <span class='ocrx_word' id='word_1_129' title='bbox 2334 588 2431 642; x_wconf 88' lang='lat' dir='ltr'><strong>per</strong></span> <span class='ocrx_word' id='word_1_130' title='bbox 2462 574 2715 630; x_wconf 88' lang='lat' dir='ltr'><strong>adulterii</strong></span> <span class='ocrx_word' id='word_1_131' title='bbox 2777 578 3163 646; x_wconf 88' lang='lat' dir='ltr'><strong>appelentiam,</strong></span> <span class='ocrx_word' id='word_1_132' title='bbox 3202 590 3258 634; x_wconf 94' lang='lat' dir='ltr'><strong>ut</strong></span> <span class='ocrx_word' id='word_1_133' title='bbox 3307 583 3508 651; x_wconf 81' lang='lat' dir='ltr'><strong>Amon,</strong></span> 
     </span>
    </p>
   </div>
   <div class='ocr_carea' id='block_1_20' title="bbox 1926 661 3512 737">
    <p class='ocr_par' dir='ltr' id='par_1_20' title="bbox 1926 661 3512 737">
     <span class='ocr_line' id='line_1_20' title="bbox 1926 661 3512 737; baseline 0.009 -22"><span class='ocrx_word' id='word_1_134' title='bbox 1926 661 2063 717; x_wconf 89' lang='lat' dir='ltr'><strong>alios</strong></span> <span class='ocrx_word' id='word_1_135' title='bbox 2084 678 2182 734; x_wconf 89' lang='lat' dir='ltr'><strong>per</strong></span> <span class='ocrx_word' id='word_1_136' title='bbox 2208 664 2435 720; x_wconf 87' lang='lat' dir='ltr'><strong>honoris</strong></span> <span class='ocrx_word' id='word_1_137' title='bbox 2502 666 2893 732; x_wconf 86' lang='lat' dir='ltr'><strong>ambitionem,</strong></span> <span class='ocrx_word' id='word_1_138' title='bbox 2952 679 3009 723; x_wconf 94' lang='lat' dir='ltr'><strong>ut</strong></span> <span class='ocrx_word' id='word_1_139' title='bbox 3057 670 3318 737; x_wconf 84' lang='lat' dir='ltr'><strong>Absalon,</strong></span> <span class='ocrx_word' id='word_1_140' title='bbox 3372 674 3512 731; x_wconf 87' lang='lat' dir='ltr'><strong>alios</strong></span> 
     </span>
    </p>
   </div>
   <div class='ocr_carea' id='block_1_21' title="bbox 1874 752 3510 833">
    <p class='ocr_par' dir='ltr' id='par_1_21' title="bbox 1874 752 3510 833">
     <span class='ocr_line' id='line_1_21' title="bbox 1874 752 3510 833; baseline 0.008 -26"><span class='ocrx_word' id='word_1_141' title='bbox 1874 752 1881 758; x_wconf 86' lang='grc'><em>’</em></span> <span class='ocrx_word' id='word_1_142' title='bbox 1924 768 2022 822; x_wconf 86' lang='lat' dir='ltr'><strong>per</strong></span> <span class='ocrx_word' id='word_1_143' title='bbox 2043 755 2356 819; x_wconf 83' lang='lat' dir='ltr'><strong>avaritiam,</strong></span> <span class='ocrx_word' id='word_1_144' title='bbox 2394 757 2692 812; x_wconf 86' lang='lat' dir='ltr'><strong>utJudam.</strong></span> <span class='ocrx_word' id='word_1_145' title='bbox 2748 760 2885 814; x_wconf 90' lang='lat' dir='ltr'><strong>Istos</strong></span> <span class='ocrx_word' id='word_1_146' title='bbox 2919 776 3050 832; x_wconf 88' lang='lat' dir='ltr'><strong>ergo</strong></span> <span class='ocrx_word' id='word_1_147' title='bbox 3101 765 3327 833; x_wconf 69' lang='lat' dir='ltr'><strong>praedati</strong></span> <span class='ocrx_word' id='word_1_148' title='bbox 3383 776 3510 821; x_wconf 87' lang='lat' dir='ltr'><strong>sunt</strong></span> 
     </span>
    </p>
   </div>
   <div class='ocr_carea' id='block_1_22' title="bbox 1926 846 3510 925">
    <p class='ocr_par' dir='ltr' id='par_1_22' title="bbox 1926 846 3510 925">
     <span class='ocr_line' id='line_1_22' title="bbox 1926 846 3510 925; baseline 0.009 -27"><span class='ocrx_word' id='word_1_149' title='bbox 1926 846 2243 914; x_wconf 83' lang='lat' dir='ltr'><strong>nequissimi</strong></span> <span class='ocrx_word' id='word_1_150' title='bbox 2298 848 2499 903; x_wconf 89' lang='lat' dir='ltr'><strong>diaboli</strong></span> <span class='ocrx_word' id='word_1_151' title='bbox 2529 852 2734 915; x_wconf 86' lang='lat' dir='ltr'><strong>hostes,</strong></span> <span class='ocrx_word' id='word_1_152' title='bbox 2773 851 2905 906; x_wconf 90' lang='lat' dir='ltr'><strong>alias</strong></span> <span class='ocrx_word' id='word_1_153' title='bbox 2934 852 3281 911; x_wconf 86' lang='lat' dir='ltr'><strong>autem‘alios</strong></span> <span class='ocrx_word' id='word_1_154' title='bbox 3310 857 3510 925; x_wconf 72' lang='lat' dir='ltr'><strong>deprte-</strong></span> 
     </span>
    </p>
   </div>
   <div class='ocr_carea' id='block_1_23' title="bbox 1923 937 3506 1011">
    <p class='ocr_par' dir='ltr' id='par_1_23' title="bbox 1923 937 3506 1011">
     <span class='ocr_line' id='line_1_23' title="bbox 1923 937 3506 1011; baseline 0.008 -21"><span class='ocrx_word' id='word_1_155' title='bbox 1923 937 2035 990; x_wconf 85' lang='lat' dir='ltr'><strong>dati</strong></span> <span class='ocrx_word' id='word_1_156' title='bbox 2069 948 2216 1004; x_wconf 92' lang='lat' dir='ltr'><strong>sunt,</strong></span> <span class='ocrx_word' id='word_1_157' title='bbox 2246 947 2303 992; x_wconf 92' lang='lat' dir='ltr'><strong>ut</strong></span> <span class='ocrx_word' id='word_1_158' title='bbox 2335 938 2447 994; x_wconf 88' lang='lat' dir='ltr'><strong>Noe</strong></span> <span class='ocrx_word' id='word_1_159' title='bbox 2479 940 2669 1006; x_wconf 82' lang='lat' dir='ltr'><strong>Cham,</strong></span> <span class='ocrx_word' id='word_1_160' title='bbox 2706 941 2941 997; x_wconf 77' lang='lat' dir='ltr'><strong>Abraba:</strong></span> <span class='ocrx_word' id='word_1_161' title='bbox 2968 943 3182 1011; x_wconf 92' lang='lat' dir='ltr'><strong>Ismael,</strong></span> <span class='ocrx_word' id='word_1_162' title='bbox 3236 955 3295 1000; x_wconf 89' lang='lat' dir='ltr'><strong>ut</strong></span> <span class='ocrx_word' id='word_1_163' title='bbox 3354 947 3506 1003; x_wconf 88' lang='lat' dir='ltr'><strong>Isaac</strong></span> 
     </span>
    </p>
   </div>
   <div class='ocr_carea' id='block_1_24' title="bbox 1922 1028 3507 1100">
    <p class='ocr_par' dir='ltr' id='par_1_24' title="bbox 1922 1028 3507 1100">
     <span class='ocr_line' id='line_1_24' title="bbox 1922 1028 3507 1100; baseline 0.009 -18"><span class='ocrx_word' id='word_1_164' title='bbox 1922 1028 2172 1091; x_wconf 85' lang='lat' dir='ltr'><strong>Esau,nt</strong></span> <span class='ocrx_word' id='word_1_165' title='bbox 2206 1030 2370 1085; x_wconf 84' lang='lat' dir='ltr'><strong>Israel</strong></span> <span class='ocrx_word' id='word_1_166' title='bbox 2420 1031 2640 1088; x_wconf 89' lang='lat' dir='ltr'><strong>Simeon</strong></span> <span class='ocrx_word' id='word_1_167' title='bbox 2682 1032 2809 1088; x_wconf 83' lang='lat' dir='ltr'><strong>Levi</strong></span> <span class='ocrx_word' id='word_1_168' title='bbox 2857 1044 2911 1089; x_wconf 92' lang='lat' dir='ltr'><strong>et</strong></span> <span class='ocrx_word' id='word_1_169' title='bbox 2937 1035 3146 1100; x_wconf 81' lang='lat' dir='ltr'><strong>Ruben,</strong></span> <span class='ocrx_word' id='word_1_170' title='bbox 3182 1048 3234 1091; x_wconf 92' lang='lat' dir='ltr'><strong>ut</strong></span> <span class='ocrx_word' id='word_1_171' title='bbox 3293 1040 3375 1093; x_wconf 83' lang='lat' dir='ltr'><strong>Eli</strong></span> <span class='ocrx_word' id='word_1_172' title='bbox 3425 1057 3507 1095; x_wconf 80' lang='lat' dir='ltr'><strong>sa-</strong></span> 
     </span>
    </p>
   </div>
   <div class='ocr_carea' id='block_1_25' title="bbox 1921 1121 3499 1202">
    <p class='ocr_par' dir='ltr' id='par_1_25' title="bbox 1921 1121 3499 1202">
     <span class='ocr_line' id='line_1_25' title="bbox 1921 1121 3499 1202; baseline 0.008 -28"><span class='ocrx_word' id='word_1_173' title='bbox 1921 1121 2128 1175; x_wconf 87' lang='lat' dir='ltr'><strong>cerdoti</strong></span> <span class='ocrx_word' id='word_1_174' title='bbox 2160 1121 2335 1191; x_wconf 90' lang='lat' dir='ltr'><strong>Opbni</strong></span> <span class='ocrx_word' id='word_1_175' title='bbox 2362 1133 2416 1178; x_wconf 88' lang='lat' dir='ltr'><strong>et</strong></span> <span class='ocrx_word' id='word_1_176' title='bbox 2448 1123 2678 1181; x_wconf 75' lang='lat' dir='ltr'><strong>Pliinees</strong></span> <span class='ocrx_word' id='word_1_177' title='bbox 2702 1125 2842 1180; x_wconf 81' lang='lat' dir='ltr'><strong>ﬁlios</strong></span> <span class='ocrx_word' id='word_1_178' title='bbox 2866 1126 3004 1193; x_wconf 80' lang='lat' dir='ltr'><strong>ejus,</strong></span> <span class='ocrx_word' id='word_1_179' title='bbox 3040 1137 3101 1181; x_wconf 93' lang='lat' dir='ltr'><strong>ut</strong></span> <span class='ocrx_word' id='word_1_180' title='bbox 3146 1128 3310 1183; x_wconf 90' lang='lat' dir='ltr'><strong>David</strong></span> <span class='ocrx_word' id='word_1_181' title='bbox 3343 1148 3499 1202; x_wconf 86' lang='lat' dir='ltr'><strong>supe-</strong></span> 
     </span>
    </p>
   </div>
   <div class='ocr_carea' id='block_1_26' title="bbox 1921 1212 3503 1290">
    <p class='ocr_par' dir='ltr' id='par_1_26' title="bbox 1921 1212 3503 1290">
     <span class='ocr_line' id='line_1_26' title="bbox 1921 1212 3503 1290; baseline 0.009 -25"><span class='ocrx_word' id='word_1_182' title='bbox 1921 1212 2035 1267; x_wconf 89' lang='lat' dir='ltr'><strong>rius</strong></span> <span class='ocrx_word' id='word_1_183' title='bbox 2063 1224 2397 1270; x_wconf 88' lang='lat' dir='ltr'><strong>mcmoratos</strong></span> <span class='ocrx_word' id='word_1_184' title='bbox 2426 1215 2590 1281; x_wconf 81' lang='lat' dir='ltr'><strong>filios,</strong></span> <span class='ocrx_word' id='word_1_185' title='bbox 2635 1226 2803 1287; x_wconf 91' lang='lat' dir='ltr'><strong>atque</strong></span> <span class='ocrx_word' id='word_1_186' title='bbox 2854 1219 2978 1274; x_wconf 87' lang='lat' dir='ltr'><strong>aliis</strong></span> <span class='ocrx_word' id='word_1_187' title='bbox 3017 1220 3154 1275; x_wconf 88' lang='lat' dir='ltr'><strong>alios</strong></span> <span class='ocrx_word' id='word_1_188' title='bbox 3189 1223 3395 1290; x_wconf 88' lang='lat' dir='ltr'><strong>primos</strong></span> <span class='ocrx_word' id='word_1_189' title='bbox 3439 1240 3503 1279; x_wconf 89' lang='lat' dir='ltr'><strong>ac</strong></span> 
     </span>
    </p>
   </div>
   <div class='ocr_carea' id='block_1_27' title="bbox 1921 1305 3492 1383">
    <p class='ocr_par' dir='ltr' id='par_1_27' title="bbox 1921 1305 3492 1383">
     <span class='ocr_line' id='line_1_27' title="bbox 1921 1305 3492 1383; baseline 0.008 -27"><span class='ocrx_word' id='word_1_190' title='bbox 1921 1305 2264 1362; x_wconf 68' lang='lat' dir='ltr'><strong>novissimos.</strong></span> <span class='ocrx_word' id='word_1_191' title='bbox 2284 1307 2412 1373; x_wconf 73' lang='lat' dir='ltr'><strong>Qnre</strong></span> <span class='ocrx_word' id='word_1_192' title='bbox 2437 1308 2687 1363; x_wconf 88' lang='lat' dir='ltr'><strong>universa</strong></span> <span class='ocrx_word' id='word_1_193' title='bbox 2702 1310 2939 1366; x_wconf 88' lang='lat' dir='ltr'><strong>scientes</strong></span> <span class='ocrx_word' id='word_1_194' title='bbox 2965 1328 3065 1367; x_wconf 90' lang='lat' dir='ltr'><strong>nos</strong></span> <span class='ocrx_word' id='word_1_195' title='bbox 3087 1323 3251 1383; x_wconf 90' lang='lat' dir='ltr'><strong>atque</strong></span> <span class='ocrx_word' id='word_1_196' title='bbox 3274 1316 3492 1369; x_wconf 87' lang='lat' dir='ltr'><strong>audien-</strong></span> 
     </span>
    </p>
   </div>
   <div class='ocr_carea' id='block_1_28' title="bbox 1921 1397 3501 1476">
    <p class='ocr_par' dir='ltr' id='par_1_28' title="bbox 1921 1397 3501 1476">
     <span class='ocr_line' id='line_1_28' title="bbox 1921 1397 3501 1476; baseline 0.008 -26"><span class='ocrx_word' id='word_1_197' title='bbox 1921 1405 1999 1451; x_wconf 90' lang='lat' dir='ltr'><strong>tes</strong></span> <span class='ocrx_word' id='word_1_198' title='bbox 2032 1397 2381 1455; x_wconf 85' lang='lat' dir='ltr'><strong>intendamus</strong></span> <span class='ocrx_word' id='word_1_199' title='bbox 2416 1410 2577 1456; x_wconf 86' lang='lat' dir='ltr'><strong>caute</strong></span> <span class='ocrx_word' id='word_1_200' title='bbox 2598 1402 2885 1458; x_wconf 91' lang='lat' dir='ltr'><strong>auimabns</strong></span> <span class='ocrx_word' id='word_1_201' title='bbox 2914 1406 3139 1470; x_wconf 86' lang='lat' dir='ltr'><strong>nostris,</strong></span> <span class='ocrx_word' id='word_1_202' title='bbox 3169 1422 3233 1461; x_wconf 91' lang='lat' dir='ltr'><strong>ne</strong></span> <span class='ocrx_word' id='word_1_203' title='bbox 3253 1408 3501 1476; x_wconf 60' lang='lat' dir='ltr'><strong>praeden-</strong></span> 
     </span>
    </p>
   </div>
   <div class='ocr_carea' id='block_1_29' title="bbox 1919 1493 3499 1564">
    <p class='ocr_par' dir='ltr' id='par_1_29' title="bbox 1919 1493 3499 1564">
     <span class='ocr_line' id='line_1_29' title="bbox 1919 1493 3499 1564; baseline 0.011 -25"><span class='ocrx_word' id='word_1_204' title='bbox 1919 1496 2145 1553; x_wconf 89' lang='lat' dir='ltr'><strong>turnos,</strong></span> <span class='ocrx_word' id='word_1_205' title='bbox 2174 1500 2336 1561; x_wconf 88' lang='lat' dir='ltr'><strong>atque</strong></span> <span class='ocrx_word' id='word_1_206' title='bbox 2368 1493 2694 1561; x_wconf 89' lang='lat' dir='ltr'><strong>populentur</strong></span> <span class='ocrx_word' id='word_1_207' title='bbox 2745 1498 3028 1564; x_wconf 64' lang='lat' dir='ltr'><strong>praedones</strong></span> <span class='ocrx_word' id='word_1_208' title='bbox 3082 1498 3377 1564; x_wconf 64' lang='lat' dir='ltr'><strong>daemones,</strong></span> <span class='ocrx_word' id='word_1_209' title='bbox 3429 1517 3499 1557; x_wconf 90' lang='lat' dir='ltr'><strong>ne</strong></span> 
     </span>
    </p>
   </div>
   <div class='ocr_carea' id='block_1_30' title="bbox 1916 1581 3494 1660">
    <p class='ocr_par' dir='ltr' id='par_1_30' title="bbox 1916 1581 3494 1660">
     <span class='ocr_line' id='line_1_30' title="bbox 1916 1581 3494 1660; baseline 0.008 -25"><span class='ocrx_word' id='word_1_210' title='bbox 1916 1581 2127 1635; x_wconf 84' lang='lat' dir='ltr'><strong>dicatur</strong></span> <span class='ocrx_word' id='word_1_211' title='bbox 2149 1583 2215 1637; x_wconf 86' lang='lat' dir='ltr'><strong>de</strong></span> <span class='ocrx_word' id='word_1_212' title='bbox 2239 1581 2396 1640; x_wconf 88' lang='lat' dir='ltr'><strong>nobis</strong></span> <span class='ocrx_word' id='word_1_213' title='bbox 2419 1600 2433 1636; x_wconf 85' lang='lat'>:</span> <span class='ocrx_word' id='word_1_214' title='bbox 2468 1584 2729 1640; x_wconf 80' lang='lat' dir='ltr'><strong>Venerunt</strong></span> <span class='ocrx_word' id='word_1_215' title='bbox 2755 1590 3031 1656; x_wconf 77' lang='lat' dir='ltr'><strong>pra-dones</strong></span> <span class='ocrx_word' id='word_1_216' title='bbox 3047 1600 3097 1644; x_wconf 89' lang='lat' dir='ltr'><strong>et</strong></span> <span class='ocrx_word' id='word_1_217' title='bbox 3124 1591 3351 1660; x_wconf 75' lang='lat' dir='ltr'><strong>prtedati</strong></span> <span class='ocrx_word' id='word_1_218' title='bbox 3375 1604 3494 1648; x_wconf 82' lang='lat' dir='ltr'><strong>sunt</strong></span> 
     </span>
    </p>
   </div>
   <div class='ocr_carea' id='block_1_31' title="bbox 1914 1674 3494 1749">
    <p class='ocr_par' dir='ltr' id='par_1_31' title="bbox 1914 1674 3494 1749">
     <span class='ocr_line' id='line_1_31' title="bbox 1914 1674 3494 1749; baseline 0.009 -26"><span class='ocrx_word' id='word_1_219' title='bbox 1914 1686 2119 1736; x_wconf 88' lang='lat' dir='ltr'><strong>eos,ne</strong></span> <span class='ocrx_word' id='word_1_220' title='bbox 2189 1674 2581 1743; x_wconf 90' lang='lat' dir='ltr'><strong>compellamur</strong></span> <span class='ocrx_word' id='word_1_221' title='bbox 2642 1676 2799 1731; x_wconf 85' lang='lat' dir='ltr'><strong>ﬂetus</strong></span> <span class='ocrx_word' id='word_1_222' title='bbox 2858 1688 3024 1749; x_wconf 90' lang='lat' dir='ltr'><strong>atque</strong></span> <span class='ocrx_word' id='word_1_223' title='bbox 3089 1680 3494 1738; x_wconf 71' lang='lat' dir='ltr'><strong>lamentatiOnis</strong></span> 
     </span>
    </p>
   </div>
   <div class='ocr_carea' id='block_1_32' title="bbox 1913 1762 3493 1844">
    <p class='ocr_par' dir='ltr' id='par_1_32' title="bbox 1913 1762 3493 1844">
     <span class='ocr_line' id='line_1_32' title="bbox 1913 1762 3493 1844; baseline 0.009 -29"><span class='ocrx_word' id='word_1_224' title='bbox 1913 1762 2181 1817; x_wconf 87' lang='lat' dir='ltr'><strong>canticum</strong></span> <span class='ocrx_word' id='word_1_225' title='bbox 2204 1774 2489 1820; x_wconf 79' lang='lat' dir='ltr'><strong>cantantes</strong></span> <span class='ocrx_word' id='word_1_226' title='bbox 2513 1767 2695 1821; x_wconf 89' lang='lat' dir='ltr'><strong>dicere</strong></span> <span class='ocrx_word' id='word_1_227' title='bbox 2733 1787 2746 1822; x_wconf 90' lang='lat'><strong>:</strong></span> <span class='ocrx_word' id='word_1_228' title='bbox 2773 1766 2945 1837; x_wconf 83' lang='lat' dir='ltr'><strong>Super</strong></span> <span class='ocrx_word' id='word_1_229' title='bbox 2959 1771 3182 1839; x_wconf 79' lang='lat' dir='ltr'><strong>ﬂumina</strong></span> <span class='ocrx_word' id='word_1_230' title='bbox 3205 1772 3493 1844; x_wconf 80' lang='lat' dir='ltr'><strong>Babylonis</strong></span> 
     </span>
    </p>
   </div>
   <div class='ocr_carea' id='block_1_33' title="bbox 210 1840 3491 1933">
    <p class='ocr_par' dir='ltr' id='par_1_33' title="bbox 210 1840 3491 1933">
     <span class='ocr_line' id='line_1_33' title="bbox 210 1840 3491 1933; baseline 0.005 -29"><span class='ocrx_word' id='word_1_231' title='bbox 210 1866 298 1905; x_wconf 89' lang='lat' dir='ltr'><strong>me</strong></span> <span class='ocrx_word' id='word_1_232' title='bbox 334 1869 348 1904; x_wconf 89' lang='lat'>:</span> <span class='ocrx_word' id='word_1_233' title='bbox 383 1852 531 1921; x_wconf 93' lang='lat' dir='ltr'><strong>quod</strong></span> <span class='ocrx_word' id='word_1_234' title='bbox 567 1851 610 1906; x_wconf 88' lang='lat' dir='ltr'><strong>si</strong></span> <span class='ocrx_word' id='word_1_235' title='bbox 652 1868 758 1907; x_wconf 94' lang='lat' dir='ltr'><strong>non</strong></span> <span class='ocrx_word' id='word_1_236' title='bbox 810 1852 964 1908; x_wconf 87' lang='lat' dir='ltr'><strong>valeo</strong></span> <span class='ocrx_word' id='word_1_237' title='bbox 1012 1852 1294 1906; x_wconf 84' lang='lat' dir='ltr'><strong>vindicare</strong></span> <span class='ocrx_word' id='word_1_238' title='bbox 1328 1853 1394 1907; x_wconf 89' lang='lat' dir='ltr'><strong>de</strong></span> <span class='ocrx_word' id='word_1_239' title='bbox 1428 1852 1512 1907; x_wconf 88' lang='lat' dir='ltr'><strong>his</strong></span> <span class='ocrx_word' id='word_1_240' title='bbox 1564 1855 1657 1922; x_wconf 92' lang='lat' dir='ltr'><strong>qul</strong></span> <span class='ocrx_word' id='word_1_241' title='bbox 1704 1853 1807 1908; x_wconf 90' lang='lat' dir='ltr'><strong>hoc</strong></span> <span class='ocrx_word' id='word_1_242' title='bbox 1842 1840 1880 1893; x_wconf 74' lang='grc' dir='ltr'><strong>Β</strong></span> <span class='ocrx_word' id='word_1_243' title='bbox 1911 1853 2017 1907; x_wconf 85' lang='lat' dir='ltr'><strong>illic</strong></span> <span class='ocrx_word' id='word_1_244' title='bbox 2046 1855 2273 1910; x_wconf 83' lang='lat' dir='ltr'><strong>sedimus</strong></span> <span class='ocrx_word' id='word_1_245' title='bbox 2312 1867 2363 1910; x_wconf 91' lang='lat' dir='ltr'><strong>et</strong></span> <span class='ocrx_word' id='word_1_246' title='bbox 2406 1859 2642 1927; x_wconf 74' lang='lat' dir='ltr'><strong>ﬂeuimus</strong></span> <span class='ocrx_word' id='word_1_247' title='bbox 2665 1860 2732 1913; x_wconf 78' lang='grc' dir='ltr'><strong>³ο.</strong></span> <span class='ocrx_word' id='word_1_248' title='bbox 2790 1862 2871 1916; x_wconf 79' lang='lat' dir='ltr'><strong>0b</strong></span> <span class='ocrx_word' id='word_1_249' title='bbox 2920 1878 3085 1931; x_wconf 87' lang='lat' dir='ltr'><strong>quam</strong></span> <span class='ocrx_word' id='word_1_250' title='bbox 3138 1880 3249 1919; x_wconf 84' lang='lat' dir='ltr'><strong>rem</strong></span> <span class='ocrx_word' id='word_1_251' title='bbox 3273 1869 3297 1920; x_wconf 70' lang='grc' dir='ltr'><em>ἲ</em></span> <span class='ocrx_word' id='word_1_252' title='bbox 3324 1840 3491 1933; x_wconf 63' lang='grc' dir='ltr'><strong>⁷Ωιιὶιι</strong></span> 
     </span>
    </p>
   </div>
   <div class='ocr_carea' id='block_1_34' title="bbox 206 1946 1803 2015">
    <p class='ocr_par' dir='ltr' id='par_1_34' title="bbox 206 1946 1803 2015">
     <span class='ocr_line' id='line_1_34' title="bbox 206 1946 1803 2015; baseline 0.002 -18"><span class='ocrx_word' id='word_1_253' title='bbox 206 1946 487 2013; x_wconf 83' lang='lat' dir='ltr'><strong>fecerunt,</strong></span> <span class='ocrx_word' id='word_1_254' title='bbox 523 1960 617 2000; x_wconf 89' lang='lat' dir='ltr'><strong>eos</strong></span> <span class='ocrx_word' id='word_1_255' title='bbox 643 1960 977 2011; x_wconf 88' lang='lat' dir='ltr'><strong>enumerem,</strong></span> <span class='ocrx_word' id='word_1_256' title='bbox 1015 1946 1124 2000; x_wconf 88' lang='lat' dir='ltr'><strong>Deo</strong></span> <span class='ocrx_word' id='word_1_257' title='bbox 1147 1953 1328 2001; x_wconf 90' lang='lat' dir='ltr'><strong>autem</strong></span> <span class='ocrx_word' id='word_1_258' title='bbox 1356 1946 1406 2000; x_wconf 91' lang='lat' dir='ltr'><strong>id</strong></span> <span class='ocrx_word' id='word_1_259' title='bbox 1431 1947 1573 2015; x_wconf 92' lang='lat' dir='ltr'><strong>quod</strong></span> <span class='ocrx_word' id='word_1_260' title='bbox 1601 1946 1803 2001; x_wconf 84' lang='lat' dir='ltr'><strong>factum</strong></span> 
     </span>
    </p>
   </div>
   <div class='ocr_carea' id='block_1_35' title="bbox 205 2035 1801 2109">
    <p class='ocr_par' dir='ltr' id='par_1_35' title="bbox 205 2035 1801 2109">
     <span class='ocr_line' id='line_1_35' title="bbox 205 2035 1801 2109; baseline 0 -18"><span class='ocrx_word' id='word_1_261' title='bbox 205 2047 317 2100; x_wconf 87' lang='lat' dir='ltr'><strong>est,</strong></span> <span class='ocrx_word' id='word_1_262' title='bbox 346 2046 407 2091; x_wconf 90' lang='lat' dir='ltr'><strong>ut</strong></span> <span class='ocrx_word' id='word_1_263' title='bbox 435 2035 583 2103; x_wconf 75' lang='lat' dir='ltr'><strong>iuste</strong></span> <span class='ocrx_word' id='word_1_264' title='bbox 620 2038 857 2109; x_wconf 85' lang='lat' dir='ltr'><strong>inquirat</strong></span> <span class='ocrx_word' id='word_1_265' title='bbox 888 2038 1295 2093; x_wconf 89' lang='lat' dir='ltr'><strong>commendem.</strong></span> <span class='ocrx_word' id='word_1_266' title='bbox 1325 2038 1394 2091; x_wconf 85' lang='lat' dir='ltr'><strong>At</strong></span> <span class='ocrx_word' id='word_1_267' title='bbox 1427 2047 1573 2102; x_wconf 89' lang='lat' dir='ltr'><strong>tunc,</strong></span> <span class='ocrx_word' id='word_1_268' title='bbox 1607 2038 1801 2108; x_wconf 89' lang='lat' dir='ltr'><strong>inquit,</strong></span> 
     </span>
    </p>
   </div>
   <div class='ocr_carea' id='block_1_36' title="bbox 203 2128 1801 2194">
    <p class='ocr_par' dir='ltr' id='par_1_36' title="bbox 203 2128 1801 2194">
     <span class='ocr_line' id='line_1_36' title="bbox 203 2128 1801 2194; baseline 0.001 -13"><span class='ocrx_word' id='word_1_269' title='bbox 203 2145 236 2181; x_wconf 89' lang='grc' dir='ltr'><strong>ο</strong></span> <span class='ocrx_word' id='word_1_270' title='bbox 262 2130 454 2194; x_wconf 86' lang='lat' dir='ltr'><strong>homo,</strong></span> <span class='ocrx_word' id='word_1_271' title='bbox 488 2145 609 2183; x_wconf 92' lang='lat' dir='ltr'><strong>cum</strong></span> <span class='ocrx_word' id='word_1_272' title='bbox 642 2140 698 2184; x_wconf 92' lang='lat' dir='ltr'><strong>tu</strong></span> <span class='ocrx_word' id='word_1_273' title='bbox 734 2128 882 2185; x_wconf 92' lang='lat' dir='ltr'><strong>solus</strong></span> <span class='ocrx_word' id='word_1_274' title='bbox 907 2131 1173 2194; x_wconf 81' lang='lat' dir='ltr'><strong>eVaseris,</strong></span> <span class='ocrx_word' id='word_1_275' title='bbox 1201 2131 1270 2185; x_wconf 91' lang='lat' dir='ltr'><strong>ad</strong></span> <span class='ocrx_word' id='word_1_276' title='bbox 1313 2130 1610 2183; x_wconf 78' lang='lat' dir='ltr'><strong>niaximum</strong></span> <span class='ocrx_word' id='word_1_277' title='bbox 1668 2131 1801 2184; x_wconf 92' lang='lat' dir='ltr'><strong>mihi</strong></span> 
     </span>
    </p>
   </div>
   <div class='ocr_carea' id='block_1_37' title="bbox 205 2220 1803 2293">
    <p class='ocr_par' dir='ltr' id='par_1_37' title="bbox 205 2220 1803 2293">
     <span class='ocr_line' id='line_1_37' title="bbox 205 2220 1803 2293; baseline 0.003 -20"><span class='ocrx_word' id='word_1_278' title='bbox 205 2221 529 2276; x_wconf 82' lang='lat' dir='ltr'><strong>incendium</strong></span> <span class='ocrx_word' id='word_1_279' title='bbox 564 2222 811 2289; x_wconf 76' lang='lat' dir='ltr'><strong>evasisti,</strong></span> <span class='ocrx_word' id='word_1_280' title='bbox 841 2239 937 2293; x_wconf 91' lang='lat' dir='ltr'><strong>pro</strong></span> <span class='ocrx_word' id='word_1_281' title='bbox 968 2232 1264 2290; x_wconf 76' lang='lat' dir='ltr'><strong>augmento</strong></span> <span class='ocrx_word' id='word_1_282' title='bbox 1304 2222 1506 2278; x_wconf 87' lang='lat' dir='ltr'><strong>doloris</strong></span> <span class='ocrx_word' id='word_1_283' title='bbox 1543 2220 1671 2276; x_wconf 89' lang='lat' dir='ltr'><strong>mihi</strong></span> <span class='ocrx_word' id='word_1_284' title='bbox 1707 2222 1803 2277; x_wconf 84' lang='lat' dir='ltr'><strong>ad-</strong></span> 
     </span>
    </p>
   </div>
   <div class='ocr_carea' id='block_1_38' title="bbox 205 2313 1802 2383">
    <p class='ocr_par' dir='ltr' id='par_1_38' title="bbox 205 2313 1802 2383">
     <span class='ocr_line' id='line_1_38' title="bbox 205 2313 1802 2383; baseline 0.003 -19"><span class='ocrx_word' id='word_1_285' title='bbox 205 2313 432 2367; x_wconf 78' lang='lat' dir='ltr'><strong>venisti.</strong></span> <span class='ocrx_word' id='word_1_286' title='bbox 473 2314 940 2382; x_wconf 63' lang='lat' dir='ltr'><strong>Deprmdationem</strong></span> <span class='ocrx_word' id='word_1_287' title='bbox 978 2315 1108 2369; x_wconf 84' lang='lat' dir='ltr'><strong>mihi</strong></span> <span class='ocrx_word' id='word_1_288' title='bbox 1143 2315 1384 2377; x_wconf 88' lang='lat' dir='ltr'><strong>nuntias,</strong></span> <span class='ocrx_word' id='word_1_289' title='bbox 1422 2324 1477 2369; x_wconf 90' lang='lat' dir='ltr'><strong>et</strong></span> <span class='ocrx_word' id='word_1_290' title='bbox 1523 2315 1802 2383; x_wconf 68' lang='lat' dir='ltr'><strong>pra&#39;dones</strong></span> 
     </span>
    </p>
   </div>
   <div class='ocr_carea' id='block_1_39' title="bbox 205 2406 1802 2477">
    <p class='ocr_par' dir='ltr' id='par_1_39' title="bbox 205 2406 1802 2477">
     <span class='ocr_line' id='line_1_39' title="bbox 205 2406 1802 2477; baseline 0.003 -20"><span class='ocrx_word' id='word_1_291' title='bbox 205 2421 311 2459; x_wconf 92' lang='lat' dir='ltr'><strong>non</strong></span> <span class='ocrx_word' id='word_1_292' title='bbox 350 2406 624 2475; x_wconf 83' lang='lat' dir='ltr'><strong>publicas.</strong></span> <span class='ocrx_word' id='word_1_293' title='bbox 662 2407 737 2460; x_wconf 89' lang='lat' dir='ltr'><strong>De</strong></span> <span class='ocrx_word' id='word_1_294' title='bbox 772 2407 1025 2477; x_wconf 78' lang='lat' dir='ltr'><strong>proximo</strong></span> <span class='ocrx_word' id='word_1_295' title='bbox 1058 2416 1207 2470; x_wconf 84' lang='lat' dir='ltr'><strong>sunt,</strong></span> <span class='ocrx_word' id='word_1_296' title='bbox 1258 2423 1324 2461; x_wconf 88' lang='lat' dir='ltr'><strong>an</strong></span> <span class='ocrx_word' id='word_1_297' title='bbox 1359 2408 1423 2461; x_wconf 91' lang='lat' dir='ltr'><strong>de</strong></span> <span class='ocrx_word' id='word_1_298' title='bbox 1457 2406 1802 2477; x_wconf 84' lang='lat' dir='ltr'><strong>longinquo?</strong></span> 
     </span>
    </p>
   </div>
   <div class='ocr_carea' id='block_1_40' title="bbox 202 2496 1798 2569">
    <p class='ocr_par' dir='ltr' id='par_1_40' title="bbox 202 2496 1798 2569">
     <span class='ocr_line' id='line_1_40' title="bbox 202 2496 1798 2569; baseline 0.002 -19"><span class='ocrx_word' id='word_1_299' title='bbox 202 2496 403 2552; x_wconf 88' lang='lat' dir='ltr'><strong>IIostes</strong></span> <span class='ocrx_word' id='word_1_300' title='bbox 450 2506 577 2551; x_wconf 91' lang='lat' dir='ltr'><strong>sunt</strong></span> <span class='ocrx_word' id='word_1_301' title='bbox 602 2498 800 2566; x_wconf 88' lang='lat' dir='ltr'><strong>publici</strong></span> <span class='ocrx_word' id='word_1_302' title='bbox 848 2513 916 2553; x_wconf 93' lang='lat' dir='ltr'><strong>an</strong></span> <span class='ocrx_word' id='word_1_303' title='bbox 984 2499 1134 2553; x_wconf 80' lang='lat' dir='ltr'><strong>iures</strong></span> <span class='ocrx_word' id='word_1_304' title='bbox 1180 2500 1375 2555; x_wconf 91' lang='lat' dir='ltr'><strong>occulti</strong></span> <span class='ocrx_word' id='word_1_305' title='bbox 1406 2499 1428 2554; x_wconf 65' lang='grc' dir='ltr'><em>ἲ</em></span> <span class='ocrx_word' id='word_1_306' title='bbox 1464 2498 1568 2554; x_wconf 88' lang='lat' dir='ltr'><strong>Sed</strong></span> <span class='ocrx_word' id='word_1_307' title='bbox 1622 2499 1667 2553; x_wconf 81' lang='lat' dir='ltr'><strong>is</strong></span> <span class='ocrx_word' id='word_1_308' title='bbox 1705 2499 1798 2569; x_wconf 89' lang='lat' dir='ltr'><strong>qui</strong></span> 
     </span>
    </p>
   </div>
   <div class='ocr_carea' id='block_1_41' title="bbox 198 2590 1799 2660">
    <p class='ocr_par' dir='ltr' id='par_1_41' title="bbox 198 2590 1799 2660">
     <span class='ocr_line' id='line_1_41' title="bbox 198 2590 1799 2660; baseline -0.001 -16"><span class='ocrx_word' id='word_1_309' title='bbox 198 2590 401 2654; x_wconf 88' lang='lat' dir='ltr'><strong>evasit,</strong></span> <span class='ocrx_word' id='word_1_310' title='bbox 438 2605 547 2644; x_wconf 91' lang='lat' dir='ltr'><strong>non</strong></span> <span class='ocrx_word' id='word_1_311' title='bbox 577 2590 697 2645; x_wconf 88' lang='lat' dir='ltr'><strong>ideo</strong></span> <span class='ocrx_word' id='word_1_312' title='bbox 735 2598 794 2644; x_wconf 93' lang='lat' dir='ltr'><strong>ut</strong></span> <span class='ocrx_word' id='word_1_313' title='bbox 823 2591 871 2645; x_wconf 92' lang='lat' dir='ltr'><strong>ei</strong></span> <span class='ocrx_word' id='word_1_314' title='bbox 900 2601 1218 2660; x_wconf 82' lang='lat' dir='ltr'><strong>parceretur</strong></span> <span class='ocrx_word' id='word_1_315' title='bbox 1249 2592 1553 2655; x_wconf 88' lang='lat' dir='ltr'><strong>evasit,sed</strong></span> <span class='ocrx_word' id='word_1_316' title='bbox 1580 2601 1799 2660; x_wconf 84' lang='lat' dir='ltr'><strong>propter</strong></span> 
     </span>
    </p>
   </div>
   <div class='ocr_carea' id='block_1_42' title="bbox 200 2682 1797 2755">
    <p class='ocr_par' dir='ltr' id='par_1_42' title="bbox 200 2682 1797 2755">
     <span class='ocr_line' id='line_1_42' title="bbox 200 2682 1797 2755; baseline 0.001 -21"><span class='ocrx_word' id='word_1_317' title='bbox 200 2692 559 2752; x_wconf 76' lang='lat' dir='ltr'><strong>augmentum</strong></span> <span class='ocrx_word' id='word_1_318' title='bbox 604 2682 920 2737; x_wconf 89' lang='lat' dir='ltr'><strong>tentationis</strong></span> <span class='ocrx_word' id='word_1_319' title='bbox 947 2682 1050 2739; x_wconf 86' lang='lat' dir='ltr'><strong>Job</strong></span> <span class='ocrx_word' id='word_1_320' title='bbox 1091 2684 1337 2739; x_wconf 77' lang='lat' dir='ltr'><strong>advenit.</strong></span> <span class='ocrx_word' id='word_1_321' title='bbox 1379 2682 1479 2737; x_wconf 80' lang='lat' dir='ltr'><strong>Hic</strong></span> <span class='ocrx_word' id='word_1_322' title='bbox 1504 2699 1634 2755; x_wconf 86' lang='lat' dir='ltr'><strong>ergo</strong></span> <span class='ocrx_word' id='word_1_323' title='bbox 1663 2683 1797 2737; x_wconf 93' lang='lat' dir='ltr'><strong>nihil</strong></span> 
     </span>
    </p>
   </div>
   <div class='ocr_carea' id='block_1_43' title="bbox 199 2774 1796 2844">
    <p class='ocr_par' dir='ltr' id='par_1_43' title="bbox 199 2774 1796 2844">
     <span class='ocr_line' id='line_1_43' title="bbox 199 2774 1796 2844; baseline 0.003 -19"><span class='ocrx_word' id='word_1_324' title='bbox 199 2776 474 2829; x_wconf 81' lang='lat' dir='ltr'><strong>adversus</strong></span> <span class='ocrx_word' id='word_1_325' title='bbox 505 2790 567 2829; x_wconf 91' lang='lat' dir='ltr'><strong>ea</strong></span> <span class='ocrx_word' id='word_1_326' title='bbox 602 2789 723 2844; x_wconf 66' lang='lat' dir='ltr'><strong>quae</strong></span> <span class='ocrx_word' id='word_1_327' title='bbox 745 2774 887 2829; x_wconf 88' lang='lat' dir='ltr'><strong>dicta</strong></span> <span class='ocrx_word' id='word_1_328' title='bbox 921 2783 1047 2830; x_wconf 93' lang='lat' dir='ltr'><strong>sunt</strong></span> <span class='ocrx_word' id='word_1_329' title='bbox 1081 2776 1388 2843; x_wconf 87' lang='lat' dir='ltr'><strong>respondit,</strong></span> <span class='ocrx_word' id='word_1_330' title='bbox 1434 2776 1526 2830; x_wconf 88' lang='lat' dir='ltr'><strong>sed</strong></span> <span class='ocrx_word' id='word_1_331' title='bbox 1586 2783 1796 2829; x_wconf 88' lang='lat' dir='ltr'><strong>tantum</strong></span> 
     </span>
    </p>
   </div>
   <div class='ocr_carea' id='block_1_44' title="bbox 199 2867 1795 2936">
    <p class='ocr_par' dir='ltr' id='par_1_44' title="bbox 199 2867 1795 2936">
     <span class='ocr_line' id='line_1_44' title="bbox 199 2867 1795 2936; baseline 0.003 -17"><span class='ocrx_word' id='word_1_332' title='bbox 199 2867 491 2935; x_wconf 57' lang='lat' dir='ltr'><strong>praedones</strong></span> <span class='ocrx_word' id='word_1_333' title='bbox 526 2867 828 2922; x_wconf 82' lang='lat' dir='ltr'><strong>nominavit</strong></span> <span class='ocrx_word' id='word_1_334' title='bbox 870 2884 885 2921; x_wconf 83' lang='lat'><strong>:</strong></span> <span class='ocrx_word' id='word_1_335' title='bbox 950 2881 1053 2921; x_wconf 86' lang='lat' dir='ltr'><strong>nos</strong></span> <span class='ocrx_word' id='word_1_336' title='bbox 1106 2867 1412 2936; x_wconf 82' lang='lat' dir='ltr'><strong>intelligere</strong></span> <span class='ocrx_word' id='word_1_337' title='bbox 1472 2867 1795 2932; x_wconf 78' lang='lat' dir='ltr'><strong>admonens,</strong></span> 
     </span>
    </p>
   </div>
   <div class='ocr_carea' id='block_1_45' title="bbox 196 2958 1795 3030">
    <p class='ocr_par' dir='ltr' id='par_1_45' title="bbox 196 2958 1795 3030">
     <span class='ocr_line' id='line_1_45' title="bbox 196 2958 1795 3030; baseline 0.002 -19"><span class='ocrx_word' id='word_1_338' title='bbox 196 2970 365 3027; x_wconf 89' lang='lat' dir='ltr'><strong>atque</strong></span> <span class='ocrx_word' id='word_1_339' title='bbox 422 2959 580 3014; x_wconf 90' lang='lat' dir='ltr'><strong>nobis</strong></span> <span class='ocrx_word' id='word_1_340' title='bbox 641 2958 1056 3028; x_wconf 84' lang='lat' dir='ltr'><strong>intelligendum</strong></span> <span class='ocrx_word' id='word_1_341' title='bbox 1111 2959 1453 3029; x_wconf 87' lang='lat' dir='ltr'><strong>relinquens,</strong></span> <span class='ocrx_word' id='word_1_342' title='bbox 1509 2976 1645 3030; x_wconf 90' lang='lat' dir='ltr'><strong>quos</strong></span> <span class='ocrx_word' id='word_1_343' title='bbox 1712 2960 1795 3015; x_wconf 81' lang='lat' dir='ltr'><strong>vel</strong></span> 
     </span>
    </p>
   </div>
   <div class='ocr_carea' id='block_1_46' title="bbox 195 3051 1793 3121">
    <p class='ocr_par' dir='ltr' id='par_1_46' title="bbox 195 3051 1793 3121">
     <span class='ocr_line' id='line_1_46' title="bbox 195 3051 1793 3121; baseline 0.001 -18"><span class='ocrx_word' id='word_1_344' title='bbox 195 3052 391 3120; x_wconf 77' lang='lat' dir='ltr'><strong>quales</strong></span> <span class='ocrx_word' id='word_1_345' title='bbox 419 3051 704 3121; x_wconf 72' lang='lat' dir='ltr'><strong>praedones</strong></span> <span class='ocrx_word' id='word_1_346' title='bbox 740 3051 1112 3107; x_wconf 79' lang='lat' dir='ltr'><strong>nominaverit</strong></span> <span class='ocrx_word' id='word_1_347' title='bbox 1148 3070 1163 3106; x_wconf 90' lang='lat'><strong>:</strong></span> <span class='ocrx_word' id='word_1_348' title='bbox 1198 3052 1321 3108; x_wconf 90' lang='lat' dir='ltr'><strong>illos</strong></span> <span class='ocrx_word' id='word_1_349' title='bbox 1349 3052 1468 3107; x_wconf 89' lang='lat' dir='ltr'><strong>sine</strong></span> <span class='ocrx_word' id='word_1_350' title='bbox 1496 3053 1661 3107; x_wconf 87' lang='lat' dir='ltr'><strong>dubio</strong></span> <span class='ocrx_word' id='word_1_351' title='bbox 1702 3051 1793 3121; x_wconf 90' lang='lat' dir='ltr'><strong>qui</strong></span> 
     </span>
    </p>
   </div>
   <div class='ocr_carea' id='block_1_47' title="bbox 194 3142 1793 3216">
    <p class='ocr_par' dir='ltr' id='par_1_47' title="bbox 194 3142 1793 3216">
     <span class='ocr_line' id='line_1_47' title="bbox 194 3142 1793 3216; baseline 0.004 -23"><span class='ocrx_word' id='word_1_352' title='bbox 194 3142 264 3195; x_wconf 87' lang='lat' dir='ltr'><strong>de</strong></span> <span class='ocrx_word' id='word_1_353' title='bbox 292 3142 437 3196; x_wconf 62' lang='lat' dir='ltr'><strong>coelo</strong></span> <span class='ocrx_word' id='word_1_354' title='bbox 463 3154 687 3213; x_wconf 79' lang='lat' dir='ltr'><strong>propter</strong></span> <span class='ocrx_word' id='word_1_355' title='bbox 713 3144 1049 3213; x_wconf 87' lang='lat' dir='ltr'><strong>apostasiam</strong></span> <span class='ocrx_word' id='word_1_356' title='bbox 1080 3144 1133 3199; x_wconf 92' lang='lat' dir='ltr'><strong>in</strong></span> <span class='ocrx_word' id='word_1_357' title='bbox 1165 3146 1404 3216; x_wconf 68' lang='lat' dir='ltr'><strong>prtedam</strong></span> <span class='ocrx_word' id='word_1_358' title='bbox 1438 3154 1793 3206; x_wconf 87' lang='lat' dir='ltr'><strong>venerunt,et</strong></span> 
     </span>
    </p>
   </div>
   <div class='ocr_carea' id='block_1_48' title="bbox 1908 1947 3491 2023">
    <p class='ocr_par' dir='ltr' id='par_1_48' title="bbox 1908 1947 3491 2023">
     <span class='ocr_line' id='line_1_48' title="bbox 1908 1947 3491 2023; baseline 0.011 -26"><span class='ocrx_word' id='word_1_359' title='bbox 1908 1947 2017 2001; x_wconf 86' lang='lat' dir='ltr'><strong>illic</strong></span> <span class='ocrx_word' id='word_1_360' title='bbox 2052 1950 2508 2019; x_wconf 80' lang='lat' dir='ltr'><strong>interrogaverunt</strong></span> <span class='ocrx_word' id='word_1_361' title='bbox 2544 1970 2659 2020; x_wconf 92' lang='lat' dir='ltr'><strong>nos,</strong></span> <span class='ocrx_word' id='word_1_362' title='bbox 2690 1954 2781 2023; x_wconf 82' lang='lat' dir='ltr'><strong>qui</strong></span> <span class='ocrx_word' id='word_1_363' title='bbox 2801 1957 3031 2023; x_wconf 83' lang='lat' dir='ltr'><strong>captivos</strong></span> <span class='ocrx_word' id='word_1_364' title='bbox 3080 1958 3344 2012; x_wconf 70' lang='lat' dir='ltr'><strong>duxerunt</strong></span> <span class='ocrx_word' id='word_1_365' title='bbox 3395 1976 3491 2015; x_wconf 84' lang='lat' dir='ltr'><strong>nos</strong></span> 
     </span>
    </p>
   </div>
   <div class='ocr_carea' id='block_1_49' title="bbox 1906 2040 3492 2109">
    <p class='ocr_par' dir='ltr' id='par_1_49' title="bbox 1906 2040 3492 2109">
     <span class='ocr_line' id='line_1_49' title="bbox 1906 2040 3492 2109; baseline 0.01 -18"><span class='ocrx_word' id='word_1_366' title='bbox 1906 2040 2057 2093; x_wconf 86' lang='lat' dir='ltr'><strong>verba</strong></span> <span class='ocrx_word' id='word_1_367' title='bbox 2092 2044 2483 2109; x_wconf 81' lang='lat' dir='ltr'><strong>cantionum&quot;.</strong></span> <span class='ocrx_word' id='word_1_368' title='bbox 2548 2044 2654 2099; x_wconf 87' lang='lat' dir='ltr'><strong>Sed</strong></span> <span class='ocrx_word' id='word_1_369' title='bbox 2697 2062 2820 2100; x_wconf 86' lang='lat' dir='ltr'><strong>eum</strong></span> <span class='ocrx_word' id='word_1_370' title='bbox 2878 2048 2993 2101; x_wconf 63' lang='lat' dir='ltr'><strong>haec</strong></span> <span class='ocrx_word' id='word_1_371' title='bbox 3047 2050 3229 2103; x_wconf 86' lang='lat' dir='ltr'><strong>omnia</strong></span> <span class='ocrx_word' id='word_1_372' title='bbox 3278 2052 3492 2107; x_wconf 82' lang='lat' dir='ltr'><strong>audiret</strong></span> 
     </span>
    </p>
   </div>
   <div class='ocr_carea' id='block_1_50' title="bbox 1904 2129 3489 2210">
    <p class='ocr_par' dir='ltr' id='par_1_50' title="bbox 1904 2129 3489 2210">
     <span class='ocr_line' id='line_1_50' title="bbox 1904 2129 3489 2210; baseline 0.008 -26"><span class='ocrx_word' id='word_1_373' title='bbox 1904 2129 2028 2197; x_wconf 84' lang='lat' dir='ltr'><strong>Job,</strong></span> <span class='ocrx_word' id='word_1_374' title='bbox 2059 2134 2196 2188; x_wconf 77' lang='lat' dir='ltr'><strong>tanti</strong></span> <span class='ocrx_word' id='word_1_375' title='bbox 2230 2136 2426 2204; x_wconf 83' lang='lat' dir='ltr'><strong>peculii</strong></span> <span class='ocrx_word' id='word_1_376' title='bbox 2469 2138 2948 2207; x_wconf 66' lang='lat' dir='ltr'><strong>depraedationem,</strong></span> <span class='ocrx_word' id='word_1_377' title='bbox 3003 2149 3168 2210; x_wconf 88' lang='lat' dir='ltr'><strong>atque</strong></span> <span class='ocrx_word' id='word_1_378' title='bbox 3219 2141 3489 2197; x_wconf 86' lang='lat' dir='ltr'><strong>venientis</strong></span> 
     </span>
    </p>
   </div>
   <div class='ocr_carea' id='block_1_51' title="bbox 1904 2226 3489 2301">
    <p class='ocr_par' dir='ltr' id='par_1_51' title="bbox 1904 2226 3489 2301">
     <span class='ocr_line' id='line_1_51' title="bbox 1904 2226 3489 2301; baseline 0.009 -24"><span class='ocrx_word' id='word_1_379' title='bbox 1904 2232 1957 2277; x_wconf 90' lang='lat' dir='ltr'><strong>et</strong></span> <span class='ocrx_word' id='word_1_380' title='bbox 1988 2227 2258 2280; x_wconf 85' lang='lat' dir='ltr'><strong>narrantis</strong></span> <span class='ocrx_word' id='word_1_381' title='bbox 2286 2226 2750 2293; x_wconf 88' lang='lat' dir='ltr'><strong>lamentationem,</strong></span> <span class='ocrx_word' id='word_1_382' title='bbox 2788 2246 2886 2286; x_wconf 90' lang='lat' dir='ltr'><strong>nec</strong></span> <span class='ocrx_word' id='word_1_383' title='bbox 2941 2232 3235 2301; x_wconf 86' lang='lat' dir='ltr'><strong>quidquam</strong></span> <span class='ocrx_word' id='word_1_384' title='bbox 3266 2233 3367 2288; x_wconf 91' lang='lat' dir='ltr'><strong>hac</strong></span> <span class='ocrx_word' id='word_1_385' title='bbox 3430 2248 3489 2291; x_wconf 87' lang='lat' dir='ltr'><strong>re</strong></span> 
     </span>
    </p>
   </div>
   <div class='ocr_carea' id='block_1_52' title="bbox 1904 2316 3485 2389">
    <p class='ocr_par' dir='ltr' id='par_1_52' title="bbox 1904 2316 3485 2389">
     <span class='ocr_line' id='line_1_52' title="bbox 1904 2316 3485 2389; baseline 0.008 -22"><span class='ocrx_word' id='word_1_386' title='bbox 1904 2329 2023 2384; x_wconf 72' lang='lat' dir='ltr'><strong>qua:</strong></span> <span class='ocrx_word' id='word_1_387' title='bbox 2050 2316 2273 2370; x_wconf 89' lang='lat' dir='ltr'><strong>obvenit</strong></span> <span class='ocrx_word' id='word_1_388' title='bbox 2303 2318 2520 2387; x_wconf 89' lang='lat' dir='ltr'><strong>dignum</strong></span> <span class='ocrx_word' id='word_1_389' title='bbox 2552 2318 2701 2385; x_wconf 80' lang='lat' dir='ltr'><strong>fecit,</strong></span> <span class='ocrx_word' id='word_1_390' title='bbox 2724 2320 2817 2375; x_wconf 90' lang='lat' dir='ltr'><strong>sed</strong></span> <span class='ocrx_word' id='word_1_391' title='bbox 2846 2322 3049 2389; x_wconf 91' lang='lat' dir='ltr'><strong>pariter</strong></span> <span class='ocrx_word' id='word_1_392' title='bbox 3067 2322 3210 2376; x_wconf 93' lang='lat' dir='ltr'><strong>hunc</strong></span> <span class='ocrx_word' id='word_1_393' title='bbox 3240 2323 3485 2380; x_wconf 87' lang='lat' dir='ltr'><strong>auditum</strong></span> 
     </span>
    </p>
   </div>
   <div class='ocr_carea' id='block_1_53' title="bbox 1901 2409 3482 2481">
    <p class='ocr_par' dir='ltr' id='par_1_53' title="bbox 1901 2409 3482 2481">
     <span class='ocr_line' id='line_1_53' title="bbox 1901 2409 3482 2481; baseline 0.007 -20"><span class='ocrx_word' id='word_1_394' title='bbox 1901 2409 2199 2471; x_wconf 89' lang='lat' dir='ltr'><strong>sustinens,</strong></span> <span class='ocrx_word' id='word_1_395' title='bbox 2225 2409 2419 2463; x_wconf 86' lang='lat' dir='ltr'><strong>blande</strong></span> <span class='ocrx_word' id='word_1_396' title='bbox 2451 2410 2730 2465; x_wconf 88' lang='lat' dir='ltr'><strong>enarrauti</strong></span> <span class='ocrx_word' id='word_1_397' title='bbox 2771 2410 2872 2465; x_wconf 92' lang='lat' dir='ltr'><strong>sibi</strong></span> <span class='ocrx_word' id='word_1_398' title='bbox 2926 2412 3206 2481; x_wconf 85' lang='lat' dir='ltr'><strong>respondit</strong></span> <span class='ocrx_word' id='word_1_399' title='bbox 3246 2414 3482 2472; x_wconf 80' lang='lat' dir='ltr'><strong>dicens:</strong></span> 
     </span>
    </p>
   </div>
   <div class='ocr_carea' id='block_1_54' title="bbox 1902 2499 3486 2570">
    <p class='ocr_par' dir='ltr' id='par_1_54' title="bbox 1902 2499 3486 2570">
     <span class='ocr_line' id='line_1_54' title="bbox 1902 2499 3486 2570; baseline 0.004 -18"><span class='ocrx_word' id='word_1_400' title='bbox 1902 2499 2042 2566; x_wconf 90' lang='lat' dir='ltr'><strong>Quid</strong></span> <span class='ocrx_word' id='word_1_401' title='bbox 2072 2499 2268 2569; x_wconf 82' lang='lat' dir='ltr'><strong>ejulas,</strong></span> <span class='ocrx_word' id='word_1_402' title='bbox 2296 2515 2329 2553; x_wconf 93' lang='lat' dir='ltr'><strong>o</strong></span> <span class='ocrx_word' id='word_1_403' title='bbox 2358 2500 2479 2553; x_wconf 74' lang='lat' dir='ltr'><strong>vir?</strong></span> <span class='ocrx_word' id='word_1_404' title='bbox 2506 2501 2633 2570; x_wconf 91' lang='lat' dir='ltr'><strong>quid</strong></span> <span class='ocrx_word' id='word_1_405' title='bbox 2666 2500 3014 2567; x_wconf 88' lang='lat' dir='ltr'><strong>lamentaris,</strong></span> <span class='ocrx_word' id='word_1_406' title='bbox 3049 2519 3082 2557; x_wconf 96' lang='lat' dir='ltr'><strong>o</strong></span> <span class='ocrx_word' id='word_1_407' title='bbox 3112 2504 3321 2557; x_wconf 79' lang='lat' dir='ltr'><strong>homo?</strong></span> <span class='ocrx_word' id='word_1_408' title='bbox 3394 2505 3486 2559; x_wconf 86' lang='lat' dir='ltr'><strong>Di-</strong></span> 
     </span>
    </p>
   </div>
   <div class='ocr_carea' id='block_1_55' title="bbox 1903 2592 3487 2664">
    <p class='ocr_par' dir='ltr' id='par_1_55' title="bbox 1903 2592 3487 2664">
     <span class='ocr_line' id='line_1_55' title="bbox 1903 2592 3487 2664; baseline 0.006 -21"><span class='ocrx_word' id='word_1_409' title='bbox 1903 2592 2155 2645; x_wconf 88' lang='lat' dir='ltr'><strong>vitiarum</strong></span> <span class='ocrx_word' id='word_1_410' title='bbox 2189 2592 2522 2661; x_wconf 83' lang='lat' dir='ltr'><strong>possibilitas</strong></span> <span class='ocrx_word' id='word_1_411' title='bbox 2572 2594 2646 2648; x_wconf 85' lang='lat' dir='ltr'><strong>ita</strong></span> <span class='ocrx_word' id='word_1_412' title='bbox 2707 2608 2924 2664; x_wconf 86' lang='lat' dir='ltr'><strong>semper</strong></span> <span class='ocrx_word' id='word_1_413' title='bbox 2971 2604 3054 2648; x_wconf 88' lang='lat' dir='ltr'><strong>est</strong></span> <span class='ocrx_word' id='word_1_414' title='bbox 3098 2595 3387 2661; x_wconf 86' lang='lat' dir='ltr'><strong>vertibilis,</strong></span> <span class='ocrx_word' id='word_1_415' title='bbox 3423 2604 3487 2653; x_wconf 78' lang='lat' dir='ltr'><strong>ut</strong></span> 
     </span>
    </p>
   </div>
   <div class='ocr_carea' id='block_1_56' title="bbox 1901 2682 3484 2757">
    <p class='ocr_par' dir='ltr' id='par_1_56' title="bbox 1901 2682 3484 2757">
     <span class='ocr_line' id='line_1_56' title="bbox 1901 2682 3484 2757; baseline 0.003 -21"><span class='ocrx_word' id='word_1_416' title='bbox 1901 2682 2059 2737; x_wconf 86' lang='lat' dir='ltr'><strong>hodie</strong></span> <span class='ocrx_word' id='word_1_417' title='bbox 2089 2684 2159 2737; x_wconf 93' lang='lat' dir='ltr'><strong>sit</strong></span> <span class='ocrx_word' id='word_1_418' title='bbox 2189 2684 2298 2749; x_wconf 90' lang='lat' dir='ltr'><strong>hic,</strong></span> <span class='ocrx_word' id='word_1_419' title='bbox 2344 2685 2584 2739; x_wconf 90' lang='lat' dir='ltr'><strong>crastina</strong></span> <span class='ocrx_word' id='word_1_420' title='bbox 2634 2700 2763 2740; x_wconf 89' lang='lat' dir='ltr'><strong>vero</strong></span> <span class='ocrx_word' id='word_1_421' title='bbox 2828 2684 2979 2739; x_wconf 89' lang='lat' dir='ltr'><strong>alibi.</strong></span> <span class='ocrx_word' id='word_1_422' title='bbox 3040 2685 3109 2739; x_wconf 86' lang='lat' dir='ltr'><strong>Et</strong></span> <span class='ocrx_word' id='word_1_423' title='bbox 3155 2687 3484 2757; x_wconf 69' lang='lat' dir='ltr'><strong>praesertim,</strong></span> 
     </span>
    </p>
   </div>
   <div class='ocr_carea' id='block_1_57' title="bbox 1901 2772 3483 2849">
    <p class='ocr_par' dir='ltr' id='par_1_57' title="bbox 1901 2772 3483 2849">
     <span class='ocr_line' id='line_1_57' title="bbox 1901 2772 3483 2849; baseline 0.008 -23"><span class='ocrx_word' id='word_1_424' title='bbox 1901 2772 2092 2843; x_wconf 87' lang='lat' dir='ltr'><strong>inquit,</strong></span> <span class='ocrx_word' id='word_1_425' title='bbox 2126 2776 2250 2844; x_wconf 89' lang='lat' dir='ltr'><strong>quia</strong></span> <span class='ocrx_word' id='word_1_426' title='bbox 2281 2776 2483 2831; x_wconf 91' lang='lat' dir='ltr'><strong>inimici</strong></span> <span class='ocrx_word' id='word_1_427' title='bbox 2532 2778 2756 2847; x_wconf 69' lang='lat' dir='ltr'><strong>prtedati</strong></span> <span class='ocrx_word' id='word_1_428' title='bbox 2809 2787 2956 2845; x_wconf 83' lang='lat' dir='ltr'><strong>sunt,</strong></span> <span class='ocrx_word' id='word_1_429' title='bbox 3002 2779 3131 2849; x_wconf 87' lang='lat' dir='ltr'><strong>quia</strong></span> <span class='ocrx_word' id='word_1_430' title='bbox 3181 2780 3483 2838; x_wconf 76' lang='lat' dir='ltr'><strong>adversarii</strong></span> 
     </span>
    </p>
   </div>
   <div class='ocr_carea' id='block_1_58' title="bbox 1898 2867 3481 2945">
    <p class='ocr_par' dir='ltr' id='par_1_58' title="bbox 1898 2867 3481 2945">
     <span class='ocr_line' id='line_1_58' title="bbox 1898 2867 3481 2945; baseline 0.004 -25"><span class='ocrx_word' id='word_1_431' title='bbox 1898 2867 2264 2933; x_wconf 86' lang='lat' dir='ltr'><strong>abstulerunt,</strong></span> <span class='ocrx_word' id='word_1_432' title='bbox 2288 2869 2414 2939; x_wconf 87' lang='lat' dir='ltr'><strong>quia</strong></span> <span class='ocrx_word' id='word_1_433' title='bbox 2467 2867 2649 2937; x_wconf 69' lang='lat' dir='ltr'><strong>iniusti</strong></span> <span class='ocrx_word' id='word_1_434' title='bbox 2688 2870 3050 2939; x_wconf 90' lang='lat' dir='ltr'><strong>diripuerunt.</strong></span> <span class='ocrx_word' id='word_1_435' title='bbox 3097 2872 3228 2943; x_wconf 85' lang='lat' dir='ltr'><strong>Ego,</strong></span> <span class='ocrx_word' id='word_1_436' title='bbox 3285 2874 3481 2945; x_wconf 88' lang='lat' dir='ltr'><strong>inquit,</strong></span> 
     </span>
    </p>
   </div>
   <div class='ocr_carea' id='block_1_59' title="bbox 1898 2960 3483 3033">
    <p class='ocr_par' dir='ltr' id='par_1_59' title="bbox 1898 2960 3483 3033">
     <span class='ocr_line' id='line_1_59' title="bbox 1898 2960 3483 3033; baseline 0.008 -24"><span class='ocrx_word' id='word_1_437' title='bbox 1898 2968 1957 3011; x_wconf 94' lang='lat' dir='ltr'><strong>ut</strong></span> <span class='ocrx_word' id='word_1_438' title='bbox 1987 2960 2235 3015; x_wconf 88' lang='lat' dir='ltr'><strong>inimicos</strong></span> <span class='ocrx_word' id='word_1_439' title='bbox 2264 2963 2607 3031; x_wconf 89' lang='lat' dir='ltr'><strong>acquirerem</strong></span> <span class='ocrx_word' id='word_1_440' title='bbox 2640 2977 2744 3016; x_wconf 93' lang='lat' dir='ltr'><strong>non</strong></span> <span class='ocrx_word' id='word_1_441' title='bbox 2779 2962 2959 3032; x_wconf 83' lang='lat' dir='ltr'><strong>gessi,</strong></span> <span class='ocrx_word' id='word_1_442' title='bbox 3014 2978 3189 3033; x_wconf 89' lang='lat' dir='ltr'><strong>neque</strong></span> <span class='ocrx_word' id='word_1_443' title='bbox 3233 2966 3483 3022; x_wconf 82' lang='lat' dir='ltr'><strong>inimicos</strong></span> 
     </span>
    </p>
   </div>
   <div class='ocr_carea' id='block_1_60' title="bbox 1896 3051 3482 3123">
    <p class='ocr_par' dir='ltr' id='par_1_60' title="bbox 1896 3051 3482 3123">
     <span class='ocr_line' id='line_1_60' title="bbox 1896 3051 3482 3123; baseline 0.003 -19"><span class='ocrx_word' id='word_1_444' title='bbox 1896 3064 1982 3104; x_wconf 89' lang='lat' dir='ltr'><strong>me</strong></span> <span class='ocrx_word' id='word_1_445' title='bbox 2018 3051 2199 3119; x_wconf 86' lang='lat' dir='ltr'><strong>putavi</strong></span> <span class='ocrx_word' id='word_1_446' title='bbox 2227 3052 2449 3106; x_wconf 79' lang='lat' dir='ltr'><strong>habere.</strong></span> <span class='ocrx_word' id='word_1_447' title='bbox 2472 3053 2535 3106; x_wconf 83' lang='lat' dir='ltr'><strong>Et</strong></span> <span class='ocrx_word' id='word_1_448' title='bbox 2559 3054 2684 3121; x_wconf 88' lang='lat' dir='ltr'><strong>quia</strong></span> <span class='ocrx_word' id='word_1_449' title='bbox 2718 3068 2827 3107; x_wconf 92' lang='lat' dir='ltr'><strong>non</strong></span> <span class='ocrx_word' id='word_1_450' title='bbox 2871 3056 3115 3123; x_wconf 87' lang='lat' dir='ltr'><strong>peccanti</strong></span> <span class='ocrx_word' id='word_1_451' title='bbox 3146 3054 3276 3109; x_wconf 91' lang='lat' dir='ltr'><strong>mihi</strong></span> <span class='ocrx_word' id='word_1_452' title='bbox 3298 3056 3482 3110; x_wconf 89' lang='lat' dir='ltr'><strong>inimi-</strong></span> 
     </span>
    </p>
   </div>
   <div class='ocr_carea' id='block_1_61' title="bbox 1895 3142 3482 3214">
    <p class='ocr_par' dir='ltr' id='par_1_61' title="bbox 1895 3142 3482 3214">
     <span class='ocr_line' id='line_1_61' title="bbox 1895 3142 3482 3214; baseline 0.003 -17"><span class='ocrx_word' id='word_1_453' title='bbox 1895 3142 1943 3198; x_wconf 91' lang='lat' dir='ltr'><strong>ci</strong></span> <span class='ocrx_word' id='word_1_454' title='bbox 1998 3143 2218 3211; x_wconf 85' lang='lat' dir='ltr'><strong>quidem</strong></span> <span class='ocrx_word' id='word_1_455' title='bbox 2255 3142 2431 3198; x_wconf 84' lang='lat' dir='ltr'><strong>elI‘ecti</strong></span> <span class='ocrx_word' id='word_1_456' title='bbox 2478 3145 2592 3198; x_wconf 72' lang='lat' dir='ltr'><strong>htec</strong></span> <span class='ocrx_word' id='word_1_457' title='bbox 2643 3143 3032 3213; x_wconf 86' lang='lat' dir='ltr'><strong>ingesserunt,</strong></span> <span class='ocrx_word' id='word_1_458' title='bbox 3085 3154 3141 3198; x_wconf 91' lang='lat' dir='ltr'><strong>ut</strong></span> <span class='ocrx_word' id='word_1_459' title='bbox 3185 3154 3240 3199; x_wconf 91' lang='lat' dir='ltr'><strong>et</strong></span> <span class='ocrx_word' id='word_1_460' title='bbox 3282 3160 3482 3214; x_wconf 86' lang='lat' dir='ltr'><strong>pueros</strong></span> 
     </span>
    </p>
   </div>
   <div class='ocr_carea' id='block_1_62' title="bbox 194 3201 3482 3306">
    <p class='ocr_par' dir='ltr' id='par_1_62' title="bbox 194 3201 3482 3306">
     <span class='ocr_line' id='line_1_62' title="bbox 194 3201 3482 3306; baseline 0.001 -19"><span class='ocrx_word' id='word_1_461' title='bbox 194 3247 260 3287; x_wconf 80' lang='lat' dir='ltr'><strong>ex</strong></span> <span class='ocrx_word' id='word_1_462' title='bbox 303 3244 624 3290; x_wconf 89' lang='lat' dir='ltr'><strong>sanctorum</strong></span> <span class='ocrx_word' id='word_1_463' title='bbox 662 3236 846 3291; x_wconf 89' lang='lat' dir='ltr'><strong>choris</strong></span> <span class='ocrx_word' id='word_1_464' title='bbox 876 3244 1097 3305; x_wconf 89' lang='lat' dir='ltr'><strong>propter</strong></span> <span class='ocrx_word' id='word_1_465' title='bbox 1125 3238 1529 3292; x_wconf 86' lang='lat' dir='ltr'><strong>contumaciam</strong></span> <span class='ocrx_word' id='word_1_466' title='bbox 1562 3236 1787 3305; x_wconf 85' lang='lat' dir='ltr'><strong>projecti</strong></span> <span class='ocrx_word' id='word_1_467' title='bbox 1819 3201 1864 3263; x_wconf 65' lang='grc' dir='ltr'>Ο</span> <span class='ocrx_word' id='word_1_468' title='bbox 1895 3234 2233 3298; x_wconf 89' lang='lat' dir='ltr'><strong>occiderent,</strong></span> <span class='ocrx_word' id='word_1_469' title='bbox 2263 3243 2316 3288; x_wconf 94' lang='lat' dir='ltr'><strong>et</strong></span> <span class='ocrx_word' id='word_1_470' title='bbox 2341 3234 2610 3303; x_wconf 87' lang='lat' dir='ltr'><strong>peculium</strong></span> <span class='ocrx_word' id='word_1_471' title='bbox 2643 3235 2976 3303; x_wconf 86' lang='lat' dir='ltr'><strong>abriperent,</strong></span> <span class='ocrx_word' id='word_1_472' title='bbox 3006 3235 3124 3287; x_wconf 89' lang='lat' dir='ltr'><strong>sine</strong></span> <span class='ocrx_word' id='word_1_473' title='bbox 3148 3234 3269 3290; x_wconf 92' lang='lat' dir='ltr'><strong>illos</strong></span> <span class='ocrx_word' id='word_1_474' title='bbox 3302 3238 3482 3306; x_wconf 86' lang='lat' dir='ltr'><strong>possi-</strong></span> 
     </span>
    </p>
   </div>
   <div class='ocr_carea' id='block_1_63' title="bbox 196 3324 1791 3397">
    <p class='ocr_par' dir='ltr' id='par_1_63' title="bbox 196 3324 1791 3397">
     <span class='ocr_line' id='line_1_63' title="bbox 196 3324 1791 3397; baseline 0.001 -19"><span class='ocrx_word' id='word_1_475' title='bbox 196 3335 341 3379; x_wconf 87' lang='lat' dir='ltr'><strong>snnt.</strong></span> <span class='ocrx_word' id='word_1_476' title='bbox 371 3324 450 3379; x_wconf 89' lang='lat' dir='ltr'><strong>illi</strong></span> <span class='ocrx_word' id='word_1_477' title='bbox 493 3326 886 3397; x_wconf 91' lang='lat' dir='ltr'><strong>nimirum,qui</strong></span> <span class='ocrx_word' id='word_1_478' title='bbox 921 3327 1021 3382; x_wconf 91' lang='lat' dir='ltr'><strong>sub</strong></span> <span class='ocrx_word' id='word_1_479' title='bbox 1056 3327 1200 3383; x_wconf 65' lang='lat' dir='ltr'><strong>caelo</strong></span> <span class='ocrx_word' id='word_1_480' title='bbox 1230 3342 1450 3382; x_wconf 80' lang='lat' dir='ltr'><strong>omnem</strong></span> <span class='ocrx_word' id='word_1_481' title='bbox 1505 3328 1791 3397; x_wconf 86' lang='lat' dir='ltr'><strong>captivita-</strong></span> 
     </span>
    </p>
   </div>
   <div class='ocr_carea' id='block_1_64' title="bbox 197 3418 1788 3489">
    <p class='ocr_par' dir='ltr' id='par_1_64' title="bbox 197 3418 1788 3489">
     <span class='ocr_line' id='line_1_64' title="bbox 197 3418 1788 3489; baseline 0.002 -21"><span class='ocrx_word' id='word_1_482' title='bbox 197 3428 303 3471; x_wconf 88' lang='lat' dir='ltr'><strong>tem</strong></span> <span class='ocrx_word' id='word_1_483' title='bbox 324 3418 687 3472; x_wconf 90' lang='lat' dir='ltr'><strong>ostenderunt</strong></span> <span class='ocrx_word' id='word_1_484' title='bbox 736 3429 843 3473; x_wconf 91' lang='lat' dir='ltr'><strong>tam</strong></span> <span class='ocrx_word' id='word_1_485' title='bbox 873 3419 1173 3474; x_wconf 86' lang='lat' dir='ltr'><strong>carnalium</strong></span> <span class='ocrx_word' id='word_1_486' title='bbox 1234 3434 1397 3489; x_wconf 80' lang='lat' dir='ltr'><strong>quant</strong></span> <span class='ocrx_word' id='word_1_487' title='bbox 1441 3419 1788 3487; x_wconf 85' lang='lat' dir='ltr'><strong>spiritalium,</strong></span> 
     </span>
    </p>
   </div>
   <div class='ocr_carea' id='block_1_65' title="bbox 192 3509 1787 3582">
    <p class='ocr_par' dir='ltr' id='par_1_65' title="bbox 192 3509 1787 3582">
     <span class='ocr_line' id='line_1_65' title="bbox 192 3509 1787 3582; baseline 0.001 -21"><span class='ocrx_word' id='word_1_488' title='bbox 192 3509 283 3575; x_wconf 88' lang='lat' dir='ltr'><strong>qui</strong></span> <span class='ocrx_word' id='word_1_489' title='bbox 313 3510 543 3578; x_wconf 64' lang='lat' dir='ltr'><strong>praedati</strong></span> <span class='ocrx_word' id='word_1_490' title='bbox 575 3520 699 3564; x_wconf 92' lang='lat' dir='ltr'><strong>sunt</strong></span> <span class='ocrx_word' id='word_1_491' title='bbox 732 3512 1020 3567; x_wconf 89' lang='lat' dir='ltr'><strong>universos</strong></span> <span class='ocrx_word' id='word_1_492' title='bbox 1047 3513 1138 3582; x_wconf 91' lang='lat' dir='ltr'><strong>qui</strong></span> <span class='ocrx_word' id='word_1_493' title='bbox 1182 3522 1316 3567; x_wconf 90' lang='lat' dir='ltr'><strong>sunt</strong></span> <span class='ocrx_word' id='word_1_494' title='bbox 1363 3526 1526 3581; x_wconf 88' lang='lat' dir='ltr'><strong>super</strong></span> <span class='ocrx_word' id='word_1_495' title='bbox 1561 3520 1787 3576; x_wconf 91' lang='lat' dir='ltr'><strong>terram,</strong></span> 
     </span>
    </p>
   </div>
   <div class='ocr_carea' id='block_1_66' title="bbox 194 3602 1787 3674">
    <p class='ocr_par' dir='ltr' id='par_1_66' title="bbox 194 3602 1787 3674">
     <span class='ocr_line' id='line_1_66' title="bbox 194 3602 1787 3674; baseline 0.002 -22"><span class='ocrx_word' id='word_1_496' title='bbox 194 3602 485 3656; x_wconf 77' lang='lat' dir='ltr'><strong>tnanifeste</strong></span> <span class='ocrx_word' id='word_1_497' title='bbox 506 3612 560 3657; x_wconf 89' lang='lat' dir='ltr'><strong>et</strong></span> <span class='ocrx_word' id='word_1_498' title='bbox 582 3605 815 3659; x_wconf 83' lang='lat' dir='ltr'><strong>occulte.</strong></span> <span class='ocrx_word' id='word_1_499' title='bbox 846 3605 919 3658; x_wconf 88' lang='lat' dir='ltr'><strong>De</strong></span> <span class='ocrx_word' id='word_1_500' title='bbox 971 3620 1201 3673; x_wconf 91' lang='lat' dir='ltr'><strong>quorum</strong></span> <span class='ocrx_word' id='word_1_501' title='bbox 1256 3605 1569 3674; x_wconf 91' lang='lat' dir='ltr'><strong>captivitate</strong></span> <span class='ocrx_word' id='word_1_502' title='bbox 1600 3604 1787 3657; x_wconf 91' lang='lat' dir='ltr'><strong>dicunt</strong></span> 
     </span>
    </p>
   </div>
   <div class='ocr_carea' id='block_1_67' title="bbox 191 3693 1787 3762">
    <p class='ocr_par' dir='ltr' id='par_1_67' title="bbox 191 3693 1787 3762">
     <span class='ocr_line' id='line_1_67' title="bbox 191 3693 1787 3762; baseline 0.001 -17"><span class='ocrx_word' id='word_1_503' title='bbox 191 3693 367 3747; x_wconf 85' lang='lat' dir='ltr'><strong>sancti</strong></span> <span class='ocrx_word' id='word_1_504' title='bbox 404 3712 419 3749; x_wconf 87' lang='lat'><strong>:</strong></span> <span class='ocrx_word' id='word_1_505' title='bbox 456 3693 807 3759; x_wconf 71' lang='lat' dir='ltr'><strong>Benedixisti,</strong></span> <span class='ocrx_word' id='word_1_506' title='bbox 838 3696 1082 3762; x_wconf 81' lang='lat' dir='ltr'><strong>Domine,</strong></span> <span class='ocrx_word' id='word_1_507' title='bbox 1111 3706 1305 3750; x_wconf 89' lang='lat' dir='ltr'><strong>terram</strong></span> <span class='ocrx_word' id='word_1_508' title='bbox 1352 3704 1519 3760; x_wconf 89' lang='lat' dir='ltr'><strong>tuam,</strong></span> <span class='ocrx_word' id='word_1_509' title='bbox 1550 3694 1787 3751; x_wconf 86' lang='lat' dir='ltr'><strong>avertisti</strong></span> 
     </span>
    </p>
   </div>
   <div class='ocr_carea' id='block_1_68' title="bbox 188 3785 1790 3854">
    <p class='ocr_par' dir='ltr' id='par_1_68' title="bbox 188 3785 1790 3854">
     <span class='ocr_line' id='line_1_68' title="bbox 188 3785 1790 3854; baseline 0.006 -17"><span class='ocrx_word' id='word_1_510' title='bbox 188 3787 551 3854; x_wconf 75' lang='lat' dir='ltr'><strong>captivitatem</strong></span> <span class='ocrx_word' id='word_1_511' title='bbox 578 3785 747 3840; x_wconf 77' lang='lat' dir='ltr'><strong>Iacob</strong></span> <span class='ocrx_word' id='word_1_512' title='bbox 773 3788 836 3841; x_wconf 71' lang='grc' dir='ltr'><strong>η.</strong></span> <span class='ocrx_word' id='word_1_513' title='bbox 864 3786 930 3841; x_wconf 87' lang='grc' dir='ltr'><strong>Ει</strong></span> <span class='ocrx_word' id='word_1_514' title='bbox 961 3787 1089 3841; x_wconf 88' lang='lat' dir='ltr'><strong>alibi</strong></span> <span class='ocrx_word' id='word_1_515' title='bbox 1122 3805 1134 3840; x_wconf 94' lang='lat'><strong>:</strong></span> <span class='ocrx_word' id='word_1_516' title='bbox 1164 3786 1299 3842; x_wconf 86' lang='lat' dir='ltr'><strong>Cum</strong></span> <span class='ocrx_word' id='word_1_517' title='bbox 1327 3790 1639 3842; x_wconf 86' lang='lat' dir='ltr'><strong>converterit</strong></span> <span class='ocrx_word' id='word_1_518' title='bbox 1679 3789 1790 3847; x_wconf 86' lang='lat' dir='ltr'><strong>Do-</strong></span> 
     </span>
    </p>
   </div>
   <div class='ocr_carea' id='block_1_69' title="bbox 188 3881 1785 3949">
    <p class='ocr_par' dir='ltr' id='par_1_69' title="bbox 188 3881 1785 3949">
     <span class='ocr_line' id='line_1_69' title="bbox 188 3881 1785 3949; baseline 0.006 -20"><span class='ocrx_word' id='word_1_519' title='bbox 188 3881 365 3931; x_wconf 83' lang='lat' dir='ltr'><strong>minus</strong></span> <span class='ocrx_word' id='word_1_520' title='bbox 395 3881 752 3948; x_wconf 83' lang='lat' dir='ltr'><strong>captivitatem</strong></span> <span class='ocrx_word' id='word_1_521' title='bbox 804 3882 967 3949; x_wconf 84' lang='lat' dir='ltr'><strong>plebis</strong></span> <span class='ocrx_word' id='word_1_522' title='bbox 1002 3897 1133 3947; x_wconf 66' lang='lat' dir='ltr'><strong>sum,</strong></span> <span class='ocrx_word' id='word_1_523' title='bbox 1184 3881 1467 3936; x_wconf 76' lang='lat' dir='ltr'><strong>exsultabit</strong></span> <span class='ocrx_word' id='word_1_524' title='bbox 1511 3882 1679 3937; x_wconf 84' lang='lat' dir='ltr'><strong>Jacob</strong></span> <span class='ocrx_word' id='word_1_525' title='bbox 1737 3893 1785 3939; x_wconf 92' lang='lat' dir='ltr'><strong>et</strong></span> 
     </span>
    </p>
   </div>
   <div class='ocr_carea' id='block_1_70' title="bbox 186 3970 1784 4042">
    <p class='ocr_par' dir='ltr' id='par_1_70' title="bbox 186 3970 1784 4042">
     <span class='ocr_line' id='line_1_70' title="bbox 186 3970 1784 4042; baseline 0.008 -22"><span class='ocrx_word' id='word_1_526' title='bbox 186 3971 463 4024; x_wconf 61' lang='lat' dir='ltr'><strong>[relabitur</strong></span> <span class='ocrx_word' id='word_1_527' title='bbox 494 3970 669 4025; x_wconf 83' lang='lat' dir='ltr'><strong>Israel</strong></span> <span class='ocrx_word' id='word_1_528' title='bbox 700 3974 762 4026; x_wconf 73' lang='grc'><strong>³³.</strong></span> <span class='ocrx_word' id='word_1_529' title='bbox 801 3971 890 4028; x_wconf 91' lang='lat' dir='ltr'><strong>Isti</strong></span> <span class='ocrx_word' id='word_1_530' title='bbox 926 3976 1135 4029; x_wconf 88' lang='lat' dir='ltr'><strong>scilicet</strong></span> <span class='ocrx_word' id='word_1_531' title='bbox 1167 3975 1473 4042; x_wconf 71' lang='lat' dir='ltr'><strong>praedones,</strong></span> <span class='ocrx_word' id='word_1_532' title='bbox 1523 3976 1614 4030; x_wconf 89' lang='lat' dir='ltr'><strong>isti</strong></span> <span class='ocrx_word' id='word_1_533' title='bbox 1669 3993 1784 4032; x_wconf 91' lang='lat' dir='ltr'><strong>me—</strong></span> 
     </span>
    </p>
   </div>
   <div class='ocr_carea' id='block_1_71' title="bbox 186 4062 1787 4136">
    <p class='ocr_par' dir='ltr' id='par_1_71' title="bbox 186 4062 1787 4136">
     <span class='ocr_line' id='line_1_71' title="bbox 186 4062 1787 4136; baseline 0.006 -21"><span class='ocrx_word' id='word_1_534' title='bbox 186 4072 501 4115; x_wconf 87' lang='lat' dir='ltr'><strong>morantur.</strong></span> <span class='ocrx_word' id='word_1_535' title='bbox 541 4062 831 4131; x_wconf 85' lang='lat' dir='ltr'><strong>Venerunt,</strong></span> <span class='ocrx_word' id='word_1_536' title='bbox 861 4067 1059 4136; x_wconf 86' lang='lat' dir='ltr'><strong>inquit,</strong></span> <span class='ocrx_word' id='word_1_537' title='bbox 1094 4067 1389 4134; x_wconf 76' lang='lat' dir='ltr'><strong>pra&#39;dones.</strong></span> <span class='ocrx_word' id='word_1_538' title='bbox 1436 4066 1595 4122; x_wconf 82' lang='lat' dir='ltr'><strong>Unde</strong></span> <span class='ocrx_word' id='word_1_539' title='bbox 1629 4084 1787 4124; x_wconf 89' lang='lat' dir='ltr'><strong>vene-</strong></span> 
     </span>
    </p>
   </div>
   <div class='ocr_carea' id='block_1_72' title="bbox 187 4156 1784 4225">
    <p class='ocr_par' dir='ltr' id='par_1_72' title="bbox 187 4156 1784 4225">
     <span class='ocr_line' id='line_1_72' title="bbox 187 4156 1784 4225; baseline 0.006 -19"><span class='ocrx_word' id='word_1_540' title='bbox 187 4156 361 4209; x_wconf 84' lang='lat' dir='ltr'><strong>runt?</strong></span> <span class='ocrx_word' id='word_1_541' title='bbox 395 4156 470 4209; x_wconf 76' lang='lat' dir='ltr'><strong>Ex</strong></span> <span class='ocrx_word' id='word_1_542' title='bbox 494 4171 552 4209; x_wconf 91' lang='lat' dir='ltr'><strong>se</strong></span> <span class='ocrx_word' id='word_1_543' title='bbox 586 4157 738 4225; x_wconf 89' lang='lat' dir='ltr'><strong>ipsis,</strong></span> <span class='ocrx_word' id='word_1_544' title='bbox 781 4173 846 4209; x_wconf 92' lang='lat' dir='ltr'><strong>an</strong></span> <span class='ocrx_word' id='word_1_545' title='bbox 903 4174 966 4211; x_wconf 83' lang='lat' dir='ltr'><strong>ex</strong></span> <span class='ocrx_word' id='word_1_546' title='bbox 1023 4156 1318 4220; x_wconf 67' lang='lat' dir='ltr'><strong>Chaldaeis,</strong></span> <span class='ocrx_word' id='word_1_547' title='bbox 1376 4174 1443 4212; x_wconf 93' lang='lat' dir='ltr'><strong>an</strong></span> <span class='ocrx_word' id='word_1_548' title='bbox 1491 4159 1656 4212; x_wconf 85' lang='lat' dir='ltr'><strong>etiam</strong></span> <span class='ocrx_word' id='word_1_549' title='bbox 1717 4175 1784 4215; x_wconf 79' lang='lat' dir='ltr'><strong>ex</strong></span> 
     </span>
    </p>
   </div>
   <div class='ocr_carea' id='block_1_73' title="bbox 184 4246 1783 4318">
    <p class='ocr_par' dir='ltr' id='par_1_73' title="bbox 184 4246 1783 4318">
     <span class='ocr_line' id='line_1_73' title="bbox 184 4246 1783 4318; baseline 0.004 -17"><span class='ocrx_word' id='word_1_550' title='bbox 184 4246 512 4318; x_wconf 70' lang='lat' dir='ltr'><strong>Egyptiis?</strong></span> <span class='ocrx_word' id='word_1_551' title='bbox 539 4248 643 4304; x_wconf 90' lang='lat' dir='ltr'><strong>Sed</strong></span> <span class='ocrx_word' id='word_1_552' title='bbox 684 4264 748 4303; x_wconf 78' lang='lat' dir='ltr'><strong>ex</strong></span> <span class='ocrx_word' id='word_1_553' title='bbox 786 4250 947 4304; x_wconf 90' lang='lat' dir='ltr'><strong>nullis</strong></span> <span class='ocrx_word' id='word_1_554' title='bbox 982 4252 1213 4308; x_wconf 88' lang='lat' dir='ltr'><strong>istorum</strong></span> <span class='ocrx_word' id='word_1_555' title='bbox 1269 4260 1559 4311; x_wconf 86' lang='lat' dir='ltr'><strong>venerunt.</strong></span> <span class='ocrx_word' id='word_1_556' title='bbox 1593 4252 1686 4307; x_wconf 89' lang='lat' dir='ltr'><strong>sed</strong></span> <span class='ocrx_word' id='word_1_557' title='bbox 1714 4269 1783 4308; x_wconf 80' lang='lat' dir='ltr'><strong>ex</strong></span> 
     </span>
    </p>
   </div>
   <div class='ocr_carea' id='block_1_74' title="bbox 183 4342 1784 4411">
    <p class='ocr_par' dir='ltr' id='par_1_74' title="bbox 183 4342 1784 4411">
     <span class='ocr_line' id='line_1_74' title="bbox 183 4342 1784 4411; baseline 0.005 -19"><span class='ocrx_word' id='word_1_558' title='bbox 183 4342 403 4411; x_wconf 81' lang='lat' dir='ltr'><strong>abyssis</strong></span> <span class='ocrx_word' id='word_1_559' title='bbox 436 4350 736 4404; x_wconf 87' lang='lat' dir='ltr'><strong>venerunt,</strong></span> <span class='ocrx_word' id='word_1_560' title='bbox 772 4358 836 4395; x_wconf 79' lang='lat' dir='ltr'><strong>ex</strong></span> <span class='ocrx_word' id='word_1_561' title='bbox 863 4343 1215 4400; x_wconf 91' lang='lat' dir='ltr'><strong>interioribus</strong></span> <span class='ocrx_word' id='word_1_562' title='bbox 1250 4344 1586 4399; x_wconf 83' lang='lat' dir='ltr'><strong>infernorum</strong></span> <span class='ocrx_word' id='word_1_563' title='bbox 1621 4360 1784 4400; x_wconf 87' lang='lat' dir='ltr'><strong>vene-</strong></span> 
     </span>
    </p>
   </div>
   <div class='ocr_carea' id='block_1_75' title="bbox 184 4434 1781 4504">
    <p class='ocr_par' dir='ltr' id='par_1_75' title="bbox 184 4434 1781 4504">
     <span class='ocr_line' id='line_1_75' title="bbox 184 4434 1781 4504; baseline 0.003 -17"><span class='ocrx_word' id='word_1_564' title='bbox 184 4444 341 4498; x_wconf 92' lang='lat' dir='ltr'><strong>runt,</strong></span> <span class='ocrx_word' id='word_1_565' title='bbox 365 4436 513 4489; x_wconf 89' lang='lat' dir='ltr'><strong>sicut</strong></span> <span class='ocrx_word' id='word_1_566' title='bbox 559 4434 718 4504; x_wconf 89' lang='lat' dir='ltr'><strong>paulo</strong></span> <span class='ocrx_word' id='word_1_567' title='bbox 755 4445 877 4504; x_wconf 88' lang='lat' dir='ltr'><strong>post</strong></span> <span class='ocrx_word' id='word_1_568' title='bbox 928 4436 1394 4493; x_wconf 89' lang='lat' dir='ltr'><strong>demonstrabitur</strong></span> <span class='ocrx_word' id='word_1_569' title='bbox 1446 4439 1498 4493; x_wconf 92' lang='lat' dir='ltr'><strong>in</strong></span> <span class='ocrx_word' id='word_1_570' title='bbox 1548 4437 1781 4493; x_wconf 90' lang='lat' dir='ltr'><strong>liliorum</strong></span> 
     </span>
    </p>
   </div>
   <div class='ocr_carea' id='block_1_76' title="bbox 1895 3325 3476 3396">
    <p class='ocr_par' dir='ltr' id='par_1_76' title="bbox 1895 3325 3476 3396">
     <span class='ocr_line' id='line_1_76' title="bbox 1895 3325 3476 3396; baseline 0.002 -17"><span class='ocrx_word' id='word_1_571' title='bbox 1895 3325 2025 3379; x_wconf 91' lang='lat' dir='ltr'><strong>dere</strong></span> <span class='ocrx_word' id='word_1_572' title='bbox 2052 3325 2167 3379; x_wconf 71' lang='lat' dir='ltr'><strong>hzec</strong></span> <span class='ocrx_word' id='word_1_573' title='bbox 2199 3341 2321 3379; x_wconf 89' lang='lat' dir='ltr'><strong>cum</strong></span> <span class='ocrx_word' id='word_1_574' title='bbox 2348 3327 2649 3396; x_wconf 85' lang='lat' dir='ltr'><strong>iniquitate,</strong></span> <span class='ocrx_word' id='word_1_575' title='bbox 2682 3327 2838 3381; x_wconf 79' lang='lat' dir='ltr'><strong>nobis</strong></span> <span class='ocrx_word' id='word_1_576' title='bbox 2868 3342 2999 3381; x_wconf 91' lang='lat' dir='ltr'><strong>vero</strong></span> <span class='ocrx_word' id='word_1_577' title='bbox 3022 3328 3172 3382; x_wconf 86' lang='lat' dir='ltr'><strong>dabit</strong></span> <span class='ocrx_word' id='word_1_578' title='bbox 3204 3328 3345 3384; x_wconf 82' lang='lat' dir='ltr'><strong>Dens</strong></span> <span class='ocrx_word' id='word_1_579' title='bbox 3371 3328 3476 3382; x_wconf 88' lang='lat' dir='ltr'><strong>alia</strong></span> 
     </span>
    </p>
   </div>
   <div class='ocr_carea' id='block_1_77' title="bbox 1893 3416 3481 3490">
    <p class='ocr_par' dir='ltr' id='par_1_77' title="bbox 1893 3416 3481 3490">
     <span class='ocr_line' id='line_1_77' title="bbox 1893 3416 3481 3490; baseline 0.002 -17"><span class='ocrx_word' id='word_1_580' title='bbox 1893 3416 2011 3473; x_wconf 88' lang='lat' dir='ltr'><strong>sine</strong></span> <span class='ocrx_word' id='word_1_581' title='bbox 2060 3426 2305 3487; x_wconf 91' lang='lat' dir='ltr'><strong>peccato.</strong></span> <span class='ocrx_word' id='word_1_582' title='bbox 2350 3419 2455 3473; x_wconf 84' lang='lat' dir='ltr'><strong>Sed</strong></span> <span class='ocrx_word' id='word_1_583' title='bbox 2504 3434 2625 3474; x_wconf 91' lang='lat' dir='ltr'><strong>cum</strong></span> <span class='ocrx_word' id='word_1_584' title='bbox 2680 3419 2794 3473; x_wconf 65' lang='lat' dir='ltr'><strong>haec</strong></span> <span class='ocrx_word' id='word_1_585' title='bbox 2843 3419 3053 3473; x_wconf 90' lang='lat' dir='ltr'><strong>audiret</strong></span> <span class='ocrx_word' id='word_1_586' title='bbox 3112 3419 3481 3490; x_wconf 79' lang='lat' dir='ltr'><strong>nequissimus</strong></span> 
     </span>
    </p>
   </div>
   <div class='ocr_carea' id='block_1_78' title="bbox 1893 3508 3481 3578">
    <p class='ocr_par' dir='ltr' id='par_1_78' title="bbox 1893 3508 3481 3578">
     <span class='ocr_line' id='line_1_78' title="bbox 1893 3508 3481 3578; baseline 0.002 -16"><span class='ocrx_word' id='word_1_587' title='bbox 1893 3508 2138 3564; x_wconf 88' lang='lat' dir='ltr'><strong>diabolus</strong></span> <span class='ocrx_word' id='word_1_588' title='bbox 2166 3525 2195 3563; x_wconf 92' lang='lat' dir='ltr'><strong>a</strong></span> <span class='ocrx_word' id='word_1_589' title='bbox 2226 3511 2385 3565; x_wconf 85' lang='lat' dir='ltr'><strong>beato</strong></span> <span class='ocrx_word' id='word_1_590' title='bbox 2405 3510 2530 3576; x_wconf 85' lang='lat' dir='ltr'><strong>Job,</strong></span> <span class='ocrx_word' id='word_1_591' title='bbox 2560 3521 2614 3565; x_wconf 88' lang='lat' dir='ltr'><strong>et</strong></span> <span class='ocrx_word' id='word_1_592' title='bbox 2647 3526 2741 3564; x_wconf 91' lang='lat' dir='ltr'><strong>ore</strong></span> <span class='ocrx_word' id='word_1_593' title='bbox 2784 3512 2950 3578; x_wconf 91' lang='lat' dir='ltr'><strong>dicta,</strong></span> <span class='ocrx_word' id='word_1_594' title='bbox 2983 3522 3039 3567; x_wconf 86' lang='lat' dir='ltr'><strong>et</strong></span> <span class='ocrx_word' id='word_1_595' title='bbox 3079 3512 3265 3567; x_wconf 91' lang='lat' dir='ltr'><strong>animo</strong></span> <span class='ocrx_word' id='word_1_596' title='bbox 3309 3511 3481 3567; x_wconf 88' lang='lat' dir='ltr'><strong>medi-</strong></span> 
     </span>
    </p>
   </div>
   <div class='ocr_carea' id='block_1_79' title="bbox 1894 3601 3481 3674">
    <p class='ocr_par' dir='ltr' id='par_1_79' title="bbox 1894 3601 3481 3674">
     <span class='ocr_line' id='line_1_79' title="bbox 1894 3601 3481 3674; baseline 0.004 -20"><span class='ocrx_word' id='word_1_597' title='bbox 1894 3608 2026 3665; x_wconf 88' lang='lat' dir='ltr'><strong>tata,</strong></span> <span class='ocrx_word' id='word_1_598' title='bbox 2063 3601 2388 3670; x_wconf 77' lang='lat' dir='ltr'><strong>liquefactus</strong></span> <span class='ocrx_word' id='word_1_599' title='bbox 2419 3602 2559 3656; x_wconf 90' lang='lat' dir='ltr'><strong>intra</strong></span> <span class='ocrx_word' id='word_1_600' title='bbox 2591 3605 2963 3673; x_wconf 87' lang='lat' dir='ltr'><strong>semetipsum,</strong></span> <span class='ocrx_word' id='word_1_601' title='bbox 3018 3603 3355 3674; x_wconf 89' lang='lat' dir='ltr'><strong>insipienter,</strong></span> <span class='ocrx_word' id='word_1_602' title='bbox 3393 3606 3481 3661; x_wconf 84' lang='lat' dir='ltr'><strong>in-</strong></span> 
     </span>
    </p>
   </div>
   <div class='ocr_carea' id='block_1_80' title="bbox 1889 3692 3479 3773">
    <p class='ocr_par' dir='ltr' id='par_1_80' title="bbox 1889 3692 3479 3773">
     <span class='ocr_line' id='line_1_80' title="bbox 1889 3692 3479 3773; baseline 0.004 -28"><span class='ocrx_word' id='word_1_603' title='bbox 1889 3692 2153 3763; x_wconf 83' lang='lat' dir='ltr'><strong>quit,l&#39;eci</strong></span> <span class='ocrx_word' id='word_1_604' title='bbox 2185 3706 2244 3749; x_wconf 92' lang='lat' dir='ltr'><strong>ut</strong></span> <span class='ocrx_word' id='word_1_605' title='bbox 2293 3696 2573 3766; x_wconf 60' lang='lat' dir='ltr'><strong>praedones</strong></span> <span class='ocrx_word' id='word_1_606' title='bbox 2622 3696 2983 3759; x_wconf 89' lang='lat' dir='ltr'><strong>nominarem,</strong></span> <span class='ocrx_word' id='word_1_607' title='bbox 3034 3696 3236 3773; x_wconf 86' lang='lat' dir='ltr'><strong>abstuli</strong></span> <span class='ocrx_word' id='word_1_608' title='bbox 3286 3713 3316 3750; x_wconf 91' lang='lat' dir='ltr'><strong>a</strong></span> <span class='ocrx_word' id='word_1_609' title='bbox 3364 3695 3479 3756; x_wconf 89' lang='lat' dir='ltr'><strong>Deo</strong></span> 
     </span>
    </p>
   </div>
   <div class='ocr_carea' id='block_1_81' title="bbox 1890 3787 3479 3859">
    <p class='ocr_par' dir='ltr' id='par_1_81' title="bbox 1890 3787 3479 3859">
     <span class='ocr_line' id='line_1_81' title="bbox 1890 3787 3479 3859; baseline 0.005 -19"><span class='ocrx_word' id='word_1_610' title='bbox 1890 3787 2030 3842; x_wconf 90' lang='lat' dir='ltr'><strong>hanc</strong></span> <span class='ocrx_word' id='word_1_611' title='bbox 2051 3787 2408 3858; x_wconf 82' lang='lat' dir='ltr'><strong>culpam.Non</strong></span> <span class='ocrx_word' id='word_1_612' title='bbox 2432 3788 2577 3843; x_wconf 90' lang='lat' dir='ltr'><strong>enim</strong></span> <span class='ocrx_word' id='word_1_613' title='bbox 2606 3788 2833 3858; x_wconf 91' lang='lat' dir='ltr'><strong>imputat</strong></span> <span class='ocrx_word' id='word_1_614' title='bbox 2852 3789 2958 3841; x_wconf 89' lang='lat' dir='ltr'><strong>Deo</strong></span> <span class='ocrx_word' id='word_1_615' title='bbox 2984 3787 3085 3843; x_wconf 84' lang='lat' dir='ltr'><strong>Job</strong></span> <span class='ocrx_word' id='word_1_616' title='bbox 3102 3789 3243 3859; x_wconf 90' lang='lat' dir='ltr'><strong>quod</strong></span> <span class='ocrx_word' id='word_1_617' title='bbox 3262 3800 3479 3859; x_wconf 87' lang='lat' dir='ltr'><strong>gestum</strong></span> 
     </span>
    </p>
   </div>
   <div class='ocr_carea' id='block_1_82' title="bbox 1888 3880 3473 3952">
    <p class='ocr_par' dir='ltr' id='par_1_82' title="bbox 1888 3880 3473 3952">
     <span class='ocr_line' id='line_1_82' title="bbox 1888 3880 3473 3952; baseline 0.003 -21"><span class='ocrx_word' id='word_1_618' title='bbox 1888 3889 1994 3943; x_wconf 90' lang='lat' dir='ltr'><strong>est,</strong></span> <span class='ocrx_word' id='word_1_619' title='bbox 2030 3881 2124 3934; x_wconf 89' lang='lat' dir='ltr'><strong>sed</strong></span> <span class='ocrx_word' id='word_1_620' title='bbox 2162 3880 2470 3952; x_wconf 90' lang='lat' dir='ltr'><strong>iniquorum</strong></span> <span class='ocrx_word' id='word_1_621' title='bbox 2508 3880 2749 3935; x_wconf 89' lang='lat' dir='ltr'><strong>virorum</strong></span> <span class='ocrx_word' id='word_1_622' title='bbox 2792 3881 3065 3947; x_wconf 67' lang='lat' dir='ltr'><strong>nequitia).</strong></span> <span class='ocrx_word' id='word_1_623' title='bbox 3097 3882 3233 3951; x_wconf 82' lang='lat' dir='ltr'><strong>Ego,</strong></span> <span class='ocrx_word' id='word_1_624' title='bbox 3271 3882 3473 3951; x_wconf 86' lang='lat' dir='ltr'><strong>inquit,</strong></span> 
     </span>
    </p>
   </div>
   <div class='ocr_carea' id='block_1_83' title="bbox 1889 3972 3471 4043">
    <p class='ocr_par' dir='ltr' id='par_1_83' title="bbox 1889 3972 3471 4043">
     <span class='ocr_line' id='line_1_83' title="bbox 1889 3972 3471 4043; baseline 0.002 -18"><span class='ocrx_word' id='word_1_625' title='bbox 1889 3973 2152 4041; x_wconf 90' lang='lat' dir='ltr'><strong>meipsum</strong></span> <span class='ocrx_word' id='word_1_626' title='bbox 2182 3972 2539 4035; x_wconf 77' lang='lat' dir='ltr'><strong>cireuinveni,</strong></span> <span class='ocrx_word' id='word_1_627' title='bbox 2571 3987 2672 4041; x_wconf 86' lang='lat' dir='ltr'><strong>ego</strong></span> <span class='ocrx_word' id='word_1_628' title='bbox 2698 3974 2829 4027; x_wconf 89' lang='lat' dir='ltr'><strong>mihi</strong></span> <span class='ocrx_word' id='word_1_629' title='bbox 2862 3973 2963 4043; x_wconf 89' lang='lat' dir='ltr'><strong>ipsi</strong></span> <span class='ocrx_word' id='word_1_630' title='bbox 3000 3976 3279 4027; x_wconf 79' lang='lat' dir='ltr'><strong>contraria</strong></span> <span class='ocrx_word' id='word_1_631' title='bbox 3303 3974 3471 4043; x_wconf 90' lang='lat' dir='ltr'><strong>gessi.</strong></span> 
     </span>
    </p>
   </div>
   <div class='ocr_carea' id='block_1_84' title="bbox 1888 4062 3476 4132">
    <p class='ocr_par' dir='ltr' id='par_1_84' title="bbox 1888 4062 3476 4132">
     <span class='ocr_line' id='line_1_84' title="bbox 1888 4062 3476 4132; baseline 0.001 -15"><span class='ocrx_word' id='word_1_632' title='bbox 1888 4062 2091 4119; x_wconf 91' lang='lat' dir='ltr'><strong>Idcirco</strong></span> <span class='ocrx_word' id='word_1_633' title='bbox 2121 4063 2463 4118; x_wconf 85' lang='lat' dir='ltr'><strong>consideravi</strong></span> <span class='ocrx_word' id='word_1_634' title='bbox 2506 4063 2633 4132; x_wconf 88' lang='lat' dir='ltr'><strong>quid</strong></span> <span class='ocrx_word' id='word_1_635' title='bbox 2682 4063 2899 4129; x_wconf 80' lang='lat' dir='ltr'><strong>faciam,</strong></span> <span class='ocrx_word' id='word_1_636' title='bbox 2962 4073 3275 4117; x_wconf 86' lang='lat' dir='ltr'><strong>c0nvertam</strong></span> <span class='ocrx_word' id='word_1_637' title='bbox 3331 4077 3476 4120; x_wconf 90' lang='lat' dir='ltr'><strong>nune</strong></span> 
     </span>
    </p>
   </div>
   <div class='ocr_carea' id='block_1_85' title="bbox 1886 4154 3475 4219">
    <p class='ocr_par' dir='ltr' id='par_1_85' title="bbox 1886 4154 3475 4219">
     <span class='ocr_line' id='line_1_85' title="bbox 1886 4154 3475 4219; baseline 0.001 -12"><span class='ocrx_word' id='word_1_638' title='bbox 1886 4169 2193 4209; x_wconf 82' lang='lat' dir='ltr'><strong>sermonem</strong></span> <span class='ocrx_word' id='word_1_639' title='bbox 2225 4156 2292 4208; x_wconf 81' lang='lat' dir='ltr'><strong>ad</strong></span> <span class='ocrx_word' id='word_1_640' title='bbox 2321 4154 2585 4219; x_wconf 64' lang='lat' dir='ltr'><strong>caelestia,</strong></span> <span class='ocrx_word' id='word_1_641' title='bbox 2616 4166 2929 4209; x_wconf 90' lang='lat' dir='ltr'><strong>convertam</strong></span> <span class='ocrx_word' id='word_1_642' title='bbox 2972 4155 3083 4208; x_wconf 74' lang='lat' dir='ltr'><strong>hmc</strong></span> <span class='ocrx_word' id='word_1_643' title='bbox 3111 4155 3162 4207; x_wconf 92' lang='lat' dir='ltr'><strong>in</strong></span> <span class='ocrx_word' id='word_1_644' title='bbox 3209 4155 3299 4209; x_wconf 88' lang='lat' dir='ltr'><strong>Dei</strong></span> <span class='ocrx_word' id='word_1_645' title='bbox 3333 4155 3475 4209; x_wconf 79' lang='lat' dir='ltr'><strong>blas-</strong></span> 
     </span>
    </p>
   </div>
   <div class='ocr_carea' id='block_1_86' title="bbox 1885 4245 3473 4317">
    <p class='ocr_par' dir='ltr' id='par_1_86' title="bbox 1885 4245 3473 4317">
     <span class='ocr_line' id='line_1_86' title="bbox 1885 4245 3473 4317; baseline 0.001 -16"><span class='ocrx_word' id='word_1_646' title='bbox 1885 4248 2178 4317; x_wconf 87' lang='lat' dir='ltr'><strong>phemiam.</strong></span> <span class='ocrx_word' id='word_1_647' title='bbox 2242 4245 2366 4300; x_wconf 77' lang='lat' dir='ltr'><strong>llzec</strong></span> <span class='ocrx_word' id='word_1_648' title='bbox 2408 4262 2529 4301; x_wconf 92' lang='lat' dir='ltr'><strong>cum</strong></span> <span class='ocrx_word' id='word_1_649' title='bbox 2562 4247 2924 4316; x_wconf 78' lang='lat' dir='ltr'><strong>nequissimus</strong></span> <span class='ocrx_word' id='word_1_650' title='bbox 2954 4249 3175 4315; x_wconf 88' lang='lat' dir='ltr'><strong>cogitat.</strong></span> <span class='ocrx_word' id='word_1_651' title='bbox 3210 4246 3473 4302; x_wconf 86' lang='lat' dir='ltr'><strong>continuo</strong></span> 
     </span>
    </p>
   </div>
   <div class='ocr_carea' id='block_1_87' title="bbox 1884 4338 3472 4408">
    <p class='ocr_par' dir='ltr' id='par_1_87' title="bbox 1884 4338 3472 4408">
     <span class='ocr_line' id='line_1_87' title="bbox 1884 4338 3472 4408; baseline 0.001 -15"><span class='ocrx_word' id='word_1_652' title='bbox 1884 4340 2049 4394; x_wconf 90' lang='lat' dir='ltr'><strong>alium</strong></span> <span class='ocrx_word' id='word_1_653' title='bbox 2082 4339 2331 4394; x_wconf 91' lang='lat' dir='ltr'><strong>nuntium</strong></span> <span class='ocrx_word' id='word_1_654' title='bbox 2375 4340 2543 4394; x_wconf 88' lang='lat' dir='ltr'><strong>mittit</strong></span> <span class='ocrx_word' id='word_1_655' title='bbox 2568 4342 2632 4393; x_wconf 90' lang='lat' dir='ltr'><strong>ad</strong></span> <span class='ocrx_word' id='word_1_656' title='bbox 2667 4338 2809 4393; x_wconf 83' lang='lat' dir='ltr'><strong>Job:</strong></span> <span class='ocrx_word' id='word_1_657' title='bbox 2846 4338 2951 4405; x_wconf 85' lang='lat' dir='ltr'><strong>Qui</strong></span> <span class='ocrx_word' id='word_1_658' title='bbox 3003 4356 3121 4392; x_wconf 85' lang='lat' dir='ltr'><strong>cum</strong></span> <span class='ocrx_word' id='word_1_659' title='bbox 3168 4340 3472 4408; x_wconf 82' lang='lat' dir='ltr'><strong>ingredere-</strong></span> 
     </span>
    </p>
   </div>
   <div class='ocr_carea' id='block_1_88' title="bbox 1883 4430 3467 4501">
    <p class='ocr_par' dir='ltr' id='par_1_88' title="bbox 1883 4430 3467 4501">
     <span class='ocr_line' id='line_1_88' title="bbox 1883 4430 3467 4501; baseline -0.001 -16"><span class='ocrx_word' id='word_1_660' title='bbox 1883 4442 1990 4497; x_wconf 86' lang='lat' dir='ltr'><strong>tur,</strong></span> <span class='ocrx_word' id='word_1_661' title='bbox 2021 4432 2155 4485; x_wconf 76' lang='lat' dir='ltr'><strong>dixit</strong></span> <span class='ocrx_word' id='word_1_662' title='bbox 2181 4432 2230 4484; x_wconf 91' lang='lat' dir='ltr'><strong>ei</strong></span> <span class='ocrx_word' id='word_1_663' title='bbox 2252 4446 2271 4485; x_wconf 92' lang='lat'><strong><em>:</em></strong></span> <span class='ocrx_word' id='word_1_664' title='bbox 2296 4430 2444 4501; x_wconf 86' lang='lat' dir='ltr'><strong>Ignis</strong></span> <span class='ocrx_word' id='word_1_665' title='bbox 2470 4433 2655 4485; x_wconf 83' lang='lat' dir='ltr'><strong>cecidit</strong></span> <span class='ocrx_word' id='word_1_666' title='bbox 2686 4432 2748 4485; x_wconf 86' lang='lat' dir='ltr'><strong>de</strong></span> <span class='ocrx_word' id='word_1_667' title='bbox 2775 4431 2921 4494; x_wconf 74' lang='lat' dir='ltr'><strong>creto,</strong></span> <span class='ocrx_word' id='word_1_668' title='bbox 2945 4440 2993 4484; x_wconf 89' lang='lat' dir='ltr'><strong>et</strong></span> <span class='ocrx_word' id='word_1_669' title='bbox 3015 4432 3298 4484; x_wconf 73' lang='lat' dir='ltr'><strong>combussit</strong></span> <span class='ocrx_word' id='word_1_670' title='bbox 3328 4447 3467 4495; x_wconf 77' lang='lat' dir='ltr'><strong>oves,</strong></span> 
     </span>
    </p>
   </div>
   <div class='ocr_carea' id='block_1_89' title="bbox 182 4523 3469 4612">
    <p class='ocr_par' dir='ltr' id='par_1_89' title="bbox 182 4523 3469 4612">
     <span class='ocr_line' id='line_1_89' title="bbox 182 4523 3469 4612; baseline -0.001 -32"><span class='ocrx_word' id='word_1_671' title='bbox 182 4527 591 4581; x_wconf 88' lang='lat' dir='ltr'><strong>internecione.</strong></span> <span class='ocrx_word' id='word_1_672' title='bbox 618 4525 746 4580; x_wconf 87' lang='lat' dir='ltr'><strong>Inde</strong></span> <span class='ocrx_word' id='word_1_673' title='bbox 771 4542 901 4598; x_wconf 86' lang='lat' dir='ltr'><strong>ergo</strong></span> <span class='ocrx_word' id='word_1_674' title='bbox 925 4539 1198 4583; x_wconf 88' lang='lat' dir='ltr'><strong>venerunt</strong></span> <span class='ocrx_word' id='word_1_675' title='bbox 1225 4528 1313 4584; x_wconf 89' lang='lat' dir='ltr'><strong>isti</strong></span> <span class='ocrx_word' id='word_1_676' title='bbox 1348 4532 1661 4601; x_wconf 66' lang='lat' dir='ltr'><strong>prmdones,</strong></span> <span class='ocrx_word' id='word_1_677' title='bbox 1698 4532 1778 4585; x_wconf 84' lang='lat' dir='ltr'><strong>di-</strong></span> <span class='ocrx_word' id='word_1_678' title='bbox 1814 4555 1858 4612; x_wconf 74' lang='grc' dir='ltr'>υ</span> <span class='ocrx_word' id='word_1_679' title='bbox 1884 4532 1933 4577; x_wconf 88' lang='lat' dir='ltr'><strong>et</strong></span> <span class='ocrx_word' id='word_1_680' title='bbox 1956 4540 2146 4591; x_wconf 82' lang='lat' dir='ltr'><strong>pueros</strong></span> <span class='ocrx_word' id='word_1_681' title='bbox 2179 4524 2464 4578; x_wconf 70' lang='lat' dir='ltr'><strong>combussit</strong></span> <span class='ocrx_word' id='word_1_682' title='bbox 2498 4524 2773 4585; x_wconf 73' lang='lat' dir='ltr'><strong>similiter,</strong></span> <span class='ocrx_word' id='word_1_683' title='bbox 2804 4534 2852 4577; x_wconf 92' lang='lat' dir='ltr'><strong>et</strong></span> <span class='ocrx_word' id='word_1_684' title='bbox 2882 4524 3024 4577; x_wconf 77' lang='lat' dir='ltr'><strong>evasi</strong></span> <span class='ocrx_word' id='word_1_685' title='bbox 3066 4540 3162 4593; x_wconf 86' lang='lat' dir='ltr'><strong>ego</strong></span> <span class='ocrx_word' id='word_1_686' title='bbox 3201 4523 3346 4576; x_wconf 88' lang='lat' dir='ltr'><strong>solus</strong></span> <span class='ocrx_word' id='word_1_687' title='bbox 3371 4562 3385 4588; x_wconf 93' lang='lat'><strong>,</strong></span> <span class='ocrx_word' id='word_1_688' title='bbox 3417 4534 3469 4579; x_wconf 91' lang='lat' dir='ltr'><strong>et</strong></span> 
     </span>
    </p>
   </div>
   <div class='ocr_carea' id='block_1_90' title="bbox 183 4619 1776 4691">
    <p class='ocr_par' dir='ltr' id='par_1_90' title="bbox 183 4619 1776 4691">
     <span class='ocr_line' id='line_1_90' title="bbox 183 4619 1776 4691; baseline 0.004 -21"><span class='ocrx_word' id='word_1_689' title='bbox 183 4619 341 4673; x_wconf 88' lang='lat' dir='ltr'><strong>missi</strong></span> <span class='ocrx_word' id='word_1_690' title='bbox 380 4620 447 4671; x_wconf 86' lang='lat' dir='ltr'><strong>ad</strong></span> <span class='ocrx_word' id='word_1_691' title='bbox 499 4619 853 4674; x_wconf 86' lang='lat' dir='ltr'><strong>tentationem</strong></span> <span class='ocrx_word' id='word_1_692' title='bbox 906 4631 1068 4689; x_wconf 85' lang='lat' dir='ltr'><strong>atque</strong></span> <span class='ocrx_word' id='word_1_693' title='bbox 1124 4622 1189 4675; x_wconf 88' lang='lat' dir='ltr'><strong>ad</strong></span> <span class='ocrx_word' id='word_1_694' title='bbox 1239 4624 1614 4691; x_wconf 85' lang='lat' dir='ltr'><strong>probationem</strong></span> <span class='ocrx_word' id='word_1_695' title='bbox 1646 4623 1776 4691; x_wconf 89' lang='lat' dir='ltr'><strong>justi</strong></span> 
     </span>
    </p>
   </div>
   <div class='ocr_carea' id='block_1_91' title="bbox 182 4708 1777 4777">
    <p class='ocr_par' dir='ltr' id='par_1_91' title="bbox 182 4708 1777 4777">
     <span class='ocr_line' id='line_1_91' title="bbox 182 4708 1777 4777; baseline 0.001 -15"><span class='ocrx_word' id='word_1_696' title='bbox 182 4710 355 4763; x_wconf 90' lang='lat' dir='ltr'><strong>illius.</strong></span> <span class='ocrx_word' id='word_1_697' title='bbox 392 4709 467 4763; x_wconf 86' lang='lat' dir='ltr'><strong>De</strong></span> <span class='ocrx_word' id='word_1_698' title='bbox 494 4709 612 4763; x_wconf 88' lang='lat' dir='ltr'><strong>istis</strong></span> <span class='ocrx_word' id='word_1_699' title='bbox 664 4724 793 4777; x_wconf 85' lang='lat' dir='ltr'><strong>ergo</strong></span> <span class='ocrx_word' id='word_1_700' title='bbox 853 4709 985 4763; x_wconf 88' lang='lat' dir='ltr'><strong>dicit</strong></span> <span class='ocrx_word' id='word_1_701' title='bbox 1024 4728 1037 4764; x_wconf 91' lang='lat'><strong>:</strong></span> <span class='ocrx_word' id='word_1_702' title='bbox 1092 4708 1352 4764; x_wconf 83' lang='lat' dir='ltr'><strong>Venerunt</strong></span> <span class='ocrx_word' id='word_1_703' title='bbox 1409 4713 1683 4777; x_wconf 79' lang='lat' dir='ltr'><strong>prwdones</strong></span> <span class='ocrx_word' id='word_1_704' title='bbox 1727 4720 1777 4764; x_wconf 85' lang='lat' dir='ltr'><strong>et</strong></span> 
     </span>
    </p>
   </div>
   <div class='ocr_carea' id='block_1_92' title="bbox 179 4799 1775 4869">
    <p class='ocr_par' dir='ltr' id='par_1_92' title="bbox 179 4799 1775 4869">
     <span class='ocr_line' id='line_1_92' title="bbox 179 4799 1775 4869; baseline 0.004 -19"><span class='ocrx_word' id='word_1_705' title='bbox 179 4801 694 4868; x_wconf 73' lang='lat' dir='ltr'><strong>prmdatisunteos.</strong></span> <span class='ocrx_word' id='word_1_706' title='bbox 742 4799 831 4853; x_wconf 83' lang='lat' dir='ltr'><strong>Isti</strong></span> <span class='ocrx_word' id='word_1_707' title='bbox 874 4814 1111 4869; x_wconf 89' lang='lat' dir='ltr'><strong>namque</strong></span> <span class='ocrx_word' id='word_1_708' title='bbox 1170 4801 1425 4869; x_wconf 88' lang='lat' dir='ltr'><strong>suntqui</strong></span> <span class='ocrx_word' id='word_1_709' title='bbox 1488 4816 1515 4852; x_wconf 90' lang='lat' dir='ltr'><strong>a</strong></span> <span class='ocrx_word' id='word_1_710' title='bbox 1574 4800 1775 4856; x_wconf 65' lang='lat' dir='ltr'><strong>steculo</strong></span> 
     </span>
    </p>
   </div>
   <div class='ocr_carea' id='block_1_93' title="bbox 180 4890 1775 4961">
    <p class='ocr_par' dir='ltr' id='par_1_93' title="bbox 180 4890 1775 4961">
     <span class='ocr_line' id='line_1_93' title="bbox 180 4890 1775 4961; baseline 0.003 -17"><span class='ocrx_word' id='word_1_711' title='bbox 180 4891 484 4959; x_wconf 64' lang='lat' dir='ltr'><strong>depraedati</strong></span> <span class='ocrx_word' id='word_1_712' title='bbox 517 4901 643 4945; x_wconf 89' lang='lat' dir='ltr'><strong>sunt</strong></span> <span class='ocrx_word' id='word_1_713' title='bbox 671 4890 955 4960; x_wconf 91' lang='lat' dir='ltr'><strong>plurimos,</strong></span> <span class='ocrx_word' id='word_1_714' title='bbox 976 4900 1029 4945; x_wconf 90' lang='lat' dir='ltr'><strong>et</strong></span> <span class='ocrx_word' id='word_1_715' title='bbox 1056 4890 1288 4961; x_wconf 83' lang='lat' dir='ltr'><strong>plurima</strong></span> <span class='ocrx_word' id='word_1_716' title='bbox 1317 4893 1368 4945; x_wconf 94' lang='lat' dir='ltr'><strong>in</strong></span> <span class='ocrx_word' id='word_1_717' title='bbox 1403 4893 1775 4961; x_wconf 78' lang='lat' dir='ltr'><strong>captivitatem</strong></span> 
     </span>
    </p>
   </div>
   <div class='ocr_carea' id='block_1_94' title="bbox 1886 4614 3467 4683">
    <p class='ocr_par' dir='ltr' id='par_1_94' title="bbox 1886 4614 3467 4683">
     <span class='ocr_line' id='line_1_94' title="bbox 1886 4614 3467 4683; baseline -0.001 -13"><span class='ocrx_word' id='word_1_718' title='bbox 1886 4618 2000 4670; x_wconf 74' lang='lat' dir='ltr'><strong>veni</strong></span> <span class='ocrx_word' id='word_1_719' title='bbox 2032 4626 2085 4669; x_wconf 87' lang='lat' dir='ltr'><strong>ut</strong></span> <span class='ocrx_word' id='word_1_720' title='bbox 2114 4615 2209 4669; x_wconf 83' lang='lat' dir='ltr'><strong>tibi</strong></span> <span class='ocrx_word' id='word_1_721' title='bbox 2230 4617 2527 4669; x_wconf 86' lang='lat' dir='ltr'><strong>nuntiarem</strong></span> <span class='ocrx_word' id='word_1_722' title='bbox 2554 4616 2620 4669; x_wconf 82' lang='grc'><strong>⁹¹.</strong></span> <span class='ocrx_word' id='word_1_723' title='bbox 2654 4614 2767 4669; x_wconf 88' lang='lat' dir='ltr'><strong>Non</strong></span> <span class='ocrx_word' id='word_1_724' title='bbox 2786 4623 2891 4679; x_wconf 89' lang='lat' dir='ltr'><strong>est,</strong></span> <span class='ocrx_word' id='word_1_725' title='bbox 2929 4614 3200 4683; x_wconf 88' lang='lat' dir='ltr'><strong>inquit,ut</strong></span> <span class='ocrx_word' id='word_1_726' title='bbox 3232 4625 3285 4669; x_wconf 93' lang='lat' dir='ltr'><strong>tu</strong></span> <span class='ocrx_word' id='word_1_727' title='bbox 3315 4617 3467 4670; x_wconf 86' lang='lat' dir='ltr'><strong>arbi-</strong></span> 
     </span>
    </p>
   </div>
   <div class='ocr_carea' id='block_1_95' title="bbox 1888 4705 3467 4778">
    <p class='ocr_par' dir='ltr' id='par_1_95' title="bbox 1888 4705 3467 4778">
     <span class='ocr_line' id='line_1_95' title="bbox 1888 4705 3467 4778; baseline 0.001 -17"><span class='ocrx_word' id='word_1_728' title='bbox 1888 4708 2068 4773; x_wconf 91' lang='lat' dir='ltr'><strong>traris,</strong></span> <span class='ocrx_word' id='word_1_729' title='bbox 2094 4724 2127 4762; x_wconf 96' lang='lat' dir='ltr'><strong>o</strong></span> <span class='ocrx_word' id='word_1_730' title='bbox 2155 4707 2276 4773; x_wconf 80' lang='lat' dir='ltr'><strong>Job,</strong></span> <span class='ocrx_word' id='word_1_731' title='bbox 2309 4708 2453 4778; x_wconf 90' lang='lat' dir='ltr'><strong>quod</strong></span> <span class='ocrx_word' id='word_1_732' title='bbox 2484 4723 2551 4762; x_wconf 73' lang='lat' dir='ltr'><strong>ex</strong></span> <span class='ocrx_word' id='word_1_733' title='bbox 2607 4708 2915 4762; x_wconf 89' lang='lat' dir='ltr'><strong>hominibus</strong></span> <span class='ocrx_word' id='word_1_734' title='bbox 2944 4709 3053 4761; x_wconf 92' lang='lat' dir='ltr'><strong>sint</strong></span> <span class='ocrx_word' id='word_1_735' title='bbox 3091 4708 3186 4761; x_wconf 91' lang='lat' dir='ltr'><strong>tibi</strong></span> <span class='ocrx_word' id='word_1_736' title='bbox 3224 4706 3309 4760; x_wconf 78' lang='lat' dir='ltr'><strong>ha:</strong></span> <span class='ocrx_word' id='word_1_737' title='bbox 3332 4705 3467 4762; x_wconf 85' lang='lat' dir='ltr'><strong>insi-</strong></span> 
     </span>
    </p>
   </div>
   <div class='ocr_carea' id='block_1_96' title="bbox 1884 4799 3466 4869">
    <p class='ocr_par' dir='ltr' id='par_1_96' title="bbox 1884 4799 3466 4869">
     <span class='ocr_line' id='line_1_96' title="bbox 1884 4799 3466 4869; baseline 0.001 -17"><span class='ocrx_word' id='word_1_738' title='bbox 1884 4800 2006 4862; x_wconf 75' lang='lat' dir='ltr'><strong>dire,</strong></span> <span class='ocrx_word' id='word_1_739' title='bbox 2034 4811 2194 4869; x_wconf 86' lang='lat' dir='ltr'><strong>atque</strong></span> <span class='ocrx_word' id='word_1_740' title='bbox 2213 4800 2299 4854; x_wconf 90' lang='lat' dir='ltr'><strong>hic</strong></span> <span class='ocrx_word' id='word_1_741' title='bbox 2329 4802 2582 4853; x_wconf 80' lang='lat' dir='ltr'><strong>incursus</strong></span> <span class='ocrx_word' id='word_1_742' title='bbox 2612 4815 2625 4851; x_wconf 87' lang='lat'><strong>:</strong></span> <span class='ocrx_word' id='word_1_743' title='bbox 2657 4815 2763 4853; x_wconf 92' lang='lat' dir='ltr'><strong>non</strong></span> <span class='ocrx_word' id='word_1_744' title='bbox 2789 4809 2873 4853; x_wconf 90' lang='lat' dir='ltr'><strong>est</strong></span> <span class='ocrx_word' id='word_1_745' title='bbox 2900 4816 2964 4853; x_wconf 79' lang='lat' dir='ltr'><strong>ex</strong></span> <span class='ocrx_word' id='word_1_746' title='bbox 2998 4799 3307 4854; x_wconf 89' lang='lat' dir='ltr'><strong>hominibus</strong></span> <span class='ocrx_word' id='word_1_747' title='bbox 3327 4839 3344 4863; x_wconf 89' lang='lat'><strong>,</strong></span> <span class='ocrx_word' id='word_1_748' title='bbox 3371 4801 3466 4854; x_wconf 87' lang='lat' dir='ltr'><strong>sed</strong></span> 
     </span>
    </p>
   </div>
   <div class='ocr_carea' id='block_1_97' title="bbox 1875 4890 3464 4960">
    <p class='ocr_par' dir='ltr' id='par_1_97' title="bbox 1875 4890 3464 4960">
     <span class='ocr_line' id='line_1_97' title="bbox 1875 4890 3464 4960; baseline 0.001 -16"><span class='ocrx_word' id='word_1_749' title='bbox 1875 4906 1938 4945; x_wconf 79' lang='lat' dir='ltr'><strong>ex</strong></span> <span class='ocrx_word' id='word_1_750' title='bbox 1972 4892 2100 4957; x_wconf 89' lang='lat' dir='ltr'><strong>Deo,</strong></span> <span class='ocrx_word' id='word_1_751' title='bbox 2144 4892 2210 4946; x_wconf 91' lang='lat' dir='ltr'><strong>de</strong></span> <span class='ocrx_word' id='word_1_752' title='bbox 2242 4891 2393 4945; x_wconf 68' lang='lat' dir='ltr'><strong>caelis</strong></span> <span class='ocrx_word' id='word_1_753' title='bbox 2420 4898 2522 4947; x_wconf 78' lang='lat' dir='ltr'><strong>est.</strong></span> <span class='ocrx_word' id='word_1_754' title='bbox 2544 4891 2693 4960; x_wconf 87' lang='lat' dir='ltr'><strong>Ignis</strong></span> <span class='ocrx_word' id='word_1_755' title='bbox 2721 4891 2918 4945; x_wconf 87' lang='lat' dir='ltr'><strong>cecidit</strong></span> <span class='ocrx_word' id='word_1_756' title='bbox 2954 4893 3019 4946; x_wconf 91' lang='lat' dir='ltr'><strong>de</strong></span> <span class='ocrx_word' id='word_1_757' title='bbox 3044 4890 3205 4956; x_wconf 74' lang='lat' dir='ltr'><strong>ctelo,</strong></span> <span class='ocrx_word' id='word_1_758' title='bbox 3233 4900 3285 4945; x_wconf 91' lang='lat' dir='ltr'><strong>et</strong></span> <span class='ocrx_word' id='word_1_759' title='bbox 3312 4905 3464 4945; x_wconf 88' lang='lat' dir='ltr'><strong>com-</strong></span> 
     </span>
    </p>
   </div>
   <div class='ocr_carea' id='block_1_98' title="bbox 179 4980 3465 5054">
    <p class='ocr_par' dir='ltr' id='par_1_98' title="bbox 179 4980 3465 5054">
     <span class='ocr_line' id='line_1_98' title="bbox 179 4980 3465 5054; baseline -0.001 -17"><span class='ocrx_word' id='word_1_760' title='bbox 179 4986 484 5039; x_wconf 77' lang='lat' dir='ltr'><strong>duxerunt.</strong></span> <span class='ocrx_word' id='word_1_761' title='bbox 536 4983 630 5037; x_wconf 89' lang='lat' dir='ltr'><strong>Isti</strong></span> <span class='ocrx_word' id='word_1_762' title='bbox 664 4980 959 5051; x_wconf 69' lang='lat' dir='ltr'><strong>depraedati</strong></span> <span class='ocrx_word' id='word_1_763' title='bbox 995 4993 1123 5038; x_wconf 91' lang='lat' dir='ltr'><strong>sunt</strong></span> <span class='ocrx_word' id='word_1_764' title='bbox 1176 4984 1309 5038; x_wconf 82' lang='lat' dir='ltr'><strong>Cain</strong></span> <span class='ocrx_word' id='word_1_765' title='bbox 1372 5000 1468 5054; x_wconf 88' lang='lat' dir='ltr'><strong>per</strong></span> <span class='ocrx_word' id='word_1_766' title='bbox 1520 4985 1779 5040; x_wconf 82' lang='lat' dir='ltr'><strong>sacriﬁcii</strong></span> <span class='ocrx_word' id='word_1_767' title='bbox 1874 4984 2221 5038; x_wconf 89' lang='lat' dir='ltr'><strong>hussitoves.</strong></span> <span class='ocrx_word' id='word_1_768' title='bbox 2254 4982 2395 5049; x_wconf 82' lang='lat' dir='ltr'><strong>Noli,</strong></span> <span class='ocrx_word' id='word_1_769' title='bbox 2450 4983 2644 5051; x_wconf 89' lang='lat' dir='ltr'><strong>inquit,</strong></span> <span class='ocrx_word' id='word_1_770' title='bbox 2702 4984 3043 5053; x_wconf 90' lang='lat' dir='ltr'><strong>temetipsum</strong></span> <span class='ocrx_word' id='word_1_771' title='bbox 3092 4982 3379 5047; x_wconf 82' lang='lat' dir='ltr'><strong>seducere,</strong></span> <span class='ocrx_word' id='word_1_772' title='bbox 3430 4997 3465 5037; x_wconf 94' lang='lat' dir='ltr'><strong>o</strong></span> 
     </span>
    </p>
   </div>
   <div class='ocr_carea' id='block_1_99' title="bbox 180 5072 3465 5144">
    <p class='ocr_par' dir='ltr' id='par_1_99' title="bbox 180 5072 3465 5144">
     <span class='ocr_line' id='line_1_99' title="bbox 180 5072 3465 5144; baseline -0.001 -16"><span class='ocrx_word' id='word_1_773' title='bbox 180 5074 613 5135; x_wconf 79' lang='lat' dir='ltr'><strong>aemulationem,</strong></span> <span class='ocrx_word' id='word_1_774' title='bbox 638 5075 881 5144; x_wconf 79' lang='lat' dir='ltr'><strong>gigantes</strong></span> <span class='ocrx_word' id='word_1_775' title='bbox 913 5089 1007 5144; x_wconf 88' lang='lat' dir='ltr'><strong>per</strong></span> <span class='ocrx_word' id='word_1_776' title='bbox 1031 5074 1367 5144; x_wconf 85' lang='lat' dir='ltr'><strong>superbiam,</strong></span> <span class='ocrx_word' id='word_1_777' title='bbox 1399 5075 1521 5131; x_wconf 86' lang='lat' dir='ltr'><strong>illos</strong></span> <span class='ocrx_word' id='word_1_778' title='bbox 1563 5076 1631 5129; x_wconf 89' lang='lat' dir='ltr'><strong>ad</strong></span> <span class='ocrx_word' id='word_1_779' title='bbox 1669 5086 1782 5130; x_wconf 84' lang='lat' dir='ltr'><strong>tur-</strong></span> <span class='ocrx_word' id='word_1_780' title='bbox 1876 5072 2000 5140; x_wconf 82' lang='lat' dir='ltr'><strong>Job,</strong></span> <span class='ocrx_word' id='word_1_781' title='bbox 2040 5074 2146 5130; x_wconf 92' lang='lat' dir='ltr'><strong>noli</strong></span> <span class='ocrx_word' id='word_1_782' title='bbox 2178 5074 2413 5142; x_wconf 88' lang='lat' dir='ltr'><strong>teipsum</strong></span> <span class='ocrx_word' id='word_1_783' title='bbox 2435 5075 2855 5139; x_wconf 89' lang='lat' dir='ltr'><strong>circumvenire,</strong></span> <span class='ocrx_word' id='word_1_784' title='bbox 2901 5090 3006 5129; x_wconf 93' lang='lat' dir='ltr'><strong>non</strong></span> <span class='ocrx_word' id='word_1_785' title='bbox 3040 5089 3105 5129; x_wconf 85' lang='lat' dir='ltr'><strong>ex</strong></span> <span class='ocrx_word' id='word_1_786' title='bbox 3153 5072 3465 5129; x_wconf 89' lang='lat' dir='ltr'><strong>hominibus</strong></span> 
     </span>
    </p>
   </div>
   <div class='ocr_carea' id='block_1_100' title="bbox 185 5165 1780 5237">
    <p class='ocr_par' dir='ltr' id='par_1_100' title="bbox 185 5165 1780 5237">
     <span class='ocr_line' id='line_1_100' title="bbox 185 5165 1780 5237; baseline 0.003 -19"><span class='ocrx_word' id='word_1_787' title='bbox 185 5182 303 5221; x_wconf 82' lang='lat' dir='ltr'><strong>rem</strong></span> <span class='ocrx_word' id='word_1_788' title='bbox 329 5182 429 5236; x_wconf 81' lang='lat' dir='ltr'><strong>per</strong></span> <span class='ocrx_word' id='word_1_789' title='bbox 460 5165 551 5219; x_wconf 89' lang='lat' dir='ltr'><strong>Dei</strong></span> <span class='ocrx_word' id='word_1_790' title='bbox 582 5167 1025 5220; x_wconf 87' lang='lat' dir='ltr'><strong>contumaciam:</strong></span> <span class='ocrx_word' id='word_1_791' title='bbox 1080 5167 1199 5221; x_wconf 90' lang='lat' dir='ltr'><strong>illos</strong></span> <span class='ocrx_word' id='word_1_792' title='bbox 1259 5168 1314 5220; x_wconf 90' lang='lat' dir='ltr'><strong>in</strong></span> <span class='ocrx_word' id='word_1_793' title='bbox 1378 5166 1633 5223; x_wconf 87' lang='lat' dir='ltr'><strong>Sodomis</strong></span> <span class='ocrx_word' id='word_1_794' title='bbox 1682 5183 1780 5237; x_wconf 88' lang='lat' dir='ltr'><strong>per</strong></span> 
     </span>
    </p>
   </div>
   <div class='ocr_carea' id='block_1_101' title="bbox 181 5258 1775 5329">
    <p class='ocr_par' dir='ltr' id='par_1_101' title="bbox 181 5258 1775 5329">
     <span class='ocr_line' id='line_1_101' title="bbox 181 5258 1775 5329; baseline 0 -16"><span class='ocrx_word' id='word_1_795' title='bbox 181 5260 541 5329; x_wconf 87' lang='lat' dir='ltr'><strong>turpitudinis</strong></span> <span class='ocrx_word' id='word_1_796' title='bbox 605 5258 933 5327; x_wconf 50' lang='lat' dir='ltr'><strong>lasciviamﬁ;</strong></span> <span class='ocrx_word' id='word_1_797' title='bbox 984 5259 1121 5312; x_wconf 86' lang='lat' dir='ltr'><strong>Esau</strong></span> <span class='ocrx_word' id='word_1_798' title='bbox 1176 5274 1273 5329; x_wconf 89' lang='lat' dir='ltr'><strong>per</strong></span> <span class='ocrx_word' id='word_1_799' title='bbox 1315 5260 1775 5314; x_wconf 84' lang='lat' dir='ltr'><strong>insatiabilitatem</strong></span> 
     </span>
    </p>
   </div>
   <div class='ocr_carea' id='block_1_102' title="bbox 180 5351 1774 5422">
    <p class='ocr_par' dir='ltr' id='par_1_102' title="bbox 180 5351 1774 5422">
     <span class='ocr_line' id='line_1_102' title="bbox 180 5351 1774 5422; baseline 0.001 -17"><span class='ocrx_word' id='word_1_800' title='bbox 180 5361 355 5421; x_wconf 89' lang='lat' dir='ltr'><strong>atque</strong></span> <span class='ocrx_word' id='word_1_801' title='bbox 374 5352 723 5422; x_wconf 86' lang='lat' dir='ltr'><strong>petulantiam</strong></span> <span class='ocrx_word' id='word_1_802' title='bbox 746 5368 759 5416; x_wconf 93' lang='lat'><strong>;</strong></span> <span class='ocrx_word' id='word_1_803' title='bbox 786 5351 1123 5405; x_wconf 79' lang='lat' dir='ltr'><strong>Pharaonem</strong></span> <span class='ocrx_word' id='word_1_804' title='bbox 1159 5367 1253 5421; x_wconf 90' lang='lat' dir='ltr'><strong>per</strong></span> <span class='ocrx_word' id='word_1_805' title='bbox 1277 5352 1368 5407; x_wconf 88' lang='lat' dir='ltr'><strong>Dei</strong></span> <span class='ocrx_word' id='word_1_806' title='bbox 1404 5360 1774 5421; x_wconf 85' lang='lat' dir='ltr'><strong>contemptum</strong></span> 
     </span>
    </p>
   </div>
   <div class='ocr_carea' id='block_1_103' title="bbox 181 5443 1775 5515">
    <p class='ocr_par' dir='ltr' id='par_1_103' title="bbox 181 5443 1775 5515">
     <span class='ocr_line' id='line_1_103' title="bbox 181 5443 1775 5515; baseline -0.001 -16"><span class='ocrx_word' id='word_1_807' title='bbox 181 5458 356 5514; x_wconf 83' lang='lat' dir='ltr'><strong>atque</strong></span> <span class='ocrx_word' id='word_1_808' title='bbox 383 5445 776 5515; x_wconf 87' lang='lat' dir='ltr'><strong>pertinaciam;</strong></span> <span class='ocrx_word' id='word_1_809' title='bbox 803 5444 923 5499; x_wconf 89' lang='lat' dir='ltr'><strong>illos</strong></span> <span class='ocrx_word' id='word_1_810' title='bbox 949 5443 1003 5498; x_wconf 94' lang='lat' dir='ltr'><strong>in</strong></span> <span class='ocrx_word' id='word_1_811' title='bbox 1034 5444 1253 5498; x_wconf 91' lang='lat' dir='ltr'><strong>deserto</strong></span> <span class='ocrx_word' id='word_1_812' title='bbox 1271 5460 1366 5513; x_wconf 88' lang='lat' dir='ltr'><strong>per</strong></span> <span class='ocrx_word' id='word_1_813' title='bbox 1387 5444 1775 5510; x_wconf 89' lang='lat' dir='ltr'><strong>idololatriam,</strong></span> 
     </span>
    </p>
   </div>
   <div class='ocr_carea' id='block_1_104' title="bbox 183 5536 1776 5607">
    <p class='ocr_par' dir='ltr' id='par_1_104' title="bbox 183 5536 1776 5607">
     <span class='ocr_line' id='line_1_104' title="bbox 183 5536 1776 5607; baseline -0.001 -17"><span class='ocrx_word' id='word_1_814' title='bbox 183 5540 436 5607; x_wconf 82' lang='lat' dir='ltr'><strong>aliosque</strong></span> <span class='ocrx_word' id='word_1_815' title='bbox 469 5538 784 5592; x_wconf 86' lang='lat' dir='ltr'><strong>innumeros</strong></span> <span class='ocrx_word' id='word_1_816' title='bbox 825 5552 920 5606; x_wconf 86' lang='lat' dir='ltr'><strong>per</strong></span> <span class='ocrx_word' id='word_1_817' title='bbox 936 5537 1127 5591; x_wconf 88' lang='lat' dir='ltr'><strong>eadem</strong></span> <span class='ocrx_word' id='word_1_818' title='bbox 1166 5536 1459 5606; x_wconf 66' lang='lat' dir='ltr'><strong>depraedati</strong></span> <span class='ocrx_word' id='word_1_819' title='bbox 1521 5545 1667 5598; x_wconf 90' lang='lat' dir='ltr'><strong>sunt,</strong></span> <span class='ocrx_word' id='word_1_820' title='bbox 1722 5544 1776 5589; x_wconf 91' lang='lat' dir='ltr'><strong>et</strong></span> 
     </span>
    </p>
   </div>
   <div class='ocr_carea' id='block_1_105' title="bbox 184 5618 1772 5699">
    <p class='ocr_par' dir='ltr' id='par_1_105' title="bbox 184 5618 1772 5699">
     <span class='ocr_line' id='line_1_105' title="bbox 184 5618 1772 5699; baseline -0.002 -15"><span class='ocrx_word' id='word_1_821' title='bbox 184 5632 270 5686; x_wconf 83' lang='lat' dir='ltr'><strong>his</strong></span> <span class='ocrx_word' id='word_1_822' title='bbox 312 5631 532 5694; x_wconf 81' lang='lat' dir='ltr'><strong>similia,</strong></span> <span class='ocrx_word' id='word_1_823' title='bbox 560 5639 723 5698; x_wconf 89' lang='lat' dir='ltr'><strong>atque</strong></span> <span class='ocrx_word' id='word_1_824' title='bbox 761 5644 857 5699; x_wconf 86' lang='lat' dir='ltr'><strong>per</strong></span> <span class='ocrx_word' id='word_1_825' title='bbox 881 5628 1015 5683; x_wconf 87' lang='lat' dir='ltr'><strong>alias</strong></span> <span class='ocrx_word' id='word_1_826' title='bbox 1076 5618 1394 5684; x_wconf 83' lang='lat' dir='ltr'><strong>innumeras</strong></span> <span class='ocrx_word' id='word_1_827' title='bbox 1430 5629 1672 5683; x_wconf 87' lang='lat' dir='ltr'><strong>rationes</strong></span> <span class='ocrx_word' id='word_1_828' title='bbox 1715 5637 1772 5684; x_wconf 89' lang='lat' dir='ltr'><strong>et</strong></span> 
     </span>
    </p>
   </div>
   <div class='ocr_carea' id='block_1_106' title="bbox 256 5790 1309 5861">
    <p class='ocr_par' dir='ltr' id='par_1_106' title="bbox 256 5790 1309 5861">
     <span class='ocr_line' id='line_1_106' title="bbox 256 5790 1309 5861; baseline 0.002 -14"><span class='ocrx_word' id='word_1_829' title='bbox 256 5795 297 5825; x_wconf 80' lang='grc'><strong>¹³</strong></span> <span class='ocrx_word' id='word_1_830' title='bbox 326 5793 468 5847; x_wconf 73' lang='lat' dir='ltr'><strong>Psal.</strong></span> <span class='ocrx_word' id='word_1_831' title='bbox 499 5809 718 5861; x_wconf 69' lang='lat' dir='ltr'><strong>nutv,</strong></span> <span class='ocrx_word' id='word_1_832' title='bbox 745 5793 800 5846; x_wconf 73' lang='lat'><strong>2.</strong></span> <span class='ocrx_word' id='word_1_833' title='bbox 881 5795 922 5825; x_wconf 84' lang='grc'><strong>¹⁹</strong></span> <span class='ocrx_word' id='word_1_834' title='bbox 954 5790 1094 5850; x_wconf 80' lang='lat' dir='ltr'><strong>Ps‘ll.</strong></span> <span class='ocrx_word' id='word_1_835' title='bbox 1130 5809 1223 5859; x_wconf 81' lang='grc' dir='ltr'>ιιι,</span> <span class='ocrx_word' id='word_1_836' title='bbox 1260 5793 1309 5850; x_wconf 81' lang='grc'><strong>7.</strong></span> 
     </span>
    </p>
   </div>
   <div class='ocr_carea' id='block_1_107' title="bbox 1388 5792 1935 5861">
    <p class='ocr_par' dir='ltr' id='par_1_107' title="bbox 1388 5792 1935 5861">
     <span class='ocr_line' id='line_1_107' title="bbox 1388 5792 1935 5861; baseline 0.002 -14"><span class='ocrx_word' id='word_1_837' title='bbox 1388 5794 1432 5825; x_wconf 85' lang='grc'><strong>²⁹</strong></span> <span class='ocrx_word' id='word_1_838' title='bbox 1457 5792 1596 5847; x_wconf 73' lang='lat' dir='ltr'><strong>Psal.</strong></span> <span class='ocrx_word' id='word_1_839' title='bbox 1628 5808 1851 5861; x_wconf 64' lang='lat' dir='ltr'><strong>cum,</strong></span> <span class='ocrx_word' id='word_1_840' title='bbox 1886 5793 1935 5848; x_wconf 88' lang='lat' dir='ltr'><strong>l.</strong></span> 
     </span>
    </p>
   </div>
   <div class='ocr_carea' id='block_1_108' title="bbox 1880 5164 3459 5231">
    <p class='ocr_par' dir='ltr' id='par_1_108' title="bbox 1880 5164 3459 5231">
     <span class='ocr_line' id='line_1_108' title="bbox 1880 5164 3459 5231; baseline -0.001 -10"><span class='ocrx_word' id='word_1_841' title='bbox 1880 5178 1964 5221; x_wconf 90' lang='lat' dir='ltr'><strong>est</strong></span> <span class='ocrx_word' id='word_1_842' title='bbox 1986 5167 2406 5231; x_wconf 88' lang='lat' dir='ltr'><strong>circumventio,</strong></span> <span class='ocrx_word' id='word_1_843' title='bbox 2434 5166 2525 5220; x_wconf 89' lang='lat' dir='ltr'><strong>sed</strong></span> <span class='ocrx_word' id='word_1_844' title='bbox 2554 5182 2618 5221; x_wconf 77' lang='lat' dir='ltr'><strong>ex</strong></span> <span class='ocrx_word' id='word_1_845' title='bbox 2654 5165 2761 5220; x_wconf 89' lang='lat' dir='ltr'><strong>Deo</strong></span> <span class='ocrx_word' id='word_1_846' title='bbox 2790 5175 2873 5218; x_wconf 91' lang='lat' dir='ltr'><strong>est</strong></span> <span class='ocrx_word' id='word_1_847' title='bbox 2901 5167 3001 5219; x_wconf 88' lang='lat' dir='ltr'><strong>ista</strong></span> <span class='ocrx_word' id='word_1_848' title='bbox 3052 5164 3459 5220; x_wconf 80' lang='lat' dir='ltr'><strong>exterminatio.</strong></span> 
     </span>
    </p>
   </div>
   <div class='ocr_carea' id='block_1_109' title="bbox 1883 5256 3463 5320">
    <p class='ocr_par' dir='ltr' id='par_1_109' title="bbox 1883 5256 3463 5320">
     <span class='ocr_line' id='line_1_109' title="bbox 1883 5256 3463 5320; baseline -0.001 -9"><span class='ocrx_word' id='word_1_849' title='bbox 1883 5257 1998 5313; x_wconf 80' lang='lat' dir='ltr'><strong>Non</strong></span> <span class='ocrx_word' id='word_1_850' title='bbox 2036 5272 2101 5312; x_wconf 81' lang='lat' dir='ltr'><strong>ex</strong></span> <span class='ocrx_word' id='word_1_851' title='bbox 2138 5258 2368 5312; x_wconf 90' lang='lat' dir='ltr'><strong>terrenis</strong></span> <span class='ocrx_word' id='word_1_852' title='bbox 2398 5258 2492 5312; x_wconf 92' lang='lat' dir='ltr'><strong>tibi</strong></span> <span class='ocrx_word' id='word_1_853' title='bbox 2529 5267 2614 5311; x_wconf 91' lang='lat' dir='ltr'><strong>est</strong></span> <span class='ocrx_word' id='word_1_854' title='bbox 2666 5258 2754 5311; x_wconf 88' lang='lat' dir='ltr'><strong>hic</strong></span> <span class='ocrx_word' id='word_1_855' title='bbox 2792 5258 3077 5320; x_wconf 86' lang='lat' dir='ltr'><strong>incursus,</strong></span> <span class='ocrx_word' id='word_1_856' title='bbox 3106 5258 3199 5311; x_wconf 90' lang='lat' dir='ltr'><strong>sed</strong></span> <span class='ocrx_word' id='word_1_857' title='bbox 3222 5257 3287 5311; x_wconf 91' lang='lat' dir='ltr'><strong>de</strong></span> <span class='ocrx_word' id='word_1_858' title='bbox 3307 5256 3463 5310; x_wconf 71' lang='lat' dir='ltr'><strong>cretis</strong></span> 
     </span>
    </p>
   </div>
   <div class='ocr_carea' id='block_1_110' title="bbox 1880 5347 3461 5416">
    <p class='ocr_par' dir='ltr' id='par_1_110' title="bbox 1880 5347 3461 5416">
     <span class='ocr_line' id='line_1_110' title="bbox 1880 5347 3461 5416; baseline -0.002 -11"><span class='ocrx_word' id='word_1_859' title='bbox 1880 5362 1961 5406; x_wconf 85' lang='lat' dir='ltr'><strong>est</strong></span> <span class='ocrx_word' id='word_1_860' title='bbox 1991 5352 2083 5405; x_wconf 91' lang='lat' dir='ltr'><strong>tibi</strong></span> <span class='ocrx_word' id='word_1_861' title='bbox 2124 5351 2226 5405; x_wconf 84' lang='lat' dir='ltr'><strong>iste</strong></span> <span class='ocrx_word' id='word_1_862' title='bbox 2249 5351 2519 5404; x_wconf 81' lang='lat' dir='ltr'><strong>interitus.</strong></span> <span class='ocrx_word' id='word_1_863' title='bbox 2568 5348 2720 5416; x_wconf 85' lang='lat' dir='ltr'><strong>Quod</strong></span> <span class='ocrx_word' id='word_1_864' title='bbox 2762 5351 2805 5402; x_wconf 86' lang='lat' dir='ltr'><strong>si</strong></span> <span class='ocrx_word' id='word_1_865' title='bbox 2850 5364 2957 5403; x_wconf 93' lang='lat' dir='ltr'><strong>non</strong></span> <span class='ocrx_word' id='word_1_866' title='bbox 3004 5347 3218 5412; x_wconf 88' lang='lat' dir='ltr'><strong>credis,</strong></span> <span class='ocrx_word' id='word_1_867' title='bbox 3284 5347 3461 5403; x_wconf 84' lang='lat' dir='ltr'><strong>audi:</strong></span> 
     </span>
    </p>
   </div>
   <div class='ocr_carea' id='block_1_111' title="bbox 1877 5440 3461 5512">
    <p class='ocr_par' dir='ltr' id='par_1_111' title="bbox 1877 5440 3461 5512">
     <span class='ocr_line' id='line_1_111' title="bbox 1877 5440 3461 5512; baseline -0.003 -14"><span class='ocrx_word' id='word_1_868' title='bbox 1877 5442 2029 5512; x_wconf 86' lang='lat' dir='ltr'><strong>Ignis</strong></span> <span class='ocrx_word' id='word_1_869' title='bbox 2054 5443 2239 5496; x_wconf 87' lang='lat' dir='ltr'><strong>cecidit</strong></span> <span class='ocrx_word' id='word_1_870' title='bbox 2268 5442 2333 5495; x_wconf 83' lang='lat' dir='ltr'><strong>de</strong></span> <span class='ocrx_word' id='word_1_871' title='bbox 2363 5441 2489 5495; x_wconf 81' lang='lat' dir='ltr'><strong>ccelo</strong></span> <span class='ocrx_word' id='word_1_872' title='bbox 2512 5479 2528 5505; x_wconf 91' lang='lat'><strong>,</strong></span> <span class='ocrx_word' id='word_1_873' title='bbox 2559 5450 2609 5494; x_wconf 86' lang='lat' dir='ltr'><strong>et</strong></span> <span class='ocrx_word' id='word_1_874' title='bbox 2657 5440 2941 5495; x_wconf 78' lang='lat' dir='ltr'><strong>combussit</strong></span> <span class='ocrx_word' id='word_1_875' title='bbox 2976 5455 3115 5504; x_wconf 74' lang='lat' dir='ltr'><strong>oves,</strong></span> <span class='ocrx_word' id='word_1_876' title='bbox 3165 5451 3215 5493; x_wconf 78' lang='lat' dir='ltr'><strong>et</strong></span> <span class='ocrx_word' id='word_1_877' title='bbox 3269 5455 3461 5509; x_wconf 82' lang='lat' dir='ltr'><strong>pueros</strong></span> 
     </span>
    </p>
   </div>
   <div class='ocr_carea' id='block_1_112' title="bbox 1878 5531 3459 5602">
    <p class='ocr_par' dir='ltr' id='par_1_112' title="bbox 1878 5531 3459 5602">
     <span class='ocr_line' id='line_1_112' title="bbox 1878 5531 3459 5602; baseline -0.001 -15"><span class='ocrx_word' id='word_1_878' title='bbox 1878 5532 2142 5587; x_wconf 87' lang='lat' dir='ltr'><strong>similiter.</strong></span> <span class='ocrx_word' id='word_1_879' title='bbox 2169 5531 2301 5587; x_wconf 82' lang='lat' dir='ltr'><strong>Nam</strong></span> <span class='ocrx_word' id='word_1_880' title='bbox 2330 5548 2452 5586; x_wconf 87' lang='lat' dir='ltr'><strong>eum</strong></span> <span class='ocrx_word' id='word_1_881' title='bbox 2481 5547 2612 5587; x_wconf 86' lang='lat' dir='ltr'><strong>oves</strong></span> <span class='ocrx_word' id='word_1_882' title='bbox 2637 5531 3006 5597; x_wconf 86' lang='lat' dir='ltr'><strong>combureret,</strong></span> <span class='ocrx_word' id='word_1_883' title='bbox 3029 5547 3324 5602; x_wconf 87' lang='lat' dir='ltr'><strong>puerorum</strong></span> <span class='ocrx_word' id='word_1_884' title='bbox 3355 5549 3459 5586; x_wconf 91' lang='lat' dir='ltr'><strong>non</strong></span> 
     </span>
    </p>
   </div>
   <div class='ocr_carea' id='block_1_113' title="bbox 1877 5622 3460 5696">
    <p class='ocr_par' dir='ltr' id='par_1_113' title="bbox 1877 5622 3460 5696">
     <span class='ocr_line' id='line_1_113' title="bbox 1877 5622 3460 5696; baseline -0.001 -14"><span class='ocrx_word' id='word_1_885' title='bbox 1877 5635 1961 5682; x_wconf 83' lang='lat' dir='ltr'><strong>est</strong></span> <span class='ocrx_word' id='word_1_886' title='bbox 1997 5626 2273 5681; x_wconf 88' lang='lat' dir='ltr'><strong>misertus.</strong></span> <span class='ocrx_word' id='word_1_887' title='bbox 2306 5622 2421 5681; x_wconf 85' lang='lat' dir='ltr'><strong>Non</strong></span> <span class='ocrx_word' id='word_1_888' title='bbox 2446 5626 2688 5696; x_wconf 90' lang='lat' dir='ltr'><strong>pepercit</strong></span> <span class='ocrx_word' id='word_1_889' title='bbox 2716 5625 3053 5695; x_wconf 83' lang='lat' dir='ltr'><strong>pastoribus,</strong></span> <span class='ocrx_word' id='word_1_890' title='bbox 3090 5625 3185 5681; x_wconf 88' lang='lat' dir='ltr'><strong>sed</strong></span> <span class='ocrx_word' id='word_1_891' title='bbox 3202 5624 3460 5680; x_wconf 82' lang='lat' dir='ltr'><strong>similiter</strong></span> 
     </span>
    </p>
   </div>
   <div class='ocr_carea' id='block_1_114' title="bbox 2008 5791 2733 5857">
    <p class='ocr_par' dir='ltr' id='par_1_114' title="bbox 2008 5791 2733 5857">
     <span class='ocr_line' id='line_1_114' title="bbox 2008 5791 2733 5857; baseline 0.003 -10"><span class='ocrx_word' id='word_1_892' title='bbox 2008 5795 2048 5825; x_wconf 87' lang='grc'>¹¹</span> <span class='ocrx_word' id='word_1_893' title='bbox 2077 5794 2208 5848; x_wconf 89' lang='lat' dir='ltr'><strong>ibid.</strong></span> <span class='ocrx_word' id='word_1_894' title='bbox 2242 5793 2293 5850; x_wconf 81' lang='grc'><strong>5.</strong></span> <span class='ocrx_word' id='word_1_895' title='bbox 2374 5794 2419 5824; x_wconf 79' lang='grc'>²¹</span> <span class='ocrx_word' id='word_1_896' title='bbox 2450 5791 2549 5849; x_wconf 77' lang='lat' dir='ltr'><strong>Job</strong></span> <span class='ocrx_word' id='word_1_897' title='bbox 2580 5808 2619 5857; x_wconf 93' lang='lat' dir='ltr'><strong>I,</strong></span> <span class='ocrx_word' id='word_1_898' title='bbox 2650 5792 2733 5849; x_wconf 80' lang='lat' dir='ltr'><strong>i6.</strong></span> 
     </span>
    </p>
   </div>
  </div>
