3942 6512
549 334 658 393 ιίὅ

1682 325 2064 387 ANONYMUS
2104 322 2169 380 IN
2206 322 2347 380 JOB.
2388 354 2460 365 —
2488 322 2624 379 LIB.
2668 323 2708 377 Ι.
3665 335 3744 392 ιῃ

550 458 755 514 etillos
772 456 1075 517 combussn
1099 424 1266 527 atque
1297 454 1556 526 perdidit,
1597 455 1693 510 sed
1725 453 1934 523 pariter
1950 461 2141 509 cuneta
2172 454 2213 509 A
2244 448 2541 517 quissimns
2600 447 2711 510 ille,
2752 446 2887 516 ignis
2930 426 3001 499 ~de
3049 445 3176 500 casto
3199 446 3404 510 cecidit,
3445 451 3679 519 propriam
3706 458 3743 513 in

550 552 778 617 delevit,
813 562 874 606 ut
907 566 1004 619 per
1034 550 1149 605 hatc
1175 549 1361 607 omnia
1395 549 1494 604 tibi
1545 547 1932 602 detrimentum
1976 554 2141 613 atque

549 645 797 702 dolorem
827 643 1135 713 ingereret,
1168 650 1227 695 ut
1253 656 1350 711 per
1383 640 1498 694 haec
1526 639 1780 693 universa
1818 636 1915 693 tibi
1966 636 2139 691 tribu-

553 737 811 792 lationem
844 744 1009 803 atque
1042 735 1355 805 angustiam
1396 732 1661 800 adjiceret
1700 748 1713 785 :
1746 729 1895 800 Ignis
1950 728 2137 785 cecidit

549 827 616 876 de
637 820 789 885 cato,
827 836 934 875 non
956 836 1022 876 ex
1049 835 1133 886 se,
1162 835 1337 891 neque
1384 836 1413 874 a
1461 835 1541 884 se,
1568 836 1749 889 neque
1787 835 1882 890 per
1910 833 1990 883 se,
2047 817 2140 876 sei

548 913 760 967 caelesti
794 912 1041 981 jussione
1082 924 1248 983 atque
1296 912 1557 968 terribilis
1593 913 1685 967 Dei
1744 910 2136 982 praeceptione:

550 1002 701 1076 Ignis
728 1005 915 1058 cecidit
941 1008 1005 1059 de
1034 1004 1185 1059 coelo.
1216 1003 1686 1071 Quemadmodum
1718 1001 1847 1057 olim
1876 1000 1929 1057 in
1962 998 2138 1059 Sodo-

550 1113 697 1154 mam
729 1106 782 1151 et
806 1096 1193 1160 Gomorrbam,
1226 1106 1393 1163 atque
1424 1108 1591 1164 super
1617 1107 1835 1150 omnem
1862 1091 2136 1161 regionem

550 1190 702 1244 illam
735 1191 805 1254 ³³,
833 1192 904 1245 ita
928 1199 985 1243 et
1005 1190 1160 1259 [nunc
1192 1190 1258 1242 ab
1309 1187 1403 1242 illo
1426 1187 1517 1256 qui
1560 1194 1687 1241 tunc
1734 1184 1787 1238 in
1845 1183 2137 1238 Sodomam

549 1292 606 1337 et
629 1281 991 1337 Gomorrham
1036 1281 1217 1350 ignem
1241 1279 1295 1333 in
1324 1276 1685 1347 perditionem
1711 1274 1887 1345 pluit,
1925 1273 1994 1327 ab
2038 1271 2139 1327 hoc

550 1376 689 1443 ipso,
712 1375 953 1442 inquam,
980 1372 1144 1427 etiam
1182 1372 1324 1442 ignis
1346 1370 1545 1425 cecidit
1582 1368 1651 1422 de
1679 1368 1843 1432 coelo,
1887 1374 1942 1421 et
1983 1379 2139 1421 com-

549 1465 726 1520 bussit
751 1479 881 1518 oves
908 1473 963 1518 et
996 1477 1193 1532 pueros
1249 1470 1305 1516 et
1346 1469 1615 1529 pastores,
1665 1458 1851 1513 omnia
1901 1456 2141 1511 incendit

548 1567 711 1626 atque
744 1557 956 1624 pariter
982 1554 1201 1610 delevit.
1225 1552 1383 1611 Sicut
1412 1551 1561 1610 enim
1588 1549 1994 1609 Sodomitarum
2022 1547 2141 1602 reli-

546 1650 690 1717 quias
730 1665 838 1703 non
869 1656 1276 1711 remanserunt,
1315 1646 1390 1700 ita
1440 1654 1496 1699 et
1539 1658 1703 1707 nunc,
1772 1643 1970 1711 inquit,
2040 1640 2135 1695 tibi

549 1740 793 1810 reliquiae
818 1754 922 1795 non
950 1745 1266 1808 supersunt,
1303 1746 1365 1791 ut
1390 1746 1472 1791 est
1509 1735 1678 1792 moris
1698 1774 1715 1799 ,
1745 1734 1870 1803 quia
1894 1733 2134 1802 ejusdem

2247 542 2429 610 ignem
2478 539 2743 611 gehenna:
2789 553 2885 607 per
2938 539 3055 595 lucc
3092 537 3382 595 ostendens
3426 540 3631 599 ruinam.
3665 544 3745 603 Sed

2244 631 2423 688 adhuc
2454 630 2721 685 adversus
2758 628 2958 689 diaboli
3005 628 3317 699 superbiam
3348 643 3506 699 pauca
3534 632 3743 697 dicamus.

2243 721 2599 790 Superbiens,
2642 734 2675 775 o
2734 719 2973 785 diabole,
3015 720 3152 775 dicis
3196 719 3339 791 quod
3384 720 3513 795 ignis
3558 722 3613 779 de
3643 729 3747 783 caelo

2242 812 2527 880 ceciderit,
2558 822 2614 868 et
2642 826 2772 868 oves
2795 812 3176 879 combusserit,
3207 822 3389 880 utpote
3418 824 3501 868 tua
3527 816 3749 877 voluntate

2242 918 2408 975 atque
2439 906 2776 976 operatione.
2802 906 2901 961 Dic
2923 920 3074 977 ergo,
3108 921 3139 961 ο
3175 905 3382 973 infelix,
3422 908 3464 963 si
3494 924 3745 981 superores

2240 998 2342 1055 Job
2375 999 2601 1068 potuisti
2629 1001 2696 1054 de
2725 998 2865 1055 caelo
2898 998 3076 1068 ignem
3124 998 3498 1067 adducereyet
3526 1016 3608 1057 eas
3639 1019 3749 1059 coni-

2240 1093 2463 1147 burere.
2505 1090 2641 1147 Cum
2700 1090 2846 1145 Elias
2899 1088 3068 1146 Deum
3100 1090 3397 1155 invocaret,
3427 1102 3479 1146 et
3510 1107 3597 1162 per
3616 1095 3749 1149 since-

2242 1197 2357 1237 ram
2385 1182 2685 1237 orationem
2733 1180 2911 1249 ignem
2950 1195 3116 1251 super
3170 1180 3533 1237 holocaustum
3567 1185 3622 1236 de
3647 1188 3749 1239 coelo

2241 1274 2558 1337 adduceret,
2590 1282 2668 1339 tu,
2700 1286 2733 1327 o
2759 1272 3069 1326 miserrime
3119 1272 3362 1326 omnium
3401 1271 3638 1327 bonorum
3675 1277 3750 1330 ini-

2241 1367 2403 1433 mice,
2431 1365 2703 1436 quomodo
2738 1379 2845 1419 non
2879 1364 3107 1437 potuisti
3143 1377 3505 1435 compescere,
3534 1366 3607 1423 vel
3635 1383 3750 1422 revo-

2240 1472 2367 1515 care
2393 1457 2542 1513 illum
2577 1455 2779 1527 ignem,
2817 1453 2906 1508 vel
2938 1453 3089 1508 illum
3119 1468 3278 1522 quem
3312 1454 3447 1511 idem
3480 1455 3605 1513 Elius
3630 1473 3752 1529 ειιρυτ

2241 1549 2377 1605 duos
2404 1546 2910 1618 quinquagenarios
2941 1545 3007 1599 de
3057 1546 3197 1600 οωιο
3226 1545 3532 1602 advocavit?
3561 1548 3752 1604 Fuerunt

2241 1654 2478 1709 namque
2537 1639 2610 1693 illi
2663 1637 3121 1710 quinquagenarii
3183 1638 3302 1708 ejus
3360 1640 3752 1710 ministri,atque

2242 1730 2499 1799 nequitis:
2532 1729 2649 1799 ejus
2684 1728 2884 1785 nuntii.
2923 1727 3030 1783 Sed
3071 1737 3127 1785 et
3167 1730 3280 1785 haec
3310 1732 3546 1789 universa
3570 1732 3753 1786 diximus

548 1831 642 1886 Dei
668 1802 752 1886 ira
788 1845 955 1898 super
1012 1802 1065 1884 te
1101 1802 1273 1884 eil‘usa
1322 1838 1428 1891 est,
1461 1827 1619 1898 cujus
1642 1826 1828 1892 etiam,
1864 1834 1923 1880 ut
1973 1840 2137 1895 super
2170 1802 2211 1861 Β
2240 1839 2338 1896 pro
2395 1822 2770 1892 increpatione
2834 1821 3081 1889 diaboli,
3137 1833 3303 1892 atque
3363 1826 3753 1881 condemnatioue

548 1924 690 1990 illos,
720 1924 861 1993 ignis
892 1921 1095 1977 cecidit
1132 1921 1200 1975 de
1225 1921 1389 1979 ccelo.
1418 1919 1539 1975 Non
1577 1919 1720 1990 quod
1750 1920 1815 1973 de
1846 1916 1986 1975 cutio
2043 1933 2134 1973 ce-

547 2015 742 2070 ciderit
774 2016 888 2084 ipse
918 2013 1081 2085 ignis,
1112 2012 1286 2080 absit,
1314 2012 1409 2069 sed
1448 2015 1573 2082 quia
1617 2012 1692 2067 ita
1723 2010 1875 2064 tinxit
1910 2009 2133 2079 nequis.

546 2107 739 2171 sinitis,
765 2114 819 2161 et
844 2107 972 2176 quia
997 2107 1172 2175 ipsum
1202 2104 1449 2160 nuntium
1483 2105 1558 2159 ita
1588 2101 1772 2159 docuit
1796 2102 1979 2160 dicere
2018 2118 2133 2156 ma-

546 2197 880 2268 lignissimus
911 2197 1183 2265 diabolus,
1201 2207 1257 2251 ut
1280 2212 1403 2253 eum
1433 2205 1582 2265 putet
1610 2194 1802 2249 beatus
1823 2194 1944 2261 Job,
1976 2204 2136 2263 atque

544 2291 846 2345 arbitretur
873 2290 1020 2359 quod
1055 2288 1124 2342 de
1174 2289 1314 2344 caele
1334 2304 1364 2343 a
1399 2288 1508 2344 Deo
1530 2288 1649 2343 istae
1681 2286 1923 2343 miseriae
1945 2286 1993 2341 ei
2024 2287 2137 2340 im-

544 2384 926 2451 pingerentur,
950 2391 1005 2437 et
1030 2391 1089 2435 ut
1124 2382 1175 2436 in
1211 2379 1609 2449 blasphemiam
1640 2378 1735 2434 Dei
1782 2388 2132 2435 convertere-

546 2483 680 2527 tur:
714 2471 862 2543 Ignis
886 2472 1074 2527 cecidit
1092 2471 1158 2524 dc
1193 2470 1328 2525 'calo
1379 2480 1429 2524 et
1475 2468 1759 2523 combussit
1817 2486 1959 2524 oves.
2016 2469 2132 2527 Non

543 2574 691 2629 sunt,
721 2563 920 2633 inquit,
964 2573 1193 2619 terrenae
1229 2563 1442 2618 insidiae
1477 2563 1581 2618 hoc
1602 2563 1745 2633 quod
1796 2561 1997 2617 factum
2027 2575 2131 2627 est,

542 2673 578 2712 ο
598 2654 722 2720 Job,
745 2656 842 2711 sed
868 2655 1109 2710 caelestis
1136 2664 1220 2710 est
1250 2654 1423 2708 furor.
1464 2652 1584 2709 Non
1609 2663 1695 2709 est
1722 2654 1977 2710 violentia
2023 2655 2135 2710 hare

544 2747 809 2813 humana,
844 2750 940 2802 sed
965 2746 1224 2803 contritio
1253 2754 1337 2801 est
1367 2744 1572 2800 divina.
1610 2746 1667 2801 Si
1711 2746 1859 2803 enim
1902 2747 1953 2799 in
1981 2748 2134 2800 habi-

547 2840 740 2895 taculis
770 2841 873 2896 hoc
898 2840 1193 2905 evenisset,
1221 2837 1541 2893 crederetur
1570 2838 1717 2907 quod
1760 2836 1947 2893 volens
1984 2838 2131 2907 quis,

543 2932 631 2988 vel
668 2932 856 2987 nolens
888 2932 1033 2987 hunc
1058 2930 1403 2987 succenderit
1432 2930 1629 3000 ignem.
1658 2928 1814 2985 Nunc
1848 2944 1979 2985 vero
2009 2945 2132 2986 cum

544 3025 602 3079 in
632 3023 949 3088 solitudine,
988 3023 1189 3092 inquit,
1236 3036 1511 3089 essemus,
1544 3022 1597 3076 iu
1647 3021 1867 3079 modum
1922 3023 2135 3095 sagitta:

544 3116 684 3186 ignis
712 3116 779 3173 de
801 3114 942 3170 casio
969 3129 1132 3183 super
1162 3128 1262 3169 nos
1290 3112 1497 3169 eifusus
1528 3122 1694 3183 atque
1736 3112 2007 3182 jacuiatus
2027 3124 2130 3185 est,

543 3218 604 3263 ut
636 3223 735 3263 nec
767 3206 1038 3276 fugientes
1062 3203 1366 3276 ell‘ugerent
1388 3246 1402 3271 ,
1446 3219 1549 3260 nec
1576 3206 1896 3263 resistentes
1944 3208 2137 3265 evade-

543 3311 684 3356 rent.
722 3298 893 3370 lgnis,
936 3298 1135 3368 inquit,
1174 3298 1363 3352 cecidit
1409 3298 1473 3351 de
1501 3297 1654 3356 caelo.
1681 3297 1798 3353 Non
1864 3301 2134 3368 mentiris,

538 3391 839 3454 odiabole,
876 3393 1019 3460 quod
1076 3389 1220 3461 ignis
1272 3389 1471 3444 cecidit
1526 3390 1593 3445 de
1652 3389 1815 3456 casio,
1870 3391 1967 3446 sed
2027 3405 2133 3447 non

541 3498 702 3552 quem
731 3482 875 3536 Deus
908 3483 1172 3546 mitteret,
1215 3482 1311 3537 sed
1346 3496 1506 3551 quem
1555 3491 1611 3536 tu
1672 3481 1876 3537 tinxisti
1936 3483 1989 3537 in
2048 3484 2131 3538 di—

540 3588 730 3630 versas
776 3574 975 3643 ﬁguras
1026 3574 1367 3628 immutando
1426 3573 1796 3643 temetipsum,
1842 3574 2134 3643 aliquando

540 3666 597 3721 in
654 3665 963 3735 praedones,
1015 3664 1307 3733 aliquando
1370 3664 1422 3718 in
1464 3665 1670 3735 ignem,
1731 3665 2027 3734 aliquando
2079 3667 2133 3721 in

540 3759 644 3815 tria
672 3773 874 3815 cornua
910 3757 1153 3827 equitum
1197 3773 1211 3809 :
1245 3757 1376 3812 item
1409 3770 1539 3813 vero
1568 3758 1621 3812 in
1666 3757 1858 3813 ultimo
1918 3759 1971 3814 in
2022 3761 2135 3830 spi-

540 3853 707 3908 ritum
731 3862 971 3922 quatuor
994 3849 1224 3921 angulos
1279 3849 1475 3905 domus
1528 3858 1863 3920 tangentem.
1901 3850 1968 3906 Et
2024 3866 2131 3906 non

538 3954 624 3999 est
652 3944 848 4001 mirum
887 3943 1031 4011 quod
1087 3941 1384 4012 permissus
1431 3942 1483 3997 in
1540 3950 1720 3997 tantas
1781 3942 1986 4011 ﬁguras
2033 3945 2133 3998 im-

539 4037 839 4091 mutaveris
892 4035 1237 4105 temetipsum
1270 4074 1287 4101 ,
1350 4049 1475 4088 cum
1520 4043 1577 4089 et
1622 4049 1810 4090 coram
1868 4035 1983 4105 ipso
2030 4035 2133 4090 Do-

540 4129 688 4184 mino
743 4130 795 4183 in
846 4143 1009 4183 omne
1058 4141 1286 4197 regnum
1334 4127 1486 4185 orbis
1509 4133 1672 4181 terra:
1724 4127 1899 4196 ipsum
1936 4126 2132 4181 immu-

539 4223 705 4277 tando
734 4220 1194 4286 simulaveris,et
1245 4219 1350 4274 hoc
1403 4220 1456 4273 in
1505 4228 1784 4274 momento
1848 4218 2126 4287 temporis,

541 4313 644 4367 hoc
674 4321 777 4378 est,
810 4311 1013 4377 subito,
1046 4319 1268 4380 repente
1304 4319 1471 4379 atque
1518 4310 1787 4365 velociter
1845 4310 1987 4381 ignis
2040 4325 2131 4367 ce-

538 4402 676 4459 cidit
713 4404 778 4456 de
806 4402 967 4457 coelo.
992 4400 1108 4456 Non
1143 4401 1453 4468 mentiaris,
1483 4415 1516 4454 ο
1545 4402 1860 4458 miserrime
1886 4405 2127 4459 omnium

538 4494 807 4553 bonorum
870 4494 1092 4549 inimice
1149 4508 1163 4545 :

536 4587 828 4656 iniquitate
856 4599 1153 4641 succensus
1179 4593 1282 4638 est.
1313 4584 1415 4646 Tu,
1463 4584 1659 4653 inquit,
1692 4600 1770 4648 es,
1813 4600 1847 4639 o
1886 4584 2119 4651 diabole,

538 4677 681 4747 ignis
716 4676 830 4746 ipse
864 4677 954 4745 qui
989 4677 1054 4730 de
1080 4674 1220 4730 ctelo
1248 4675 1467 4740 cecidit,
1496 4675 1588 4743 qui
1626 4675 1942 4730 innumeros
1999 4675 2123 4745 igne

536 4777 886 4840 peccatorum
914 4769 1192 4823 immundo
1220 4766 1529 4822 succendis.
1560 4766 1641 4820 Tu
1665 4782 1726 4822 es
1755 4767 1870 4837 ipse
1894 4768 2056 4838 ignis,
2088 4784 2122 4824 o

538 4862 776 4927 diabole,
797 4861 889 4931 qui
915 4861 1180 4930 gehenan
1206 4859 1315 4930 igni
1336 4859 1601 4928 plurimos
1617 4868 1930 4928 peccatores
1960 4860 2118 4926 facis,

537 4955 624 5010 cui
650 4954 792 5025 ignis
821 4965 875 5008 et
908 4956 1143 5008 tenebrae
1190 4953 1356 5024 digne
1396 4963 1745 5010 reservantur
1790 4968 1900 5022 prae
1939 4956 2119 5008 omni-

536 5047 661 5103 bus.
694 5045 775 5099 Tu
812 5060 875 5101 es
921 5048 1035 5114 ipse
1060 5046 1219 5116 ignis,
1247 5062 1281 5101 ο
1316 5046 1553 5115 diahole,
1587 5046 1683 5117 qui
1713 5062 1835 5101 cum
1868 5049 1933 5103 de
1962 5050 2119 5107 cmlis

540 5140 943 5207 descendisses,
980 5142 1032 5194 in
1088 5140 1266 5194 medio
1321 5140 1587 5193 montium
1630 5140 1911 5207 igneorum
1945 5143 2122 5213 proje—

540 5246 660 5291 ctus
692 5249 771 5301 es,
807 5234 949 5289 sicut
984 5233 1175 5288 dicunt
1199 5243 1510 5288 sanctorum
1537 5234 1778 5288 oracula.
1809 5233 1887 5289 Tu
1914 5251 1974 5291 es
2008 5236 2120 5305 ipse

538 5327 703 5397 ignis,
732 5342 893 5397 quem
939 5328 1102 5382 etiam
1129 5327 1242 5397 ipse
1272 5326 1538 5385 Dominus
1572 5327 1804 5398 fulguris
1844 5329 1953 5398 igni
1988 5344 2119 5384 coni-

538 5418 807 5480 siinilans,
844 5427 1005 5486 atque
1059 5420 1125 5472 de
1186 5416 1325 5472 cutio
1377 5417 1661 5474 cadentem
1712 5423 2113 5485 demonstrans,

538 5509 706 5563 dicit:
743 5508 866 5563 Vidi
917 5509 1174 5565 Satanam
1221 5524 1473 5581 tanquam
1530 5510 1709 5580 fulgur
1742 5511 1807 5564 de
1854 5512 1982 5565 caelo
2034 5528 2120 5565 ca-

536 5607 743 5657 dentem
760 5602 848 5657 "‘.
890 5603 1014 5658 lianc
1067 5604 1324 5661 nimirum
1358 5605 1631 5671 universa,
1662 5605 1812 5672 quia,
1856 5604 1993 5658 dixit
2021 5620 2116 5659 nc-

613 5782 657 5812 "
689 5779 824 5838 Gen.
854 5795 964 5845 xxx,
1000 5782 1090 5835 ΕΗ.
1169 5782 1232 5813 ²⁸”
1276 5782 1404 5837 Luc.
1437 5780 1603 5845 x,18.
1682 5781 1721 5811 "'
1758 5779 1913 5847 Jobt,
1954 5780 2036 5834 Π.

2239 1913 2483 1985 maligni.
2518 1914 2715 1969 Beatus
2753 1920 2935 1967 autem
2966 1910 3071 1967 Job
3113 1913 3243 1981 quid
3272 1914 3590 1983 responderit
3614 1914 3754 1969 audia-

2239 2022 2386 2071 mus,
2412 2004 2687 2075 quomodo
2702 2003 3092 2059 comminuerit
3126 2003 3418 2059 secundam
3449 2002 3626 2058 luroris
3646 2003 3753 2057 illius

2236 2098 2513 2166 sagittam,
2551 2093 2824 2165 quomodo
2852 2092 3133 2148 transierit
3164 2092 3333 2163 iniqui
3370 2093 3506 2148 illius
3550 2096 3752 2163 impetum

2237 2196 2356 2257 post
2397 2188 2632 2257 priorem
2694 2185 2922 2239 alterum
2993 2199 3086 2255 per
3159 2185 3455 2240 tolerantia}
3521 2183 3752 2247 allectum,

2236 2280 2688 2349 quemadmodum
2716 2286 2769 2331 et
2796 2286 2989 2331 caetera
3037 2277 3308 2333 universa.
3336 2274 3611 2347 Respondit
3642 2290 3754 2328 llalll-

2237 2386 2341 2440 que
2370 2370 2417 2426 ei
2444 2370 2535 2441 qui
2576 2368 3007 2424 veneratdicens
3038 2385 3051 2421 :
3086 2368 3148 2422 Et
3175 2369 3297 2438 quis
3333 2382 3417 2422 me
3444 2370 3539 2422 crit
3559 2366 3754 2435 inajor,o

2241 2463 2427 2527 homo,
2454 2460 2539 2516 vel
2587 2461 2711 2532 quis
2745 2474 2833 2516 me
2866 2460 3172 2529 gloriosior,
3211 2476 3244 2514 ο
3271 2460 3390 2514 vir?
3427 2457 3480 2514 Si
3519 2459 3672 2528 itaque
3697 2464 3755 2511 est

2240 2569 2368 2609 vere
2417 2555 2562 2624 quod
2617 2552 2757 2624 ignis
2806 2552 3033 2608 veniens
3085 2553 3151 2609 de
3196 2551 3337 2607 cmlo
3388 2566 3566 2606 omnes
3610 2563 3754 2621 greges

2241 2659 2393 2699 meos
2436 2644 2838 2715 consumpserit
2876 2645 3043 2711 illico,
3100 2644 3307 2715 gratias
3350 2644 3423 2697 illi
3470 2643 3554 2713 qui
3599 2642 3755 2711 paritur

2242 2751 2433 2791 omnes
2467 2750 2596 2793 oves
2629 2751 2779 2791 meas
2829 2735 3079 2807 protinus
3123 2736 3177 2789 in
3211 2734 3537 2806 acceptabile
3569 2730 3755 2799 suscepit

2240 2829 2644 2885 holocaustum.
2692 2826 2828 2882 Nam
2872 2842 2992 2899 qua:
3041 2843 3161 2898 ego,
3223 2828 3422 2899 inquit,
3458 2842 3547 2899 per
3589 2822 3753 2895 singula

2237 2935 2478 2991 tempora
2503 2920 2790 2977 oblaturus
2818 2935 2993 2987 eram,
3031 2921 3144 2976 lucc
3179 2921 3436 2977 videlicet
3457 2920 3604 2989 elegit
3629 2918 3752 2979 Dcus,

2237 3023 2295 3067 ut
2323 3014 2511 3069 statim
2542 3014 2753 3082 pariter
2786 3013 2838 3067 in
2876 3029 2986 3071 uno
3020 3013 3329 3083 susciperet
3383 3013 3664 3067 holocausta
3686 3022 3755 3078 per

2239 3106 2417 3177 ignem
2451 3105 2541 3174 qui
2572 3105 2640 3159 de
2678 3103 2819 3161 c0310
2854 3104 3051 3160 missus
3076 3115 3181 3159 est.
3215 3102 3407 3159 Omnis
3445 3116 3653 3172 namque
3686 3117 3755 3153 ac-

2239 3198 2526 3270 ceptabilis
2575 3198 2779 3267 hostia,
2840 3213 2935 3270 per
2986 3197 3166 3270 ignem
3222 3198 3317 3268 qui
3372 3199 3587 3267 desuper
3634 3192 3756 3247 fuerit

2240 3296 2439 3351 missus
2476 3295 2776 3367 suscipitur
2835 3304 3001 3365 atque
3062 3296 3428 3350 consumitur.
3474 3292 3611 3360 Quod
3648 3289 3754 3343 enim

2238 3387 2475 3456 plurimo
2523 3398 2769 3457 tempore
2800 3401 2953 3441 eram
3000 3386 3267 3453 facturus,
3301 3386 3402 3441 hoc
3436 3384 3659 3439 nimirum
3689 3392 3751 3430 ac-

2237 3479 2482 3535 celerans
2519 3493 2626 3533 uno
2683 3490 2927 3548 tempore
2976 3479 3213 3549 suscepit
3261 3480 3421 3533 Deus.
3458 3476 3519 3529 Et
3552 3473 3655 3542 quis
3696 3482 3756 3521 me

2238 3573 2449 3627 beatior
2500 3573 2602 3628 sub
2659 3570 2845 3626 coelo?
2887 3570 3027 3626 Ante
3077 3569 3380 3638 paululum,
3433 3567 3611 3636 inquit,
3656 3560 3753 3631 juga

2235 3664 2400 3720 boum
2435 3665 2688 3721 universa
2729 3664 2975 3733 protinus
3032 3662 3166 3716 mihi
3210 3672 3467 3718 mactata.
3509 3659 3625 3714 item
3651 3664 3757 3708 nunc

2235 3776 2429 3832 greges
2453 3761 2635 3815 ovium
2663 3774 2854 3815 omnes
2892 3761 3097 3829 pariter
3123 3759 3403 3815 combussi
3439 3765 3491 3812 et
3516 3747 3754 3809 immolavi.

2233 3852 2303 3908 Et
2333 3854 2469 3916 haec,
2537 3851 2737 3921 inquit,
2799 3851 2911 3905 Deo
2958 3850 3193 3921 eiigente
3246 3849 3437 3905 obtuli.
3467 3846 3567 3902 Sed
3622 3842 3758 3897 adhuc

2235 3950 2531 4013 supersunt
2560 3941 2777 4008 cameli,
2820 3942 2912 4011 qui
2951 3940 3083 3994 mihi
3121 3942 3186 3995 ad
3230 3938 3631 3995 transactionem
3663 3942 3757 4001 pro-

2235 4035 2441 4101 liciant,
2474 4042 2642 4104 atque
2669 4032 2723 4085 in
2756 4033 2881 4085 vita:
2907 4031 3363 4087 sustentationem
3389 4029 3652 4085 sufﬁciant.
3678 4022 3756 4075 Sed

2232 4142 2355 4181 cum
2400 4127 2517 4183 iure
2565 4125 2833 4193 cogitaret
2860 4130 2916 4178 et
2944 4122 3267 4192 loqueretur
3312 4122 3434 4185 Job,
3467 4130 3617 4188 atque
3659 4124 3753 4165 cum

2232 4218 2492 4289 patientia
2550 4214 2919 4273 intolerabiles
2981 4215 3078 4270 Itas
3136 4216 3437 4269 sustineret
3491 4212 3670 4281 plagas»
3717 4210 3756 4253 θι

2234 4312 2543 4365 nullatenus
2566 4308 2948 4364 succumberet
2982 4307 3204 4375 maligni
3233 4303 3625 4364 tentationibus,
3651 4295 3757 4349 alius

2234 4403 2455 4459 nuntius
2484 4403 2627 4461 venit
2661 4404 2729 4460 ad
2756 4401 2880 4469 Job,
2906 4402 3117 4459 etdixit
3145 4401 3211 4455 ad
3248 4416 3373 4456 eum
3400 4414 3414 4452 :
3448 4396 3659 4453 luaniter
3686 4383 3754 4439 tibi

1237 4508 1343 4547 non
1385 4506 1415 4545 a
1478 4492 1589 4547 Deo
1647 4493 1870 4555 missus,
1901 4494 1992 4548 sed
2038 4503 2126 4547 tua
2163 4503 2203 4556 ι)
2237 4495 2522 4561 blandiris,
2548 4512 2581 4551 ο
2607 4494 2730 4561 Job,
2764 4495 2911 4564 quod
2947 4494 3186 4549 camelos
3215 4508 3318 4563 pro
3361 4493 3483 4546 vita:
3534 4490 3757 4541 sustenta-

2234 4590 2379 4641 tiune
2409 4588 2631 4652 habeas,
2660 4598 2716 4643 et
2749 4588 2893 4658 quod
2936 4588 2990 4642 in
3032 4603 3128 4655 spe
3164 4582 3547 4643 transactionis
3579 4574 3661 4631 tibi
3687 4584 3756 4623 δυο

2232 4680 2444 4748 persiat
2471 4698 2486 4735 :
2522 4678 2738 4751 Equites
2772 4680 2916 4736 enim
2954 4680 3187 4747 fecerunt
3235 4696 3433 4733 cornua
3462 4676 3579 4739 (ria,
3611 4680 3649 4723 et
3680 4666 3755 4719 cir-

2232 4771 2611 4826 cumdederunt
2646 4770 2896 4837 camelos,
2934 4780 2981 4825 et
3020 4770 3246 4839 prwdati
3296 4780 3416 4824 sum
3449 4779 3572 4821 eos:
3600 4768 3642 4814 et
3676 4767 3753 4806 ηοη

2231 4864 2402 4916 solum
2429 4864 2547 4930 hoc,
2583 4865 2674 4917 sed
2713 4874 2760 4918 et
2786 4880 2977 4933 pueros
3009 4866 3314 4917 occiderunt
3356 4863 3408 4914 in
3432 4875 3515 4913 ore
3540 4853 3699 4926 gladii,
3721 4860 3755 4902 ιι

2229 4955 2367 5006 evasi
2401 4970 2493 5023 ego
2528 4954 2695 5020 solus,
2737 4965 2782 5009 et
2812 4954 2925 5008 veni
2952 4964 3004 5007 ut
3030 4956 3327 5007 nuntiarem
3354 4954 3445 5004 tibi
3466 4951 3527 5001 ³³.
3545 4948 3754 5013 Propter-

2229 5062 2315 5108 ea,
2361 5047 2557 5116 inquit,
2591 5047 2738 5101 evasi
2764 5061 2864 5115 ego
2889 5046 3036 5102 solus
3068 5058 3229 5116 atque
3263 5047 3452 5112 reSIiti,
3484 5052 3536 5098 ut
3573 5040 3617 5096 id
3648 5030 3755 5107 quod

2226 5140 2475 5209 contigit,
2517 5143 2801 5210 cognitum
2834 5140 3070 5195 iacerem
3098 5142 3217 5205 tibi,
3250 5150 3305 5195 et
3330 5150 3388 5194 ut
3421 5137 3555 5208 quod
3587 5138 3753 5204 gestum

2225 5245 2311 5289 est
2353 5236 2447 5290 tibi
2479 5250 2816 5290 enarrareni.
2852 5235 3044 5303 Boves,
3089 5236 3289 5305 inquit,
3315 5246 3371 5289 et
3410 5233 3582 5288 asinos
3607 5218 3753 5297 perdi—

2225 5326 2580 5393 disti,oJob,
2637 5343 2832 5399 greges
2883 5330 3063 5383 ovium
3118 5343 3331 5383 tuarum
3386 5325 3589 5383 caelitus
3633 5328 3752 5370 com-

2225 5420 2370 5476 busti
2405 5428 2554 5487 sunt,
2590 5434 2719 5475 ecce
2745 5428 2798 5475 et
2827 5435 2972 5475 nunc
3019 5430 3141 5489 post
3177 5421 3266 5475 illa
3297 5422 3474 5474 omnia
3509 5407 3753 5469 novissima

2229 5512 2617 5569 transactionis
2657 5526 2806 5581 spes,
2838 5513 3034 5568 cameli
3068 5513 3239 5569 ablati
3282 5524 3407 5567 sunt
3438 5508 3551 5564 tibi.
3590 5500 3753 5557 Prima.

2228 5608 2429 5676 inquit,
2459 5607 2619 5678 plaga
2648 5624 2743 5678 per
2771 5610 3074 5678 praedones,
3109 5609 3344 5665 secunda
3380 5621 3474 5677 per
3502 5604 3659 5672 ignoui
3682 5596 3751 5661 ηυί
