3942 6514
248 373 352 431 625

1381 349 1771 430 mammas
1808 367 1873 423 IN
1913 367 2053 427 ποθ.
2100 404 2166 414 -
2206 362 2337 431 Ltu.
2379 378 2418 431 ι.

3419 377 3525 436 ἇξϐ

245 502 314 553 de
342 494 485 551 caelo
519 496 739 555 cecidit.
773 506 881 550 non
930 495 1073 561 quod
1107 504 1173 549 de
1208 494 1349 550 cado
1375 495 1469 549 hic
1500 496 1642 567 ignis
1685 496 1825 549 ceci-
1862 497 1909 552 Α
1943 500 2297 570 unusquisque
2330 503 2399 556 ad
2430 512 2648 559 uxorem
2692 504 2922 573 proximi
2983 506 3066 560 sui
3118 507 3425 561 hiuuicbaut
3452 509 3520 561 ’⁷.

244 593 408 654 derit,
460 589 554 645 sed
600 592 724 659 quia
773 590 844 646 ita
900 590 1141 650 tinxerit,

242 684 516 747 docuerit,
540 692 598 737 ut
628 684 792 740 Deum
820 685 965 738 circa
998 683 1100 739 Job
1132 690 1436 749 accusaret,
1464 682 1641 737 eNob
1665 682 1830 737 Deum

241 777 560 848 hlasphema
572 792 629 833 re
654 778 1027 847 compelleret.
1048 779 1231 833 Tertia
1260 794 1391 851 ergo
1417 786 1514 848 per
1542 780 1644 834 tria
1679 781 1833 850 equi-

246 882 367 924 tum
398 885 629 934 cornua,
659 871 749 940 qui
786 870 1025 925 camelos
1066 870 1468 926 cireutndantes
1498 872 1833 927 extermina-

247 973 474 1016 verunt.
515 961 696 1017 Prima
725 968 854 1035 ergo
880 978 977 1032 per
1005 965 1284 1035 prtedones
1312 964 1498 1033 procul
1532 965 1701 1018 dubio
1733 980 1829 1033 pe-

238 1056 482 1119 destres.
520 1057 754 1111 secunda
800 1072 894 1127 per
920 1058 1096 1127 ignem
1129 1057 1365 1126 desuper
1386 1059 1823 1125 comburentem,

244 1147 411 1202 tertia
444 1154 540 1217 per
565 1148 812 1218 equitum
884 1151 985 1205 tria
1026 1156 1230 1205 cornua
1263 1152 1355 1221 qni
1387 1150 1629 1205 camelos
1676 1164 1830 1221 prte-

235 1239 352 1293 dati
388 1249 539 1294 sunt.
582 1232 815 1305 Omnia,
860 1241 1069 1310 inquit,
1118 1242 1233 1296 ltzec
1275 1244 1464 1313 jaceus
1494 1241 1822 1302 sustinebis,

230 1328 602 1388 Jub?0muia
653 1332 770 1388 haec
820 1334 1099 1403 patienter
1153 1335 1519 1405 supportabis,
1562 1349 1595 1386 o
1628 1332 1827 1387 homo?

231 1424 472 1488 Caelum,
504 1426 699 1497 inquit,
732 1437 785 1482 et
810 1437 954 1482 terra
985 1428 1271 1483 adversmn
1302 1435 1353 1483 te
1387 1428 1823 1491 insurrexerunt,

229 1528 286 1571 et
326 1511 498 1571 siles?
546 1518 627 1571 Ad
678 1518 1049 1574 dimicandum
1100 1528 1292 1574 contra
1345 1529 1397 1573 te
1438 1519 1536 1574 Dei
1588 1521 1823 1589 imperio

230 1620 444 1662 armata
477 1618 623 1672 sunt,
655 1618 708 1664 et
742 1611 925 1665 taces?
952 1611 1120 1677 Alter,
1160 1610 1356 1681 inquit,
1394 1614 1609 1665 nuntius
1663 1614 1799 1666 venit

226 1704 301 1753 ad
324 1698 454 1762 Job,
490 1700 647 1765 alter,
684 1711 809 1770 pOSl
847 1701 1103 1770 primum.
1137 1708 1365 1756 numero
1395 1714 1533 1757 vero
1568 1703 1763 1757 tertius
1800 1717 1813 1754 :

226 1793 375 1848 alter
409 1795 463 1847 in
517 1794 785 1860 nequitia,
819 1794 1013 1849 tertius
1060 1810 1190 1849 vero
1229 1792 1281 1850 in
1313 1796 1691 1852 enuntiatione
1728 1796 1822 1851 tui-

225 1887 413 1941 seriaa.
446 1883 585 1941 Istos
625 1898 861 1956 namque
891 1886 1255 1955 nequissimos
1304 1888 1525 1943 nuntios
1571 1889 1822 1944 miseria-
1854 1863 1895 1917 Β

227 1992 353 2031 rum
383 1979 798 2034 annuntiatdres
819 1989 983 2049 atque
1013 1980 1276 2034 malorum
1305 1992 1671 2049 suggestores,
1704 1992 1824 2035 tan-

223 2078 395 2138 quam
429 2070 586 2124 home
608 2070 1011 2139 meditationis
1041 2072 1286 2135 nuntios,
1310 2066 1564 2125 mittebat
1602 2072 1823 2141 nequis-

221 2163 428 2219 simus.
476 2162 624 2229 Quos
666 2162 830 2217 etiam
884 2163 1004 2217 ideo
1060 2170 1356 2232 superesse
1409 2162 1559 2227 fecit,
1596 2175 1655 2217 ut
1706 2162 1824 2232 ejus

224 2256 443 2310 malitia
485 2255 618 2311 huic
666 2255 1015 2310 miseriarum
1058 2246 1457 2310 denttnti'ationi
1495 2257 1819 2312 deserviret.

220 2332 344 2397 Non
380 2342 530 2397 enim
561 2340 738 2413 angeli
772 2342 1013 2408 luerunt,
1049 2343 1189 2398 sicut
1214 2344 1437 2413 quidam
1462 2345 1819 2415 arbitrantur,

218 2444 405 2506 neque
434 2436 713 2506 spiritales
743 2437 1040 2501 daemones,
1069 2438 1164 2493 sed
1205 2438 1457 2494 homines
1498 2439 1718 2509 quidam
1753 2455 1819 2496 ex

219 2526 450 2583 famulis
485 2524 609 2593 Job,
644 2530 951 2584 conservati
998 2530 1069 2585 ab
1107 2530 1442 2595 adversario,
1482 2540 1650 2601 atque
1694 2544 1821 2587 suc-

216 2622 376 2678 censi
410 2635 440 2675 a
484 2620 703 2676 diabolo
732 2619 799 2676 ad
833 2619 1057 2676 dicenda
1102 2622 1281 2675 omnia
1312 2635 1378 2677 ac
1420 2622 1689 2689 facienda,
1725 2636 1823 2693 per

214 2729 347 2784 qua:
380 2722 610 2785 possent
651 2714 753 2771 Job
794 2716 1121 2771 subvertere
1161 2716 1229 2770 ad
1266 2712 1364 2772 Dei
1398 2712 1819 2787 blasphemiam.

213 2806 451 2863 Tertius
487 2821 619 2879 ergo
662 2807 751 2863 hic
798 2808 1021 2863 nuntius
1056 2805 1204 2871 venit
1249 2808 1319 2863 ad
1355 2804 1478 2870 Job.
1526 2818 1581 2863 et
1627 2809 1822 2864 tertius

214 2899 432 2955 doloris
455 2915 633 2971 pra-co
655 2899 729 2955 illi
752 2898 1001 2965 effectus,
1021 2901 1216 2956 tertius
1235 2902 1581 2967 memoravit,
1596 2902 1782 2957 dicens
1804 2920 1817 2957 :

218 2993 449 3065 Equites
479 2996 717 3061 fecerunt
756 2997 861 3049 tria
903 3008 1129 3049 cornua.
1159 2994 1260 3062 Qui
1290 2995 1527 3065 equites,
1552 3009 1587 3050 ο
1619 2994 1821 3050 homo?

215 3079 474 3138 Mentiris
491 3086 653 3139 etiam
683 3084 805 3140 istic
828 3094 882 3141 et
929 3085 982 3140 in
1031 3087 1245 3151 ovibus,
1277 3101 1399 3140 cum
1428 3085 1642 3141 diceres
1675 3084 1819 3158 quod

1214 602 1377 660 atque
1426 591 1496 643 ita
1568 589 1836 660 malignus

1945 588 2038 643 isti
2078 606 2209 662 ergo
2241 595 2376 648 tales
2415 604 2540 648 sunt
2572 597 2695 666 equi
2728 597 2949 664 diaboli,
2980 598 3067 652 isti
3098 609 3226 653 sunt
3250 600 3375 670 equi
3408 617 3523 654 ma-

1943 682 2092 751 ligni,
2116 694 2171 739 et
2207 687 2294 740 isti
2323 703 2511 743 omnes
2543 691 2632 759 qui
2663 689 2904 760 ejusdem
2937 693 3191 745 serviunt
3220 693 3520 760 iniquitati,

1944 775 2029 829 isti
2057 792 2285 846 quorum
2328 781 2490 847 pedes
2521 782 2573 835 in
2616 782 2997 852 iniquitatibus
3038 793 3289 841 currunt.
3329 784 3524 857 llujuso

1942 867 2084 922 modi
2112 885 2345 941 namque
2371 887 2635 942 equorum
2667 876 2832 941 pedes
2856 874 3069 929 veloces
3092 884 3219 931 sunt
3254 876 3319 929 ad
3351 875 3523 931 ellua—

1939 960 2176 1015 dendum
2206 964 2548 1033 sanguinem.
2578 964 2801 1034 Equites
2831 975 2957 1020 sunt
2984 968 3296 1035 nequissimi
3320 969 3521 1023 daemo.

1940 1064 2037 1107 nes
2098 1063 2263 1125 atque
2314 1057 2458 1111 aerei
2508 1058 2759 1127 spiritus.
2814 1057 2962 1114 Talis
3016 1062 3160 1114 enim
3217 1077 3389 1129 equus
3420 1062 3521 1115 fuit

1944 1144 2075 1201 olim
2114 1146 2635 1217 Nabuchodonosor,
2660 1155 2753 1208 sed
2792 1168 2894 1208 non
2920 1153 3145 1223 jugitcr.
3179 1156 3274 1208 sed
3310 1165 3516 1224 septem

1936 1241 2098 1295 anuis
2158 1242 2389 1309 tantum,
2419 1243 2617 1312 quibus
2650 1259 2680 1297 a
2716 1244 3067 1314 aequissimis
3120 1244 3414 1313 equitibus,
3466 1247 3516 1298 id

1934 1342 2018 1385 est
2046 1333 2405 1398 daemonibus,
2460 1335 2826 1403 imparcenter
2874 1346 2956 1392 est
3013 1337 3339 1406 exagitatus.
3373 1335 3519 1392 Talis

1933 1436 2104 1494 equus
2133 1426 2234 1480 fuit
2258 1438 2313 1482 et
2343 1426 2434 1482 ille
2467 1429 2557 1497 qui
2590 1428 2643 1482 in
2678 1428 2992 1500 Evangeliis
3022 1446 3049 1484 a
3085 1430 3295 1499 legione
3322 1430 3519 1485 simili-

1935 1526 2018 1574 ter
2053 1535 2153 1590 per
2177 1520 2391 1575 deserta
2435 1530 2492 1576 et
2519 1536 2617 1590 per
2650 1533 2863 1577 montes
2890 1523 3191 1591 urgebatur
3222 1524 3396 1579 donec
3420 1539 3518 1580 ve-

1933 1608 2090 1663 niens
2142 1608 2404 1663 Dominus
2453 1609 2572 1664 illos
2607 1611 2825 1680 quidem
2870 1610 3043 1667 malos
3080 1613 3311 1683 equites,
3352 1613 3404 1668 id
3434 1623 3520 1670 est

1933 1702 2233 1768 dtemones,
2267 1692 2543 1771 eli‘ugavit,
2592 1711 2648 1756 et
2700 1703 2849 1757 illum
2928 1705 3186 1759 miserum
3244 1706 3513 1761 liberavit.

1930 1792 2147 1862 Aliique
2184 1793 2455 1847 innumeri
2510 1811 2538 1845 a
2594 1794 2814 1860 saeculo,
2848 1796 2938 1849 alii
2986 1808 3197 1866 aperte,
3256 1798 3346 1853 alii
3386 1814 3518 1855 vero

1925 1886 2155 1947 occulte,
2210 1885 2425 1941 diverse
2472 1896 2537 1941 ac
2592 1886 2741 1941 varie
2790 1888 3097 1945 damunum
3150 1890 3276 1959 equi
3332 1888 3511 1953 etl'ecti

1926 1989 2053 2033 sunt
2085 1997 2099 2033 :
2134 1980 2331 2047 quibus
2368 1980 2641 2035 universis
2668 1996 2795 2035 cum
2818 1992 3003 2037 essent
3047 1982 3306 2037 immundi
3348 1994 3515 2053 atque

1924 2071 2315 2135 exsecrabiles,
2342 2072 2393 2126 iu
2422 2073 2581 2125 malis
2610 2072 2689 2126 usi
2719 2074 2946 2128 suntcis
2976 2075 3291 2144 nequissimi
3316 2075 3514 2130 daemo-

1926 2173 2044 2223 nes,
2074 2158 2197 2213 aliis
2227 2172 2361 2214 sane
2390 2160 2458 2215 ad
2492 2164 2839 2218 velocitatem
2884 2164 3160 2220 homicidii
3199 2178 3255 2220 et
3285 2166 3511 2237 sangui—

1925 2251 2032 2317 nis,
2060 2251 2453 2309 devastationis
2478 2269 2695 2325 quoque
2728 2266 2895 2326 atque
2946 2258 3269 2328 nequissimi
3303 2258 3509 2323 livoris,

1924 2352 1978 2396 et
2003 2343 2245 2398 omnium
2278 2360 2401 2416 qua!
2425 2345 2681 2403 voluntas
2724 2348 2921 2405 diaboli
2955 2352 3120 2420 atque
3150 2366 3288 2421 opus
3320 2352 3508 2423 exige-

1925 2435 2036 2490 bat.
2069 2437 2146 2491 De
2188 2437 2307 2493 istis
2336 2453 2467 2509 ergo
2494 2440 2774 2509 equitibus
2811 2435 2945 2497 dicit
2990 2442 3110 2497 istic
3139 2460 3153 2496 :
3183 2442 3402 2512 Equites
3437 2446 3511 2515 [es

1922 2539 2107 2583 ceruus
2163 2532 2269 2584 tria
2322 2548 2523 2586 cornua
2547 2544 2632 2588 :et
2658 2534 3130 2592 circumdederunt
3159 2540 3409 2596 camelos.
3440 2540 3509 2596 Et

1922 2634 2025 2676 cur
2054 2622 2156 2677 tria
2184 2638 2414 2687 cornua.
2442 2633 2498 2680 ct
2526 2640 2631 2680 non
2656 2628 2937 2696 quatuor?
2963 2627 3044 2685 Ob
3072 2629 3177 2686 hoc
3210 2633 3337 2702 quia
3370 2647 3511 2703 quad

1925 2721 2049 2767 tuor
2078 2716 2387 2770 reservavit
2432 2732 2533 2787 pro
2568 2728 2807 2787 quatuor
2852 2720 3045 2776 domus
3091 2724 3305 2792 angulis
3337 2726 3405 2780 ad
3427 2726 3511 2782 im

1924 2804 2273 2862 terliciendos
2312 2807 2434 2878 ejus
2473 2808 2630 2865 lilios.
2664 2810 2743 2866 Ob
2778 2812 2883 2866 hoc
2932 2828 3062 2883 ergo
3124 2831 3230 2871 non
3274 2827 3512 2887 quatuor

1922 2899 2021 2955 sed
2052 2898 2155 2953 tria
2189 2913 2399 2955 cornua
2434 2902 2700 2967 fecerunt,
2726 2903 2831 2960 hoc
2860 2914 2938 2959 est
2976 2904 3276 2973 tinxerunt,
3328 2912 3509 2967 consi-

1923 2993 2290 3061 mulaverunt,
2331 3008 2705 3062 armaverunt.
2754 3010 2939 3070 utpote
2987 3002 3200 3070 equites
3229 3003 3385 3072 equis
3427 3019 3509 3059 se-

1922 3085 2156 3153 dentes,
2215 3096 2379 3159 atque
2430 3091 2744 3146 universam
2789 3102 3130 3146 armaturam
3185 3093 3452 3151 habentes
3481 3135 3497 3159 ,

215 3178 365 3246 ignis
397 3177 688 3233 cecidisset
724 3181 789 3233 de
830 3177 993 3244 cte‘lo,
1021 3179 1271 3248 quinimo
1326 3179 1590 3233 mentitur
1622 3178 1808 3233 diabo-
1841 3204 1884 3267 ο
1925 3178 2179 3235 timorem
2231 3182 2609 3247 ostendentes,
2638 3191 2803 3253 atque
2853 3184 3227 3239 fortitudinem
3277 3186 3507 3243 demon‘

215 3266 304 3321 lus
343 3267 441 3335 qui
484 3266 537 3321 in
577 3277 631 3321 te
663 3267 925 3335 loquitur.
970 3262 1109 3334 illic,
1147 3267 1343 3337 inquit,
1376 3282 1408 3322 ο
1460 3266 1814 3322 callidissime

212 3359 454 3427 Satana,
478 3354 694 3414 voluisti
742 3359 910 3414 Deum
959 3361 1284 3432 depravare,
1316 3361 1475 3431 quasi
1518 3361 1701 3432 ignem
1746 3365 1812 3416 de

212 3452 360 3509 caelo
395 3459 563 3523 super
598 3462 729 3507 oves
766 3455 1073 3508 mittentem
1109 3471 1123 3507 :
1152 3453 1239 3508 hic
1272 3467 1401 3508 vero
1442 3453 1522 3509 vis
1563 3453 1812 3508 homines

212 3549 479 3601 incusare
509 3545 663 3616 quasi
693 3546 981 3601 adversum
1011 3542 1111 3602 Job
1134 3546 1538 3602 insurrexerint
1578 3544 1769 3601 illicite
1798 3562 1811 3597 :

213 3650 273 3693 ut
304 3640 459 3695 circa
510 3650 807 3709 utrumque
843 3638 945 3695 Job
977 3640 1160 3694 odium
1202 3639 1534 3709 acquireret,
1568 3650 1624 3694 et
1665 3643 1811 3693 circa

212 3734 391 3788 Deum
438 3732 877 3803 blasphemiam,
908 3742 961 3787 et
1007 3732 1155 3787 circa
1201 3732 1452 3788 homines
1493 3732 1714 3800 bellum,
1746 3744 1812 3788 ex

211 3826 421 3893 quibus
451 3833 703 3878 neutrum
741 3823 815 3878 illi
845 3826 1072 3880 credere
1105 3825 1370 3895 acquievit
1412 3826 1812 3881 constantissi—

211 3934 337 3972 mus
368 3915 497 3973 Job.
553 3918 661 3973 Sed
710 3919 886 3972 adhuc
944 3920 1162 3989 equites,
1204 3919 1401 3989 inquit,
1431 3919 1670 3989 fecerunt
1711 3920 1813 3973 sibi

207 4012 319 4063 tria
355 4020 588 4064 cornua.
616 4010 717 4076 Qui
741 4011 974 4079 equites,
998 4026 1031 4066 ο
1058 4013 1221 4068 homo
1238 4012 1262 4067 ?
1281 4012 1416 4068 Nam
1445 4011 1537 4068 illo
1564 4021 1813 4082 tempore

208 4119 318 4156 non
352 4112 521 4156 erant
542 4104 755 4174 equites
786 4103 1003 4176 plurimi
1032 4106 1173 4161 inter
1198 4107 1467 4172 homines,
1497 4107 1591 4161 sed
1621 4120 1811 4177 quam-

207 4194 442 4262 plurimi
494 4194 775 4249 hominum
812 4197 1114 4266 pedestres,
1141 4199 1402 4254 adversus
1439 4198 1671 4253 invicem
1696 4197 1813 4253 bel-

206 4286 320 4340 lum
370 4286 656 4356 gerebant.
712 4288 814 4355 Qui
863 4303 995 4358 ergo
1046 4285 1269 4344 fuerunt
1327 4289 1541 4358 equites
1571 4290 1665 4359 qui
1704 4289 1807 4343 tria

202 4392 425 4433 cornua
462 4379 567 4434 sibi
615 4378 886 4445 fecerunt,
916 4381 1019 4436 hoc
1057 4391 1161 4450 est,
1187 4382 1277 4452 qui
1313 4382 1512 4451 triplici
1557 4381 1718 4437 modo
1750 4396 1811 4438 se

202 4480 597 4536 armaverunt,
623 4472 713 4543 qui
744 4472 940 4544 triplici
971 4473 1159 4543 pra:lio
1193 4474 1673 4529 circumdederunt
1698 4476 1809 4529 ‘ca-
1856 4542 1860 4549 ‘

1921 3281 2162 3328 strantes
2196 3291 2209 3328 :
2236 3269 2455 3345 Equites
2477 3275 2715 3343 fecerant
2739 3278 2841 3330 tria
2872 3293 3095 3331 cornua.
3114 3276 3338 3348 Oquam
3366 3280 3505 3335 mul-

1923 3364 2159 3434 tiplicem
2200 3365 2619 3435 inquisitionem
2659 3379 2824 3440 atque
2878 3370 3304 3441 disputationem
3341 3374 3505 3429 habet

1919 3455 2009 3512 hic
2042 3468 2223 3511 sermo
2261 3456 2273 3511 l
2327 3456 2571 3513 Primum
2621 3461 2841 3528 quidem
2879 3462 2983 3517 hoc
3017 3464 3317 3535 intelligere
3346 3466 3506 3522 debet

1919 3548 2098 3604 omnis
2124 3549 2364 3619 sapiens,
2402 3551 2527 3621 quia
2552 3553 2803 3608 universa
2830 3554 3072 3623 potentia
3090 3566 3255 3625 atque
3287 3560 3502 3614 exerci-

1923 3649 2037 3705 tus,
2068 3650 2124 3695 et
2154 3656 2349 3696 omnes
2379 3643 2685 3697 dte-menum
2714 3654 2946 3700 caterva:
2976 3646 3135 3701 simul
3164 3646 3273 3701 illic
3305 3662 3505 3703 conve-

1919 3745 2143 3803 nerunt,
2170 3745 2224 3792 et
2252 3752 2318 3808 pa
2331 3738 2463 3792 riter
2488 3753 2546 3792 se
2581 3740 2869 3793 adversum
2902 3740 3119 3796 beatum
3157 3739 3258 3797 Job
3286 3743 3338 3798 in
3367 3759 3504 3813 prae-

1917 3826 1992 3883 lio
2041 3839 2417 3896 armaverunt,
2453 3832 2772 3885 universum
2820 3832 3080 3887 mundum
3111 3832 3499 3903 despexerunt,

1916 3927 2125 3974 tantum
2162 3929 2219 3973 ut
2248 3916 2351 3974 Job
2398 3932 2741 3989 superarent.
2797 3920 2933 3976 Nam
3001 3932 3177 3977 totum
3240 3926 3501 3979 tnundum

1916 4026 2073 4065 suum
2103 4010 2516 4081 ju‘dicavernnt,
2552 4020 2609 4066 et
2650 4014 2940 4067 adversum
2970 4012 3144 4067 solum
3172 4012 3273 4068 Joh
3301 4013 3501 4069 bellutn

1915 4110 2224 4171 gesserunt,
2267 4110 2454 4169 utpote
2511 4101 2637 4172 quia
2695 4118 2802 4157 non
2857 4113 2976 4161 erat
3032 4104 3228 4159 similis
3272 4105 3412 4161 alius
3449 4109 3501 4161 in

1917 4202 2032 4247 toto
2062 4192 2283 4246 mundo.
2322 4192 2452 4245 Item
2499 4192 2676 4247 adhuc
2721 4193 2821 4247 tria
2864 4208 3069 4249 cornua
3113 4194 3369 4250 fecerunt
3402 4210 3501 4264 pro

1915 4282 2109 4352 peculii
2145 4286 2590 4354 consutnptione,
2616 4295 2671 4338 et
2697 4286 2933 4340 ﬁliorum
2976 4288 3304 4357 perditione,
3339 4299 3501 4358 atque

1914 4376 2160 4446 corporis
2187 4375 2369 4446 plaga,
2403 4390 2662 4445 superare
2687 4392 2810 4431 eum
2846 4379 3103 4434 nitentes.
3137 4379 3263 4434 Tria
3299 4396 3499 4436 cornua

1917 4470 2184 4535 fecerunt,
2222 4471 2348 4540 quia
2403 4478 2461 4525 et
2506 4486 2633 4525 cum
2667 4485 2736 4527 eo
2794 4474 2955 4528 tertio
2996 4478 3277 4545 congressi
3341 4486 3492 4530 sunt.

202 4562 428 4618 melos?
466 4561 544 4617 llli
581 4563 804 4618 fuerant
845 4565 1123 4633 spiritales
1158 4571 1397 4635 equites.
1431 4564 1485 4619 id
1536 4574 1621 4621 est
1661 4566 1805 4620 aerei
1842 4553 1887 4608 Ι)
1917 4563 2095 4617 Semel
2120 4575 2253 4618 sane
2290 4576 2416 4615 cum
2446 4577 2609 4618 omne
2639 4564 2909 4633 peculium
2951 4575 3113 4635 atque
3151 4566 3291 4622 ﬁlios
3323 4567 3501 4622 subito

200 4656 465 4725 spiritus,
497 4655 587 4726 qui
635 4668 836 4711 terram
883 4666 1195 4728 peragrant,
1233 4662 1323 4727 qui
1380 4658 1601 4729 pelagus
1628 4666 1809 4713 trans-

199 4758 365 4809 eunt.
400 4748 494 4817 qui
520 4764 702 4803 aerem
730 4749 1036 4820 pervolant,
1091 4750 1183 4820 qui
1216 4751 1365 4805 omni
1396 4760 1556 4806 vento
1587 4760 1639 4805 et
1668 4758 1808 4820 aqua

200 4850 380 4909 atque
412 4840 668 4895 omnibus
694 4843 1031 4912 tempestivis
1071 4843 1328 4913 procellis
1371 4844 1808 4900 vehementiores

199 4941 356 4995 sunt,
394 4941 561 5000 atque
595 4932 895 4987 velociores
922 4932 977 4987 in
1009 4950 1135 4987 aera
1163 4949 1260 4988 sua
1304 4934 1611 5004 iniquitate.
1645 4932 1800 4991 Unde

198 5023 374 5077 etiam
416 5024 633 5091 equites
686 5024 847 5094 digne
889 5024 1255 5096 appellantur,
1298 5027 1389 5097 qui
1419 5043 1581 5097 super
1605 5041 1797 5083 oumes

198 5112 527 5168 luxuriosos
559 5126 722 5185 atque
767 5119 1069 5185 impudicos
1102 5120 1293 5175 sedent
1325 5132 1585 5191 tanquam
1639 5135 1805 5191 super

198 5218 411 5274 equos,
446 5213 502 5259 et
540 5205 697 5273 juxta
731 5209 1031 5277 nequitiam
1072 5224 1226 5264 suam
1254 5213 1535 5281 exagitant
1567 5212 1707 5278 illos,
1743 5222 1800 5268 et

198 5299 269 5351 ad
303 5311 429 5352 suae
456 5296 770 5369 iniquitatis
801 5312 964 5372 atque
1010 5303 1361 5373 impudicitiae
1404 5304 1797 5373 perfectionem

196 5403 408 5444 omnes
432 5390 777 5448 insectantur
800 5394 944 5459 illos,
971 5397 1038 5450 de
1068 5396 1267 5465 quibus
1299 5397 1497 5451 dicitur
1524 5415 1539 5454 :
1574 5398 1798 5453 Adulter

197 5486 346 5537 sicut
404 5484 754 5541 admissarius
809 5490 903 5543 sub
955 5490 1096 5543 omni
1146 5506 1351 5544 sessore
1400 5489 1573 5544 [tinnit
1601 5492 1666 5545 ".
1694 5492 1796 5546 Et:

200 5575 400 5630 Nolite
442 5577 563 5647 fieri
617 5582 752 5633 sicut
786 5598 949 5652 equus
998 5594 1046 5636 ct
1084 5584 1257 5637 mulus
1292 5587 1343 5638 in
1372 5586 1560 5655 quibus
1584 5600 1684 5637 non
1724 5593 1801 5638 est

197 5670 597 5725 intellectus“.
639 5672 703 5726 Et
732 5674 946 5730 adhuc:
980 5676 1119 5746 Equi
1162 5676 1473 5731 admissarii
1497 5676 1626 5745 facti
1650 5690 1797 5743 sunt,

271 5872 319 5901 ’⁵
342 5866 515 5922 Eccli.
542 5881 738 5924 xvxut.
770 5866 822 5919 6.
901 5863 946 5895 “
973 5861 1114 5917 Psal.
1151 5878 1301 5927 xui,
1331 5863 1362 5916 9

538 5962 808 6018 ιἈτιιοι..
838 5958 931 6017 Gn
997 5956 1193 6017 XVII.

1467 5860 1509 5892 "
1540 5858 1737 5915 Jercm.
1770 5873 1821 5925 v,
1845 5858 1896 5912 8.

1921 4656 2312 4712 interfecerunt
2347 4666 2362 4718 ς
2398 4656 2659 4722 secundo,
2689 4659 2905 4726 quando
2939 4668 3112 4720 totum
3152 4674 3353 4729 corpus
3384 4659 3500 4730 ejus

1915 4749 2202 4818 putredine
2237 4763 2300 4802 ac
2327 4749 2606 4804 vermibus
2658 4749 3042 4819 repleverunt;
3087 4751 3272 4815 tertio,
3326 4766 3499 4820 quan-

1912 4841 1983 4895 do
2012 4856 2109 4913 per
2139 4855 2368 4897 uxorem
2395 4843 2756 4906 seduxerunt,
2783 4843 2944 4896 amici
2966 4858 3094 4899 vero
3118 4842 3495 4912 culpaverunt.

1910 4934 2104 4990 Adhuc
2135 4942 2314 4989 autem
2335 4934 2436 4988 tria
2454 4942 2655 4989 cornua
2673 4934 2945 5000 fecerunt,
2966 4944 3223 5006 tanquam
3243 4935 3343 4988 tria
3359 4948 3499 5003 prae-

1912 5028 2069 5097 cipua
2096 5041 2161 5082 ac
2185 5026 2505 5095 singularia,
2538 5027 2590 5080 id
2606 5035 2692 5082 est
2731 5039 2903 5096 spem,
2932 5025 3114 5091 tidem,
3145 5026 3497 5088 rharitatem.

1910 5118 2141 5187 praadari
2168 5131 2291 5172 eum
2318 5126 2603 5172 conantes.
2630 5115 2818 5171 Fidem
2837 5131 2997 5186 quam
3028 5117 3082 5171 in
3104 5117 3203 5171 Dei
3224 5115 3497 5171 culturam

1910 5211 2121 5272 habuit.
2141 5222 2291 5279 spem
2312 5218 2533 5265 aeternae
2548 5208 2889 5264 liberationis
2910 5223 2973 5263 ac
2994 5208 3245 5263 caelestis
3266 5207 3497 5278 refrige-

1911 5302 2001 5367 rii,
2031 5303 2356 5358 charltatem
2375 5302 2519 5356 circa
2540 5304 2703 5355 Deum
2723 5316 2827 5372 qua
2853 5301 3085 5356 nihilest
3113 5300 3498 5372 rnajus,neque

1909 5402 1961 5457 in
1995 5401 2098 5455 hoc
2126 5396 2346 5462 sacculo,
2374 5412 2557 5468 neque
2584 5400 2635 5452 in
2657 5394 2863 5449 futuro.
2900 5393 3004 5447 Pro
3034 5394 3121 5448 his
3155 5406 3289 5463 ergo
3319 5394 3488 5447 omni-

1910 5491 2012 5547 bus
2043 5488 2290 5545 fecerunt
2316 5489 2418 5543 tria
2455 5502 2661 5543 cornua
2692 5485 3014 5555 nequissimi
3037 5486 3335 5549 daemones,
3374 5499 3496 5540 om-

1912 5599 2009 5641 nes
2032 5582 2240 5654 pariter
2260 5583 2548 5637 adversum
2576 5578 2679 5634 Job
2703 5578 3046 5641 dimicantes,
3077 5590 3270 5633 omnes
3300 5578 3495 5633 unani-

1913 5679 2073 5731 miter
2098 5672 2387 5730 adversum
2412 5687 2534 5728 eum
2563 5676 2793 5728 stantes.
2826 5667 2987 5725 Solus
3021 5677 3205 5725 autem
3239 5663 3493 5728 diabolus

3170 5935 3241 5997 15
