3902 6524
516 381 619 437 4'27

1649 372 2034 435 ANONYMUS
2074 376 2137 431 IN
2176 375 2313 431 JUB.
2351 409 2415 416 —
2456 375 2585 435 LIB.
2620 381 2666 435 ‘I.

3692 388 3795 443 49.8

514 504 603 570 qui
645 509 727 555 est
781 500 832 554 in
890 501 1179 569 iniquitate
1226 500 1515 563 maximus,
1552 513 1789 568 prmsens
1842 496 1943 552 Job
1990 504 2104 548 erat
2136 496 2179 551 A
2210 498 2302 551 sia:
2336 499 2598 551 unitatem
2630 499 2965 554 incessanter
2985 496 3273 553 dimicant.
3302 496 3407 554 Sed
3430 500 3795 569 quemadmo-

514 593 748 647 sollicite
779 593 1079 647 observans
1132 591 1317 646 infelix
1348 592 1566 661 quando
1604 592 1954 661 blasphemia":
1985 604 2093 645 ser-

515 700 727 740 monem
785 698 850 737 ex
899 682 1030 751 justi
1083 682 1226 737 illius
1285 698 1379 738 ore
1439 684 1703 753 potuisset
1760 685 1965 738 amlirc.
2025 682 2091 736 Et

512 788 719 843 quanto
761 774 936 843 magis
962 775 1320 843 torquebatur
1353 773 1455 829 Job
1506 776 1667 829 corde
1722 774 2088 829 lamentabilia

513 867 700 920 nuntia
756 865 984 920 subinde
1032 867 1325 931 audicmlo,
1373 876 1524 921 tanto
1569 867 1687 933 plus
1736 866 2091 936 torquebatur

512 956 758 1012 diabolus
812 972 872 1012 ea
926 973 1048 1027 qua».
1091 958 1307 1012 volebat
1362 958 1443 1011 vel
1502 957 1864 1022 desiderabat,
1918 957 1968 1010 id
2007 964 2090 1010 est

510 1048 605 1102 Dei
637 1048 1053 1118 blasphemiam,
1092 1049 1159 1103 ab
1186 1064 1251 1103 eo
1288 1064 1389 1103 non
1439 1047 1735 1103 audiendo.
1771 1048 1875 1102 Sed
1908 1048 2087 1100 adhuc

511 1139 845 1194 tria'cornua
891 1140 1138 1195 fecerunt
1191 1142 1269 1205 hi,
1306 1141 1398 1210 qui
1448 1142 1712 1195 adversus
1746 1141 1847 1193 tria
1888 1138 2084 1194 saecula

508 1233 578 1285 ah
623 1231 780 1285 initio
823 1243 877 1286 et
927 1248 1097 1302 usque
1141 1232 1192 1286 itt
1246 1232 1405 1286 linem
1451 1231 1649 1286 bellum
1697 1240 2001 1301 gesserunt,
2032 1238 2087 1283 et

510 1323 775 1377 adversus
805 1338 925 1376 eum
955 1324 1044 1392 qui
1076 1324 1143 1378 ab
1173 1324 1330 1377 initio
1364 1322 1463 1377 fuit
1500 1338 1671 1391 usque
1701 1324 1766 1376 ad
1799 1322 2081 1389 diluvium,

506 1425 560 1468 et
597 1430 625 1468 a
656 1415 859 1469 diluvio
906 1430 1077 1484 usque
1122 1417 1187 1469 ad
1215 1418 1517 1484 passionem
1543 1426 1593 1469 et
1630 1417 2081 1471 resurrectionem

504 1509 718 1563 Domini
756 1508 981 1564 Christi.
1008 1519 1061 1562 et
1090 1524 1262 1577 usque
1316 1510 1365 1563 itt
1424 1510 1582 1562 linem
1619 1518 1673 1561 et
1720 1509 2083 1563 resurrectio-

506 1615 625 1653 nem
658 1598 920 1652 omnium.
953 1599 1015 1652 Et
1038 1599 1217 1653 adhuc
1253 1600 1350 1653 tria
1392 1615 1593 1653 cornua
1626 1597 1872 1653 fecerunt
1903 1599 1956 1652 hi
1986 1600 2078 1668 qui

501 1690 762 1744 adversus
800 1691 901 1743 tria
936 1690 1212 1751 dimicant,
1260 1691 1518 1745 adversus
1565 1690 1735 1761 legem
1766 1701 1818 1743 et
1855 1690 2084 1761 prophe-

498 1792 583 1836 tas
638 1793 800 1850 atqne
845 1780 1137 1851 apostolos.
1175 1782 1475 1836 Adversum
1551 1782 1721 1852 legem
1784 1797 1936 1845 sane,
1981 1795 2097 1851 per.

490 1873 765 1927 idolorum
823 1873 1203 1941 iniquitatem,

498 1964 1001 2034 pseudoprophetas
1036 1984 1048 2019 :
1084 1967 1211 2021 item
1257 1976 1311 2020 et
1342 1966 1604 2020 adversus
1651 1964 1927 2035 apostolos
1978 1980 2075 2034 per

488 2058 659 2113 falsos
697 2058 990 2127 apostolos.
1038 2058 1162 2114 I‘ost
1196 2075 1315 2129 qua:
1347 2059 1593 2113 universa
1620 2101 1635 2125 ,
1671 2076 1703 2114 ο
1734 2061 1917 2125 amici,
1951 2062 2075 2115 ulti-

495 2166 637 2203 mam
664 2152 847 2204 audite
878 2152 1324 2220 disputationem.
1360 2153 1666 2206 Atlversum
1700 2152 1804 2207 Job
1835 2153 1987 2219 olim,
2016 2165 2067 2208 et

490 2242 757 2297 adversus
809 2258 996 2297 omnes
1058 2245 1457 2313 subsequenter
1504 2246 1679 2299 tribus
1708 2246 1965 2302 cornibus
1991 2249 2069 2301 di-

492 2334 738 2397 micavit,
779 2337 952 2390 tribus
990 2336 1263 2390 cornibus
1318 2351 1647 2405 congressus
1704 2348 1809 2403 est,
1868 2339 2065 2408 triplici

490 2426 649 2479 modo
705 2427 957 2489 tentavit,
1000 2426 1152 2494 juxta
1214 2430 1393 2481 omnia
1450 2444 1569 2497 qua:
1623 2440 1839 2483 ostensa
1898 2439 2061 2500 atque

486 2506 786 2570 memorata
853 2526 996 2571 sunt.
1069 2516 1223 2572 Nunc
1286 2534 1413 2572 vero
1474 2520 1785 2574 novissimis
1850 2531 2058 2592 tempo-

485 2607 659 2672 ribus,
732 2617 895 2679 atque
942 2609 993 2663 itt
1038 2610 1227 2665 ultimo
1280 2610 1499 2675 sazculo,
1560 2628 1663 2667 non
1718 2614 1769 2667 in
1814 2615 1897 2669 bis
1934 2615 2065 2670 solis

488 2700 660 2754 tribus
693 2699 947 2755 cornibus
974 2700 1222 2765 dimicat,
1257 2702 1451 2770 triplici
1490 2704 1652 2758 modo
1691 2706 2059 2775 congreditur,

484 2795 584 2847 sed
612 2792 760 2846 mille
788 2794 985 2855 modis,
1014 2809 1078 2849 ac
1104 2795 1469 2865 multipliciter
1498 2797 1740 2864 dimicat,
1766 2797 2059 2869 congredi-

486 2897 575 2940 tur
602 2894 656 2940 et
688 2895 880 2951 tentat,
935 2886 1246 2951 insidiatur,
1296 2889 1507 2941 seducit
1564 2900 1723 2956 atque
1771 2890 2057 2955 subvertit,

485 2992 581 3045 per
602 2978 1005 3031 multitudinem
1040 2978 1328 3041 haeresum,
1356 2994 1451 3047 per
1477 2980 1792 3035 innumeros
1817 2996 2055 3047 errores,

478 3084 577 3139 per
613 3068 951 3123 abundantes
984 3069 1315 3133 seductores,
1357 3087 1452 3141 per
1488 3072 1932 3139 pscudechristos
1991 3090 2056 3128 ac

478 3159 959 3228 pseudodoctorcs,
1012 3160 1211 3228 quibus
1250 3161 1340 3215 hic
1396 3162 1626 3215 mundus
1671 3161 1905 3233 repletus
1946 3176 2049 3226 est.

2200 590 2325 642 dum
2372 598 2500 643 tunc
2557 591 2727 643 tribus
2774 592 3035 645 cornibus
3080 590 3342 645 adversus
3388 588 3487 643 Joh
3528 605 3793 659 congres-

2200 697 2315 745 sus,
2351 696 2471 734 cum
2501 681 2823 736 confusione
2854 690 2935 736 est
2963 691 3276 751 superatus,
3306 683 3440 735 nihil
3488 683 3796 750 praevalens

2198 771 2461 825 adversus
2500 768 2603 825 Joh
2630 789 2642 823 :
2667 771 2745 826 sic
2797 784 2850 825 et
2886 788 3032 825 nunc
3077 771 3265 825 multis
3311 773 3488 826 modis
3526 774 3794 829 adversus

2197 860 2492 915 Ecclesiam
2548 877 2877 933 congressus
2910 872 3015 927 est,
3043 871 3101 917 et
3130 878 3226 932 per
3258 864 3580 920 innumeras
3621 866 3793 921 hatre-

2194 967 2282 1007 ses
2335 954 2597 1008 adversus
2640 969 2761 1009 eam
2812 955 3106 1021 dimicans,
3170 966 3459 1010 revocatur
3502 956 3788 1024 confusus,

2196 1046 2331 1099 nihil
2358 1047 2655 1115 prmvalens
2671 1060 2799 1100 vere
2813 1047 3166 1101 credentibus
3202 1046 3511 1102 animabus.
3540 1047 3787 1102 Firmum

2192 1136 2337 1189 enim
2373 1136 2777 1190 ﬁrmamentum
2823 1136 2915 1191 Dei
2973 1136 3176 1190 stabit:
3206 1134 3271 1189 Et
3295 1147 3460 1205 porta'
3489 1137 3786 1205 inferorum

2192 1242 2297 1280 non
2333 1227 2688 1296 prtem/count
2722 1227 2973 1281 adversus
3010 1243 3125 1280 eam
3144 1226 3211 1290 ’⁸,
3240 1227 3380 1280 sicut
3419 1228 3555 1282 dicit
3596 1225 3784 1281 Domi-

2190 1334 2313 1382 nus,
2361 1329 2547 1388 portas
2605 1318 2805 1373 inferni
2874 1322 3253 1384 memorando,
3308 1320 3559 1375 diversas
3607 1329 3786 1375 sectas

2189 1420 2350 1480 atque
2376 1411 2614 1466 hzereses
2642 1411 2965 1476 inﬁdelium,
2986 1427 3107 1481 quae
3139 1428 3308 1482 usque
3331 1413 3398 1467 ad
3422 1422 3611 1483 portas
3650 1412 3786 1468 inle-

2191 1518 2373 1557 rorum
2413 1503 2693 1558 deducunt
2720 1518 2910 1559 omnes
2930 1504 3023 1575 qui
3048 1519 3143 1560 eos
3168 1517 3470 1560 sectantur.
3500 1507 3643 1567 Post
3662 1522 3783 1577 qua:

2186 1594 2463 1660 universa,
2515 1594 2694 1649 adhuc
2745 1610 2911 1649 unum
2965 1596 3335 1651 advertamus.
3382 1596 3513 1651 Tria
3568 1612 3779 1652 cornua

2188 1685 2315 1740 fecit
2355 1684 2603 1742 diabolus
2660 1686 2713 1741 in
2759 1694 2945 1756 typum
2990 1696 3155 1758 atque
3205 1690 3433 1755 ﬁguram
3486 1689 3780 1759 trionymm

2186 1776 2333 1831 illius
2364 1787 2545 1844 sectae,
2573 1778 2849 1847 triumque
2877 1779 3100 1833 deorum
3127 1779 3371 1845 hmresis,
3401 1796 3523 1850 qua:
3556 1781 3780 1835 univer-

1278 1876 1538 1928 adversns
1612 1873 1912 1943 prophetas
1981 1886 2077 1942 per
2109 1872 2151 1925 Β
2181 1885 2297 1924 smn
2331 1871 2519 1926 orbem
2560 1880 2717 1925 terra:
2749 1872 2802 1924 itt
2835 1873 3062 1924 modum
3122 1874 3469 1927 tenebrarum
3517 1874 3774 1943 replevit,

2178 1976 2297 2029 qua:
2322 1959 2535 2014 Patrem
2560 1970 2616 2014 et
2651 1960 2845 2015 Filium
2871 1971 2927 2014 et
2956 1960 3213 2030 Spiritum
3247 1974 3493 2017 sanctum
3524 1964 3777 2034 aliquan-

2176 2053 2244 2106 do
2278 2064 2535 2122 tanquam
2587 2062 2697 2107 tres
2748 2052 2896 2119 colit,
2930 2067 3318 2123 nonnunquam
3350 2072 3519 2110 unum
3555 2057 3774 2121 adorat,

2173 2146 2627 2213 quemadmodum
2653 2145 2965 2200 Graecorum
2988 2144 3169 2214 lingua
3200 2160 3562 2215 memoratur,
3594 2151 3772 2204 triada

2173 2236 2254 2291 vel
2300 2237 2611 2293 bomnsiott.
2655 2237 2815 2291 lstant
2852 2251 2983 2307 ergo
3017 2235 3303 2293 Ti-initatis
3334 2250 3542 2294 sectam
3572 2251 3628 2296 et
3654 2242 3773 2297 ha:-

2176 2330 2337 2383 rcsim
2376 2340 2540 2399 atque
2584 2329 2960 2384 inﬁdelitatem
2990 2327 3106 2397 jam
3151 2331 3281 2384 olim
3316 2332 3385 2386 de
3415 2331 3581 2402 longe
3619 2335 3772 2387 desi-

2170 2438 2347 2491 gnans
2383 2423 2797 2477 versutissimth
2831 2424 2920 2477 ill‘e
2945 2422 3196 2480 diabolus
3226 2424 3327 2478 tria
3364 2440 3578 2479 cornua
3617 2427 3771 2481 misit

2169 2516 2233 2568 ad
2263 2515 2364 2571 Job
2415 2516 2861 2585 deprredandum.
2894 2515 2985 2572 Sic
3020 2533 3250 2588 namque
3274 2519 3437 2572 etiam
3474 2534 3623 2573 nunc
3653 2534 3771 2573 me.

2170 2620 2377 2662 morata
2428 2611 2697 2680 trionyma
2748 2611 2997 2677 haeresis,
3036 2612 3337 2679 pra3sertim
3367 2612 3653 2681 praedatur
3684 2623 3769 2667 at-

2166 2715 2270 2769 que
2305 2708 2581 2770 expugnat
2612 2701 2934 2757 Ecclesiam.
2974 2701 3081 2757 Sed
3122 2717 3244 2757 cum
3280 2704 3493 2757 videret
3534 2706 3767 2774 nequis-

2166 2792 2335 2845 simus
2384 2791 2631 2847 diabolus
2671 2794 2815 2862 quod
2871 2793 3004 2846 nihil
3055 2792 3376 2862 profecisset
3425 2808 3527 2863 per
3570 2797 3763 2849 omnia

2163 2898 2282 2951 qum
2314 2885 2502 2953 gessit,
2540 2885 2737 2954 adjecit
2767 2886 2869 2941 hoc
2902 2887 3042 2956 quod
3072 2895 3189 2941 erat
3217 2888 3544 2948 maximum,
3584 2897 3761 2957 atque

2162 2976 2464 3029 mirabilem
2498 2974 2565 3047 [f.
2609 2976 2997 3049 miserabilem]
3034 2979 3265 3032 ﬁliorum
3298 2980 3763 3033 internecionem.

2162 3067 2447 3136 Sagittavit
2465 3070 2634 3138 prima
2652 3071 2869 3141 sagitta,
2889 3080 3065 3125 etnon
3086 3070 3644 3139 vulneravitjustum.
3666 3072 3764 3127 Sa-

2161 3160 2375 3222 gittavit
2402 3164 2636 3215 secunda
2655 3162 3135 3231 periculosiore,ct
3159 3180 3264 3218 non
3286 3164 3422 3218 laesit
3449 3166 3504 3219 in
3525 3168 3763 3220 veritate

474 3266 614 3318 quos
652 3252 1023 3318 nequissimus
1050 3252 1359 3317 seminavit,
1386 3267 1524 3321 quos
1552 3254 1931 3310 atrocissimus
1961 3256 2052 3312 ille
2083 3225 2124 3281 Ο
2165 3250 2470 3311 ﬁmdalum.
2516 3255 2804 3322 SagillaVil
2834 3263 2889 3307 Cl
2928 3254 3085 3309 lerlia
3118 3270 3211 3323 per
3257 3256 3357 3309 lria
3394 3270 3628 3322 cornua,
3663 3258 3761 3311 sed

474 3340 749 3404 produxit,
780 3355 917 3408 quos
952 3341 1382 3411 malignissimus
1423 3342 1571 3406 fecit.
1611 3344 1800 3401 liorem
1844 3356 1900 3400 et
1934 3345 2049 3401 fru-

473 3440 618 3488 ctum
645 3432 698 3483 in
730 3430 1050 3485 inﬁdelitate
1077 3444 1241 3501 atque
1270 3448 1459 3488 errore
1492 3434 1686 3489 all'erre
1713 3438 2049 3506 coegit,qui-

472 3522 573 3577 bus
608 3523 717 3587 hic,
758 3535 815 3576 ttt
848 3524 1106 3587 diximus,
1144 3527 1373 3579 mnmlus
1402 3526 1637 3594 repletus
1672 3538 1773 3592 cst,
1815 3529 1908 3597 qui
1951 3545 2047 3585 ve-

471 3627 675 3669 nerunt
722 3626 775 3669 et
835 3616 1064 3671 veniunt
1129 3618 1181 3670 in
1235 3618 1400 3670 verbo
1462 3619 1697 3685 Domini,
1733 3621 1787 3674 in
1840 3622 2044 3677 vestitu

467 3704 674 3766 ovium,
704 3704 1034 3759 intrinsecus
1059 3719 1238 3760 autem
1266 3716 1393 3759 sunt
1428 3707 1533 3777 lttpi
1568 3725 1812 3779 rapaces,
1844 3726 2042 3769 nomen

466 3795 903 3850 Christianorum
944 3797 1231 3865 habentes,
1260 3811 1425 3869 atque
1457 3802 1696 3871 speciem
1719 3805 1964 3873 pietatis,
1991 3818 2045 3862 et

464 3885 745 3939 erroribus
770 3897 824 3940 et
848 3888 1391 3961 impietatilmsatqne
1419 3892 1825 3951 seductionibus
1852 3896 2041 3951 referti

465 3986 613 4030 sunt.
652 3975 740 4031 Isti
773 3989 896 4032 sunt
924 3996 1065 4033 vera:
1111 3980 1289 4048 janua:
1324 3985 1534 4049 mortis,
1578 3996 1632 4039 et
1665 3987 1764 4042 vite
1814 3988 2036 4044 inferni.

461 4066 553 4122 Isti
592 4080 716 4122 sunt
749 4071 840 4138 qui
874 4086 903 4123 a
930 4072 1157 4127 veritate
1198 4074 1463 4142 plurimos
1500 4081 1948 4146 praevaricantur,
1982 4092 2037 4137 et

460 4175 489 4211 ιι
522 4160 624 4214 lide
656 4163 967 4217 innumeros
1001 4164 1260 4219 aberrare
1292 4166 1521 4222 faciunt.
1569 4167 1660 4224 Isti
1710 4181 1837 4225 sunt
1868 4173 2035 4226 mini-

460 4253 561 4304 stri
594 4253 811 4323 maligni
838 4253 1057 4318 diaboli,
1098 4265 1259 4325 atque
1304 4260 1478 4314 nuntii
1510 4262 1734 4317 veritate
1756 4276 2031 4322 carentes.

458 4342 547 4395 l'sti
579 4354 706 4397 sunt
739 4347 867 4400 caeci
893 4346 1059 4400 duces
1085 4363 1374 4403 caecorum.
1412 4349 1501 4405 Isti
1541 4364 1669 4406 sunt
1700 4354 1871 4410 nubes
1911 4357 2031 4410 sine

456 4447 619 4499 aqua,
656 4434 849 4488 nebula
904 4450 933 4488 a
981 4448 1301 4505 tempestate
1338 4440 1543 4506 fugata,
1595 4441 1796 4511 quibus
1830 4445 2028 4516 caligo,

453 4522 539 4576 vel
579 4522 773 4576 nebula
829 4525 1148 4580 interiorum
1206 4529 1546 4583 tenebrarum
1584 4533 1741 4602 digne
1782 4522 2031 4590 Servatur

450 4623 612 4681 atque
639 4616 967 4670 custoditur.
1002 4618 1136 4672 Istos
1180 4632 1308 4689 ergo
1340 4619 1634 4689 fugiamus,
1666 4638 1699 4677 ο
1731 4624 1857 4692 viri,
1892 4626 2025 4681 istos

449 4706 555 4760 late
604 4708 921 4773 devitentus,
958 4727 990 4761 υ
1040 4712 1219 4766 amici.
1256 4710 1395 4768 Istos
1438 4716 1566 4769 odio
1615 4716 1939 4785 habeamus,
1968 4728 2022 4774 et

447 4799 821 4853 inlidelitatem
879 4811 1044 4871 atque
1089 4818 1333 4859 errorem
1388 4807 1478 4875 qui
1539 4809 1591 4860 in
1626 4809 1706 4863 eis
1738 4819 1842 4875 est,
1874 4811 2023 4865 velut

443 4889 719 4943 ﬂammam
785 4891 922 4962 ignis
976 4894 1339 4962 declinemus,
1389 4912 1487 4966 pro
1535 4914 1600 4952 eo
1654 4915 1720 4953 ne
1753 4915 1875 4955 cum
1914 4901 2019 4957 illis

438 4981 674 5035 llammm
707 4983 1138 5055 inexstinguibili
1179 4988 1230 5041 in
1265 4988 1349 5043 die
1384 4988 1582 5045 furoris
1609 5000 1774 5061 atque
1803 4994 2017 5047 revela-

441 5070 604 5125 tionis
650 5072 783 5142 justi
834 5074 1024 5143 judicii
1062 5076 1153 5131 Dei
1211 5080 1606 5148 mancipemur.
1641 5080 1769 5137 Ilaec
1807 5084 2017 5139 scilicet

435 5163 691 5217 universa
725 5168 1167 5232 memoravimus,
1205 5169 1329 5237 quia
1362 5170 1465 5223 tria
1504 5184 1707 5225 cornua
1749 5173 1815 5225 ad
1854 5173 2015 5227 dimi-

434 5254 668 5310 candum
694 5264 857 5326 atque
888 5261 1345 5329 congrediendum
1371 5263 1631 5319 adversus
1654 5264 1753 5320 Job
1791 5267 2012 5335 nequis-

434 5346 555 5401 simi
585 5348 858 5405 daemones
900 5350 1169 5406 fecerunt.
1207 5352 1287 5408 Ad
1340 5354 1712 5411 dimicandum
1744 5369 1871 5412 vero
1916 5361 2010 5413 ad-

436 5452 627 5493 versus
654 5438 861 5507 Ecclcsi
902 5458 954 5496 ιιι
987 5458 1091 5498 non
1141 5444 1241 5497 tria
1280 5454 1486 5502 tantum
1540 5463 1765 5517 cornua,
1792 5451 1885 5506 sed
1927 5453 2008 5505 iu-

435 5544 653 5584 numera
717 5541 879 5602 atque
927 5534 1325 5593 intestimabilia
1383 5556 1573 5598 omnes
1644 5554 1804 5598 sectae
1844 5552 2005 5613 atque

430 5622 660 5676 haereses
680 5621 887 5679 faciunt
928 5642 1023 5692 per
1049 5643 1184 5698 quas
1214 5631 1500 5690 universas
1529 5635 1790 5691 adversus
1814 5636 2005 5692 Eccle-

506 5802 549 5831 ³⁸
578 5801 765 5857 Matth.
786 5820 896 5871 xw,
930 5804 1012 5860 18.

2162 3342 2277 3396 ιιωο
2304 3342 2549 3397 ineﬂicax
2583 3343 2792 3397 exstitit
2812 3359 2909 3414 per
2934 3345 3299 3401 tolerantiam.
3332 3346 3438 3401 Ista
3466 3363 3601 3419 ergo
3628 3364 3757 3402 cum

2156 3436 2257 3492 Job
2288 3447 2588 3492 retrorsum
2621 3454 2727 3492 non
2764 3449 3059 3505 averteret,
3105 3436 3304 3503 Unam,
3338 3440 3542 3509 inquit,
3578 3440 3760 3494 habeo

2156 3531 2331 3585 adhuc
2359 3531 2737 3596 novissimam,
2778 3547 2840 3586 ac
2880 3531 3265 3587 terribiliorem
3299 3530 3549 3586 ultimam
3588 3542 3759 3603 atque

2157 3622 2671 3687 lamentabiliorem,
2724 3624 2777 3678 id
2804 3633 2889 3679 est
2932 3624 3166 3678 ﬁliorum
3210 3624 3656 3679 internecionem
3689 3642 3756 3681 ac

2153 3715 2534 3784 perditionem,
2569 3723 2819 3771 natorum
2848 3716 3171 3786 supplicium
3218 3724 3384 3786 atque
3417 3718 3743 3772 comminu-

2155 3806 2374 3860 tionem.
2444 3803 2701 3867 Sustulit.
2762 3806 2957 3875 inquit,
3020 3815 3183 3875 atque
3238 3806 3503 3861 sustinuit
3557 3808 3750 3877 priora

2150 3912 2272 3950 cum
2310 3898 2375 3952 de
2416 3896 2542 3951 ﬁliis
2573 3911 2631 3951 se
2687 3896 3087 3964 consolaretur,
3120 3898 3215 3952 sed
3261 3897 3420 3952 istam
3462 3913 3575 3952 non
3614 3914 3751 3968 sup-

2149 3990 2385 4060 portabit
2427 4005 2603 4061 neque
2646 3990 2955 4045 sustinebit.
3009 3990 3123 4046 Hoc
3163 4005 3293 4062 ergo
3344 3989 3572 4059 faciam,
3632 4008 3749 4048 non

2146 4080 2321 4134 sinam
2351 4096 2473 4135 eum
2512 4080 2809 4151 respirare,
2839 4096 2941 4135 non
2976 4082 3286 4152 permittam
3322 4082 3599 4152 resipisci,
3635 4100 3746 4137 non

2144 4171 2454 4240 permittam
2500 4170 2796 4236 consolari,
2828 4172 2922 4226 sed
2966 4172 3361 4241 subsequenter
3389 4183 3560 4243 atque
3604 4176 3746 4229 sub-

2143 4262 2270 4317 inde
2313 4261 2755 4317 latnentabilibus
2799 4278 2921 4317 eum
2970 4264 3175 4318 nuntiis
3221 4263 3565 4332 inquietabo.
3606 4263 3745 4320 [hoc

2140 4368 2264 4409 cum
2299 4363 2499 4409 tractat
2542 4354 2933 4422 nequissimus,
2969 4365 3132 4422 atque
3174 4354 3314 4423 apud
3366 4355 3741 4424 semetipsum

2139 4446 2407 4516 loquitur,
2460 4444 2746 4499 confestim
2792 4459 2856 4499 ea
2910 4446 3247 4511 adimplevit.
3305 4442 3503 4499 Merito
3552 4448 3744 4502 adhuc

2140 4538 2417 4593 anteriore
2451 4536 2704 4605 loquente
2736 4535 2878 4589 alius
2910 4536 3133 4589 nuntius
3164 4536 3313 4588 venit
3349 4536 3417 4589 ad
3456 4534 3584 4590 Job.
3612 4535 3738 4590 Non

2134 4632 2421 4702 quieverat
2465 4630 2614 4699 prior
2658 4627 2929 4682 narrando
2971 4628 3135 4692 mala,
3169 4639 3224 4681 et
3252 4627 3557 4695 incipiebat
3588 4629 3742 4683 alter

2134 4736 2359 4775 narrare
2408 4721 2667 4790 pessima.
2701 4718 2817 4775 Non
2850 4720 3176 4773 occurrebat
3222 4719 3381 4772 beato
3428 4717 3535 4774 Job
3576 4721 3740 4792 inge-

2133 4814 2363 4869 miscere
2407 4828 2505 4883 pro
2563 4812 2841 4880 prioribus
2886 4810 3187 4874 doloribus,
3225 4818 3452 4878 propter
3498 4810 3649 4866 alias
3682 4822 3739 4866 et

2132 4905 2319 4957 varias
2344 4902 2625 4973 angustias
2660 4916 2780 4971 quae
2804 4898 3262 4968 superveniebant
3289 4898 3385 4952 illi.
3414 4898 3469 4953 In
3502 4902 3734 4955 modum

2128 5006 2309 5049 autem
2358 4994 2762 5048 vehementiam
2847 5006 3114 5060 aquarum
3175 4989 3414 5045 diversis
3482 4992 3735 5047 miseriis

2116 5085 2247 5153 justi
2283 5084 2423 5138 illius
2458 5085 2695 5137 animam
2734 5082 2999 5135 inundare
3036 5080 3405 5148 nequissimus
3443 5096 3730 5151 propera-

2124 5176 2234 5230 bat.
2280 5175 2431 5228 Alter
2477 5187 2607 5241 ergo
2649 5171 2870 5224 nuntius
2912 5169 3063 5222 venit
3109 5169 3175 5223 ad
3228 5166 3356 5232 Job,
3396 5169 3542 5223 alter
3605 5181 3735 5240 post

2123 5269 2477 5332 anteriorem,
2505 5273 2731 5334 quartus
2766 5276 2895 5315 vero
2930 5276 3183 5319 numero.
3230 5260 3384 5314 Alter
3420 5276 3557 5317 vero
3591 5280 3734 5316 unn-

2123 5359 2228 5414 tius
2259 5359 2407 5413 venit
2452 5356 2518 5409 ad
2552 5354 2674 5419 Job,
2716 5362 2933 5423 propter
2987 5353 3302 5407 nuntiorum
3351 5368 3416 5407 ac
3461 5354 3728 5409 dolorum

2118 5459 2285 5518 atque
2340 5447 2604 5503 malorum
2655 5444 3058 5498 diversitatem.
3108 5443 3259 5496 Alter
3302 5445 3542 5499 nuntius
3570 5449 3729 5499 venit

2118 5543 2183 5596 ad
2214 5542 2337 5609 Job,
2372 5550 2424 5595 et
2452 5538 2583 5594 dicit
2613 5538 2660 5591 ei
2688 5555 2700 5589 :
2727 5535 2866 5591 Ecce
2894 5543 3151 5603 quartus,
3183 5536 3385 5604 inquit,
3422 5538 3724 5605 prmstolor

2118 5633 2234 5701 tibi,
2271 5648 2303 5689 ο
2330 5630 2455 5699 Job,
2486 5629 2739 5686 dolorum
2787 5625 3013 5680 nuntius
3050 5634 3212 5696 atque
3260 5626 3537 5684 malorum
3574 5644 3722 5699 pra:-
