3942 6546
224 398 331 454 £29

1360 393 1745 453 ANONYMUS
1781 397 1850 452 ΙΝ
1887 396 2028 457 JOB.
2070 431 2137 441 —
2176 399 2304 454 LIB.
2349 401 2389 454 Ι.

3388 406 3492 461 450

224 533 311 582 eo,
341 528 395 573 ct
418 532 525 572 non
563 518 895 582 succumbis,
923 531 1098 588 neque
1126 517 1319 573 delicis
1339 518 1363 572 ?
1384 517 1491 573 Sed
1515 519 1641 573 licet
1662 520 1810 589 prio-
1836 527 1885 581 Α
1914 520 2156 589 profecto
2187 522 2463 577 aestimans
2491 522 2635 591 quod
2671 523 2897 578 mortuis
2925 523 3051 579 liliis
3089 524 3211 580 illia:
3234 540 3494 595 superes-

226 611 379 664 ribus
414 623 519 663 non
564 610 938 674 succubueris,
997 610 1311 665 novissimis
1344 620 1526 665 tamen
1552 627 1807 667 succum-

223 702 320 754 bes
355 708 416 754 et
463 698 686 768 pavebis
739 707 904 768 atque
957 699 1201 762 deficias,
1265 714 1389 753 cum
1452 700 1808 754 novissimum

223 801 392 859 atque
435 790 841 845 lamentabilem
887 791 1121 845 filiorum
1167 794 1413 846 nuntium
1464 795 1653 848 audire
1700 810 1808 849 non

223 881 554 936 sustinueris
581 898 595 934 :
633 879 784 944 Filii,
812 882 1005 950 inquit,
1038 884 1117 936 tui
1148 894 1196 936 et
1221 884 1353 952 ﬁliae
1377 896 1483 939 tua:
1502 903 1622 939 cum
1657 902 1810 941 man-

222 973 478 1027 ducareul
524 982 571 1027 et
619 973 843 1027 biberent
881 975 934 1026 in
991 975 1146 1028 domo
1194 976 1374 1042 fratris
1430 979 1513 1030 sui
1564 979 1807 1047 majoris,

222 1064 401 1117 subito
431 1065 570 1118 venit
611 1066 831 1131 spiritus
865 1065 929 1117 ab
965 1082 1157 1126 eremo,
1184 1077 1230 1119 et
1256 1068 1421 1137 tetigit
1445 1077 1678 1137 quatuor
1713 1085 1812 1121 an-

222 1159 376 1228 gulos
427 1157 615 1210 domus
664 1157 832 1220 illius,
880 1168 927 1209 et
985 1158 1171 1211 cecidit
1199 1175 1358 1227 super
1386 1160 1532 1228 ﬁlios
1587 1170 1727 1228 tuos,
1759 1169 1809 1214 et

222 1251 424 1302 mortui
456 1250 662 1303 sunt”.
705 1247 841 1313 Hoc,
892 1249 1092 1318 inquit,
1127 1260 1210 1305 est
1256 1250 1615 1306 novissimum
1649 1260 1704 1306 et
1729 1251 1811 1305 la-

224 1341 527 1396 mentabile
584 1350 750 1411 atque
812 1343 1071 1396 miserum
1126 1343 1397 1405 nuntium,
1450 1343 1592 1410 quod
1643 1344 1809 1398 etiam

224 1432 608 1501 ignorantibus
668 1432 901 1486 ﬁliorum
964 1433 1353 1498 dilectionem,
1419 1450 1662 1489 amorem
1728 1435 1813 1490 vel

222 1523 506 1583 ati'ectum.
564 1526 950 1594 compaticndo
1004 1535 1225 1580 revocat
1292 1526 1529 1581 animum
1592 1537 1814 1597 propter

224 1626 336 1668 tam
366 1615 727 1670 miserabilem
753 1632 998 1671 causam.
1031 1616 1151 1670 Filii
1180 1616 1279 1681 tui,
1312 1617 1505 1683 inquit,
1538 1633 1674 1687 quos
1715 1635 1813 1674 nu-

222 1705 398 1772 tristi,
470 1721 603 1774 quos
665 1706 931 1769 educasti,
984 1722 1121 1776 quos
1173 1710 1240 1761 ad
1286 1708 1656 1762 maturitatem
1687 1724 1809 1763 cum

221 1798 414 1853 labore
460 1798 794 1867 perduxisti;
845 1799 935 1853 lilii
975 1799 1051 1853 tui
1085 1814 1222 1871 quos
1269 1799 1522 1868 pietatem
1553 1799 1809 1862 docuisti,

1914 621 2035 665 seut
2067 611 2117 665 ei
2148 613 2214 665 ad
2240 611 2687 675 consolationem,
2724 613 3107 670 consolaretur
3134 631 3215 670 se.
3252 614 3334 672 Ob
3367 617 3494 681 hoc,

1913 700 2109 770 inquit,
2154 703 2336 756 omnia
2386 704 2681 759 denomino
2730 716 2896 775 atque
2950 705 3165 772 intimo,
3212 717 3271 762 ut
3316 709 3497 777 potius

1905 790 2039 858 justi
2077 792 2223 846 illius
2263 803 2500 848 menlem
2536 798 2879 863 perturbem,
2928 810 3032 863 quo
3078 794 3241 850 facile
3282 795 3350 850 ad
3399 795 3498 853 Dei

1912 880 2305 951 blasphemiam
2329 900 2616 953 provocem
2648 886 2980 956 patientem:
3018 887 3493 953 Manducantibus,

1913 976 2113 1045 inquit,
2142 994 2204 1030 ac
2227 978 2518 1031 bibentibus
2550 978 2854 1033 meridiano
2880 988 3146 1048 tempore,
3179 981 3313 1035 hora
3340 996 3497 1051 pran-

1913 1069 2008 1131 dii,
2035 1068 2206 1122 subito
2250 1071 2468 1137 spiritus
2512 1071 2646 1123 venit
2703 1070 2769 1123 ab
2799 1086 2971 1124 eremo
3008 1071 3075 1125 ³¹.
3112 1072 3236 1127 llaec
3261 1073 3499 1128 scientes

1913 1158 2090 1212 sancti
2147 1168 2309 1228 atque
2358 1160 2549 1214 horum
2612 1175 2901 1227 memores,
2963 1162 3105 1230 quod
3160 1162 3276 1231 ipso
3336 1165 3502 1219 meri-

1913 1252 2077 1305 diano
2123 1261 2385 1319 tempore,
2421 1252 2556 1305 hora
2606 1253 2840 1320 prandii,
2886 1254 3039 1307 ruina
3077 1255 3332 1324 occupati
3373 1266 3498 1311 sunt

1916 1342 2008 1396 lilii
2045 1342 2147 1396 Job
2179 1353 2344 1413 atque
2385 1344 2608 1406 mortui,
2639 1353 2940 1403 oraverunt
2969 1345 3034 1397 ad
3073 1345 3241 1401 Deum
3275 1361 3501 1401 conser—

1912 1435 2027 1488 vari
2059 1435 2201 1489 sicut
2224 1450 2253 1487 a
2289 1435 2505 1503 negmio
2540 1436 2592 1488 in
2627 1436 2868 1490 tenebris
2899 1436 3233 1501 ambulante,
3274 1436 3347 1491 ita
3383 1450 3439 1492 et
3466 1452 3499 1490 a

1916 1526 2068 1580 ruina
2100 1537 2155 1581 et
2192 1542 2221 1581 a
2252 1527 2520 1583 daemonio
2554 1528 2880 1585 meridiano.
2918 1528 3069 1584 Sicut
3112 1530 3259 1584 enim
3306 1530 3359 1584 in
3397 1545 3499 1585 no-

1917 1618 2021 1674 etis
2048 1620 2306 1683 tenebris,
2337 1619 2417 1675 sic
2451 1620 2704 1674 similiter
2741 1621 2793 1674 in
2831 1621 3011 1676 medio
3051 1622 3277 1677 meridie
3320 1622 3504 1692 plures

1912 1712 2216 1765 daemonum
2244 1710 2571 1765 teutationes
2595 1727 2653 1766 se
2687 1713 3068 1767 demonstrant
3094 1729 3257 1783 quam
3291 1716 3502 1770 caeteris

1916 1798 2271 1870 temporibus.
2326 1798 2440 1855 Hoc
2488 1800 2742 1854 nimirum
2774 1800 2973 1856 claruit
3010 1803 3061 1857 in
3097 1802 3221 1857 filiis
3249 1802 3373 1869 Job,
3407 1806 3501 1874 qui

220 1909 365 1964 quos
402 1894 495 1947 Dei
545 1896 759 1948 cultura
805 1895 1067 1957 imbuisti,
1101 1909 1241 1961 quos
1275 1903 1330 1948 ut
1359 1893 1590 1948 invicem
1636 1909 1695 1948 se
1726 1894 1809 1949 di-
1845 1890 1886 1944 Β
1918 1906 2022 1947 ηοη
2047 1891 2155 1946 alio
2184 1902 2447 1959 tempore,
2473 1892 2567 1946 sed
2594 1893 2772 1948 medio
2798 1894 3072 1949 interfecti
3098 1904 3224 1949 sunt
3249 1896 3501 1957 meridie.

219 1986 460 2057 ligerent
494 1986 862 2051 introduxisti,
894 2000 1030 2054 quos
1076 1985 1127 2038 in
1165 1986 1313 2039 outni
1348 1985 1560 2053 justitia
1600 1985 1695 2039 tibi
1730 1986 1809 2040 si-

220 2076 384 2132 miles
435 2076 745 2139 reddidisti;
794 2075 882 2130 liiii
936 2075 1007 2129 tui
1050 2091 1280 2144 quorum
1332 2076 1469 2132 t'ilios
1506 2076 1693 2132 videre
1721 2093 1814 2133 cu-

221 2170 400 2240 pisti,
458 2184 691 2239 quorum
759 2171 1129 2239 posteritatem
1181 2179 1501 2238 exspectare
1558 2170 1748 2235 orasti,
1783 2186 1812 2224 a

219 2264 426 2329 quibus
462 2263 515 2317 in
542 2271 764 2319 senecta
802 2264 1147 2331 requiescere
1179 2271 1229 2315 te
1257 2263 1487 2332 sperasti
1515 2280 1530 2326 ;
1563 2263 1652 2317 isti
1681 2278 1815 2333 ergo

221 2353 324 2409 filii
378 2355 480 2418 tui,
511 2364 564 2409 et
603 2369 708 2408 non
760 2354 933 2407 solmu
989 2352 1105 2418 lilii,
1146 2353 1241 2407 sed
1306 2364 1362 2407 et
1409 2352 1566 2416 (ilice,
1627 2363 1811 2419 castaz,

221 2448 463 2507 mundae.
494 2446 860 2500 immaculata-
913 2456 1077 2513 atque
1126 2444 1571 2512 incoinquiuatte,
1598 2459 1736 2513 quas
1762 2446 1813 2498 in

223 2548 476 2607 tempore
528 2537 841 2605 nuptiarum
879 2536 1129 2606 gloriosis
1152 2535 1368 2589 coronis
1392 2550 1664 2590 coronare
1686 2551 1809 2605 spe-

220 2630 424 2693 rabas;
482 2628 568 2683 isti
618 2644 748 2700 ergo
789 2628 947 2682 simul
982 2629 1034 2681 in
1076 2643 1241 2681 unum
1272 2628 1603 2681 unanimiter
1648 2638 1811 2698 atque

219 2722 598 2788 concorditer,
647 2731 817 2785 caste,
847 2722 1101 2790 benigne,
1152 2722 1355 2777 munde
1400 2721 1527 2774 dum
1587 2721 1815 2774 mandu-

217 2824 353 2870 cant
404 2823 460 2869 et
509 2814 721 2870 bibunt.
761 2829 867 2867 non
920 2822 1204 2884 vagantes,
1244 2827 1426 2881 neque
1471 2814 1810 2877 oberrantes,

220 2922 405 2978 neque
435 2916 559 2976 post
605 2905 999 2974 impudicitiam
1041 2914 1352 2970 currentes,
1394 2919 1573 2974 neque
1607 2904 1673 2957 ad
1710 2903 1815 2958 illi-

218 2998 329 3052 cita
396 2996 768 3061 intendentes,
818 3010 995 3064 neque
1040 2994 1312 3064 superﬂua
1364 2993 1667 3064 loquentes,
1718 2992 1814 3046 sed

220 3105 347 3144 cum
388 3089 691 3160 gratiarum
746 3088 961 3142 actione
1016 3087 1434 3149 manducantes,
1489 3096 1655 3155 atque
1691 3098 1815 3138 cum

220 3182 609 3237 benedictioxie
670 3181 943 3244 bibentes,
974 3190 1027 3233 et
1077 3178 1209 3232 illud
1241 3178 1387 3249 quod
1438 3186 1559 3247 post
1616 3177 1719 3231 hoc
1748 3175 1817 3230 ab

219 3273 488 3344 Apostolo
526 3274 727 3328 dictum
778 3285 863 3327 est
908 3270 1268 3340 adimpleutes
1302 3285 1316 3320 :
1344 3269 1468 3325 Sive
1494 3270 1620 3324 dum
1653 3286 1807 3322 meum
1842 3250 1883 3307 ο

217 3362 456 3422 ducaris,
522 3361 626 3414 sive
675 3361 799 3413 dum
861 3360 1074 3425 bibitis,
1119 3360 1224 3412 sive
1283 3360 1411 3411 dum
1476 3358 1626 3411 aliud
1684 3358 1811 3429 quid

218 3453 405 3522 agitis,
462 3453 640 3505 omnia
696 3452 749 3504 in
790 3451 1017 3521 gloriam
1067 3451 1161 3504 Dei
1215 3450 1476 3520 facile”;
1514 3450 1593 3505 sic
1630 3450 1814 3519 itaque

219 3544 686 3599 manducantiltus
704 3558 769 3597 ac
792 3544 1102 3597 bibentibus
1128 3543 1253 3597 tiliis
1287 3557 1352 3596 ac
1388 3541 1600 3596 filiabus
1634 3542 1810 3599 tuis...

218 3634 392 3700 Bene,
438 3636 638 3704 inquit,
673 3651 803 3691 ecce
846 3637 1134 3690 ostendisti
1178 3635 1321 3702 quod
1357 3633 1812 3689 manducaverint

214 3738 273 3782 et
302 3728 571 3794 biberint,
611 3727 837 3782 ostende
872 3738 927 3782 et
979 3728 1081 3781 hoc
1115 3727 1255 3796 quod
1298 3725 1504 3779 factum
1550 3736 1637 3780 est
1680 3724 1808 3781 dum

216 3819 559 3873 manducauit
592 3828 647 3873 et
684 3819 892 3873 bibunt.
931 3818 1121 3885 Majus,
1162 3818 1356 3885 inquit,
1406 3826 1487 3872 est
1540 3833 1702 3887 quam
1752 3828 1814 3874 ut

215 3913 441 3967 edicere
498 3912 729 3978 valeam,
768 3911 1063 3966 terribilius
1108 3920 1191 3966 est
1238 3926 1400 3979 quam
1457 3922 1516 3966 ut
1562 3910 1811 3981 proferre

213 4011 476 4063 audeam.
514 4008 622 4063 Sed
656 4009 902 4073 interim,
936 4009 1030 4074 ait,
1071 4009 1196 4077 quia
1232 4023 1340 4063 non
1378 4017 1463 4062 est
1495 4006 1806 4071 tacendum,

214 4100 424 4163 dicam,
463 4099 760 4169 proferam.
815 4099 1009 4155 Subito
1054 4101 1283 4170 spiritus
1328 4100 1478 4155 venit
1522 4099 1591 4153 ab
1627 4113 1811 4154 eremo

212 4192 287 4247 ita
324 4193 513 4256 fortis,
552 4194 622 4248 ita
660 4195 932 4264 copiosus,
968 4194 1037 4248 ita
1078 4195 1399 4257 vehemens.
1440 4193 1515 4247 ita
1548 4192 1810 4248 terribilis

208 4294 382 4355 atque
424 4284 895 4354 insupportabilis,
939 4294 999 4339 ut
1038 4293 1281 4356 tangeret
1316 4295 1552 4354 quatuor
1581 4284 1809 4355 angulos

209 4377 440 4439 domus,
465 4384 523 4429 et
554 4375 785 4431 illideret
815 4392 932 4431 eam
979 4390 1144 4445 super
1176 4376 1317 4430 filios
1348 4386 1489 4439 tuos,
1521 4384 1577 4430 et
1606 4374 1804 4429 mortui

208 4478 366 4524 sunt.
401 4466 593 4537 Cujus,
623 4469 815 4537 inquit,
848 4469 946 4524 fuit
971 4469 1085 4523 haec
1111 4467 1341 4522 domus?
1375 4467 1586 4522 Fratris
1615 4480 1803 4520 eorum

208 4560 466 4629 majoris.
507 4560 620 4615 Non
658 4561 894 4623 fuerunt,
935 4562 1131 4631 inquit,
1168 4560 1222 4614 in
1266 4571 1455 4615 extera
1491 4561 1671 4625 domo,
1710 4575 1806 4613 ne-

208 4667 319 4721 que
354 4653 416 4706 in
448 4651 642 4714 aliena,
676 4654 771 4707 sed
814 4654 865 4706 in
902 4653 1121 4721 propria
1153 4654 1304 4707 fuere
1339 4652 1523 4713 domo,
1564 4652 1614 4703 in
1645 4651 1806 4702 domo

210 4746 307 4799 lilii
342 4745 450 4808 tui,
479 4743 664 4799 fratris
690 4745 772 4798 sui
809 4743 1052 4812 majoris.
1083 4744 1128 4799 Ο
1171 4743 1505 4813 nequissime
1540 4743 1804 4796 adversa-

210 4838 313 4898 rie,
378 4851 415 4889 ο
455 4836 809 4891 callidissime
846 4836 1103 4891 diabole!
1142 4837 1252 4892 Cur
1301 4851 1408 4889 non
1458 4834 1641 4889 dixisti
1678 4833 1808 4887 sim-

207 4929 461 4998 pliciter.
496 4941 542 4981 et
601 4929 797 4981 mortui
828 4938 974 4993 sunt,
1024 4930 1117 4983 sed
1160 4938 1217 4982 et
1254 4938 1448 4981 cuncta
1490 4940 1805 4988 enumeras,

209 5025 406 5075 omnia
469 5021 814 5084 denominas,
869 5031 922 5076 et
974 5020 1131 5085 lilios,
1177 5031 1231 5074 et
1284 5020 1442 5083 tilias,
1505 5028 1560 5073 et
1599 5019 1804 5078 cibum,

203 5124 262 5167 et
298 5122 521 5182 potum,
564 5121 619 5165 et
667 5114 907 5176 domum,
962 5122 1016 5167 et
1057 5113 1301 5175 fratrem,
1348 5120 1401 5165 et
1433 5110 1607 5175 ﬁlium
1660 5120 1807 5161 tuum

204 5205 525 5275 majorem?
563 5205 617 5258 In
675 5206 836 5260 domo
883 5206 1132 5274 inquiens
1185 5203 1370 5257 fratris
1420 5202 1524 5266 sui,
1582 5201 1673 5254 lilii
1732 5201 1807 5254 tui

220 5298 479 5365 majoris.
546 5298 628 5353 Ob
688 5298 812 5362 hoc,
868 5298 1063 5366 inquit,
1110 5297 1221 5350 inec
1262 5298 1444 5349 omnia
1510 5296 1806 5347 denumero

205 5400 386 5457 atque
420 5390 729 5451 denomino,
758 5405 865 5458 quo
907 5390 1077 5458 magis
1109 5397 1339 5440 atteram
1373 5396 1537 5455 atque
1568 5383 1802 5454 allligam

204 5483 459 5534 animam
517 5482 679 5549 ejus:
728 5491 893 5548 atque
939 5480 1008 5533 ob
1051 5480 1155 5533 hoc
1200 5478 1312 5532 Ita'e
1366 5477 1550 5530 Omnia
1593 5476 1804 5543 loquor,

204 5591 323 5641 quo
380 5575 555 5643 magis
605 5575 970 5627 comminuam
1022 5588 1119 5624 cor
1148 5571 1286 5637 ejus,
1325 5568 1409 5623 cui
1455 5569 1571 5621 haec
1603 5567 1801 5621 refero.

204 5666 264 5718 Si
296 5664 475 5729 solos,
519 5665 711 5733 inquit,
762 5663 902 5718 illius
946 5664 1335 5724 nominassem,
1384 5671 1440 5713 et
1481 5659 1619 5712 tilias
1670 5674 1800 5721 non,

281 5847 333 5879 ”
369 5840 471 5898 Job
503 5861 542 5908 I,
581 5843 663 5910 18,
715 5843 792 5897 19.
870 5842 913 5873 ³ο
955 5842 969 5895 |
1003 5842 1125 5895 Cor.
1163 5857 1219 5905 χ,
1251 5841 1333 5893 51.

1418 5838 1457 5870 at
1496 5839 1593 5894 an
1623 5855 1661 5906 l,
1693 5837 1777 5903 18,
1808 5836 1889 5891 l9.

1917 1984 2122 2047 Subito,
2151 1984 2348 2053 inquit,
2373 1984 2593 2047 spiritus
2626 1986 2761 2039 venit
2786 1986 2851 2038 ab
2872 2001 3066 2047 eremo,
3094 1995 3140 2039 et
3168 1987 3336 2055 tetigit
3364 2004 3503 2058 qua-

1917 2085 2040 2129 tuor
2080 2076 2308 2146 angulos
2364 2076 2574 2130 domus.
2630 2075 2675 2131 Ο
2723 2075 3113 2146 malignissime
3164 2078 3500 2146 adversarie,

1919 2169 2043 2222 item
2072 2168 2182 2221 Deo
2210 2167 2487 2237 applicare
2510 2168 2684 2239 cupis,
2720 2168 2847 2222 item
2867 2167 3182 2224 Creatorem
3204 2170 3504 2241 depravare

1916 2262 2138 2329 quieris,
2174 2261 2378 2316 idcirco
2400 2260 2676 2330 spiritum,
2707 2264 2809 2315 boc
2829 2271 2911 2317 est
2948 2273 3189 2331 ventum,
3227 2263 3294 2317 ab
3315 2268 3505 2319 eremo

1920 2354 2105 2409 venire
2145 2353 2303 2409 dicis.
2338 2352 2471 2406 Nam
2508 2354 2633 2423 quia
2665 2352 2810 2407 Deus
2836 2362 2919 2407 est
2954 2353 3048 2422 qui
3092 2353 3344 2422 producit
3368 2370 3503 2410 ven-

1921 2452 2001 2499 tos
2023 2445 2089 2497 de
2111 2444 2382 2498 thesauris
2401 2443 2535 2509 suis,
2570 2443 2765 2499 merito
2799 2454 3013 2497 ventum
3041 2445 3107 2498 ab
3131 2459 3314 2499 eremo
3343 2446 3501 2515 quasi

1918 2552 1947 2589 a
1981 2534 2093 2589 Deo
2120 2540 2344 2591 missum
2373 2536 2556 2591 venire
2585 2535 2722 2589 dicis
2757 2554 2772 2588 :
2815 2545 2872 2589 ut
2901 2547 2953 2591 et
2992 2536 3093 2591 boc
3117 2537 3265 2607 quod
3298 2538 3502 2593 factum

1918 2640 2004 2683 est
2033 2627 2141 2683 Deo
2165 2628 2482 2698 imputetur,
2510 2642 2619 2681 non
2651 2627 2703 2681 in
2738 2626 2902 2688 bono,
2936 2629 3030 2682 sed
3060 2628 3112 2682 in
3140 2629 3305 2696 malo,
3337 2640 3501 2699 atque

1920 2719 2156 2773 audienti
2190 2718 2242 2772 iu
2275 2719 2616 2773 scandalum.
2653 2717 2786 2773 Nam
2813 2720 2955 2775 sicut
2980 2734 3142 2789 super
3164 2736 3296 2775 oves
3324 2721 3503 2792 ignem

1918 2810 1985 2864 de
2024 2809 2165 2864 casio
2204 2811 2405 2863 cadere
2435 2812 2592 2873 dixit,
2641 2809 2716 2863 ita
2765 2818 2821 2864 et
2852 2827 2992 2865 nunc
3025 2812 3302 2880 spiritum,
3337 2813 3388 2868 id
3420 2822 3507 2870 est

1917 2910 2162 2964 ventmu,
2203 2900 2270 2954 ab
2301 2914 2485 2955 eremo
2525 2902 2738 2956 venisse
2779 2902 2961 2957 dicit:
3010 2912 3066 2957 ut
3116 2912 3346 2972 utraque
3392 2904 3505 2962 Deo

1917 2990 2218 3060 applicaret
2249 3006 2349 3059 pro
2384 2992 2740 3061 blasphemiae.
2774 2994 3183 3062 provocatione,
3217 3004 3383 3065 atque
3415 3012 3505 3051 re-

1918 3086 2301 3154 prehensionis
2339 3086 2670 3142 occasione:
2702 3086 3117 3155 Subito,inquit,
3157 3088 3379 3156 spiritus
3420 3107 3505 3144 ve-

1920 3175 1998 3228 nit
2029 3175 2092 3227 αὑ
2132 3191 2325 3228 eremo.
2359 3174 2681 3245 Derepente,
2718 3177 3016 3245 insperate,
3050 3176 3199 3232 illico
3238 3194 3361 3233 cum
3396 3186 3503 3235 lm-

1922 3275 2067 3336 petu,
2106 3266 2351 3335 spiritus,
2381 3277 2592 3332 ventus,
2633 3276 2946 3337 tempestas,
2989 3269 3225 3338 procella
3260 3271 3408 3326 venit
3435 3273 3505 3329 ab

1921 3374 2125 3415 eremo.
2156 3359 2221 3414 Et
2247 3360 2377 3429 quid
2404 3359 2563 3415 fecit?
2598 3359 2809 3431 Tetigit,
2840 3360 3034 3431 inquit,
3061 3373 3297 3432 quatuor
3327 3382 3503 3435 augu-

1920 3452 1998 3506 los
2025 3453 2233 3517 domus,
2258 3461 2305 3505 et
2329 3452 2515 3506 cecidit
2538 3469 2696 3520 super
2721 3453 2863 3522 ﬁlios
2886 3464 3028 3521 tuos,
3058 3464 3106 3510 et
3131 3458 3327 3510 mortui
3351 3472 3500 3518 sunt.

1921 3546 2052 3614 Quis
2068 3562 2218 3616 ergo,
2246 3547 2341 3610 ait,
2367 3556 2452 3601 est
2484 3546 2675 3601 mortis
2702 3562 2889 3602 eorum
2920 3561 3066 3612 reus,
3090 3564 3122 3602 o
3146 3548 3288 3604 Job?
3312 3549 3504 3605 Nonne

1919 3640 2008 3709 qui
2043 3649 2262 3694 ventqu
2292 3637 2545 3707 produxit
2575 3648 2741 3709 atque
2766 3638 3027 3693 adduxit?
3053 3637 3205 3695 Sicut
3232 3649 3289 3695 et
3320 3640 3501 3695 ovium

1922 3741 2136 3786 tuarum
2172 3730 2568 3785 combustionis
2613 3730 2737 3800 quis
2785 3739 2978 3786 auctor
3019 3740 3124 3796 est,
3174 3731 3276 3787 nisi
3321 3746 3367 3786 ts
3406 3732 3501 3801 qui

1921 3822 2097 3892 ignem
2132 3821 2198 3876 de
2226 3822 2369 3877 caelo
2392 3822 2578 3876 misit?
2609 3821 2716 3878 Sed
2739 3823 2886 3889 audi,
2917 3823 3114 3894 inquit,
3145 3838 3179 3878 ο
3206 3822 3332 3879 Job.
3364 3823 3501 3879 Cum

1918 3912 2238 3969 substantiae
2254 3913 2648 3967 abundantiam
2665 3914 2894 3983 perdere
2910 3913 3306 3983 contempsisti,
3326 3915 3505 3969 omni-

1920 4007 2018 4061 bus
2039 4005 2388 4060 facultatibus
2418 4005 2516 4061 tibi
2533 4003 2727 4062 ablatis
2745 4006 3054 4063 sustinuisti
3078 4027 3091 4062 :
3113 4007 3345 4062 ﬁliorum
3370 4023 3504 4064 vero

1918 4098 2272 4169 perditionem
2288 4098 2555 4167 quomodo
2568 4097 2893 4153 sustinebis?
2909 4107 3157 4152 natorum
3173 4107 3500 4155 tormentum

1916 4192 2185 4263 quomodo
2231 4190 2533 4260 bajulabis?
2577 4189 2787 4257 Subito,
2831 4191 3028 4260 inquit,
3068 4192 3203 4245 venit
3234 4193 3298 4245 ab
3324 4208 3500 4247 eremo

1915 4284 2155 4351 spiritus,
2177 4294 2224 4337 et
2241 4283 2407 4353 tetigit
2432 4293 2660 4353 quatuor
2679 4282 2901 4351 angulos
2922 4282 3132 4349 domus,
3148 4291 3197 4336 et
3215 4284 3399 4337 cecidit
3417 4301 3504 4338 su.

1913 4390 2007 4442 per
2020 4374 2160 4442 ﬁlios
2181 4382 2320 4436 tuos,
2338 4371 2597 4425 etmorlui
2613 4381 2757 4425 sunt.
2778 4369 2882 4425 Per
2901 4372 3000 4426 hoc
3024 4372 3167 4441 quod
3201 4372 3331 4427 dicit
3359 4372 3501 4440 ﬁlios

1915 4464 2320 4530 tuos,stimulat
2339 4478 2559 4518 sensum
2582 4464 2718 4531 ejus,
2752 4464 3031 4518 doloribus
3057 4462 3228 4519 allicit
3260 4464 3499 4519 animant

1915 4555 2053 4624 ejus,
2068 4556 2345 4625 liquefacit
2362 4553 2659 4625 praecordia
2673 4554 2812 4625 ejus,
2830 4566 3089 4625 provocat
3106 4564 3342 4610 mentem
3360 4555 3501 4624 ejus,

1914 4665 2022 4718 quo
2050 4650 2222 4720 magis
2253 4658 2372 4717 post
2407 4647 2545 4701 lilios
2578 4647 2884 4715 liquescens
2909 4647 3362 4702 succenderetur.
3389 4646 3500 4702 Sed

1913 4750 2116 4811 quanto
2149 4741 2267 4811 plus
2302 4740 2668 4811 nequissimus
2715 4740 3043 4795 teutationes
3086 4739 3189 4795 Job
3244 4740 3502 4810 rnultipli-

1915 4836 2095 4897 cabat,
2128 4843 2274 4888 tanto
2302 4834 2533 4901 amplius
2558 4847 2815 4887 coronam
2851 4831 3032 4901 gloria:
3060 4833 3202 4900 apud
3229 4843 3494 4885 aeternum

1914 4925 2159 4980 Judicem
2184 4924 2232 4979 ei
2260 4923 2661 4991 augmentabat.
2692 4922 2952 4989 Quicnim
2983 4923 3285 4993 simplicem
3323 4933 3505 4977 trans-

1915 5019 2037 5074 ierit
2090 5017 2443 5071 tentatiouem
2465 5015 2548 5069 vel
2573 5014 2974 5080 probationem,
2990 5014 3290 5082 simplicem
3311 5012 3498 5081 procul

1913 5109 2077 5164 dubio
2093 5107 2324 5176 accipiet
2344 5105 2674 5161 mercedem.
2690 5104 2790 5171 Qui
2814 5117 2991 5158 autem
3015 5102 3178 5156 fuerit
3196 5100 3497 5169 multiplici-

1914 5208 1997 5254 ter
2022 5200 2308 5267 probatus,
2331 5194 2614 5264 multiplici
2638 5192 2811 5262 gloria
2834 5193 2953 5245 sine
2971 5191 3137 5245 dubio
3165 5206 3193 5242 a
3212 5188 3360 5257 justo
3390 5187 3498 5242 Deo

1913 5288 2281 5353 comitabitur,
2298 5286 2752 5356 quemadmodum
2779 5285 2971 5338 beatus
2994 5281 3117 5345 Job,
3132 5282 3222 5351 qui
3242 5278 3496 5333 omnibus

1914 5382 2108 5437 diaboli
2130 5379 2564 5449 malignitatibus
2578 5387 2740 5445 atque
2755 5376 3009 5430 versutiis
3032 5374 3283 5443 superior
3307 5380 3392 5425 est
3414 5372 3497 5424 ef—

1916 5473 2429 5537 fectus,ctomuibus
2442 5469 2828 5525 tentationibus
2843 5468 2960 5537 ejus
2978 5467 3169 5522 fortior
3181 5464 3499 5532 comproba-

1918 5578 2000 5620 tus
2025 5564 2301 5635 respondit
2323 5564 2393 5627 ei,
2417 5563 2627 5617 dicens:
2653 5558 2795 5615 Dicis
2818 5560 2958 5628 quod
2978 5562 3045 5613 ab
3064 5571 3251 5613 eremo
3274 5554 3498 5621 veniens

1913 5658 2157 5726 spiritus,
2189 5657 2292 5711 boc
2315 5664 2400 5712 est
2424 5664 2640 5720 ventus,
2664 5662 2719 5708 et
2752 5660 2976 5722 tangens
3009 5658 3243 5721 Quatuor
3268 5646 3497 5716 angulos
