3942 6550
510 399 603 452 451
1644 386 2023 449 ANONYMUS
2062 386 2067 438 l

2165 382 2304 442 JOB.
2346 416 2415 426 --
2448 385 2582 443 LIB.
2626 388 2671 443 Ι.
3623 405 3703 460 ιῦίὶ

510 522 702 572 domus
740 516 931 585 deiecit
972 528 1111 578 eam,
1150 524 1215 568 et
1253 513 1392 568 filios
1426 528 1574 570 meos
1621 512 1949 567 interfecit:
1999 510 2093 563 sed
2128 511 2165 565 A
2199 509 2328 565 Tale
2362 511 2638 565 desertum
2676 511 2851 567 factus
2890 522 2977 569 est
3025 514 3113 569 ille
3159 514 3337 571 inlelix
3379 517 3544 584 ludas,
3588 538 3703 593 post-

514 610 782 675 mentiris,
838 609 1029 677 inquit,
1077 622 1110 660 ο
1140 606 1376 669 diabolo.
1420 614 1477 660 et
1527 621 1612 661 me
1659 621 1768 659 non
1812 603 2087 657 irridehis.
2194 618 2356 673 quam
2393 603 2634 672 Spiritus
2668 613 2890 661 sanctus
2920 606 3344 664 familiaritatem
3372 620 3519 681 atque
3549 615 3707 671 illumi-

510 701 777 763 Mentiris,
807 716 839 753 ο
872 700 1279 765 malignissima,
1315 708 1369 752 et
1401 714 1488 753 me
1528 713 1633 753 non
1671 696 2091 752 circumvenies.
2196 695 2471 748 natimtettt
2496 712 2525 747 a
2550 711 2609 750 se
2634 696 2864 765 expulit,
2888 706 2943 750 et
2965 709 3274 754 sanctorum
3296 704 3582 772 angelorum
3609 722 3708 763 cou-

508 792 796 864 Nunquam
827 793 1191 847 enimwentia
1212 788 1331 846 Deo
1362 793 1579 848 excitati
1610 800 1847 859 quatuor
1896 798 2091 844 contra
2190 787 2527 857 iunctionem
2576 798 2741 856 atque
2774 788 3158 844 habitationem
3202 807 3229 843 a
3262 806 3322 845 se
3356 794 3557 859 amovit,
3597 797 3710 853 sicut

509 886 740 942 invicem
770 884 1058 949 flaverant,
1085 900 1261 954 neque
1286 883 1440 946 ﬂant,
1464 884 1557 938 sed
1578 900 1715 936 unus
1741 893 1794 937 et
1812 898 1972 947 unus,
1999 891 2093 935 aut
2195 879 2326 932 dicit
2350 892 2366 931 :
2388 878 2455 930 Et
2472 891 2582 944 post
2598 882 2707 933 haec
2729 880 2957 934 introivit
2979 882 3031 933 in
3044 896 3161 934 eum
3180 880 3401 937 Satanas
3419 884 3477 941 ".
3496 884 3712 942 Talasse-

508 976 613 1032 iste
635 988 728 1031 aut
745 978 852 1030 ille.
898 977 1183 1047 Nunquam
1205 979 1345 1032 enim
1374 977 1612 1031 auditum
1634 986 1715 1030 est
1738 976 1879 1043 quod
1900 973 2091 1029 flantes
2195 972 2446 1025 litudines
2473 971 2692 1025 fuerunt
2717 972 2843 1023 olim
2866 986 3057 1025 omnes
3108 976 3566 1045 pseudoprOphetae
3583 990 3711 1047 atque

509 1068 655 1120 venti
702 1068 893 1121 domos
942 1084 971 1119 a
1029 1067 1399 1121 fundamentis
1444 1067 1853 1127 sub-verterunt,
1897 1072 1952 1117 et
2000 1078 2094 1117 eas
2198 1063 2316 1117 falsi
2344 1066 2678 1130 sacerdotes,
2712 1065 2786 1118 illi
2816 1068 2882 1120 ad
2916 1082 3052 1137 quos
3083 1066 3470 1122 dicitblicltmas
3492 1072 3706 1138 propheta

509 1160 746 1213 maxime
782 1174 901 1227 qua:
939 1173 1099 1227 super
1146 1158 1299 1211 arida
1348 1168 1473 1211 sunt
1520 1157 1776 1221 fundatae,
1817 1157 1883 1209 ad
1919 1156 2094 1210 instar
2194 1168 2322 1212 ante
2348 1160 2536 1213 Achab
2585 1177 2762 1229 rrgem
2796 1162 2958 1216 Israel
2996 1179 3010 1214 :
3054 1160 3206 1213 Dedit
3243 1160 3486 1215 Dominus
3513 1166 3713 1232 spiritum

510 1252 730 1306 navium
761 1266 880 1320 qum
909 1251 963 1304 in
1003 1250 1192 1321 pelago
1223 1249 1477 1313 natitant,
1509 1250 1836 1319 generaliter
1857 1247 2086 1302 subver-
2193 1255 2495 1321 mendacem
2536 1254 2592 1305 in
2643 1270 2731 1306 ore
2764 1255 2997 1307 omnium
3030 1257 3395 1321 prophetarum
3434 1264 3617 1307 tuorum
3660 1255 3712 1310 ³³.

508 1344 672 1397 tendo
724 1343 1119 1397 demerserunt.
1174 1341 1299 1397 Htec
1356 1355 1630 1409 nunquam
1681 1349 2089 1409 provenerunt,
2194 1344 2347 1411 Quod
2402 1361 2525 1398 cum
2560 1345 2797 1399 audisset
2833 1346 3084 1415 princeps
3145 1345 3379 1414 ipsorum
3435 1348 3717 1416 pseudopm.

507 1445 686 1503 neque
720 1432 1067 1502 proveniunt,
1098 1449 1126 1487 a
1155 1443 1442 1487 ventorum
1476 1432 1664 1487 flabris
1700 1432 1782 1486 vel
1810 1430 2085 1501 procellis.
2193 1438 2476 1508 phum-nm
2543 1437 2839 1492 Sedcchias
2898 1436 3040 1491 [ilius
3100 1438 3394 1501 Chanaam,
3455 1440 3717 1507 percutiens

508 1524 650 1589 Noli,
677 1526 873 1595 inquit,
902 1524 1216 1580 insimulare
1247 1525 1531 1580 mendacio
1560 1526 1752 1590 Deum,
1784 1540 1817 1579 ο
1845 1525 2078 1588 diabolo,
2193 1527 2472 1582 Michteam
2505 1528 2560 1581 in
2595 1529 2872 1582 maxillam
2906 1528 3045 1585 dixit
3077 1547 3091 1591 ς
3133 1528 3268 1595 Quis
3293 1528 3511 1599 Spiritus
3544 1529 3718 1584 Domini

506 1620 613 1672 tuis
644 1617 963 1683 sceleribus,
992 1616 1097 1671 noli
1133 1618 1433 1686 depravare
1480 1616 1796 1672 Creatorem
1827 1619 1933 1671 tuis
1962 1633 2090 1688 per-
2193 1619 2430 1673 discessit
2452 1636 2485 1672 a
2507 1635 2610 1686 me,
2629 1630 2684 1672 ut
2706 1619 3008 1689 loqueretur
3030 1622 3084 1674 in
3112 1633 3162 1675 te
3182 1620 3267 1674 ³⁸2
3293 1620 3393 1676 Per
3411 1636 3521 1690 quae
3538 1622 3717 1676 eviden—

506 1711 637 1765 ditis
666 1709 1066 1778 iniquitatibus.
1106 1709 1181 1762 Ex
1214 1720 1264 1765 te
1288 1710 1431 1763 enim
1477 1720 1604 1764 sunt
1646 1711 1761 1764 haec
1791 1720 1845 1763 et
1874 1724 1980 1764 nou
2019 1726 2084 1764 ex
2195 1722 2278 1767 ter
2304 1711 2565 1777 ostendit,
2594 1712 2721 1781 quia
2766 1712 3019 1767 discessit
3055 1714 3122 1767 ab
3160 1728 3225 1768 eo
3265 1712 3494 1783 Spiritus
3524 1712 3718 1773 Domini.

507 1801 657 1855 Deo:
691 1816 757 1856 ex
800 1811 891 1854 tua
920 1801 1224 1869 iniquitate,
1258 1811 1312 1854 et
1342 1815 1447 1853 nun
1473 1815 1538 1854 ex
1571 1799 1850 1855 Creatoris
1881 1803 2090 1855 immis—
2121 1858 2162 1877 ἢ
2193 1815 2247 1859 et
2278 1806 2543 1860 habitavit
2578 1806 2630 1860 in
2673 1819 2738 1860 eo
2786 1806 3009 1874 spiritus
3043 1806 3267 1873 diaboli,
3312 1815 3491 1877 utpote
3523 1806 3723 1861 desolata

516 1897 692 1951 sione.
743 1894 957 1960 Subito,
992 1895 1187 1964 inquit,
1233 1893 1450 1962 spiritus
1480 1894 1617 1947 venit
1661 1896 1729 1947 ab
1768 1908 1961 1949 eremo.
2010 1894 2087 1949 De
2120 1858 2163 1912 Β
2198 1914 2227 1952 a
2259 1898 2465 1968 Spiritu
2526 1906 2734 1953 sancto.
2772 1896 2922 1953 Talia
2974 1896 3187 1952 deserta
3234 1858 3526 1953 factitsnnt
3562 1895 3723 1959 Judaei,

509 1999 564 2041 te
595 1988 711 2056 ipso
743 1986 858 2041 haec
904 1986 1164 2055 loqueris,
1197 1984 1385 2040 infelix
1429 1985 1668 2041 diabole.
1712 1985 1795 2041 Tu
1836 1986 2091 2041 videlicet
2193 1991 2285 2057 qui
2317 1989 2546 2043 Domino
2576 2005 2682 2044 non
2715 1989 3087 2053 crediderunt,
3126 2005 3302 2060 neque
3343 1992 3600 2062 suscipere
3625 2005 3720 2043 eum

507 2096 570 2135 es
593 2080 820 2150 spiritus
863 2079 930 2133 ab
975 2092 1160 2132 eremo
1198 2078 1447 2141 veniens,
1496 2088 1552 2132 ttt
1598 2087 1831 2147 quatuor
1861 2079 2089 2150 angulos
2193 2090 2501 2145 voluerunt.
2533 2089 2835 2162 Propterea
2871 2092 3006 2146 dixit
3048 2094 3114 2145 ad
3148 2106 3244 2146 eos
3287 2088 3580 2143 Dominus:
3617 2082 3727 2135 Em

506 2174 700 2228 domus
744 2171 992 2241 tetigisti,
1036 2180 1195 2239 atque
1240 2170 1472 2225 filiorum
1520 2170 1949 2228 internecionem
2008 2171 2086 2226 fe-
2193 2182 2517 2254 reﬁnquelur
2584 2184 2728 2239 vobis
2782 2184 2969 2237 domus
3034 2194 3201 2238 vestra
3248 2184 3452 2237 deserta
3495 2179 3555 2231 ³³.
3604 2174 3727 2229 Talia

506 2264 653 2319 cisti.
689 2263 775 2318 Tu
815 2278 876 2318 es
914 2263 1002 2333 qui
1041 2262 1341 2331 aliquando
1371 2264 1423 2316 in
1470 2264 1657 2319 hostes
1692 2267 1999 2334 praedantes
2041 2277 2063 2320 ιι

2193 2277 2402 2332 scilicet
2436 2277 2649 2331 deserta
2687 2275 2831 2332 facta
2875 2287 3002 2331 sunt
3049 2277 3210 2333 etiam
3245 2291 3387 2330 nunc
3422 2284 3598 2328 omnes
3628 2269 3724 2324 iuli-

510 2356 929 2426 trausftgurasti,
964 2355 1257 2440 aliquando
1293 2356 1344 2409 in
1390 2355 1570 2424 ignem
1609 2356 1676 2409 de
1726 2355 1864 2411 caelo
1895 2359 2092 2413 caden-
2194 2369 2393 2422 dolium
2425 2378 2591 2423 sectae
2619 2377 2781 2437 atque
2809 2369 3075 2432 ltmreses,
3104 2384 3226 2439 qua:
3252 2366 3504 2421 desolata:
3530 2363 3636 2417 fidei
3659 2376 3728 2413 ve-

506 2458 654 2509 tem;
690 2461 1079 2515 nonnunquam
1112 2457 1291 2500 autem
1336 2448 1391 2501 in
1433 2450 1535 2502 tria
1579 2463 1782 2503 cornua
1821 2451 2089 2520 equitum,
2195 2462 2358 2515 ritate
2392 2474 2555 2531 atque
2601 2462 2749 2517 omni
2791 2463 3015 2532 pietate,
3053 2460 3107 2514 in
3141 2460 3341 2530 quibus
3376 2457 3615 2513 habitans
3636 2452 3731 2504 dia-

502 2540 646 2594 sicut
688 2550 742 2594 et
766 2555 907 2594 nunc
943 2541 994 2592 in
1042 2539 1335 2608 procellam
1384 2541 1528 2594 venti
1576 2550 1813 2610 quatuor
1862 2540 2059 2611 angulo

2194 2554 2347 2607 holus
2392 2550 2771 2608 multitudines
2810 2551 3192 2607 scandalorutn
3248 2560 3502 2618 tanquam
3556 2543 3729 2598 zizania

504 2634 697 2686 domus
732 2642 1064 2702 tangentem,
1103 2641 1157 2685 et
1188 2632 1357 2701 ipsam
1389 2632 1610 2685 domum
1651 2649 1680 2684 a
1724 2633 2092 2689 fundamentis
2194 2647 2247 2698 in
2270 2645 2350 2700 eis
2369 2646 2503 2700 oriri
2534 2643 2684 2700 fecit,
2706 2644 2838 2699 Post
2865 2658 2986 2713 qua;
3012 2644 3269 2699 universa
3298 2644 3469 2698 adhuc
3492 2643 3540 2695 in
3571 2638 3731 2693 ultimo

504 2723 926 2787 subvertentem,
958 2735 1123 2792 atque
1171 2738 1267 2779 805
1314 2722 1402 2790 (illi
1440 2724 1766 2778 intrinsecus
1819 2736 1978 2779 erant
2017 2727 2093 2780 ἰιι-
2196 2737 2320 2791 [alia
2350 2737 2564 2793 deserta
2595 2747 2721 2792 sum,
2747 2753 2937 2795 omnes
2960 2740 3290 2808 pay-[inaces’
3319 2748 3504 2792 omnes
3526 2730 3734 2788 crudeles

504 2815 889 2871 terlicieutem.
961 2814 1110 2878 Tum,
1167 2815 1365 2884 inquit,
1404 2814 1704 2883 iniquitatis
1747 2818 2061 2886 operatione

2194 2832 2282 2899 qui
2320 2846 2424 2886 non
2474 2841 2639 2902 agunt
2667 2832 3071 2903 paenitentiam,
3104 2831 3194 2899 qui
3230 2829 3556 2884 contristent
3587 2820 3730 2890 Spirio

503 2916 630 2962 sunt
672 2908 787 2962 hate
828 2908 1033 2971 omnia,
1060 2921 1094 2961 ο
1142 2907 1476 2975 nequissime
1520 2906 1750 2961 diabole.
1790 2908 1923 2962 Nam
1951 2908 2092 2964 Deus
2194 2932 2307 2978 ιιηη
2361 2933 2632 2991 sanctum,
2683 2924 2737 2978 ῑη
2783 2938 2891 2995 quo
2923 2922 3129 2991 pridem
3176 2920 3378 2991 signati
3408 2925 3529 2973 sunt
3572 2916 3627 2967 in
3667 2910 3735 2965 die

504 3009 732 3054 η¹υ¹⁹ιθ¹η
804 3014 907 3053 ηοη
973 2998 1122 3063 fec“:
1184 3013 1363 3069 “milia
1405 2999 1620 3054 Ῑεείίίιυτ
1675 3000 1729 3054 in
1789 3001 2092 3070 Ρθτάίῑίοηε
2194 3016 2612 3086 redemptionis,
2649 3014 2744 3085 qui
2785 3015 3118 3070 contristent
3152 3024 3377 3067 sanctus
3410 3001 3731 3076 δυβιαε,ηυὶ

500 3093 769 3157 vivorum,
821 3092 916 3147 sed
980 3102 1070 3147 tua
1124 3092 1322 3147 invidia
1382 3103 1546 3164 atque
1605 3093 1724 3149 zelo
1791 3108 1941 3149 mors
2009 3095 2091 3149 in-
2194 3108 2431 3177 gaudent
2474 3120 2641 3175 super
2671 3120 2787 3169 eos,
2830 3105 2921 3174 qui
2972 3118 3069 3173 pro
3103 3104 3347 3171 peccatis
3400 3092 3733 3170 pmnitentiatu

504 3188 687 3241 troivit
731 3188 783 3240 iu
830 3187 1109 3244 mundum.
1155 3185 1309 3241 Sicut
1345 3187 1489 3240 enim
1526 3186 1579 3240 in
1616 3196 1785 3241 totum
1828 3186 2087 3241 mundum
2118 3206 2162 3265 α
2194 3207 2380 3268 agunt,
2418 3197 2622 3255 Omnes
2657 3210 2788 3266 ergo
2820 3196 2906 3251 isti
2954 3194 3176 3250 desolati
3212 3202 3343 3249 sunt
3385 3194 3473 3262 qui
3514 3204 3607 3244 non
3645 3196 3735 3255 pm-

502 3280 653 3334 n‘tors
689 3279 938 3334 introivit
980 3294 1081 3349 per
1115 3290 1263 3335 tuum
1310 3279 1511 3346 zelum,
1544 3279 1615 3331 ita
1654 3288 1709 3333 et
1738 3293 1885 3333 nunc
1922 3292 2059 3348 sepe

2193 3290 2494 3345 nituerunt.
2530 3286 2753 3344 Habitat
2790 3302 2925 3342 vero
2958 3288 3010 3342 in
3043 3287 3179 3350 illis,
3208 3295 3402 3354 utpote
3435 3287 3487 3337 in
3519 3274 3734 3336 desertis,

503 3374 643 3428 ﬁlios
676 3371 772 3428 iob
803 3387 901 3442 per
927 3383 1078 3426 tuum
1114 3373 1289 3429 zelum
1325 3382 1379 3426 et
1424 3372 1683 3426 invidiam
1720 3371 1957 3442 perditio
1992 3374 2089 3427 ad-
2192 3376 2465 3451 malignus
2501 3378 2853 3435 adversarius
2880 3379 2971 3448 qui
3017 3386 3166 3433 tenet
3199 3390 3296 3430 cor
3323 3388 3532 3436 eorum,
3577 3378 3629 3423 ut
3661 3378 3737 3420 nec

501 3465 673 3527 venit,
718 3475 882 3534 atque
920 3466 1200 3530 interitus,
1243 3480 1280 3520 ο
1322 3466 1654 3534 nequissime
1699 3465 1936 3523 dlabole.
1977 3466 2090 3521 Hoc
2190 3473 2257 3526 ad
2302 3472 2676 3541 pmuiteutiam
2728 3468 3118 3529 conﬁteantur,
3162 3480 3343 3536 neque
3387 3462 3737 3535 jejmtiaﬂef'

500 3571 681 3613 autem
734 3570 789 3611 tu
820 3561 935 3630 ipse
980 3560 1047 3613 de
1096 3562 1387 3629 temetipso
1438 3559 1845 3626 demonstrans,
1892 3560 2029 3615 dicis
2069 3576 2085 3613 :
2191 3573 2373 3623 ceanl.
2438 3578 2617 3633 neque
2676 3562 3053 3631 eleemosynas
3104 3558 3336 3613 faciant.
3373 3555 3498 3609 istis
3542 3555 3738 3613 namque

503 3651 692 3707 Subito
717 3653 939 3721 spiritus
968 3652 1107 3706 venit
1134 3653 1198 3705 ab
1234 3669 1429 3707 eremo.
1470 3652 1662 3707 Subito
1695 3653 1838 3707 enim
1871 3652 2089 3707 occulte
2189 3668 2412 3727 peccata
2448 3656 2818 3711 dominantur.
2850 3655 2942 3709 Isti
2980 3667 3113 3715 ergo
3138 3666 3335 3705 omnes
3366 3664 3487 3705 cum
3525 3652 3643 3700 sunt
3669 3637 3739 3690 tle-

500 3755 663 3815 atque
693 3745 941 3800 clanculo
966 3746 1282 3799 innumeros
1310 3747 1601 3811 subvertis,
1632 3746 1951 3800 innumeros
1978 3746 2083 3798 cir-
2189 3748 2345 3804 solati
2371 3752 2661 3802 sanctitate
2681 3758 2733 3801 et
2759 3748 2864 3801 nde
2891 3757 3055 3816 atque
3082 3746 3175 3800 Dei
3206 3746 3429 3806 timore,
3462 3736 3740 3795 desoltﬂtl"r

500 3838 802 3900 camenis,
851 3847 907 3891 et
953 3847 1062 3892 tuae
1102 3838 1574 3894 cmtdemnation'ts
1620 3838 1867 3893 hmreties
1925 3836 2079 3904 facis,
2188 3843 2254 3895 de
2287 3854 2452 3909 regno
2486 3840 2605 3904 Dei,
2634 3850 2689 3895 et
2720 3840 3085 3911 projiciuntur
3111 3838 3183 3891 dc
3213 3838 3409 3893 choris
3437 3840 3738 3890 sanctum.

499 3945 639 4000 quos
666 3931 769 3985 aevi
797 3940 1001 3986 aeterna
1028 3931 1315 3986 conversio
1354 3930 1539 3986 subito
1575 3928 1955 4001 apprehendit,
1994 3939 2086 3983 ut-
2187 3945 2352 4004 atque
2378 3932 2434 3986 in
2466 3934 2718 3987 tenebras
2757 3933 3058 3987 exteriores
3099 3930 3383 4001 peiietrtur
3408 3939 3464 3983 et
3499 3927 3551 3980 in
3584 3923 3736 3992 ignem

500 4031 625 4088 pote
649 4034 676 4073 a
719 4030 773 4076 te
802 4022 852 4075 itt
887 4022 1043 4076 malis
1075 4022 1346 4077 seductus.
1381 4020 1463 4077 0b
1487 4024 1590 4078 hoc
1623 4037 1755 4092 ergo
1781 4022 1963 4076 subito
1992 4035 2083 4075 vc-
2187 4024 2705 4096 inexstiuguihilem,
2737 4025 2830 4095 qui
2862 4033 3200 4094 prteparatus
3228 4032 3319 4077 est
3351 4020 3565 4077 diabolo
3588 4024 3636 4069 et
3659 4025 3743 4065 an-

500 4116 581 4170 nit
614 4116 852 4186 spiritus.
896 4114 976 4175 Tu
1017 4118 1133 4186 ipse
1165 4133 1225 4173 es
1263 4118 1406 4173 aeris
1459 4125 1777 4187 penetrator
1808 4115 2079 4178 diabolus,
2187 4118 2325 4189 gelis
2356 4118 2492 4184 ejus.
2534 4114 2662 4170 Haec
2706 4116 2893 4185 itaque
2930 4126 3086 4170 nutat
3115 4116 3397 4176 universa,
3434 4112 3557 4182 quia
3594 4103 3740 4160 dicit:

500 4224 796 4279 aereusque
815 4211 1039 4280 spiritus
1062 4211 1131 4265 ab
1155 4223 1378 4265 eremo:
1404 4208 1629 4278 spiritus
1664 4223 1791 4261 vero
1820 4216 2083 4276 tanquam
2187 4208 2374 4264 Subito
2406 4207 2623 4274 spiritus
2651 4209 2787 4261 venit
2828 4209 2892 4260 ab
2923 4222 3118 4269 eremo,
3147 4215 3195 4259 et
3221 4207 3399 4276 tetigit
3418 4210 3638 4273 quatuor
3663 4207 3747 4246 at"

501 4307 553 4357 in
585 4317 828 4358 eremum
864 4317 927 4356 ac
951 4303 1324 4365 solitudinem,
1368 4300 1457 4354 ubi
1490 4315 1665 4370 neque
1693 4298 1960 4363 hominis,
1993 4313 2083 4353 ne-
2186 4301 2343 4372 gulos
2374 4302 2582 4355 domus.
2617 4300 2672 4355 In
2709 4300 2869 4354 tertia
2921 4299 3077 4368 plaga
3111 4298 3214 4352 tria
3254 4310 3468 4351 cornua
3505 4286 3746 4347 fecitdia-

499 4408 605 4464 que
631 4395 1003 4465 quadrupedis
1034 4394 1320 4464 vestigium
1344 4392 1580 4447 traditur
1605 4390 1880 4461 proiectus
1913 4400 2081 4459 atque
2187 4391 2364 4456 bolus,
2396 4392 2448 4445 in
2478 4401 2671 4461 quarta
2703 4404 2833 4443 vero
2861 4388 3017 4458 plaga
3049 4397 3292 4458 quatuor
3322 4384 3551 4453 angulos
3582 4382 3747 4434 domus

497 4489 775 4558 expulsus.
801 4491 905 4541 Aut
935 4489 1112 4542 adhuc
1139 4487 1367 4541 venitab
1386 4500 1592 4549 eremo,
1620 4494 1807 4552 utpote
1829 4484 2081 4538 onmium
2115 4546 2151 4558 ﬁ
2190 4485 2386 4555 tetigit,
2417 4497 2472 4539 et
2506 4482 2701 4539 cecidit
2735 4483 2950 4537 domus.
2982 4478 3046 4534 Et
3078 4480 3210 4549 quid
3258 4480 3304 4534 si
3350 4492 3519 4533 unum
3568 4466 3747 4537 tetigis-

498 4546 803 4633 divinorum
833 4591 1116 4642 θλίβοι-εμπ
1145 4579 1213 4632 ab
1244 4578 1500 4633 omnibus
1522 4577 1955 4634 desolatus.Aut
1981 4578 2073 4630 ad—
2115 4546 2156 4599 D
2189 4584 2271 4629 set
2318 4574 2597 4643 angulum,
2643 4572 2838 4628 cadere
2885 4587 2991 4626 non
3047 4571 3359 4642 potuisset?
3411 4569 3549 4638 Ergo
3592 4564 3635 4617 si
3669 4569 3750 4627 per

496 4670 603 4724 huc
628 4671 695 4725 ab
732 4685 921 4725 eremo
949 4670 1118 4734 venit,
1150 4678 1337 4739 utpote
1372 4684 1474 4722 nou
1506 4667 1680 4721 solum
1719 4668 1771 4721 in
1799 4669 2077 4737 corrupti-
2189 4681 2357 4719 unum
2392 4665 2644 4734 angulum
2680 4672 2891 4733 poterat
2928 4663 3146 4727 cadere,
3179 4676 3277 4715 cur
3308 4674 3506 4714 omnes
3545 4659 3751 4724 quatuor

493 4764 694 4820 bilibus
732 4775 894 4832 atque
926 4763 1240 4817 inauimatis
1273 4761 1656 4817 solitudinibus
1698 4771 2076 4831 sequestrattts
2189 4758 2414 4827 angulos
2470 4756 2692 4825 tetigit?
2751 4754 2908 4809 audi.
2967 4754 3214 4820 Quatuor
3265 4751 3530 4820 angulos.
3596 4743 3643 4832 ill
3680 4745 3747 4790 εει

494 4875 558 4913 ac
594 4831 903 4920 destitutus,
942 4855 1034 4910 sed
1064 4855 1312 4923 quinimo
1340 4855 1511 4923 magis
1542 4854 1597 4907 in
1626 4854 1879 4907 humanis
1911 4863 2075 4922 atque
2186 4860 2419 4913 quatuor
2444 4858 2647 4918 partes,
2690 4847 2891 4918 tetigit,
2930 4844 2998 4901 ob
3026 4846 3151 4911 hoc,
3185 4854 3242 4897 ιιι
3276 4842 3598 4897 ostenderet
3626 4831 3750 4886 fero-

494 4950 748 5003 auimatis
774 4947 1177 5009 solitudinibus,
1211 4961 1330 5015 qua:
1352 4957 1479 4999 sunt
1509 4945 1705 4998 animze
1738 4945 2076 5013 impiae,sce—
2186 4944 2405 4999 citatem
2450 4953 2503 4995 et
2563 4938 2855 5002 insaniam,
2908 4948 2967 4991 et
3023 4932 3512 5005 intemperantiam
3561 4930 3749 4995 φιοίιυθ

496 5041 702 5103 leralze,
734 5049 1001 5101 errantes,
1033 5038 1300 5103 iulid'eles,
1335 5054 1454 5107 qua:
1480 5048 1605 5091 sunt
1644 5038 1897 5092 desolata-
1925 5038 2070 5092 omni
2185 5044 2353 5102 atque
2383 5033 2784 5097 crudelitatem,
2835 5028 3269 5083 cruentationctn
3313 5036 3489 5093 atque
3533 5017 3748 5073 animum

494 5129 804 5192 sanctitate,
859 5145 978 5198 qua:
1033 5144 1137 5183 non
1187 5128 1503 5183 habitantur
1566 5144 1741 5198 neque
1802 5145 1835 5182 π
1888 5139 2075 5183 sancto
2186 5144 2340 5182 suum
2384 5124 2784 5180 homicidalem.
2819 5120 2953 5175 Nam
2986 5134 3181 5175 omnes
3214 5116 3538 5186 nequissimi
3570 5112 3750 5165 daturo-

494 5222 698 5291 Spiritu
722 5221 1027 5282 Paracleto,
1071 5236 1244 5290 neque
1279 5238 1306 5273 a
1344 5222 1548 5275 sanctis
1574 5221 1781 5291 angelis
1811 5220 1903 5273 Dei
1939 5238 1954 5273 :
1990 5230 2074 5272 ut-
2186 5233 2282 5273 nes
2316 5228 2373 5269 ut
2419 5215 2646 5270 relaxati
2684 5222 2829 5277 sunt,
2867 5222 2922 5266 et
2954 5226 3078 5264 mox
3115 5222 3172 5263 ut
3222 5206 3751 5300 permissionem-‘3‘?

495 5326 617 5380 pote
652 5315 705 5367 in
745 5313 1050 5383 huiusmodi
1094 5313 1327 5367 desertis
1377 5312 1653 5375 habitans,
1684 5330 1714 5365 a
1761 5313 1973 5366 deserto
2006 5318 2077 5363 te-
2185 5315 2469 5378 ceperunt,
2506 5304 2766 5359 continuo
2802 5318 2997 5357 omnes
3049 5299 3385 5371 generaliter
3419 5297 3489 5351 ab
3520 5291 3751 5348 omniin!8

496 5408 669 5470 ipsum
701 5405 888 5459 venire
924 5405 1079 5459 dicis.
1118 5404 1249 5459 Tale
1281 5405 1555 5458 desertum
1589 5401 1765 5457 factus
1793 5412 1875 5457 est
1909 5404 2073 5456 etiam
2177 5402 2423 5471 partibus
2455 5412 2619 5467 super
2650 5398 2875 5451 domum
2909 5394 3080 5462 ipsam
3111 5393 3397 5445 irrueruut
3426 5386 3750 5443 festinantes.

494 5498 583 5551 ille
620 5514 777 5566 quem
822 5499 1001 5567 sc0pis
1050 5500 1368 5551 Inundalum
1417 5507 1578 5566 atque
1622 5508 1872 5551 ornatum
1927 5510 2055 5563 rcpe
2175 5502 2336 5560 atque
2386 5490 2674 5543 adversum
2735 5487 2965 5541 invicem
3020 5485 3321 5554 rapientes,
3384 5481 3512 5549 quis
3566 5476 3751 5567 P'l'llus

494 5592 640 5643 ficus
680 5591 1044 5659 nequissimus
1080 5600 1242 5660 atque
1286 5588 1596 5643 immundus
1649 5588 1890 5657 spiritus,
1943 5588 2075 5641 alios
2175 5584 2311 5637 hanc
2358 5580 2699 5650 iniquitatem
2758 5578 3055 5647 aceiperel.
3100 5573 3223 5645 (illis
3266 5572 3483 5640 Primus
3534 5568 3631 5621 hoc
3670 5562 3752 5614 *θ’

494 5690 702 5748 septem
753 5682 1043 5750 nequiores
1094 5695 1154 5735 se
1205 5695 1491 5735 assumens
1549 5679 1817 5733 habitavit
1880 5680 1933 5732 in
1986 5694 2071 5734 eo.
2182 5675 2455 5729 uticidium
2506 5682 2865 5741 perpetraret.
2931 5669 3012 5723 0b
3065 5668 3166 5721 hoc
3210 5678 3342 5734 ergo
3396 5678 3497 5732 per
3543 5663 3753 5727 quatuor

561 5856 777 5911 "Joatt.
806 5872 924 5926 xm,
950 5858 1039 5912 9.7.
1118 5858 1162 5889 ⁸³
1194 5857 1258 5910 lli
1308 5859 1440 5927 Reg.
1473 5877 1601 5922 XX",
1633 5862 1723 5916 ‘25.
1804 5862 1847 5893 ³⁷⁵
1890 5861 2017 5916 ibid.
2044 5860 2114 5913 24

1246 5857 1258 5910 I
1308 5859 1440 5927 Reg.
1473 5877 1601 5922 XX",
1633 5862 1723 5916 ‘25.
1804 5862 1847 5893 ³⁷⁵
1890 5861 2017 5916 ibid.
2044 5860 2137 5914 24.
2217 5858 2260 5891 ³⁸
2287 5855 2481 5912 Matth.
2519 5868 2676 5918 XXIII,
2713 5852 2803 5907 '58.
