3942 6514
237 432 343 485 457

1376 431 1762 488 ANONYMUS
1799 430 1864 485 IN
1900 432 2042 491 JOB.
2084 468 2152 477 -—
2187 434 2313 490 LIB.
2354 433 2399 490 Ι.

3414 437 3517 494 J58

236 551 469 619 [ot-steri,
510 552 749 619 quandiu
791 548 1069 620 lugebant,
1116 568 1222 605 non
1270 554 1569 609 tondebant
1597 569 1833 620 comam,
1868 558 1911 611 A
1941 570 2000 609 se
2041 568 2171 613 ante
2204 556 2370 611 Deum
2429 551 2742 618 lmmilians,
2809 552 3201 621 nequissimum
3242 552 3516 610 diabolum

238 643 493 712 deposito
537 653 716 697 autem
754 644 899 698 luctu
951 642 1236 698 confestim
1300 646 1619 709 tondebant,
1672 648 1741 699 ita
1770 654 1827 701 ct

239 750 391 788 nunc
419 735 613 789 beatus
638 734 741 789 Joh
773 736 1003 791 totondit
1029 752 1245 791 comam
1271 738 1466 805 capitis
1491 740 1595 801 sui,
1642 749 1699 792 ut
1729 739 1827 793 Ιιιιι

238 828 479 882 miliaret
507 842 589 893 sc,
637 838 694 881 ut
734 827 1048 897 subjiceret,
1083 838 1139 881 ut
1170 830 1444 883 miseriam
1494 830 1825 884 ostenderet.

239 920 396 986 Quod
424 930 511 974 est
551 921 712 989 hujus
756 920 834 974 rei
882 920 1188 975 indicium?
1235 921 1337 974 hoc
1368 922 1510 989 quod
1559 922 1610 974 in
1638 921 1829 976 subseo

236 1012 534 1080 quentibus
594 1013 795 1065 dictum
846 1023 985 1066 est:
1032 1013 1268 1081 Aspersit
1322 1028 1553 1081 namque
1631 1022 1827 1067 terram

235 1117 396 1170 super
423 1112 577 1169 caput
608 1117 763 1154 suum
793 1102 862 1154 δ’.
899 1100 1011 1155 Nisi
1048 1104 1190 1156 enim
1233 1102 1385 1156 valde
1414 1103 1723 1158 humiliarct
1745 1119 1825 1168 se,

235 1208 348 1247 non
377 1194 569 1262 utique
614 1204 775 1263 caput
806 1208 962 1248 suum
996 1204 1137 1248 terra
1169 1204 1484 1263 aspergeret
1520 1213 1535 1247 :
1568 1196 1824 1263 Aspersit,

235 1285 486 1354 inquam,
522 1296 719 1338 terram
750 1302 911 1354 super
941 1298 1095 1355 caput
1132 1303 1306 1340 suum.
1359 1285 1512 1341 Unde
1540 1288 1680 1341 hanc
1704 1286 1824 1355 opi-

234 1376 460 1429 nionem
491 1376 795 1443 sumpsisti,
820 1392 853 1430 o
883 1377 1037 1431 beate
1059 1374 1197 1431 Jobl
1238 1386 1296 1429 ut
1322 1387 1521 1430 terram
1550 1376 1709 1445 capiti
1736 1387 1825 1431 tuo

232 1468 593 1537 aspergeres‘?
620 1468 663 1520 A
694 1468 911 1532 tritavo,
948 1468 1145 1537 inquit,
1173 1468 1392 1536 generis
1419 1468 1522 1524 mei
1551 1468 1823 1522 Abraham

231 1562 453 1616 dicente
483 1580 497 1615 :
537 1561 652 1631 Ego
682 1578 798 1614 sunt
832 1571 974 1614 terra
1002 1571 1049 1614 et
1094 1561 1225 1613 ciuis
1252 1560 1323 1623 ",
1351 1569 1407 1614 et
1439 1575 1469 1612 a
1517 1561 1824 1630 patriarcha

233 1653 405 1705 totius
430 1652 646 1721 generis
676 1651 894 1704 humani
934 1651 1128 1715 Adam,
1166 1653 1233 1705 ad
1266 1667 1430 1719 quem
1455 1652 1663 1707 dictum
1701 1662 1779 1705 est
1806 1668 1821 1703 :

234 1744 407 1798 Terra
446 1760 524 1808 es,
579 1754 626 1796 et
668 1744 722 1796 in
757 1754 950 1796 terram
988 1744 1086 1796 ibis
1112 1741 1180 1796 “.
1248 1741 1371 1797 "tce
1407 1743 1589 1811 itaque
1618 1742 1687 1796 ab
1720 1742 1824 1809 illis

229 1835 469 1890 audiens
500 1846 668 1902 atque
697 1848 905 1888 memor
937 1835 1171 1904 aspersit
1232 1844 1432 1889 terram
1486 1833 1649 1904 capiti
1699 1850 1820 1889 suo.

1940 659 2108 711 usque
2158 646 2224 697 ad
2283 643 2488 697 inferos
2528 640 2746 709 dejecit.
2799 641 2939 707 Quid
2996 642 3246 707 dicimus,
3290 659 3324 699 ο
3375 646 3518 698 viri?

1938 733 2186 801 Nunquid
2237 747 2303 788 ex
2361 734 2469 789 alio
2510 749 2739 804 corpore
2784 743 3000 788 creatus
3053 743 3135 788 cst
3167 733 3301 789 Job?
3324 735 3512 791 Absit!

1940 826 2051 882 Non
2074 827 2220 882 enim
2243 844 2365 883 cum
2399 843 2751 897 personarum
2788 829 3111 897 acceptione
3139 830 3516 885 creavit‘tDeus

1936 920 2073 975 alios
2104 920 2261 985 tales,
2294 922 2507 990 aliquos
2535 920 2888 976 nihilominus
2926 922 3058 976 tales
3079 962 3095 985 ,
3146 925 3239 976 sed
3268 923 3408 978 idem
3433 932 3520 978 est

1934 1014 2174 1068 omnium
2214 1013 2417 1082 plasma
2472 1014 2539 1069 de
2601 1016 2729 1069 limo
2783 1027 2962 1081 terrm,
3016 1018 3110 1069 sed
3167 1014 3393 1084 aequalis
3434 1021 3518 1068 est

1934 1104 2172 1157 omnium
2204 1105 2479 1158 animae:
2512 1105 2603 1159 Dei
2641 1106 2977 1173 operatione.
3001 1104 3105 1158 Sed
3142 1105 3266 1173 quia
3300 1120 3403 1158 non
3433 1111 3518 1156 est

1934 1195 2174 1249 omnium
2209 1196 2402 1250 similis
2435 1197 2707 1259 voluntas,
2738 1212 2913 1267 neque
2954 1200 3150 1265 pietas,
3193 1212 3366 1264 neque
3394 1195 3513 1249 reli-

1934 1287 2178 1358 giositas,
2212 1302 2387 1357 neque
2406 1290 2559 1354 fides,
2581 1304 2760 1359 neque
2790 1290 3127 1358 propositum
3152 1289 3299 1344 circa
3324 1288 3511 1364 Deum,

1936 1396 2110 1451 neque
2160 1397 2284 1451 spes
2340 1383 2462 1436 vita:
2502 1391 2744 1447 aeternae,
2794 1398 2971 1451 neque
3025 1382 3186 1438 timor
3231 1382 3512 1452 geliennze,

1935 1484 2110 1539 neque
2151 1470 2452 1525 inferorum
2485 1472 2807 1541 supplicium
2860 1473 2911 1525 in
2958 1473 3200 1527 tenebris
3225 1472 3517 1526 exteriori-

1935 1558 2053 1624 bus,
2080 1560 2282 1617 ideirco
2314 1579 2418 1617 non
2452 1578 2642 1617 oumes
2679 1563 2927 1618 homines
2960 1564 3098 1616 idem
3137 1563 3516 1617 demonstrant

1934 1652 2293 1720 propositum,
2344 1667 2521 1722 neque
2548 1654 2794 1707 eamdem
2838 1654 3206 1713 tolerantiam,
3253 1670 3357 1708 non
3386 1653 3512 1720 quia

1934 1760 2039 1798 non
2076 1755 2324 1813 possunt,
2375 1747 2469 1800 sed
2509 1748 2639 1815 quia
2678 1748 2888 1801 nolunt.
2937 1747 3227 1816 Propterea
3261 1748 3419 1816 digne
3451 1764 3516 1801 ac

1925 1834 2074 1902 juste
2101 1836 2481 1906 inagnilicatur
2513 1839 2703 1893 beatus
2729 1837 2854 1905 Job,
2884 1840 3010 1907 quia
3039 1840 3224 1892 volens
3256 1840 3517 1893 sustinuit

228 1926 357 1980 Non
400 1929 583 1997 itaque
614 1942 733 1981 sum
766 1936 1025 1996 tanquam
1069 1925 1317 1981 diabolus
1345 1927 1436 1995 qui
1469 1927 1536 1980 de
1562 1925 1703 1981 coelo
1739 1942 1831 1980 ce-
1861 1927 1902 1980 Β
1934 1929 2047 1983 haec
2080 1929 2262 1982 omnia
2292 1945 2416 1983 cum
2473 1932 2769 1997 gratiarum
2817 1930 3141 1985 actionibus.
3210 1929 3342 1983 Nam
3393 1942 3515 1999 post

226 2018 391 2085 cidit,
438 2020 532 2073 sed
570 2035 689 2073 sum
722 2029 977 2088 tanquam
1025 2033 1164 2073 unus
1193 2034 1265 2073 ex
1317 2018 1628 2072 hominibus
1672 2026 1827 2073 ortus

227 2112 304 2165 de
328 2121 498 2173 terra,
522 2112 751 2179 ideoque
776 2122 976 2165 terram
996 2126 1224 2181 aspergo
1248 2125 1413 2179 super
1435 2120 1597 2179 caput
1618 2126 1823 2165 meum.

226 2200 355 2258 Non
384 2218 502 2259 sum
538 2203 681 2259 sicut
705 2202 950 2257 diabolus
986 2218 1055 2258 ex
1096 2202 1505 2272 incorruptione
1530 2201 1824 2272 proiectus,

225 2297 333 2351 sed
383 2312 503 2351 sum
559 2308 815 2365 tanquam
875 2311 1013 2351 unus
1066 2296 1505 2364 corruptibilium
1568 2296 1637 2351 de
1696 2296 1830 2351 lituo

227 2390 559 2459 plasmatus.
628 2387 817 2443 Merito
887 2399 1093 2443 terram
1162 2403 1387 2459 aspergo
1446 2404 1607 2457 super
1663 2399 1831 2457 caput

224 2494 440 2544 nicum,
463 2490 524 2533 ut
557 2482 789 2544 noverit,
826 2481 1024 2549 inquit,
1055 2482 1305 2536 diabolus
1338 2483 1705 2551 nequissimus
1732 2485 1826 2535 ad-

228 2586 424 2627 versus
454 2588 614 2642 quem
654 2574 838 2636 habet,
873 2577 1001 2642 quia
1030 2576 1292 2629 adversus
1322 2585 1603 2630 terrenum
1636 2576 1824 2638 habet,

225 2667 497 2721 adversus
544 2667 985 2737 corruptibilem,
1041 2669 1305 2723 adversus
1354 2669 1663 2733 mortalem,
1724 2670 1826 2723 ad-

225 2775 426 2812 versus
455 2760 734 2815 hominem
761 2762 827 2814 de
866 2760 996 2814 limo
1035 2772 1194 2815 terra:
1232 2761 1580 2829 plasmatum.
1613 2761 1693 2817 Ob
1722 2762 1825 2817 hoc

226 2846 476 2915 aspergit
514 2858 656 2901 terra
684 2858 847 2910 caput
882 2864 1060 2912 suum,
1097 2860 1156 2902 ut
1204 2850 1442 2903 instruat
1496 2864 1687 2907 onmes
1715 2860 1824 2906 ter-

226 2953 415 3004 renos,
467 2941 850 3011 corroptibiles
912 2951 1079 3011 atque
1127 2942 1424 3009 mortales,
1477 2944 1607 3012 quia
1657 2945 1822 2999 etiam

227 3031 335 3099 ipsi
370 3042 596 3099 possunt
642 3033 893 3087 similiter
921 3045 1072 3089 stare
1103 3034 1367 3090 adversus
1400 3036 1817 3105 nequissimum.

226 3121 493 3187 Possunt,
556 3126 800 3193 inquam,
852 3126 1106 3180 similiter
1159 3126 1391 3182 suﬂerre
1439 3143 1509 3182 ac
1561 3144 1824 3198 superare

224 3230 424 3270 omnes
457 3221 789 3273 tentationes
818 3218 1043 3284 diaboli,
1075 3220 1119 3273 si
1150 3219 1318 3274 Deum
1341 3220 1634 3275 dilexerint
1657 3230 1820 3290 atque

226 3310 526 3365 metueriut
578 3328 590 3362 :
644 3312 788 3366 sicut
836 3312 1175 3368 admirabilis
1209 3311 1311 3368 Job
1356 3313 1617 3367 sustinuit
1652 3323 1818 3383 atque

226 3401 467 3469 portavit
519 3418 627 3455 non
663 3403 932 3457 modicum
973 3403 1198 3474 aliquid,
1248 3404 1345 3459 sed
1392 3419 1620 3475 magnos
1649 3418 1702 3460 et
1745 3406 1819 3460 in-

224 3502 422 3562 gentes
470 3504 635 3563 atque
678 3496 948 3551 terribiles
1003 3497 1222 3551 dolores
1262 3511 1329 3550 ac
1374 3504 1666 3561 tormenta,
1699 3514 1820 3567 quae

226 3585 369 3640 alius
420 3586 514 3639 illo
554 3602 653 3641 nec
697 3588 870 3655 prior,
933 3604 1034 3643 nec
1100 3591 1375 3658 posterior
1426 3591 1687 3645 sustinuit
1724 3609 1737 3644 :
1768 3601 1822 3646 et

224 3680 373 3745 quod
430 3687 517 3732 est
555 3680 828 3749 superius,
893 3696 1000 3735 non
1053 3682 1259 3737 habens
1322 3683 1554 3735 formam
1611 3701 1675 3736 cx
1713 3684 1821 3737 alio

226 3772 431 3839 priore,
462 3788 563 3826 nec
594 3772 903 3843 exemplum
940 3774 1207 3843 recipiens
1248 3774 1313 3830 ab
1360 3774 1466 3829 alio
1519 3776 1814 3830 anteriore.

224 3862 361 3915 Cum
395 3879 558 3915 unum
590 3880 654 3916 ex
710 3864 963 3932 plurimis
1007 3864 1219 3918 videtur
1258 3862 1431 3919 Jacob
1472 3865 1640 3919 filium
1698 3880 1822 3934 per-

224 3955 451 4019 didisse,
480 3971 511 4008 a
539 3955 752 4009 caneris
778 3956 1031 4010 omnibus
1070 3957 1339 4010 consolari
1376 3974 1482 4011 non
1508 3958 1704 4026 p0tuit,
1723 3958 1817 4011 sed

227 4048 367 4102 dixit
401 4066 415 4100 :
456 4047 556 4100 Ibo
588 4058 701 4116 post
734 4047 904 4114 ﬁlium
936 4063 1113 4100 meum
1146 4047 1329 4118 lugens
1361 4049 1417 4102 in
1451 4049 1717 4117 infernum
1751 4048 1816 4103 ⁸⁵.

227 4140 609 4210 Magnanimos
628 4152 810 4195 autem
844 4139 946 4196 Job
972 4148 1096 4210 post
1129 4140 1325 4210 peculii
1351 4142 1737 4212 perditionem,
1765 4152 1820 4197 et

225 4245 349 4303 pest
378 4235 624 4287 omnium
672 4234 937 4288 bonorum
975 4234 1362 4305 direptionem,
1396 4235 1641 4289 omnium
1682 4236 1819 4289 ῆιίο-

226 4341 345 4379 rum
387 4326 758 4381 miserabilem
799 4327 1079 4381 interitum
1132 4331 1336 4397 pariter
1362 4326 1525 4381 simul
1562 4341 1683 4381 cum
1723 4344 1820 4380 au-

226 4413 395 4468 disset
424 4430 531 4467 non
562 4416 877 4484 suspiravit,
907 4432 1011 4469 non
1051 4417 1338 4485 ingemuit,
1374 4433 1479 4473 non
1524 4418 1820 4487 reprehen-

224 4506 320 4570 dit,
362 4520 471 4559 non
502 4505 805 4572 maledixit,
839 4521 944 4560 non
972 4507 1392 4578 blasphemavit,
1424 4522 1529 4561 non
1555 4506 1815 4576 culpavit,

1931 2018 2047 2074 haec
2094 2020 2348 2073 universa
2381 2035 2501 2089 qua:
2531 2022 2787 2090 superius
2827 2034 3123 2075 memorata
3174 2029 3298 2074 sunt
3352 2030 3513 2088 atque

1927 2117 2171 2174 ostensa,
2212 2110 2351 2163 dixit
2399 2127 2412 2163 :
2452 2108 2519 2163 Et
2569 2113 2850 2179 prostravit
2882 2127 2936 2164 se
2968 2111 3022 2163 in
3064 2120 3224 2177 terra,
3261 2121 3307 2163 et
3343 2110 3511 2164 oravit

1928 2201 1998 2254 ad
2050 2200 2431 2256 Dominum“.
2485 2203 2725 2257 Primum
2762 2206 3023 2267 surrexit,
3081 2214 3130 2256 et
3194 2205 3261 2256 ita
3295 2205 3509 2258 demum

1926 2310 1986 2351 se
2017 2295 2333 2365 prostravit.
2364 2294 2617 2349 Surrexit
2649 2297 2716 2349 ad
2743 2297 3009 2365 pra-lium,
3032 2297 3329 2365 prostravit
3362 2299 3422 2352 se
3442 2296 3512 2350 ad

1927 2400 2163 2457 precem.
2199 2385 2451 2440 Surrexit
2476 2388 2542 2439 ad
2570 2388 2850 2451 virtutem,
2877 2388 3174 2457 prostravit
3198 2403 3259 2442 se
3284 2388 3350 2440 ad
3381 2402 3512 2441 οτα-

1929 2480 2152 2534 tionem.
2184 2479 2432 2535 Surrexit
2455 2480 2521 2531 ad
2551 2478 2794 2535 victoria:
2818 2480 3235 2550 perfectionem,
3272 2490 3511 2549 prostra-

1928 2570 2005 2623 vit
2033 2585 2091 2625 sc
2118 2572 2185 2625 ad
2220 2586 2437 2626 corona:
2463 2572 2862 2642 acceptionem.
2909 2568 3044 2625 Nam
3098 2582 3152 2626 et
3181 2580 3307 2625 ante
3340 2572 3513 2640 impe-

1927 2671 2139 2717 ratores
2177 2664 2268 2733 qui
2317 2663 2553 2719 victores
2594 2664 2947 2726 exstiterunt.
3005 2679 3115 2719 non
3150 2672 3382 2727 stantes,
3416 2664 3512 2718 sed

1926 2755 2178 2811 deorsum
2205 2758 2497 2815 adorantes
2525 2773 2788 2813 coronam
2828 2758 3127 2828 accipiunt.
3156 2756 3250 2811 Sic
3279 2771 3514 2826 namque

1926 2855 1981 2900 ct
2024 2848 2217 2901 beatus
2248 2846 2350 2903 Job
2402 2849 2453 2901 in
2502 2852 2673 2919 prima
2704 2849 2996 2903 tentatioue
3021 2864 3185 2919 quam
3219 2862 3317 2918 per
3347 2862 3512 2915 pecu-

1926 2937 2054 2993 lium
2088 2949 2252 3009 atque
2290 2940 2432 2994 lilios
2462 2943 2738 2995 sustinens
2768 2941 3052 2995 victoriam
3083 2942 3149 2996 de
3193 2941 3511 2996 adversario

1923 3032 2231 3101 acquisivit,
2283 3034 2351 3086 ad
2379 3032 2681 3088 orationem
2712 3048 2771 3087 se
2806 3036 3116 3103 prostravit,
3155 3042 3214 3087 ut
3241 3032 3511 3103 perfectas

1927 3124 2229 3179 tolerantia:
2281 3140 2396 3179 sua:
2448 3140 2479 3178 a
2533 3125 2642 3180 Deo
2673 3125 2945 3193 acciperet
2978 3139 3225 3179 coronas.
3291 3121 3373 3179 0b
3406 3126 3512 3178 hoc

1924 3233 2054 3287 ergo
2099 3220 2391 3287 prostravit
2441 3232 2499 3272 sc
2543 3226 2598 3270 ct
2650 3216 2827 3271 oravit
2877 3218 2943 3269 ad
2989 3216 3299 3270 Dominum.
3333 3216 3507 3281 Quem

1926 3326 2046 3363 cum
2084 3320 2417 3379 prostratum
2452 3310 2661 3364 videret
2693 3309 2963 3374 diabolus,
3001 3310 3222 3379 gavisus
3250 3317 3335 3363 est
3354 3309 3510 3362 valde

1926 3401 2112 3457 infelix
2147 3420 2161 3456 :
2195 3418 2318 3457 cum
2348 3413 2528 3457 autem
2560 3404 2879 3457 adorantem
2933 3412 3097 3471 atque
3134 3411 3381 3457 orantem
3414 3416 3510 3453 au-

1927 3495 2417 3564 disset,obstupuit
2452 3505 2619 3565 atque
2643 3496 2862 3564 expavit
2892 3513 2905 3548 :
2938 3493 3271 3558 Prostratus,
3308 3494 3507 3564 inquit,

1923 3589 2087 3643 oravit
2115 3588 2185 3642 ad
2222 3587 2523 3643 Dominum.
2542 3586 2643 3643 Job
2664 3600 2970 3658 prostratus
2994 3586 3190 3656 deiecit
3211 3588 3508 3652 diabolum,

1925 3682 2091 3735 altum
2132 3682 2462 3746 liuniiliavit,
2493 3684 2789 3737 exaltatum
2842 3682 3232 3752 supplantavit,
3266 3677 3535 3737 confudit“

1924 3774 2142 3838 fortem,
2186 3774 2514 3829 deformavit
2549 3775 2772 3829 clatum.
2812 3773 2990 3842 Super
3026 3775 3142 3827 haec
3174 3782 3357 3827 autem
3389 3788 3509 3826 om-

1924 3867 2034 3931 nia,
2067 3871 2207 3936 quod
2244 3869 2499 3923 oumibus
2551 3868 2725 3935 majus
2765 3878 2929 3937 atque
2952 3865 3203 3936 superius
3242 3873 3348 3928 est,
3382 3879 3507 3917 cum

1923 3975 2018 4014 sua
2055 3959 2424 4026 prostratione
2446 3957 2550 4013 Job
2589 3958 2861 4012 diabolum
2897 3957 3115 4027 dejecit,
3140 3966 3197 4011 et
3241 3971 3339 4010 sua
3370 3956 3505 4011 tole-

1924 4050 2101 4103 rantia
2153 4050 2551 4118 nequissimum
2588 4057 2831 4118 superat,
2868 4049 3096 4103 formam
3130 4045 3511 4114 ostenditejus

1922 4140 2013 4209 qui
2044 4140 2110 4193 de
2132 4139 2272 4193 caelo
2301 4138 2448 4193 venit
2479 4155 2491 4191 :
2525 4140 2616 4209 qui
2655 4150 2713 4193 ut
2757 4155 2989 4207 granum
3014 4138 3181 4193 tritici
3220 4138 3274 4191 in
3302 4146 3502 4191 terram

1922 4231 2120 4285 cadens
2152 4230 2420 4285 diabolum
2451 4231 2668 4300 dejecit.
2698 4240 2753 4285 ct
2785 4231 2976 4285 fortem
3007 4230 3271 4300 alligavit,
3295 4239 3350 4283 et
3378 4243 3508 4284 Vasa

1922 4322 2038 4391 ejus
2073 4322 2314 4392 diripuit,
2357 4331 2413 4376 et
2459 4322 2631 4392 spolia
2686 4322 2890 4387 divisit,
2949 4333 3003 4377 et
3046 4323 3313 4392 captivam
3354 4322 3511 4377 duxit

1922 4414 2319 4483 captivitatem,
2366 4425 2422 4468 et
2466 4416 2719 4483 passione
2770 4424 2933 4483 atque
2982 4415 3385 4469 resurrectione
3413 4429 3510 4470 sua

1924 4507 2184 4561 mundum
2243 4509 2495 4577 redemit,
2529 4519 2695 4576 atque
2718 4508 2977 4563 Saeculum
3009 4507 3261 4563 salvavit.
3305 4506 3508 4562 llormu

225 4615 331 4655 non
383 4601 524 4657 dixit
560 4614 622 4653 ea
683 4615 800 4668 quae
840 4598 1070 4655 dicenda
1128 4601 1268 4654 ratio
1313 4600 1663 4669 exposcebat,
1696 4614 1817 4669 qua:
1852 4633 1894 4685 ο
1926 4615 2158 4667 namque
2194 4602 2433 4655 omnium
2473 4602 2700 4657 formam
2758 4614 2925 4669 atque
2975 4600 3286 4669 exemplum
3326 4610 3512 4655 osten-

226 4711 369 4749 nunc
399 4693 592 4748 illicite
621 4693 809 4747 dicunt
839 4693 1081 4763 plurimi.
1133 4693 1242 4747 Cur
1263 4693 1461 4748 dedisti
1494 4693 1701 4762 primo,
1725 4702 1821 4747 aut

226 4802 319 4842 cur
368 4787 649 4840 abstulisti
692 4786 891 4840 modo?
942 4784 1055 4841 Cur
1113 4785 1397 4841 oblectasti
1454 4786 1653 4854 primo,
1704 4785 1820 4839 sive

228 4879 464 4947 peculio,
498 4877 614 4931 sive
665 4876 831 4932 (iliis?
864 4877 945 4931 vel
978 4892 1077 4931 cur
1104 4878 1328 4947 privasti
1358 4893 1500 4932 nunc
1533 4877 1617 4932 his
1643 4878 1822 4931 omni-

230 4974 323 5025 bus
356 4970 614 5040 pariter?
664 4968 855 5024 Melius
892 4979 1018 5025 erat
1067 4980 1128 5023 ut
1162 4970 1386 5025 omnino
1414 4984 1521 5024 non
1548 4968 1816 5034 dedisses,

228 5080 390 5133 quam
452 5070 515 5116 ut
568 5061 705 5115 dans
749 5077 963 5116 rursum
1017 5060 1285 5115 auferres.
1344 5058 1542 5114 Utilius
1589 5070 1708 5114 erat
1760 5070 1820 5113 ut

229 5154 449 5207 Omnino
499 5166 611 5205 non
650 5151 986 5214 ostenderes,
1045 5166 1207 5220 quam
1244 5158 1303 5205 ut
1352 5150 1590 5205 ostensis
1642 5152 1819 5205 denuo

233 5244 508 5297 multares.
559 5242 667 5297 Sed
737 5241 870 5296 nihil
921 5243 1114 5297 horum
1158 5241 1315 5309 dixit,
1377 5256 1554 5311 neque
1595 5241 1819 5298 omnino

231 5336 491 5404 cogitavit
536 5335 920 5390 sanctissimus
974 5346 1139 5404 atque
1189 5334 1666 5389 constantissimus
1731 5336 1820 5391 ille

229 5426 344 5491 Job,
375 5444 483 5483 non
511 5438 719 5483 tantum
748 5439 808 5482 ut
851 5438 1085 5483 mentem
1116 5428 1488 5496 refrigeraret,
1524 5428 1627 5483 nisi
1680 5439 1806 5482 tan—

236 5530 341 5573 tum
376 5530 437 5574 ut
465 5520 591 5589 quia
625 5521 816 5589 ingens
849 5521 1001 5575 dolor
1025 5529 1146 5575 erat
1179 5522 1281 5574 hoc
1304 5522 1447 5590 quod
1475 5521 1675 5575 factum
1705 5532 1812 5584 est,

234 5627 347 5679 qua:
380 5612 603 5682 pertulit
629 5614 962 5669 ostenderet.
1004 5612 1193 5667 Vestes
1216 5612 1515 5676 conscidit,
1535 5623 1699 5682 caput
1726 5623 1812 5669 to-

233 5706 424 5773 tondit,
456 5717 658 5763 terram
694 5708 856 5778 capiti
890 5724 987 5762 suo
1014 5705 1387 5777 aspersit..l’er
1410 5722 1528 5776 quae
1558 5708 1809 5765 universa

307 5898 351 5923 ’ί
377 5895 475 5955 Job
520 5914 559 5965 ι,
596 5900 686 5956 ΞΟ.
764 5899 809 5931 ⁸³
843 5898 977 5956 Gen.
1018 5899 1283 5969 xvut,‘27.
1362 5898 1561 5958 “Gen.
1602 5918 1685 5970 ιιι,
1722 5903 1804 5959 19.

1888 5905 1929 5939 ³³
1961 5900 2095 5958 Gen.
2132 5916 2337 5969 xxxvii,
2368 5899 2457 5955 55.

1926 4692 2084 4756 dens,
2122 4702 2245 4761 post
2278 4695 2472 4757 borum
2507 4694 2745 4747 omnium
2788 4692 3219 4748 lamentabilimn
3274 4692 3512 4747 toleran-

1928 4786 2058 4839 tiam
2115 4797 2431 4856 prostratus
2480 4788 2533 4840 in
2579 4797 2719 4840 terra
2763 4788 2939 4841 oravit
3000 4787 3068 4840 ad
3117 4787 3511 4849 Dominnm,ut

1923 4879 2217 4948 proetratio
2250 4879 2368 4949 ejus
2395 4880 2552 4933 ruina
2587 4879 2894 4934 elliceretur
2924 4879 3142 4935 diabolo
3192 4888 3356 4949 atque
3382 4878 3513 4933 sub-

1926 4972 2131 5026 versori
2167 4971 2427 5042 maligno,
2463 4982 2519 5025 et
2554 4972 2780 5041 ﬁgurant
2822 4987 2916 5039 per
2952 4973 3067 5025 lucc
3116 4971 3170 5024 in
3199 4986 3259 5025 se
3295 4979 3512 5041 gereret

1926 5066 2195 5133 passionis
2238 5081 2303 5119 ac
2338 5066 2759 5119 resurrectionis
2791 5065 3026 5118 Domini.
3065 5063 3401 5129 Prostratus,
3434 5063 3509 5117 in-

1924 5157 2065 5225 quit,
2090 5157 2263 5210 nravit
2302 5156 2370 5209 ad
2400 5157 2687 5210 Dominum
2727 5172 2790 5211 ex
2830 5165 2938 5209 tota
2973 5157 3178 5216 anima,
3212 5166 3267 5209 et
3295 5170 3361 5209 ex
3403 5164 3510 5209 tota

1926 5262 2125 5311 mente,
2155 5259 2208 5302 et
2240 5266 2305 5304 cx
2336 5250 2518 5304 cordis
2573 5251 2960 5315 prol'uuditate.
3008 5249 3195 5302 Oravit
3223 5248 3291 5301 ad
3324 5248 3525 5313 Domit

1927 5358 2073 5395 num.
2104 5342 2243 5407 Quid
2286 5343 2499 5396 oravit?
2527 5340 3352 5405 Tolerantiain,,sull‘creutiain,
3381 5330 3525 5409 ron:l

1925 5434 2363 5487 summationem.
2394 5436 2583 5488 Uravit
2622 5437 2688 5487 ad
2721 5434 3031 5499 Dominum,
3085 5446 3279 5487 sensus
3333 5421 3527 5485 illiha-'

1930 5527 2151 5589 tionem,
2172 5528 2372 5582 tuentis
2408 5527 3023 5596 integritatem,,animze
3056 5525 3370 5581 sanitatem.
3400 5522 3525 5604 Hoc.

1928 5634 2059 5689 ergo
2093 5622 2269 5675 oravit
2293 5622 2358 5675 ad
2386 5621 2695 5684 Dominum,
2730 5630 3017 5685 utsanam,
3052 5619 3244 5689 inquit,
3270 5621 3508 5672 animam

1931 5728 2105 5769 meam
2135 5725 2297 5784 atque
2324 5714 2585 5769 illibatum
2614 5728 2712 5770 cor
2737 5726 2916 5770 meum
2949 5713 3221 5770 custodiat
3250 5710 3510 5767 Dominus

2566 5898 2603 5929 "
2628 5896 2727 5953 J’ob
2757 5916 2791 5962 ι,
2825 5895 2916 5950 20.
