3942 6552
237 467 345 522 ιιι

1378 457 1763 519 ANONYMUS
1800 455 1865 512 IN
1899 455 2040 515 JOB.
2078 483 2145 494 —
2184 453 2312 511 ΗΒ.
2349 456 2391 507 l.

3407 448 3517 509 με

238 597 405 649 ctant
442 598 656 647 ontna.
684 583 813 653 quia
855 583 997 639 idem
1021 592 1106 637 est
1132 582 1391 638 introitus
1419 583 1677 639 omnibus
1702 624 1717 648 ,
1774 593 1825 637 ct
1860 586 1900 641 Α
1932 590 1986 632 ιιι
2025 578 2248 635 Domino
2276 575 2475 642 placuit
2528 574 2604 627 ita
2631 572 2831 642 factum
2858 582 2955 631 est.
2985 571 3057 629 sit
3082 586 3271 627 nomen
3294 568 3509 624 Domini

241 680 428 735 exitus
455 676 671 741 similis,
705 676 822 731 sive
866 690 985 742 rex,
1044 675 1161 730 sive
1206 675 1455 741 famulus,
1492 676 1607 730 sive
1634 676 1787 732 dives
1811 717 1828 742 ,

243 772 364 826 sive
388 784 613 840 egenus,
641 768 759 823 sive
790 783 1040 837 magnus.
1070 767 1183 822 sive
1217 768 1444 838 pusillus
1474 809 1489 833 ,
1521 764 1638 824 sive
1672 769 1828 835 liber,

246 864 366 918 sive
392 877 608 927 servus,
664 862 839 915 nudus
890 860 989 914 ibit
1035 861 1086 915 in
1126 870 1351 922 terram.
1386 876 1486 916 nec
1536 861 1830 930 quidquam

244 956 393 1011 valet
424 954 644 1009 auferre
673 968 879 1008 secum.
910 952 1041 1006 Nam
1073 962 1126 1008 et
1154 954 1256 1008 hoc
1302 953 1477 1022 ipsum
1509 954 1653 1023 quod
1700 968 1829 1009 cum

246 1061 478 1117 corpore
507 1045 762 1111 mittitur,
796 1061 900 1100 non
935 1045 1143 1100 auferet
1177 1061 1388 1100 secum.
1416 1044 1529 1100 Non
1544 1055 1723 1100 autem
1754 1061 1835 1102 se-

247 1156 373 1195 cum
406 1137 536 1194 illud
573 1138 747 1199 tollet,
799 1137 926 1206 quia
962 1152 1067 1191 non
1109 1138 1302 1203 sentit,
1331 1139 1459 1207 quia
1494 1153 1597 1192 non
1630 1137 1834 1192 intelli-

248 1232 347 1301 git,
370 1231 499 1300 quia
534 1239 679 1283 terra
715 1228 966 1292 elIicitnr,
1009 1230 1137 1298 quia
1182 1230 1232 1283 in
1287 1229 1694 1285 resurrectione
1726 1245 1832 1285 non

247 1323 498 1393 corporis
522 1323 823 1392 sepultura,
849 1325 945 1377 sed
970 1322 1165 1376 aniuue
1194 1320 1328 1376 ﬁdes
1360 1330 1414 1376 et
1449 1323 1641 1391 pietas,
1672 1322 1835 1378 mise-

251 1416 485 1470 ricordia
546 1429 763 1484 quoque
818 1424 871 1469 et
924 1414 1212 1469 sinceritas
1262 1415 1581 1482 requiritur.
1640 1412 1833 1469 Nudus

246 1508 384 1561 exivi
410 1511 476 1560 de
503 1516 650 1561 utero
681 1507 872 1563 matris
908 1522 1055 1568 meae,
1096 1506 1269 1559 nudus
1301 1514 1351 1558 et
1382 1507 1465 1559 ibo
1490 1507 1584 1559 sub
1617 1516 1832 1559 terram.

248 1600 534 1669 Tanquam
595 1601 640 1654 si
702 1600 910 1655 diceret
940 1614 955 1653 :
993 1601 1035 1652 Ο
1065 1599 1166 1653 viri
1196 1599 1498 1667 prudentiae
1532 1609 1696 1667 atque
1748 1614 1837 1653 sa-

248 1691 495 1760 pientia,
520 1691 667 1760 quod
697 1700 782 1747 est
815 1690 1051 1744 mortale
1101 1689 1204 1743 hoc
1256 1689 1658 1752 indumentum,
1716 1705 1836 1759 qua:

245 1790 334 1837 est
390 1780 507 1834 haec
556 1793 892 1849 supervacua
933 1779 1129 1850 gloria,
1186 1793 1309 1847 qua:
1339 1788 1469 1833 sunt
1500 1787 1729 1834 terrena:
1757 1781 1837 1834 ha:

247 1880 418 1939 atque
442 1870 626 1925 inﬁdae
647 1870 871 1938 divitiae,
896 1884 1017 1939 quin
1037 1880 1165 1923 sunt
1188 1869 1347 1924 hodie
1367 1877 1421 1923 et
1450 1868 1693 1924 crastina
1728 1885 1833 1924 non

1934 670 2290 725 benedictum.
2324 665 2721 727 Lautentabiles
2748 706 2764 731 ,
2831 664 3031 734 inquit,
3073 664 3140 719 ad
3196 676 3282 718 me
3315 661 3511 717 misisti

1936 764 2180 826 nuntios,
2208 775 2241 813 ο
2272 756 2510 825 diabole,
2543 767 2601 812 et
2630 756 2825 812 noxios
2853 766 3020 825 atque
3049 752 3515 809 immisericordes

1936 862 2039 908 tute
2070 852 2334 921 nequitia:
2372 850 2599 921 legatos,
2633 865 2726 917 per
2758 863 2895 919 quos
2928 863 3015 901 nte
3064 845 3379 901 crudelibus
3408 854 3515 899 tuae

1935 945 2237 1015 iniquitatis
2264 944 2529 1014 sagittasti
2550 942 2785 1013 sagittis,
2805 956 2941 1010 quas
2959 953 3078 1010 ego,
3110 939 3307 1007 inquit,
3325 950 3517 991 omnes

1935 1036 2237 1093 identidem
2276 1036 2329 1090 in
2366 1046 2417 1091 te
2451 1045 2787 1098 convertam,
2823 1033 3132 1087 crudeliora
3155 1031 3396 1087 efﬁciens
3420 1028 3514 1085 tibi

1936 1128 2200 1199 in‘spiritu
2231 1129 2480 1184 vulnera.
2500 1128 2782 1189 Dominus,
2807 1127 3052 1196 inquam,
3068 1126 3236 1193 dedit,
3260 1125 3515 1182 Dominus

1935 1222 2173 1287 abstulit,
2203 1224 2338 1276 sicut
2374 1221 2597 1275 Domino
2651 1220 2853 1282 placuit
2902 1220 2976 1272 ita
3014 1218 3217 1287 factum
3270 1225 3368 1273 est.
3404 1215 3517 1273 Hoc

1937 1315 2039 1370 fuit
2076 1314 2296 1369 diabolo
2330 1313 2544 1377 vulnus,
2576 1313 2679 1367 hoc
2712 1312 2812 1366 fuit
2854 1310 3068 1365 diabolo
3094 1308 3316 1364 afﬂictio
3335 1317 3392 1363 et
3421 1309 3519 1365 do-

1936 1408 2040 1471 lor,
2074 1405 2352 1461 tribulatio
2387 1420 2607 1473 quoque
2649 1414 2812 1473 atque
2872 1405 3118 1473 angustia
3161 1421 3173 1457 :
3235 1402 3358 1471 quia
3394 1417 3519 1459 cum

1937 1506 2090 1566 putat
2137 1504 2193 1550 et
2216 1496 2331 1549 vult
2362 1495 2755 1564 blasphemiam
2790 1494 2979 1549 audire
3009 1512 3035 1546 a
3070 1491 3196 1557 Job,
3240 1506 3294 1547 et
3327 1507 3517 1561 repre-

1939 1587 2253 1645 hensionem
2272 1602 2335 1642 ac
2352 1585 2696 1641 maledictum
2727 1584 2779 1638 in
2810 1583 2998 1646 Deum,
3020 1582 3417 1645 confessionem
3439 1591 3521 1635 at-

1937 1695 2042 1749 que
2071 1680 2369 1749 gratiarum
2402 1679 2670 1732 actionem
2696 1677 2923 1731 audivit.
2962 1675 3076 1730 Hoc
3099 1675 3303 1730 factum
3330 1683 3413 1729 est
3442 1672 3520 1735 illi

1939 1775 2079 1844 ignis
2110 1777 2396 1839 devorans,
2437 1777 2539 1829 hoc
2564 1773 2766 1828 factum
2799 1782 2884 1827 est
2913 1771 2989 1825 illi
3038 1770 3349 1826 incendium
3388 1783 3521 1837 per-

1940 1867 2263 1933 urens,qnia
2290 1864 2391 1918 hoc
2413 1865 2619 1919 audivit
2637 1864 2781 1933 quod
2806 1877 2912 1918 non
2939 1860 3235 1931 sperabat:
3264 1860 3524 1915 Dominus

247 1933 400 2028 sunt,
432 1977 553 2031 qua:
598 1962 760 2016 hodie
792 1933 1025 2015 irrident
1055 1962 1217 2015 istum
1248 2001 1264 2027 ,
1322 1960 1563 2016 crastina
1591 1976 1722 2016 vero
1748 1961 1835 2015 die
1869 1933 1908 1987 Β
1943 1955 2109 2018 dedit,
2143 1966 2191 2010 et
2230 1955 2485 2011 Dominus
2512 1955 2753 2017 abstulit,
2776 1956 2909 2007 sicut
2943 1952 3171 2007 Domino
3218 1951 3415 2020 placuit
3440 1951 3524 2007 ita

248 2063 386 2113 eunt
418 2054 485 2107 ad
522 2053 731 2108 alium?
764 2051 968 2109 Fumus
992 2062 1076 2107 est
1100 2051 1379 2115 deﬁciens,
1416 2051 1514 2107 ﬂos
1543 2061 1627 2106 est
1659 2061 1835 2107 trans-

248 2148 409 2212 iens,
454 2149 620 2203 herba
643 2156 1044 2203 estarescens:
1082 2154 1137 2199 et
1161 2144 1253 2214 qui
1289 2144 1492 2199 habent
1543 2146 1681 2207 illas,
1714 2155 1837 2199 tan-

248 2254 415 2308 quam
450 2254 557 2293 non
588 2238 851 2302 habeant,
880 2237 1004 2305 quia
1029 2236 1234 2291 diutius
1256 2252 1359 2290 non
1386 2236 1587 2291 habent
1619 2256 1632 2293 :
1667 2248 1722 2291 et
1743 2238 1833 2305 qni

249 2347 360 2385 non
400 2331 603 2385 habent
645 2330 787 2393 illas,
840 2339 1101 2399 tanquam
1159 2329 1290 2384 nihil
1341 2328 1649 2389 amiserint.
1708 2330 1834 2398 quia

251 2436 362 2475 non
390 2430 774 2490 permananter
801 2397 1204 2490 relinquuntur.
1228 2416 1281 2473 Ν
1289 2420 1422 2475 udus
1443 2422 1580 2475 exivi
1604 2422 1667 2476 de
1690 2397 1837 2477 utero

250 2513 442 2567 matris
474 2529 628 2576 metu,
660 2528 859 2581 corpus
888 2512 1095 2567 habens
1127 2522 1335 2568 tantum
1367 2526 1533 2583 atque
1572 2515 1833 2577 animam,

252 2606 429 2667 nudus
449 2615 496 2658 et
523 2605 609 2658 ibo
634 2606 730 2659 sub
762 2616 984 2661 terram.
1017 2607 1171 2663 Sicut
1196 2608 1339 2670 veni,
1361 2609 1431 2661 ita
1458 2618 1514 2661 et
1540 2607 1651 2675 ibo,
1684 2606 1760 2661 ita
1782 2616 1840 2662 et

253 2711 417 2762 exeo,
457 2696 633 2752 aliena
665 2708 859 2751 cuncta
917 2699 1250 2769 relinquens,
1283 2715 1406 2754 cum
1437 2714 1667 2767 corpore
1719 2698 1838 2754 solo

253 2789 367 2855 ibo,
402 2799 562 2858 atque
591 2792 774 2849 anima
815 2791 1083 2846 transibo.
1108 2792 1239 2859 Quae
1272 2794 1480 2863 accepi,
1508 2794 1707 2861 inquit,
1742 2793 1840 2846 ha-

254 2876 384 2942 beo,
417 2892 536 2947 quae
580 2878 734 2932 attuli
776 2895 880 2935 non
922 2881 1099 2935 amisi.
1136 2881 1419 2951 Superllua
1466 2884 1648 2937 omnia
1679 2883 1838 2938 dere—

254 2969 510 3038 linquens
543 2970 715 3031 nudus
745 2970 828 3025 ibo
858 2971 1003 3029 illuc.
1052 2972 1200 3038 lllnc,
1234 2974 1434 3044 inquit,
1491 2989 1600 3044 quo
1659 2973 1788 3028 illuc
1816 2973 1840 3027 ?

254 3061 499 3116 Primum
525 3064 742 3132 quidem
768 3065 893 3119 illuc
930 3066 1016 3120 ibo
1063 3082 1173 3136 quo
1224 3081 1412 3122 omnes
1460 3066 1671 3137 priores
1724 3066 1827 3121 mei

257 3155 465 3223 ierunt,
492 3174 603 3226 quo
631 3172 819 3214 omnes
842 3160 1105 3227 abinitio,
1136 3160 1261 3214 illuc
1287 3161 1340 3215 in
1371 3170 1574 3217 terram
1607 3170 1838 3217 matrem

254 3247 525 3313 omnium,
567 3248 619 3303 in
666 3259 866 3303 terram
906 3250 1149 3305 omnium
1202 3252 1444 3307 domum.
1479 3250 1649 3306 Terra
1681 3266 1837 3304 natu-

254 3354 365 3408 que
395 3350 479 3393 est
512 3340 705 3395 domus
727 3340 971 3394 onmium
1002 3340 1342 3395 mortalium.
1396 3338 1532 3393 Illuc
1568 3354 1680 3408 quo
1711 3340 1845 3396 abiit

256 3431 350 3486 ille
379 3431 445 3484 ad
476 3446 635 3499 quem
692 3432 896 3487 dictum
943 3442 1064 3493 est;
1104 3430 1270 3499 Terra
1327 3449 1405 3495 es,
1459 3442 1509 3497 et
1564 3433 1621 3486 in
1652 3442 1847 3487 terram

257 3525 366 3578 ibis
400 3524 468 3578 ".
506 3524 618 3587 Illo,
652 3526 849 3594 inquit,
882 3524 970 3579 ibo
1002 3526 1179 3590 nudus
1228 3524 1372 3578 sicut
1408 3534 1461 3580 et
1488 3525 1665 3589 nudus
1697 3526 1845 3581 veni.

254 3618 368 3670 Aut
402 3615 579 3670 adhuc
610 3616 722 3687 illo,
757 3617 932 3687 inquit
966 3658 982 3683 ,
1029 3618 1119 3673 ibo
1168 3617 1258 3676 ubi
1312 3625 1441 3677 sunt
1492 3616 1846 3673 tabernacula

252 3706 554 3773 iustorum,
583 3707 675 3762 ubi
721 3718 847 3763 sunt
874 3719 1193 3763 sanctorqu
1226 3707 1434 3776 gloriae,
1472 3708 1561 3763 ubi
1602 3720 1682 3764 est
1714 3709 1849 3764 ﬁde-

258 3801 395 3855 lium
445 3802 687 3869 requies,
728 3799 816 3855 ubi
877 3808 963 3854 est
1000 3800 1212 3870 piorum
1243 3799 1571 3866 consolatio,
1617 3801 1704 3855 ubi
1765 3810 1848 3855 est

260 3890 700 3947 misericordium
741 3890 1058 3954 lnereditas,
1095 3890 1183 3945 ubi
1231 3900 1314 3947 est
1373 3892 1845 3949 immaculatornm

257 3984 567 4046 beatitudo,
604 3983 689 4037 ubi
725 3994 811 4043 est
856 3983 1133 4038 veracium
1190 3982 1377 4038 laetitia
1436 3995 1490 4038 et
1528 3984 1843 4041 exsultatio.

308 4074 394 4129 luc
417 4075 533 4138 ibo,
563 4075 652 4129 ubi
684 4084 766 4128 est
800 4074 889 4128 lux
921 4083 974 4129 et
1002 4075 1132 4141 vita,
1160 4075 1251 4128 ubi
1278 4086 1361 4130 est
1384 4076 1554 4145 gloria
1579 4075 1850 4145 'etjucun-

258 4169 426 4235 ditas,
456 4167 548 4222 ubi
585 4177 667 4222 est
703 4166 888 4221 laetitia
914 4176 969 4221 et
994 4166 1314 4230 exsultatio,
1348 4167 1431 4220 vel
1467 4169 1609 4223 unde
1639 4169 1850 4239 aufugit

258 4260 441 4327 dolor,
478 4258 699 4314 tristitia
734 4269 789 4313 et
815 4259 1071 4329 gemitus,
1102 4259 1192 4312 ubi
1216 4258 1612 4331 obliviscentur
1638 4262 1851 4331 priores

260 4351 648 4407 tribulatioues
676 4352 760 4419 hte
789 4366 911 4434 qua:
936 4362 1064 4405 sunt
1096 4352 1149 4405 in
1174 4328 1405 4421 corpore
1430 4370 1594 4423 super
1622 4366 1847 4410 terram.

270 4445 409 4499 llluc
435 4446 547 4512 ibo,
589 4445 681 4498 ubi
717 4454 800 4498 cst
837 4445 1247 4503 tribulationum
1299 4448 1588 4519 depositio,
1624 4448 1717 4503 ubi
1766 4459 1851 4504 est

261 4540 637 4596 remuneratio
669 4540 939 4605 laborum,
969 4541 1057 4597 ubi
1101 4541 1339 4601 Abrahae
1368 4542 1539 4608 sinus,
1588 4542 1675 4597 ubi
1700 4540 1851 4598 Isaac

1942 2046 2139 2115 factum
2174 2056 2274 2110 est,
2301 2046 2368 2101 sit
2402 2062 2589 2102 nomen
2616 2045 2829 2100 Domini
2853 2044 3182 2098 benedictum
3210 2044 3269 2099 in
3301 2041 3523 2104 swcula,

1944 2137 2059 2194 Non
2101 2139 2247 2195 enim
2285 2150 2494 2195 tantum
2532 2141 2828 2209 tetigerunt
2861 2139 2957 2196 lob
2994 2137 3374 2195 lamentabiles
3408 2137 3528 2191 ista:

1944 2234 2147 2290 diaboli
2181 2236 2413 2305 sagittae,
2437 2246 2699 2305 quantum
2729 2234 3155 2290 vulneraverunt
3185 2247 3310 2288 eum
3344 2231 3525 2286 since-

1954 2344 2029 2383 rae
2057 2328 2174 2397 ejus
2206 2331 2507 2400 gratiarum
2532 2331 2792 2386 actiones.
2827 2330 3093 2384 Dominus
3122 2330 3293 2390 dedit,
3336 2338 3384 2382 et
3419 2325 3530 2380 Do-

1944 2420 2119 2475 minus
2159 2421 2396 2476 abstulit.
2426 2421 2659 2489 Quando
2691 2421 2884 2483 voluit,
2914 2420 3113 2491 inquit,
3145 2419 3294 2474 dedit
3334 2427 3393 2474 ut
3420 2418 3524 2474 bo-

1949 2521 2147 2576 nus,et
2168 2516 2386 2583 quando
2402 2515 2571 2570 voluit
2607 2515 2927 2581 identidem,
2954 2524 3014 2570 ut
3047 2515 3253 2568 habens
3283 2520 3527 2581 potesta-

1949 2613 2056 2658 tem
2083 2604 2326 2659 abstulit.
2363 2606 2622 2662 Dominus
2650 2608 2813 2672 dedit,
2868 2616 2917 2662 et
2969 2606 3227 2662 Dominus
3282 2605 3526 2659 abstulit.

1950 2696 2129 2760 Dedit,
2154 2698 2350 2766 inquit,
2379 2708 2439 2753 ut
2467 2699 2772 2754 innutescat
2799 2715 2962 2768 quam
2995 2698 3167 2754 fidelis
3194 2698 3296 2751 sim
3324 2736 3338 2759 ,
3364 2710 3528 2765 quam

1948 2790 2033 2859 pie
2068 2792 2415 2858 dispensem,
2468 2808 2632 2860 quam
2686 2793 3117 2848 misericorditer
3180 2793 3527 2849 distribuant.

1947 2882 2181 2937 Abstulit
2203 2893 2409 2944 autem.
2439 2893 2505 2937 ut'
2526 2895 2785 2954 appareat
2814 2885 3086 2955 quomodo
3116 2887 3323 2956 gratias
3347 2902 3526 2957 agam,

1949 2973 2221 3040 quomodo
2249 2974 2534 3037 conﬁtear,
2593 2975 2869 3042 quomodo
2922 2976 3166 3037 adorem,
3209 2975 3330 3044 plus
3384 2990 3529 3032 nunc

1951 3064 2111 3118 rebus
2140 3064 2391 3126 sublatis.
2419 3079 2582 3133 quam
2619 3066 2828 3135 pridem
2868 3066 3029 3121 datis.
3066 3066 3328 3121 Dominus
3356 3068 3527 3131 dedit,

1951 3166 1999 3213 et
2023 3157 2283 3213 Dominus
2304 3156 2543 3213 abstulit.
2562 3157 2719 3213 Dedit
2740 3174 2836 3213 sua
2859 3162 3122 3213 etiternm
3147 3160 3369 3213 abstulit
3394 3174 3489 3214 sua
3512 3178 3527 3219 :

1950 3267 2070 3324 ego,
2101 3251 2297 3321 inquit,
2336 3250 2472 3305 nihil
2514 3250 2698 3315 amisi,
2736 3251 2943 3305 nullum
2980 3266 3175 3320 passus
3198 3267 3318 3305 sum
3355 3252 3530 3307 detri-

1954 3354 2216 3400 mentum.
2265 3341 2458 3398 Merito
2511 3353 2796 3411 postquam
2826 3357 2956 3397 usus
2990 3357 3111 3395 smn
3149 3342 3382 3409 reddidi,
3419 3358 3532 3396 tnu-

1949 3436 2121 3491 tuanti
2165 3435 2297 3490 mihi
2325 3451 2389 3490 ea
2418 3435 2622 3504 gratias
2657 3449 2845 3504 agens.
2878 3433 3138 3488 Dominus
3164 3433 3327 3500 dedit,
3351 3442 3401 3487 et
3432 3431 3537 3488 Do-

1947 3529 2120 3583 minus
2143 3526 2382 3590 abstulit,
2412 3528 2545 3582 sicut
2578 3524 2801 3580 Domino
2825 3524 3028 3594 placuit
3059 3525 3137 3577 ita
3176 3524 3388 3585 factum
3417 3532 3533 3587 est;

1948 3620 2015 3672 sit
2044 3634 2231 3675 nomen
2262 3616 2477 3673 Domini
2512 3614 2868 3672 benedictum.
2899 3614 3040 3681 Quid
3088 3614 3246 3680 dicis,
3287 3629 3321 3670 0
3378 3615 3537 3670 beato

1949 3710 2088 3768 Joh?
2117 3711 2379 3767 Dominus
2407 3724 2534 3767 vere
2580 3709 2750 3772 dedit.
2800 3709 2897 3766 sed
2956 3722 3062 3763 non
3098 3706 3360 3762 Dominus
3407 3720 3536 3762 vere

1948 3804 2193 3869 abstulit,
2230 3802 2323 3859 sed
2356 3803 2577 3859 abstulit
2605 3803 2852 3859 omnium
2884 3801 3140 3856 inimicus
3167 3810 3224 3855 et
3253 3800 3535 3871 nequissi-

1950 3910 2071 3951 mus
2101 3894 2449 3955 adversarius
2502 3904 2666 3961 atque
2715 3893 2932 3948 invidus
2962 3892 3235 3947 diabolus.
3273 3892 3537 3947 Dominus

1950 3986 2119 4052 dedit,
2153 3988 2246 4040 sed
2288 3984 2632 4041 adversarius
2657 3985 2903 4039 abstulit.
2936 3983 3204 4039 Dominus
3252 3983 3426 4048 dedit,
3480 3992 3537 4039 et

1952 4080 2204 4135 inimicus
2228 4079 2415 4149 refuga
2443 4076 2695 4135 abstulit.
2725 4075 2897 4132 Porro
2920 4076 2963 4131 si
3008 4075 3262 4131 diabolus
3286 4074 3531 4140 abstulit,

1951 4172 2220 4241 quomodo
2261 4170 2395 4225 dicit
2421 4168 2524 4225 Job
2550 4169 2693 4237 quod
2735 4169 2996 4223 Dominus
3024 4167 3351 4223 abstulerit?
3380 4168 3539 4239 Igno-

1955 4278 2081 4318 rans
2115 4270 2279 4330 atque
2311 4276 2409 4331 per
2432 4260 2795 4329 suspicionem
2820 4259 2977 4315 dicit.
3011 4258 3245 4313 Putabat
3272 4257 3420 4312 enim
3452 4264 3536 4311 at-

1954 4371 2061 4424 que
2090 4353 2467 4408 arbitrabatur
2482 4353 2626 4421 quod
2650 4351 2908 4406 Dominus
2930 4351 3238 4416 abstulerit,
3261 4350 3538 4406 ettiescie-

1952 4449 2047 4503 bat
2077 4448 2219 4517 quod
2243 4446 2491 4501 diabolus
2525 4445 2768 4507 abstulit,
2813 4444 3147 4500 concedente
3187 4444 3418 4499 Domino
3450 4455 3536 4498 at-

1952 4555 2060 4609 que
2096 4537 2470 4607 permittente.
2518 4537 2659 4607 Ergo
2693 4537 2830 4593 dicit
2866 4534 3007 4595 Job:
3065 4535 3325 4591 Dominus
3351 4537 3491 4595 dedit
3518 4578 3535 4598 .

261 4632 591 4702 proprietas,
655 4632 743 4685 ubi
798 4632 965 4687 Israel
1030 4632 1340 4697 familiaris,
1382 4633 1476 4690 ubi
1533 4643 1847 4689 sanctorum
1885 4644 1925 4696 ι)
1959 4632 2213 4686 Dominus
2246 4631 2661 4695 abstulit;sieut
2691 4628 2920 4684 Domino
2954 4628 3156 4699 placuit
3213 4630 3288 4683 ita
3336 4628 3537 4698 factum

261 4724 482 4788 animae,
524 4724 611 4776 ubi
645 4724 962 4791 angelorum
1011 4725 1190 4789 chori,
1245 4726 1334 4780 ubi
1396 4725 1846 4796 archangelorum

260 4831 453 4878 voces,
490 4816 579 4869 ubi
611 4813 850 4883 Spiritus
874 4816 1050 4870 sancti
1076 4816 1401 4873 illuminatio
1425 4856 1441 4880 ,
1496 4817 1587 4873 ubi
1638 4816 1844 4872 Christi

262 4921 524 4976 regnum,
589 4906 678 4960 ubi
709 4906 898 4973 aeterni
938 4906 1032 4962 Dei
1101 4907 1282 4965 Patris
1314 4908 1515 4963 inlecta
1554 4907 1725 4977 gloria
1765 4917 1849 4962 at-

260 5011 372 5066 que
395 4995 590 5050 beatus
624 5006 972 5064 conspectus.
1007 4993 1159 5061 llluc,
1193 4996 1393 5065 inquit,
1426 4996 1539 5059 ibo,
1574 4994 1700 5048 illuc
1721 5008 1846 5063 per-

261 5087 506 5152 veniam,
565 5100 672 5140 nou
710 5085 1140 5165 reprehendens,
1174 5100 1280 5145 non
1345 5085 1711 5152 maledicens,
1742 5098 1849 5139 non

263 5181 681 5249 blasphemans,
716 5196 822 5233 non
856 5179 1181 5243 criminans,
1220 5177 1314 5231 sed
1362 5177 1571 5255 gratias
1601 5190 1768 5242 agens
1800 5185 1854 5231 et

261 5275 561 5341 conﬁtens,
593 5283 759 5343 atque
790 5289 912 5327 cum
940 5274 1243 5343 gratiarum
1273 5271 1583 5327 actionibus
1625 5270 1808 5325 dicens
1835 5288 1849 5325 :

261 5364 530 5419 Dominus
560 5366 727 5427 dedit,
762 5364 1020 5426 Dominus
1044 5363 1286 5430 abstulit,
1321 5364 1455 5417 sicut
1488 5362 1709 5415 Domino
1738 5361 1854 5430 plu-

261 5460 397 5522 cuil,
434 5460 513 5512 ita
556 5460 760 5527 factum
807 5470 880 5512 est
910 5458 980 5512 “.
1012 5456 1128 5514 NOII
1164 5472 1259 5511 ero
1282 5496 1297 5519 ,
1348 5454 1521 5525 inquit
1545 5493 1560 5517 ,
1591 5454 1853 5522 ingratus,

261 5571 372 5608 non
400 5570 493 5609 ero
516 5553 933 5627 inﬁdigraphus,
956 5554 1101 5611 sicut
1128 5563 1205 5619 tu,
1235 5551 1563 5617 adversarie;
1600 5564 1706 5604 non
1733 5551 1857 5604 red-

259 5648 389 5702 dam
423 5645 627 5700 malum
656 5661 755 5715 pro
786 5646 952 5712 bono,
986 5646 1129 5701 sicut
1158 5654 1234 5711 tu,
1271 5642 1460 5699 infelix
1488 5642 1729 5707 diabole;
1759 5642 1856 5697 sed

258 5739 555 5802 conﬁteor,
582 5740 709 5806 quia
732 5737 987 5793 Dominus
1012 5738 1180 5805 dedit,
1205 5737 1465 5794 Dominus
1496 5734 1732 5804 abstulit,
1748 5737 1851 5801 sic-

332 5922 377 5952 "
417 5919 557 5991 Gen.
594 5935 676 5987 Ill,
715 5919 802 5989 19.
882 5921 926 5961 ⁸ι²
952 5917 1050 5985 Job
1090 5935 1125 5985 ι,
1152 5917 1245 5988 21ς

1956 4734 2055 4779 est.
2092 4723 2216 4779 llsPe
2252 4737 2485 4794 namque
2511 4721 2610 4779 fuit
2650 4722 2739 4779 illa
2770 4736 2899 4777 vere
2928 4736 3127 4792 magna
3155 4719 3261 4776 Job
3282 4729 3541 4776 constan-

1960 4818 2053 4880 tia,
2086 4818 2229 4885 quod
2264 4816 2517 4873 nesciens
2544 4816 2676 4887 quia
2715 4817 2963 4872 diabolus
2992 4815 3259 4879 abstulit,
3310 4813 3541 4883 putabat

1957 4910 2099 4979 quod
2134 4910 2396 4968 Dominus
2427 4910 2737 4973 abstulerit,
2793 4919 2850 4964 et
2893 4910 2998 4964 hoc
3027 4918 3249 4979 putans,
3309 4904 3546 4965 Domino

1958 5000 2113 5077 quasi
2147 5000 2416 5054 auferenti
2439 5000 2646 5069 gratias
2676 5000 2810 5070 agit.
2840 4999 3121 5062 Dominus,
3148 4996 3345 5066 inquit,
3371 4994 3535 5058 dedit,

1960 5104 2007 5146 et
2033 5092 2291 5147 Dominus
2323 5092 2566 5157 abstulit,
2597 5093 2732 5146 sicut
2766 5090 2993 5145 Domino
3019 5088 3219 5159 placuit
3242 5089 3314 5140 ita
3339 5085 3542 5151 factum

1956 5194 2078 5249 est;
2132 5185 2198 5239 sit
2253 5200 2442 5238 nomen
2495 5183 2704 5243 Domini
2760 5184 3089 5237 benedictum
3126 5181 3181 5233 in
3224 5176 3443 5233 secula.
3477 5174 3544 5233 Si.

1956 5278 2100 5333 enim
2129 5277 2327 5333 scisset
2364 5275 2465 5331 .lob
2484 5277 2625 5346 quod
2654 5276 2944 5331 adversum
2980 5272 3253 5329 diabolum
3280 5269 3543 5339 habebat,

1959 5380 2013 5424 et
2035 5369 2162 5439 quia
2195 5370 2441 5425 diabolus
2472 5386 2597 5425 cum
2640 5370 2734 5423 illo
2767 5371 2873 5424 hoc
2925 5367 3137 5423 bellum
3179 5365 3431 5429 faciebat,
3485 5372 3542 5416 et

1964 5464 2097 5532 quia
2134 5463 2405 5533 malignus
2430 5462 2685 5519 inimicus
2722 5478 2833 5517 rem
2889 5462 3212 5517 familiarem
3246 5469 3302 5514 et
3327 5459 3467 5514 tllios
3486 5460 3544 5527 ei

1959 5550 2279 5617 abstulerat,
2316 5551 2563 5621 profecto
2588 5554 2814 5609 omnino
2845 5552 2911 5608 ad
2950 5550 3178 5607 nihilum
3228 5549 3372 5621 ipsas
3421 5558 3541 5603 tene

1958 5644 2191 5700 tationcs
2218 5644 2534 5708 deduceret,
2573 5657 2629 5700 et
2658 5645 2710 5699 in
2767 5645 3101 5700 denisioncm
3130 5643 3281 5697 illum
3310 5641 3537 5706 habens,

1958 5736 2236 5802 evidenter
2266 5738 2539 5800 adversus
2588 5738 2864 5804 inimicum
2919 5736 3193 5797 resisteret
3251 5744 3307 5791 et
3350 5743 3542 5809 aperto
