3942 6510
486 438 595 495 4⁸45

1617 425 2002 484 ANONYMUS
2041 426 2109 481 IN
2150 425 2291 482 JOB.
2333 457 2401 467 —-
2434 422 2561 477 LIB.
2602 420 2643 476 l.
3618 414 3706 470 ιιι

487 562 751 617 adversus
776 566 1020 629 apertqu
1057 556 1270 611 hostem
1298 562 1489 610 staret.
1530 552 1686 608 Nunc
1710 565 1842 607 vero
1874 551 2062 607 inimi-
2094 558 2141 615 Α
2169 548 2312 618 quod
2348 547 2463 601 vult
2495 542 2773 604 Dominus,
2805 539 2912 594 vita
2942 547 3046 601 est,
3083 536 3172 592 lux
3221 543 3323 601 est,
3365 534 3568 629 requies
3594 544 3665 629 est
3687 574 3702 599 ,

489 667 587 705 cus
622 650 837 719 quidem
875 649 978 703 hoc
1026 647 1225 701 celavit
1258 644 1524 710 diabolus,
1572 660 1696 700 cum
1730 644 1862 699 istos
1895 644 1943 696 ei
1982 642 2059 695 iu-

490 745 658 800 ferret
686 742 941 797 labores:
995 738 1455 795 clementissimus
1501 745 1682 791 autem
1720 735 1980 789 Dominus
2015 733 2067 787 in

489 835 799 904 suspicione
828 842 943 886 erat
979 841 1033 885 et
1093 828 1447 883 incusabatur
1487 827 1572 881 his
1605 826 1883 881 omnibus.
1934 823 2066 875 Nam

488 940 610 979 cum
649 925 850 977 diceret
880 920 1163 976 diabolus:
1196 919 1342 989 Ignis
1370 918 1556 972 cecidit
1575 918 1638 971 de
1663 916 1812 980 caelo,
1835 914 2069 979 et,Sub~

486 1017 561 1069 ito
596 1014 819 1084 spiritus
863 1013 999 1066 venit
1033 1014 1096 1064 ab
1138 1028 1332 1074 eremo,
1398 1011 1565 1063 Deum
1621 1009 1906 1063 incusabat
1949 1007 2068 1061 istis

485 1107 785 1162 dolonibus.
847 1104 1117 1159 Similiter
1141 1120 1264 1158 cum
1294 1102 1536 1156 audisset
1569 1100 1694 1166 Job,
1727 1100 1871 1170 quod
1929 1098 2071 1169 ignis

486 1200 682 1255 cecidit
709 1200 776 1253 de
814 1198 954 1253 coelo
986 1207 1042 1251 et
1076 1196 1378 1250 combussit
1406 1210 1560 1259 oves,
1600 1202 1655 1249 et
1682 1195 1809 1265 quia
1840 1194 2069 1263 spiritus

486 1291 634 1344 venit
665 1291 733 1345 ab
759 1305 944 1345 eremo
989 1298 1043 1343 et
1087 1288 1240 1341 ruina
1287 1288 1488 1342 occidit
1537 1288 1656 1356 ejus
1708 1286 1890 1349 filios,
1941 1286 2067 1357 quid

487 1381 633 1435 aliud
667 1380 930 1449 suspicari
964 1386 1179 1449 poterat
1206 1378 1305 1432 nisi
1336 1379 1479 1445 quod
1513 1377 1651 1431 Deus
1684 1375 1759 1429 illi
1798 1376 1947 1446 ipsos
1975 1377 2070 1431 do-

484 1470 632 1526 lores
658 1470 875 1524 caelitus
929 1469 1289 1523 immisissct?
1319 1467 1402 1523 0b
1435 1468 1538 1522 hoc
1587 1485 1716 1539 ergo
1766 1470 2066 1536 praesertim

484 1564 866 1635 magnificatur
889 1561 1013 1627 Job,
1040 1563 1165 1633 quia
1200 1579 1321 1617 cum
1356 1562 1501 1618 Deus
1529 1562 1839 1632 suspicatur
1869 1563 1922 1615 in
1954 1562 2069 1616 istis

487 1654 661 1723 plagis
682 1669 745 1708 ac
774 1654 1079 1720 doloribus,
1107 1655 1347 1723 suscepit
1398 1671 1520 1708 cum
1551 1655 1864 1708 constantia
1902 1664 2067 1724 atque

488 1747 791 1817 gratiarum
838 1745 1185 1801 actionibus:
1227 1754 1281 1801 et
1329 1760 1433 1799 non
1468 1745 1624 1809 dixit,
1657 1742 1791 1814 quid
1847 1747 2065 1812 peccari

482 1840 629 1893 circa
664 1848 715 1893 te
744 1846 799 1890 ut
829 1837 954 1891 talia
990 1838 1170 1906 patiar
1195 1852 1258 1892 ex
1294 1837 1388 1891 te?
1426 1836 1531 1892 Sed
1560 1853 1681 1892 cum
1740 1838 1810 1893 ab
1846 1836 2067 1891 inimico

2172 652 2373 695 mterna
2419 634 2698 692 beatitudo
2735 642 2838 696 est.
2892 633 3002 685 vita
3053 630 3197 685 enim
3227 630 3280 681 in
3312 627 3567 682 voluntate
3608 628 3702 697 ejus

2176 741 2281 797 est,
2335 740 2384 784 et
2436 731 2520 783 ira
2590 729 2646 780 in
2695 724 3056 795 indignatione
3107 721 3217 786 eius
3266 719 3332 772 ⁸³.
3380 717 3705 786 Quodcunque

2171 839 2299 895 ergo
2326 822 2529 892 placuit
2584 818 2833 882 Domino,
2861 816 2977 869 sive
3007 824 3316 883 percutere,
3360 810 3469 863 sive
3488 807 3703 870 multare,

2171 918 2286 971 sive
2313 915 2511 979 ditare,
2539 912 2651 968 sive
2670 924 2965 980 pauperem
2991 907 3193 965 facere.
3225 903 3339 956 sive
3360 916 3590 970 arguere,
3611 900 3706 954 sive

2172 1006 2470 1075 corripere,
2502 1001 2683 1057 omnia
2713 997 2991 1053 beatitudo
3019 1003 3101 1049 est
3125 990 3546 1060 incorruptibilis
3571 999 3707 1074 atque

2173 1096 2503 1153 indesinens.
2542 1094 2762 1155 Beatus,
2791 1091 2986 1159 inquit,
3021 1089 3175 1139 Itonia
3205 1101 3354 1155 quem
3390 1096 3442 1135 tu
3461 1084 3703 1147 erudierit,

2172 1189 2396 1243 Domine
2417 1189 2483 1237 “.
2520 1184 2665 1241 Sicut
2697 1183 2920 1237 Domino
2945 1180 3167 1248 placuit,
3194 1179 3269 1230 ita
3301 1177 3489 1245 factum
3515 1185 3618 1237 est;
3653 1174 3706 1226 sit

2173 1298 2361 1336 nomen
2394 1276 2607 1334 Domini
2663 1274 2991 1331 benedictum
3043 1272 3098 1324 in
3129 1268 3347 1323 sazcula.
3401 1266 3487 1320 Sic
3523 1271 3706 1332 oportet

2171 1388 2365 1428 omnes
2392 1371 2733 1427 Christianos
2753 1408 2769 1434 ,
2821 1374 2985 1435 atque
3016 1376 3205 1416 omnes
3245 1360 3521 1413 credentes
3548 1356 3704 1409 dicere

2171 1475 2226 1519 ct
2260 1466 2439 1519 facere
2465 1473 2521 1517 et
2552 1461 2797 1531 cogitare
2829 1457 2881 1511 in
2924 1454 3178 1509 omnibus
3214 1466 3334 1520 quae
3363 1464 3455 1504 eos
3505 1447 3706 1501 circum-

2171 1557 2441 1619 dederint,
2478 1563 2640 1623 atque
2668 1550 2749 1607 eis
2772 1547 3140 1610 occurrerint,
3177 1545 3292 1599 sive
3326 1541 3576 1613 pecunias
3605 1553 3709 1608 per-

2171 1648 2323 1712 dant,
2345 1647 2461 1700 sive
2490 1644 2581 1698 lilii
2604 1641 2947 1703 auferantur,
2973 1639 3090 1692 sive
3114 1645 3411 1705 paupertas
3443 1632 3709 1693 incumbat,

2170 1744 2287 1798 sive
2316 1739 2605 1796 infirmitas
2636 1734 2984 1791 immittatur.
3031 1732 3225 1786 Dicant
3280 1729 3335 1781 in
3367 1728 3449 1782 his
3491 1724 3711 1780 omnibus

2172 1850 2296 1889 cum
2323 1829 2642 1888 sinceritate
2672 1844 2691 1879 ελ
2722 1823 2877 1880 Sicut
2929 1821 3157 1876 Domino
3185 1820 3408 1888 placuit,
3441 1816 3519 1869 ita
3539 1814 3709 1884 {action

484 1940 862 2001 percuteretur
887 1940 1051 2003 atque
1081 1931 1366 1988 doloribus
1400 1931 1745 2000 afficeretur,
1774 1931 2063 1987 Dominum
2100 1929 2141 1981 ll
2172 1935 2290 1990 est;
2337 1923 2404 1976 sit
2438 1936 2626 1975 nomen
2677 1917 2894 1973 Domini
2918 1913 3244 1969 benedictum
3292 1910 3348 1963 in
3382 1905 3711 2003 uacula.._No-

483 2029 538 2081 in
578 2028 694 2081 istis
728 2026 1011 2082 doloribus
1074 2026 1478 2094 suspicabatur,
1528 2033 1584 2079 et
1630 2024 1841 2094 gratias
1869 2024 2068 2092 agebat

483 2116 810 2189 percutienti
862 2130 923 2172 se
982 2128 1149 2186 atque
1178 2114 1457 2170 doloribus
1508 2113 1789 2181 allicienti,
1825 2114 2062 2169 dicens:

481 2205 742 2261 Dominus
766 2206 930 2270 dedit,
962 2215 1012 2259 et
1064 2206 1328 2260 Dominus
1378 2205 1621 2273 abstulit,
1647 2207 1783 2259 sicut
1838 2204 2064 2259 Domino

480 2298 679 2363 placuit
708 2300 782 2352 ita
806 2302 1007 2368 factum
1029 2309 1105 2353 est
1132 2315 1152 2364 ;
1178 2299 1251 2352 sit
1278 2316 1465 2352 nomen
1497 2298 1711 2352 Domini
1739 2298 2065 2352 benedictum

479 2392 536 2442 in
562 2392 783 2445 uacula.
829 2391 954 2444 llaec
986 2391 1170 2460 itaque
1218 2392 1495 2457 universa,
1528 2401 1691 2459 atque
1721 2389 1963 2459 pluriora
1996 2391 2063 2442 ad

481 2482 859 2552 praestolantes
893 2482 994 2537 sibi
1024 2482 1343 2551 nequissimi
1379 2484 1601 2535 nuntios
1636 2481 1829 2535 beatus
1858 2480 1960 2535 Job
1988 2479 2067 2533 lo—

478 2584 637 2630 cutus
663 2584 768 2638 est,
792 2583 845 2629 et
878 2589 973 2643 per
1017 2574 1138 2629 illos
1193 2575 1261 2627 ad
1316 2572 1493 2642 ipsum
1524 2573 1801 2627 diabolum
1833 2572 1925 2642 qui
1972 2588 2065 2627 eos

481 2666 1065 2734 miserat,qnistabant
1097 2675 1223 2720 ante
1250 2681 1372 2720 eum
1403 2666 1609 2731 tristes,
1644 2680 1708 2719 ac
1750 2664 1941 2719 flentes
1965 2664 2068 2719 sic-

482 2757 856 2820 utlinxerant,
902 2770 1228 2825 omnemque
1272 2756 1548 2811 miseriam
1598 2757 1951 2812 ostendentes
2002 2773 2065 2811 ac

481 2850 884 2917 depromentes,
919 2858 978 2901 ut
1001 2847 1158 2902 facile
1185 2850 1402 2903 beatum
1428 2847 1535 2903 Job
1569 2849 1635 2903 ad
1669 2848 2061 2917 blasphemiam

480 2950 861 3008 provocarent.
894 2942 973 2994 Ad
1026 2956 1165 3010 quos
1208 2941 1442 3012 plurima
1476 2950 1531 2996 et
1577 2940 1683 2995 alia
1714 2941 1930 2996 locutus
1962 2939 2064 2997 Job

477 3032 620 3085 dixit
648 3050 661 3087 :
696 3033 806 3087 Cur
849 3034 1032 3087 tristes
1070 3034 1221 3112 estis,
1256 3049 1289 3089 ο
1313 3034 1601 3090 homines?
1631 3033 1712 3090 0b
1741 3050 1904 3105 quam
1929 3051 2061 3089 cau-

478 3141 595 3177 sam
631 3124 867 3193 ejulatis,
892 3141 926 3180 o
964 3126 1111 3180 viri?
1137 3125 1215 3181 Ne
1259 3126 1400 3182 forte
1429 3128 1536 3183 hoc
1583 3143 1679 3183 vos
1719 3129 2015 3184 contristat
2046 3169 2061 3194 ,

477 3216 605 3284 quia
641 3232 739 3285 ego
774 3217 881 3271 Deo
906 3217 1114 3287 gratias
1145 3232 1269 3287 ago.
1303 3215 1382 3271 Ne
1407 3216 1549 3273 forte
1574 3218 1675 3272 hoc
1702 3217 1857 3272 vobis
1886 3218 2059 3273 mole-

2172 2031 2292 2071 men
2327 2015 2565 2080 Domini,
2590 2011 2786 2081 inquit,
2842 2017 3065 2077 propter
3094 2003 3241 2074 quod
3271 2002 3451 2056 omnia
3503 1998 3712 2053 sustineo

2170 2124 2333 2181 atque
2363 2108 2585 2174 suffero,
2619 2115 2844 2179 propter
2876 2103 3020 2172 quod
3048 2099 3304 2155 omnibus
3333 2112 3455 2167 qua:
3484 2092 3606 2147 mihi
3633 2091 3713 2146 ob-

2169 2210 2433 2258 venerunt
2456 2201 2707 2271 superior
2743 2192 2975 2250 exsisto.
3004 2191 3085 2246 Sit
3133 2204 3323 2244 nomen
3351 2186 3555 2241 Domini
3586 2185 3713 2236 bene-

2168 2295 2368 2347 dictum
2402 2294 2456 2346 in
2482 2289 2698 2345 saecula.
2732 2283 3204 2371 Nomeqlloniini,
3248 2282 3394 2351 quod
3427 2276 3712 2334 mirabiliter

2169 2386 2336 2442 caelos
2352 2384 2615 2447 extendit,
2642 2381 2787 2451 quod
2814 2369 3017 2445 terram
3049 2376 3281 2430 firmiter
3309 2372 3571 2435 fundavit,
3593 2369 3712 2439 quod

2170 2483 2395 2550 abyssos
2422 2475 2741 2529 terribiliter
2779 2469 3036 2539 signavit.
3076 2466 3156 2523 Sit
3211 2482 3401 2521 nomen
3432 2460 3713 2518 Duminibe-

2169 2572 2431 2626 nedietum
2459 2569 2513 2621 in
2542 2566 2740 2620 swcula
2768 2581 2787 2618 :
2820 2564 2964 2634 quod
2993 2576 3117 2614 cum
3150 2559 3416 2614 vidissent
3454 2556 3627 2610 leones
3664 2553 3707 2606 iii

2170 2661 2413 2727 Daniele,
2439 2661 2493 2713 in
2522 2673 2692 2728 agnos
2724 2655 2991 2710 immutati
3022 2663 3147 2708 sunt
3174 2670 3189 2706 :
3215 2652 3362 2721 quod
3385 2664 3504 2705 eum
3530 2646 3714 2701 ﬂamma

2167 2754 2308 2826 ignis
2335 2751 2649 2823 agnovisset
2680 2749 2733 2801 in
2761 2746 2966 2800 Anania
2999 2758 3054 2799 et
3076 2744 3275 2797 Azaria
3310 2752 3373 2796 et.
3400 2738 3712 2802 Misaele,fo-

2168 2862 2258 2902 ras
2285 2863 2315 2900 a
2346 2845 2569 2899 fornace
2599 2841 2759 2912 fugit,
2794 2849 2957 2908 atque
3006 2852 3102 2891 eos
3128 2837 3221 2904 qui
3254 2845 3411 2889 extra
3463 2833 3711 2886 fornacem

2165 2949 2327 2996 erant
2355 2934 2675 2999 combussit,
2706 2941 2889 3001 utpote
2918 2944 3024 2984 non
3056 2932 3320 2983 habentes
3348 2928 3405 2981 in
3426 2942 3482 2981 se
3500 2934 3713 2981 sanctum

2169 3046 2363 3087 nomen
2388 3028 2633 3093 Domini;
2659 3025 2768 3079 illis
2795 3032 2973 3077 autem
2993 3023 3085 3092 qui
3111 3022 3251 3074 intra
3280 3020 3556 3073 fornacem
3586 3024 3717 3070 erant

2166 3141 2272 3178 non
2308 3116 2794 3192 apprOpinquavit,
2839 3115 2966 3184 quia
3006 3112 3251 3169 terribile
3282 3124 3481 3165 nomen
3529 3107 3713 3162 Domini

2168 3218 2218 3270 in
2246 3215 2351 3269 illis
2376 3213 2675 3282 conspexit.
2703 3208 2813 3263 lloc
2845 3210 3010 3263 etiam
3033 3215 3088 3260 et
3112 3213 3263 3259 cetus
3292 3218 3420 3257 cum
3447 3199 3715 3256 videretin

478 3322 619 3366 stum
652 3320 755 3378 est,
781 3313 923 3382 quod
949 3327 1050 3381 ego
1077 3314 1227 3367 danti
1258 3328 1319 3368 ea
1343 3312 1741 3370 confessionem
1769 3317 1858 3382 do,
1882 3326 1940 3371 et
1964 3330 2066 3370 au-
2090 3293 2134 3351 C
2166 3306 2326 3373 Jona,
2348 3305 2627 3374 obstupuit
2659 3314 2822 3371 atque
2866 3300 3092 3353 illaesum
3150 3311 3274 3350 eum
3312 3311 3476 3365 quem
3507 3296 3569 3348 de
3613 3292 3725 3346 nari

479 3405 673 3459 ferenti
706 3420 770 3459 ea
792 3405 1193 3459 invocationem
1220 3405 1435 3459 emitto.
1469 3404 1583 3460 Non
1610 3422 1695 3461 me
1723 3409 1887 3463 homo
1917 3407 2061 3460 mul-

480 3498 633 3562 tavit,
703 3499 797 3550 sed
850 3496 995 3551 Deus
1026 3500 1092 3551 de
1130 3499 1287 3552 etelis
1319 3500 1408 3566 qui
1458 3501 1589 3553 mihi
1642 3500 1791 3553 dedit
1820 3500 2062 3564 diversa,

478 3588 725 3655 abstulit,
760 3590 905 3643 sicut
956 3598 1009 3643 et
1057 3605 1153 3645 vos
1214 3591 1412 3655 dicitis,
1446 3593 1591 3661 quod
1628 3593 1766 3662 ignis
1814 3592 1882 3646 de
1922 3592 2062 3647 caelo

478 3679 761 3736 ceciderit.
797 3680 854 3734 Si
878 3696 1011 3750 ergo
1040 3696 1143 3735 non
1173 3682 1337 3737 homo
1366 3683 1496 3737 mihi
1524 3684 1778 3737 damnum
1810 3683 2059 3753 ingessit,

479 3772 573 3823 sed
604 3771 743 3825 Deus
767 3772 991 3840 quando
1020 3773 1193 3827 voluit
1244 3774 1411 3840 dedit,
1441 3784 1496 3829 et
1545 3776 1670 3830 item
1712 3775 1933 3845 quando
1975 3791 2063 3829 vo-

481 3863 580 3916 luit
612 3864 857 3928 abstulit,
892 3866 1093 3933 gratias
1116 3868 1165 3921 ei
1204 3869 1294 3937 qui
1324 3869 1491 3932 dedit,
1528 3879 1582 3923 et
1627 3869 1833 3939 gratias
1864 3868 2059 3922 identi-

479 3956 599 4009 dem
621 3957 669 4009 ei
694 3958 785 4027 qni
819 3958 1062 4012 abstulit.
1101 3959 1208 4013 Sua
1242 3960 1411 4023 dedit,
1443 3970 1498 4014 et
1532 3961 1661 4015 item
1694 3976 1788 4013 sua
1815 3960 2060 4022 abstulit,

477 4063 533 4106 et
556 4068 677 4123 ego,
718 4055 816 4120 ait,
847 4053 980 4107 nihil
1008 4054 1189 4107 amisi.
1214 4054 1345 4108 Nam
1375 4070 1442 4108 ex
1473 4063 1631 4108 utero
1661 4063 1907 4109 materno
1963 4072 2062 4108 IIII-

476 4144 577 4197 dus
614 4144 855 4209 veniens,
891 4144 1023 4197 nihil
1061 4145 1244 4199 habui.
1307 4143 1408 4211 Qui
1467 4144 1655 4198 habuit
1708 4145 1856 4199 dedit
1903 4145 2059 4210 mihi,

480 4236 743 4286 inutnavit
778 4236 948 4288 utenti
988 4235 1142 4299 mihi,
1179 4235 1400 4289 abstulit
1433 4251 1554 4304 qua:
1604 4250 1701 4289 sua
1732 4246 1893 4301 sunt;
1928 4237 2061 4290 nihil

477 4327 708 4394 perdidi,
734 4329 828 4381 sed
857 4328 1061 4398 gratias
1082 4344 1185 4398 ago
1212 4330 1498 4389 mutuanti,
1528 4344 1659 4383 usus
1691 4328 1775 4381 his
1793 4344 1915 4397 quae
1938 4330 2060 4382 data

477 4431 604 4472 sunt
633 4421 791 4481 mihi,
816 4431 869 4475 et
903 4421 1165 4474 confiteor
1196 4422 1467 4491 largitori,
1505 4422 1694 4475 dicens
1725 4438 1741 4474 :
1798 4420 2059 4475 Dominus

475 4512 643 4575 dedit,
674 4524 719 4565 et
755 4512 1009 4565 Dominus
1032 4513 1439 4576 abstulitnirut
1472 4513 1702 4568 Domino
1734 4513 1954 4582 placuit,
1983 4515 2058 4566 ita

476 4599 675 4668 factum
706 4611 800 4654 est.
836 4600 1053 4655 Placuit
1085 4614 1240 4657 antea
1271 4614 1329 4656 ut
1368 4603 1548 4667 daret,
1589 4603 1795 4672 placuit
1828 4621 1971 4658 nunc
2001 4616 2059 4657 ut

477 4707 667 4746 rursus
695 4692 953 4747 auferret.
991 4693 1139 4748 Sicut
1201 4694 1423 4748 Domino
1465 4697 1686 4763 placuit,
1719 4699 1794 4749 ita
1848 4697 2046 4763 factum

473 4792 572 4837 est.
622 4783 795 4838 Omne
849 4778 991 4854 quod
1030 4786 1138 4840 Deo
1197 4787 1461 4856 placuerit
1494 4791 1694 4843 bonum
1750 4798 1855 4854 est,
1888 4803 2055 4842 omne

473 4877 618 4945 quod
651 4876 877 4930 Domino
932 4879 1195 4946 placuerit
1245 4880 1451 4949 justum
1484 4890 1586 4935 est.
1642 4881 1850 4935 Placuit
1884 4881 1961 4935 illi
1996 4890 2054 4934 ut

473 4968 651 5031 daret,
689 4967 826 5023 bene
849 4971 1072 5037 placuit.
1105 4970 1313 5023 Placuit
1344 4970 1417 5024 illi
1467 4971 1756 5025 identidem
1790 4981 1846 5024 ut
1869 4970 2053 5025 aufer-

475 5059 745 5126 ret,jusle
775 5059 994 5127 placuit.
1032 5060 1180 5114 Sicut
1223 5061 1444 5114 Domino
1485 5062 1704 5131 placuit,
1742 5064 1819 5115 ita
1849 5063 2053 5130 factum

471 5161 570 5207 est.
596 5152 843 5217 Quandiu
874 5153 949 5206 illi
986 5155 1185 5222 placuit
1221 5155 1507 5209 habuimus
1531 5196 1545 5222 ,
1599 5157 1817 5225 quando
1854 5156 2055 5224 placuit

472 5242 521 5296 ei
556 5260 661 5297 non
693 5246 974 5299 habemus.
1006 5245 1152 5300 Sicut
1190 5245 1415 5300 Domino
1469 5248 1690 5311 placuit,
1734 5248 1809 5299 ita
1853 5246 2051 5315 factum

470 5346 566 5389 est.
605 5338 835 5404 Quando
889 5340 1215 5402 habuimus,
1252 5356 1356 5392 non
1412 5350 1699 5407 prapterea
1733 5349 1922 5392 nostra
1956 5338 2055 5390 ha—

473 5429 710 5493 buimus,
741 5431 833 5485 sed
871 5432 1081 5485 Domini
1115 5453 1126 5486 :
1156 5441 1206 5485 et
1234 5447 1357 5486 cum
1402 5432 1757 5501 perderemus
1814 5431 1996 5483 omnia
2031 5471 2047 5493 ,

476 5534 580 5572 non
615 5523 833 5590 proiiria
864 5522 1220 5591 perdidimus,
1253 5524 1346 5577 sed
1370 5522 1592 5576 abstulit
1620 5536 1738 5590 qua:
1763 5536 1858 5577 sua
1892 5531 2052 5575 erant

478 5612 755 5675 Dominus,
792 5610 939 5666 Sicut
967 5613 1188 5668 Domino
1217 5614 1444 5682 placuit,
1471 5614 1545 5666 ita
1580 5613 1780 5680 factum
1805 5621 1903 5674 est,
1938 5613 2049 5666 sic-

448 5710 540 5756 ut
578 5704 835 5759 Dominus
900 5706 1091 5771 voluit,
1138 5708 1282 5763 sicut
1348 5706 1573 5761 Domino
1608 5705 1829 5775 placuit.
1879 5704 2052 5760 Omne

550 5886 596 5918 ⁸³
639 5885 780 5942 Psal.
819 5904 964 5953 uix,
994 5888 1045 5943 ϐ.
1118 5888 1163 5919 ⁸⁵
1208 5886 1345 5943 Psal.
1391 5903 1539 5953 )Clll,
1573 5888 1656 5942 l2.

1735 5886 1781 5919 ⁵⁸
1808 5890 1925 5943 Act.
1962 5902 2029 5945 iv.
2064 5890 2146 5943 l2.

2166 3408 2479 3470 susceperat
2514 3397 2769 3461 reddidit,
2796 3392 3195 3448 intaminatum
3216 3386 3435 3443 remisit
3478 3400 3625 3455 quem
3653 3384 3718 3435 vi-

2168 3510 2293 3549 vum
2326 3490 2585 3560 suscepit.
2621 3488 2757 3551 Hoc,
2791 3487 3036 3556 inquam,
3084 3496 3280 3537 nomen
3321 3480 3533 3535 Domini
3579 3479 3718 3531 benc-

2169 3588 2373 3641 dictum
2401 3584 2454 3638 in
2484 3580 2705 3637 saecula.
2741 3576 2855 3633 Hoc
2879 3592 3078 3631 nomen
3109 3575 3261 3643 quod
3301 3574 3464 3644 pauci
3491 3586 3554 3626 ex
3599 3569 3722 3639 prio-

2168 3679 2315 3734 ribus
2338 3682 2702 3747 agnovernnt,
2735 3672 3073 3740 posteriores
3105 3684 3232 3722 vero
3262 3682 3457 3721 omnes
3506 3675 3723 3730 suscepe-

2167 3780 2310 3825 runt.
2342 3769 2453 3824 Hoc
2489 3782 2682 3821 nomen
2716 3767 2783 3820 de
2817 3779 2926 3833 quo
2954 3762 3147 3817 dicunt
3179 3761 3362 3814 sancti
3408 3774 3473 3814 ex
3520 3768 3719 3827 persona

2167 3864 2260 3918 Dei
2289 3881 2302 3916 :
2328 3860 2494 3917 Vobis
2517 3860 2607 3930 qui
2642 3858 2847 3913 timetis
2875 3869 3075 3910 nomen
3106 3868 3285 3907 meum
3343 3847 3723 3923 cognmninabi-

2168 3966 2254 4009 tur
2277 3969 2475 4008 novum
2507 3965 2701 4009 nomen
2733 3950 2879 4021 quod
2936 3947 3294 4003 benedicetur
3323 3961 3490 4015 super
3524 3952 3719 4003 terrain.

2164 4047 2230 4100 Et
2258 4046 2472 4101 adhuc:
2509 4042 2633 4097 Non
2653 4053 2728 4097 est
2758 4058 2946 4096 nomen
2979 4041 3130 4095 aliud
3158 4040 3253 4094 sub
3278 4040 3409 4093 caelo
3454 4038 3627 4090 datum
3645 4034 3723 4085 ho-

2164 4138 2387 4191 minibus
2417 4139 2472 4191 in
2498 4153 2603 4207 quo
2631 4143 2867 4205 oporteat
2896 4151 2988 4188 nos
3017 4134 3190 4187 salvos
3216 4133 3337 4202 ﬁeri
3367 4132 3441 4184 ⁵⁵.
3486 4129 3611 4193 lloc,
3661 4125 3723 4178 iu«

2164 4244 2351 4299 quam,
2380 4244 2575 4285 nomen
2603 4228 2822 4281 Domini
2876 4230 2951 4282 sit
2999 4227 3345 4281 benedictum
3401 4224 3459 4277 in
3508 4218 3720 4277 szecula:

2164 4323 2311 4390 quod
2340 4301 2477 4375 iram
2514 4321 2738 4387 avertit,
2764 4321 2908 4389 quod
2934 4320 3281 4375 maledictum
3335 4317 3558 4373 abstulit
3581 4324 3722 4380 atque

2165 4416 2397 4477 remisit,
2441 4415 2580 4482 quod
2605 4416 2879 4466 tliBlltOlleS
2905 4414 3122 4465 terruit.
3156 4412 3267 4465 lloc
3312 4427 3507 4466 nomen
3538 4404 3718 4460 Domini

2163 4507 2234 4560 sit
2261 4507 2605 4561 benedictum
2641 4506 2692 4557 in
2718 4504 2933 4557 saecula.
2967 4504 3049 4556 Sit
3082 4505 3427 4557 benedictum
3466 4503 3515 4554 iii
3540 4495 3723 4566 angelis

2166 4607 2220 4652 et
2254 4599 2306 4652 in
2340 4599 2679 4660 hominibus,
2707 4598 2759 4649 in
2792 4594 3107 4648 coelestibus
3137 4594 3462 4657 virtutibus,
3490 4594 3541 4645 in
3583 4586 3724 4658 spiri-

2166 4692 2307 4745 tibus
2339 4700 2499 4757 atquc
2525 4690 2576 4742 in
2612 4689 2863 4741 munibus
2888 4686 3161 4755 iustorum
3192 4686 3506 4748 animabus,
3532 4684 3581 4736 in
3604 4695 3721 4749 geu-

2159 4783 2300 4837 tibus
2323 4794 2376 4836 et
2411 4784 2462 4835 in
2488 4784 2743 4836 omnibus
2773 4781 3013 4835 fidelium
3068 4779 3599 4848 congregationibus.
3651 4771 3730 4825 Sit

2163 4893 2348 4929 nomen
2372 4875 2584 4928 Domini
2613 4877 2959 4928 benedictum.
3004 4872 3316 4940 Quousque,
3376 4882 3472 4923 aut
3504 4864 3719 4938 quandiu

2160 4970 2231 5024 sit
2264 4969 2605 5021 benedictum
2623 4970 2655 5021 ?~
2683 4968 2746 5021 In
2784 4967 3003 5026 sucula,
3042 4967 3233 5034 inquit,
3278 4965 3329 5017 iii
3385 4964 3546 5016 linem
3591 4970 3712 5027 pne-

2162 5062 2331 5114 sentis
2357 5071 2411 5115 et
2446 5062 2497 5113 in
2536 5062 2693 5114 initio
2731 5060 2925 5114 infiniti
2954 5059 3097 5112 illius
3131 5058 3337 5112 saeculi.
3374 5055 3480 5119 Sit,
3520 5050 3681 5121 inquit
3706 5086 3719 5109 ο

2165 5168 2358 5207 nomen
2395 5154 2602 5207 DOinini
2635 5154 2977 5208 benedictum
3012 5154 3063 5205 in
3112 5150 3400 5204 animabus
3438 5154 3720 5202 castorum.

2162 5244 2216 5296 in
2258 5246 2512 5299 cordibus
2544 5247 2777 5314 piorum,
2804 5245 2857 5298 in
2888 5243 3159 5298 mentibus
3210 5241 3588 5309 religiosorum
3610 5274 3624 5298 ,
3674 5231 3727 5285 in-

2162 5337 2386 5390 ccclesia
2422 5350 2757 5402 sanctorum,
2792 5339 2844 5391 in
2870 5335 3292 5407 congregatione
3326 5331 3728 5385 verissimormn

2161 5428 2255 5482 Dei
2286 5428 2631 5485 famulorum.
2666 5429 2747 5484 Sit
2780 5446 2973 5483 nomen
3012 5428 3222 5481 Domini
3258 5425 3600 5481 benedictum
3626 5428 3716 5471 non

2160 5520 2213 5572 in
2244 5530 2487 5591 tempore
2526 5524 2775 5577 dimenso
2820 5534 2985 5591 atque
3040 5531 3265 5587 Statuto,
3292 5521 3385 5575 sed
3430 5519 3483 5571 in
3516 5511 3714 5569 sarcula.

2159 5613 2214 5666 ln
2244 5620 2460 5681 sareula,
2501 5618 2697 5687 inquit,
2728 5619 2842 5671 sive
2872 5617 2924 5670 in
2949 5615 3204 5686 praesenti
3235 5612 3434 5669 smculo
3472 5622 3634 5672 usque
3673 5603 3726 5654 in

2164 5706 2347 5776 finem,
2374 5710 2487 5764 sive
2518 5710 2569 5764 in
2613 5708 2796 5765 futuro
2840 5709 3039 5765 szeculo
3070 5708 3162 5764 illo
3195 5705 3407 5761 infinito
3457 5712 3614 5772 atque
3645 5695 3719 5749 in-
