3942 6512
223 426 330 484 L5

1353 432 1732 491 ANONYMUS
1768 437 1835 491 lN
1872 438 2011 496 JOB.
2052 472 2119 481 —
2152 443 2279 499 LIB.
2321 444 2359 498 l.

3385 461 3489 516 416

223 563 526 618 deﬁcienti.
565 562 650 619 Sit
688 580 875 619 nomen
903 563 1121 620 Domini
1147 567 1474 624 benedictum
1506 575 1561 627 in
1583 578 1800 633 saacula.
1836 570 1870 617 Α
1908 559 1997 625 (Ιηῖ
2026 560 2079 613 in
2112 564 2314 617 ιηυιιιιο
2336 576 2464 619 sum
2496 576 2772 636 SlaluenS,
2805 570 2975 626 dieit:
3011 572 3077 628 In
3108 576 3348 633 omnibus
3372 595 3489 645 qtae

218 654 603 722 Circumclsio,
634 657 828 726 inquit,
861 658 927 711 ad
959 667 1172 728 tempus
1227 660 1350 730 luit,
1384 663 1467 717 lex
1503 680 1676 735 usque
1737 670 1803 721 ad

226 744 627 813 plenitudinem
656 750 915 817 temporis
964 749 1085 806 fuit.
1123 751 1417 822 Postquam
1450 757 1597 812 venit
1633 757 1803 827 pleni-

224 836 351 891 tudo
380 838 648 907 temporis
684 840 834 893 misit
884 842 1024 897 Deus
1060 842 1257 897 Filium
1318 860 1474 900 suum
1503 848 1593 915 qui
1633 848 1803 918 legem

221 928 487 999 implevit,
538 940 595 984 et
617 933 844 1000 gratiam
875 934 1285 999 demonstravit,
1323 947 1378 992 et
1419 954 1617 994 nomen
1669 940 1802 995 illud

219 1022 623 1076 benedictionis
659 1023 973 1091 impertiens
1001 1028 1213 1082 cunctis
1241 1029 1292 1082 in
1323 1040 1585 1100 perpetuo
1615 1040 1804 1101 peten-

220 1114 361 1167 tibus
399 1113 643 1167 tradidit.
692 1113 776 1168 Sit
805 1131 993 1169 nomen
1018 1116 1231 1171 Domini
1260 1120 1586 1174 benedictum
1606 1123 1663 1177 in
1702 1139 1806 1176 sw-

216 1205 360 1258 culo.
407 1204 615 1259 Nomen
643 1206 853 1262 Domini
882 1208 959 1262 ait
988 1209 1136 1273 boni,
1172 1212 1567 1278 misericordis,
1593 1215 1804 1283 patien-

216 1296 305 1357 tis.
340 1296 589 1366 benigni,
622 1297 1052 1355 clementissimi.
1084 1300 1168 1355 Sit
1218 1318 1413 1358 nomen
1450 1305 1665 1361 Domini
1708 1309 1800 1361 beo

215 1388 519 1452 nedictum,
543 1389 634 1457 qui
665 1390 1094 1447 benedictionem
1156 1396 1446 1450 seminavit
1477 1436 1491 1461 ,
1547 1402 1801 1468 produxit

212 1489 379 1548 atque
415 1480 680 1534 ostendit.
718 1479 799 1535 Sit
836 1499 1029 1539 nomen
1070 1487 1280 1541 Domini
1307 1488 1675 1555 benedictmn,
1708 1494 1801 1564 qui

210 1578 410 1623 cuncta
439 1570 579 1626 bene
605 1572 840 1641 perﬁcit,
872 1576 964 1644 qui
988 1589 1179 1632 cuncta
1210 1581 1347 1634 bona
1379 1583 1650 1639 universis
1673 1600 1799 1655 pro-

210 1660 379 1723 videt,
419 1664 509 1730 qui
552 1664 709 1727 bene,
770 1666 969 1735 inquit,
1007 1669 1134 1723 mihi
1191 1688 1436 1741 magnam
1484 1676 1798 1742 patientiam

208 1764 379 1822 atque
405 1754 741 1810 tolerantiam
774 1760 1121 1826 condonavit,
1156 1772 1215 1816 ut
1242 1773 1496 1833 tauquam
1522 1782 1713 1821 aurum
1746 1769 1799 1823 in

208 1847 437 1904 fornace
464 1853 739 1918 probatus,
766 1855 1063 1922 perspicua:
1089 1856 1229 1920 Ildei,
1257 1857 1553 1915 tolerantiae
1585 1876 1800 1932 quoque

1905 650 1953 702 ei
1982 652 2288 707 acciderunt
2318 656 2453 709 nihil
2484 661 2720 725 peccavit
2771 660 2897 716 Job.
2936 663 3267 720 Acciderunt
3325 684 3373 721 ei
3408 671 3482 722 di-

1907 742 2067 806 vitim,
2096 754 2148 797 et
2182 746 2376 815 gloria,
2408 751 2500 803 sed
2556 751 2693 805 nihil
2757 763 3023 823 peccavit,
3070 772 3174 811 non
3229 760 3373 811 enim
3406 772 3489 813 est

1904 834 2076 890 elatus
2108 836 2159 889 in
2194 840 2530 905 superbiam.
2562 842 2775 898 Accidit
2807 846 2857 899 ei
2904 848 3163 915 splendor
3193 858 3248 903 et
3276 850 3487 913 lmtitia,

1906 926 1999 979 sed
2034 942 2137 982 nec
2173 931 2465 999 quidquam
2497 938 2764 1001 peccavit.
2816 936 2931 989 Non
2960 940 3102 993 enim
3151 952 3234 995 est
3284 941 3487 996 oblitus

1908 1018 2152 1073 timorem
2196 1020 2431 1084 Domini,
2487 1040 2662 1095 neque
2705 1027 2997 1098 dereliquit
3052 1033 3482 1088 misericordia-tn

1905 1124 1969 1163 ac
1996 1111 2423 1168 miserationem.
2457 1114 2587 1171 Post
2627 1118 2742 1172 haec
2771 1120 3022 1175 videlicet
3046 1125 3241 1178 accidit
3264 1126 3312 1180 ei
3347 1142 3483 1196 pau—

1905 1209 2085 1269 pertas
2114 1219 2177 1258 ac
2209 1205 2449 1273 miseria,
2482 1208 2577 1263 sed
2610 1210 2742 1263 nihil
2786 1215 3032 1280 peccavit
3066 1214 3186 1282 Job,
3219 1218 3344 1286 quia
3377 1234 3482 1273 non

1906 1291 2572 1361 blasphemavitomnium
2624 1301 3019 1359 dominantem.
3072 1306 3284 1362 Accidit
3310 1309 3359 1363 ei
3388 1310 3485 1364 do-

1904 1382 2007 1445 lor,
2041 1394 2093 1439 et
2125 1386 2301 1454 plaga,
2334 1398 2388 1442 et
2421 1406 2631 1447 vermes
2658 1403 2710 1447 ct
2741 1400 2967 1464 putredo
2997 1417 3010 1452 :
3048 1399 3141 1452 sed
3196 1400 3329 1453 nihil
3358 1416 3485 1470 pec-

1902 1476 2046 1529 cavit
2075 1476 2257 1544 justus
2288 1480 2402 1535 ille.
2462 1480 2597 1536 Nam
2645 1501 2769 1538 cum
2822 1489 3123 1556 gratiarum
3178 1490 3486 1545 actionibus

1903 1569 2254 1626 vehementes
2285 1571 2402 1626 illos
2453 1574 2713 1630 sustinuit
2768 1578 3003 1633 dolores.
3042 1579 3321 1636 Veracitcr
3348 1598 3482 1652 ergo

1903 1658 2094 1714 scribit
2124 1676 2349 1731 magnus
2400 1664 2490 1719 ille
2525 1665 2740 1738 Moyses
2770 1670 2837 1724 de
2859 1668 2983 1736 Job,
3012 1682 3067 1725 et
3100 1674 3367 1729 veraciter
3397 1674 3483 1729 di-

1902 1751 2023 1805 cit:
2080 1749 2149 1806 In
2181 1755 2421 1809 omnibus
2472 1773 2589 1826 qua:
2647 1761 2698 1812 ei
2729 1762 3037 1814 acciderunt
3075 1765 3204 1816 nihil
3252 1767 3483 1834 peccavit

1902 1840 2024 1905 Job,
2056 1861 2221 1914 neque
2254 1847 2307 1900 in
2336 1860 2613 1917 conspectu
2645 1848 2856 1904 Domini
2896 1870 3057 1922 neque
3083 1856 3139 1907 in
3168 1857 3321 1908 labiis
3348 1858 3480 1913 suis.

206 1949 375 2009 atque
401 1941 676 2010 patientia:
704 1942 931 1998 formam
960 1946 1172 2001 cunctis
1193 1948 1589 2018 subsequenter
1613 1961 1792 2007 osten-

1902 1935 2038 2000 Quid
2061 1947 2145 1990 est
2168 1938 2311 2006 quod
2332 1939 2489 2001 dicis,
2518 1956 2551 1995 υ
2579 1957 2772 2011 magne
2802 1943 3051 2015 Moyses?
3073 1948 3202 2016 quid
3230 1958 3310 2002 est
3340 1950 3484 2017 quod

206 2032 357 2095 dam,
390 2031 572 2098 justus
600 2036 1001 2104 comprobatus,
1041 2039 1246 2095 electus
1280 2041 1680 2098 demonstratus
1712 2056 1797 2099 at-

203 2137 314 2192 que
349 2126 652 2192 probabilis
678 2139 953 2193 ostensus,
992 2143 1096 2182 non
1142 2130 1370 2185 Domino
1417 2133 1512 2200 qui
1540 2144 1625 2187 est
1656 2149 1795 2202 prae-

203 2215 376 2279 scius,
410 2217 504 2268 sed
539 2216 851 2273 hominibus
902 2220 953 2273 in
989 2220 1189 2274 mundo
1220 2220 1620 2290 ignorantibus.
1662 2224 1793 2277 Nam

200 2305 472 2374 praescius
502 2306 764 2362 Dominus
794 2309 958 2363 etiam
999 2320 1127 2364 ante
1167 2312 1434 2379 passionis
1460 2312 1672 2366 initium
1710 2323 1794 2367 tn-

221 2398 459 2452 erantia:
496 2400 701 2453 sciebat
725 2401 951 2455 exitum.
985 2402 1178 2459 Merito
1210 2403 1576 2458 testimonium
1615 2405 1796 2474 perhi-

200 2490 345 2555 Juit,
380 2492 474 2561 qui
508 2493 577 2547 ob
611 2494 711 2548 hoc
741 2494 910 2563 ipsam
939 2497 1293 2550 tentationem
1324 2496 1597 2565 permisit,
1630 2506 1688 2549 ut
1711 2496 1796 2551 his

200 2583 298 2652 qui
329 2584 385 2637 in
434 2586 634 2638 mundo
681 2596 807 2639 sunt
859 2587 1537 2658 comprobareturjustus.
1572 2586 1679 2643 Pro
1709 2589 1794 2643 his

199 2691 338 2746 ergo
369 2678 624 2730 omnibus
665 2676 736 2731 sit
766 2692 961 2731 nomen
996 2678 1202 2731 Domini
1239 2678 1583 2732 benedictum
1610 2680 1659 2732 in
1690 2695 1794 2733 saa-

197 2768 345 2823 cula.
377 2766 505 2821 Haec
528 2768 810 2822 audientes
831 2768 1219 2835 subsequenter
1255 2767 1419 2821 etiam
1457 2767 1629 2821 sancti
1668 2784 1795 2837 pro-

196 2862 387 2931 pheta:
416 2875 445 2911 a
485 2859 643 2913 beato
674 2858 774 2913 Job
805 2858 983 2913 edocti
1030 2858 1319 2912 dixerunt:
1354 2856 1434 2912 Sit
1462 2874 1650 2912 nomen
1681 2859 1789 2913 Do-

195 2953 332 3013 mini
361 2952 693 3005 benedictum
720 2966 783 3005 ex
803 2949 899 3003 hoc
924 2966 1061 3003 nunc
1089 2959 1137 3004 et
1169 2965 1332 3019 usque
1364 2950 1419 3003 in
1442 2949 1694 3003 naculum
1720 2951 1787 3006 “.

197 3043 360 3099 Sicut
392 3044 538 3098 enim
572 3042 836 3097 mirabilis
887 3040 991 3096 Job
1036 3057 1160 3096 cum
1193 3041 1408 3096 dolores
1443 3043 1739 3099 sustineret
1770 3082 1786 3106 ,

198 3149 406 3191 nomen
431 3133 645 3187 Domini
678 3133 969 3198 benedixit,
995 3132 1066 3184 ita
1098 3142 1154 3185 et
1184 3132 1325 3186 beati
1357 3132 1631 3201 propheta:
1660 3146 1787 3200 per-

194 3227 520 3282 secutiones
546 3237 601 3280 et
623 3226 836 3281 dolores
867 3227 1202 3281 sustinentes
1255 3227 1553 3292 terribiles,
1588 3241 1788 3281 nomen

197 3318 421 3373 Domini
455 3318 869 3371 benedixerunt.
894 3318 1021 3372 Post
1063 3333 1183 3387 quae
1217 3320 1495 3383 universa,
1526 3318 1674 3373 velut
1705 3318 1788 3372 vi-

195 3412 393 3467 ctoria:
425 3412 670 3474 titulum,
698 3410 902 3481 glorize,
936 3427 999 3465 ac
1030 3411 1208 3465 laudis
1244 3416 1407 3480 atque
1454 3412 1680 3466 honoris
1709 3411 1787 3466 illi

195 3512 451 3558 statuens
483 3517 711 3571 magnus
739 3502 830 3556 ille
868 3503 1081 3573 Moyses
1137 3504 1352 3567 scribit,
1398 3518 1464 3558 ac
1496 3503 1667 3557 dicit:
1722 3508 1789 3557 In

195 3592 275 3647 Itis
309 3608 445 3661 ergo
476 3593 713 3645 omnibus
733 3608 851 3662 quae
872 3593 919 3646 ei
939 3593 1263 3655 acciderunt,
1285 3611 1387 3647 non
1408 3595 1637 3664 peccavit
1663 3594 1786 3660 Job,

196 3702 365 3755 neque
409 3686 463 3736 in
509 3695 784 3751 conspectu
816 3683 1051 3748 Domini,
1102 3701 1263 3755 neque
1297 3686 1353 3749 in
1388 3686 1544 3740 labiis
1576 3686 1688 3740 suis
1709 3687 1783 3741 "-7.

194 3776 251 3831 In
275 3779 367 3831 his
398 3776 675 3839 omnibus,
705 3774 899 3843 inquit,
941 3784 1048 3828 tam
1084 3776 1356 3845 plurimis,
1398 3787 1508 3829 tam
1554 3778 1787 3850 magnis,

197 3883 309 3924 tarn
348 3870 696 3939 periculosis,
742 3878 959 3937 tamque
1005 3869 1341 3924 terribilibus
1393 3884 1460 3929 ac
1497 3871 1789 3925 vehemen-

195 3963 452 4027 tissimis,
478 3962 529 4014 in
564 3960 817 4015 omnibus
865 3961 1056 4030 primis
1082 3975 1146 4016 ac
1190 3962 1529 4027 novissimis,
1564 3961 1785 4031 majori-

193 4052 296 4107 bus
318 4066 389 4105 ac
417 4051 725 4106 minoribus
746 4067 867 4122 qua:
884 4051 1247 4110 lueruntante
1273 4042 1508 4125 plagam,
1542 4057 1594 4110 in
1621 4058 1790 4112 omni-

191 4140 297 4195 bus
330 4141 760 4207 miserabilibus,
785 4141 1045 4211 gravibus
1074 4157 1295 4213 quoque
1322 4153 1378 4198 et
1402 4155 1637 4200 mentem
1666 4162 1788 4216 per-.-

194 4232 573 4297 turbantibus,
603 4233 901 4299 praecordia
926 4233 1384 4302 perterrentibus.
1417 4232 1472 4288 In
1506 4235 1592 4291 his
1614 4237 1787 4291 omni-

190 4321 319 4378 bus.
378 4320 519 4375 Nam
556 4323 658 4377 nisi
707 4333 893 4377 essent
944 4324 1177 4392 plurima
1217 4334 1272 4379 et
1339 4340 1560 4395 magna,
1621 4336 1788 4397 atque

194 4414 493 4481 terribilia,
522 4430 628 4468 non
666 4416 856 4484 utique
893 4414 1125 4479 dixisset
1179 4416 1234 4473 in
1269 4416 1354 4471 his
1386 4418 1640 4473 omnibus
1667 4434 1787 4488 qua:

188 4506 240 4560 ei
268 4506 620 4570 acciderunt,
675 4516 932 4575 tauquam
974 4508 1017 4561 si
1047 4508 1258 4563 diceret
1292 4526 1305 4569 ;
1347 4508 1480 4574 Quis
1538 4525 1728 4578 regum
1756 4526 1783 4562 a

1902 2026 2164 2095 loqueris,
2201 2046 2364 2100 neque
2402 2032 2457 2084 in
2488 2045 2772 2103 conspectu
2825 2035 3070 2101 Domini,
3105 2056 3270 2109 neque
3303 2042 3355 2094 in
3404 2041 3486 2095 ln-

1900 2118 1997 2172 biis
2028 2121 2182 2174 suis?
2203 2121 2336 2192 Ego,
2370 2123 2569 2193 inquit,
2606 2126 2813 2195 absque
2849 2130 3134 2183 mendacio
3187 2133 3398 2200 loquor,
3429 2145 3485 2187 ct

1894 2209 2043 2278 justc
2072 2212 2286 2281 loquor.
2314 2214 2370 2268 In
2399 2227 2691 2286 conspectu
2717 2221 2861 2272 enim
2904 2221 3114 2276 Domini
3141 2240 3246 2277 non
3285 2239 3478 2292 pecca-

1898 2303 1997 2365 vit,
2032 2304 2133 2359 boe
2159 2316 2261 2369 est,
2296 2307 2347 2359 in
2389 2309 2584 2363 animae
2616 2313 2892 2375 consiliis,
2946 2329 3119 2383 neque
3166 2315 3217 2368 in
3277 2322 3483 2384 cogita-

1908 2395 2165 2462 tionibus,
2193 2413 2371 2468 neque
2406 2399 2459 2453 in
2508 2404 2922 2459 tractationibus
2970 2407 3174 2461 cordis.
3212 2406 3307 2463 llis
3334 2408 3481 2463 enim

1897 2488 2173 2555 observat,
2235 2501 2289 2545 et
2336 2491 2438 2547 ista
2481 2494 2705 2563 respicit
2759 2496 2923 2552 facies
2972 2497 3204 2563 Domini,
3238 2515 3361 2569 quze
3414 2501 3469 2553 in

1896 2582 2062 2635 corde
2089 2583 2398 2650 cogitantur
2428 2594 2596 2653 atque
2641 2596 2963 2650 tractantur,
2994 2588 3151 2657 juxta
3187 2590 3292 2643 hoc
3339 2591 3481 2659 quod

1897 2673 2100 2728 dictum
2142 2684 2223 2729 est
2266 2695 2279 2731 :
2339 2674 2462 2729 Non
2508 2681 2643 2731 sicut
2689 2680 2827 2733 videt
2885 2680 3064 2747 homo,
3123 2682 3261 2736 videt
3325 2683 3481 2747 Deus,

1895 2766 1984 2820 sed
2052 2768 2204 2819 homo
2254 2770 2391 2821 videt
2462 2771 2518 2822 in
2577 2772 2749 2838 facie,
2832 2781 2887 2825 et
2959 2788 3063 2826 non
3125 2773 3176 2827 in
3267 2776 3478 2831 corde:

1897 2856 2039 2912 Deus
2080 2871 2252 2913 autem
2298 2862 2437 2913 videt
2486 2862 2541 2915 in
2603 2864 2757 2917 corde
2820 2865 2901 2929 ⁵³,
2964 2874 3017 2920 et
3046 2866 3099 2919 in
3136 2867 3278 2921 facie
3323 2877 3380 2922 et
3425 2868 3481 2923 in

1907 2953 2355 3021 eugitationibus,
2389 2964 2551 3023 atque
2588 2957 2639 3008 in
2674 2955 2804 3019 ipsis
2835 2958 3015 3011 cordis
3050 2960 3314 3015 consiliis.
3340 2958 3482 3018 Istas

1897 3043 2105 3096 scilicet
2136 3045 2317 3097 cordis
2364 3044 2726 3113 cogitationes
2756 3089 2769 3110 ,
2807 3047 3033 3101 consilia
3067 3065 3283 3119 quoque
3315 3062 3483 3121 atque

1897 3142 2160 3188 tractatus
2195 3135 2506 3203 designans,
2539 3136 2673 3190 dicit
2704 3154 2718 3190 :
2751 3152 2911 3207 neque
2958 3139 3012 3192 in
3064 3154 3345 3210 conspectu
3378 3142 3485 3195 Do-

1896 3220 2045 3277 mini.
2077 3220 2249 3275 Verba
2281 3235 2462 3276 autem
2491 3234 2545 3277 et
2571 3224 2791 3293 eloquia
2838 3227 3219 3284 demonstrans
3247 3250 3260 3285 :
3294 3247 3477 3301 neque,

1897 3312 2095 3382 inquit,
2127 3314 2182 3367 in
2215 3313 2368 3369 labiis
2394 3316 2525 3381 suis,
2553 3331 2617 3369 ac
2647 3317 2691 3371 si
2727 3320 2961 3373 diceret:
2983 3320 3174 3376 Omnia
3205 3338 3326 3393 quae
3354 3338 3483 3393 pro-

1894 3415 2164 3458 venerunt
2194 3406 2265 3469 ei,
2296 3406 2368 3460 ita
2404 3408 2668 3462 sustinuit
2701 3407 2801 3464 Job
2831 3419 2884 3465 et
2913 3411 2985 3465 ita
3016 3414 3356 3481 supportavit
3377 3455 3393 3480 ,
3423 3423 3483 3469 ut

1893 3512 1992 3551 nec
2028 3498 2080 3550 in
2112 3497 2289 3552 verbis
2319 3497 2587 3553 labiorum
2618 3500 3027 3570 blasphemaret
3058 3504 3224 3557 Deum
3257 3544 3271 3571 ,
3302 3519 3481 3577 neque

1894 3586 1945 3640 in
1989 3587 2169 3641 cordis
2220 3587 2648 3656 cogitationibus
2701 3592 3128 3660 reprehenderet
3157 3633 3172 3657 ,
3218 3609 3395 3665 neque
3426 3596 3480 3651 in

1892 3679 2088 3733 anima:
2135 3680 2379 3733 consiliis
2413 3679 2682 3749 culparet.
2715 3681 3001 3749 Quomodo
3044 3685 3243 3739 malmn
3276 3689 3481 3758 cogita-

1892 3782 2046 3824 turus
2080 3780 2199 3827 erat
2230 3770 2333 3823 Job
2372 3771 2424 3825 in
2475 3772 2641 3828 corde
2689 3788 2789 3827 suo
2828 3777 3093 3830 adversus
3144 3776 3309 3832 Deum
3335 3819 3353 3845 ,
3386 3779 3479 3849 qui

1891 3879 1988 3931 pro
2018 3861 2252 3915 ﬁliorum
2285 3862 2543 3917 cordibus
2584 3879 2769 3917 curam
2796 3880 3013 3934 gerens,
3048 3867 3217 3921 dixit:
3241 3867 3324 3922 Ne
3346 3869 3481 3937 forte

1888 3952 1987 4020 ﬁlii
2020 3952 2120 4004 mei
2168 3952 2225 4005 in
2275 3952 2522 4007 cordibus
2562 3953 2672 4006 suis
2720 3954 2850 4007 mali
2888 3957 3091 4025 aliquid
3134 3957 3479 4026 cogitaverim

1890 4045 2140 4099 adversus
2165 4043 2332 4098 Deum
2357 4045 2401 4076 ³³
2436 4043 2598 4100 ?Non
2637 4047 2904 4115 peccavit,
2936 4049 3127 4117 inquit,
3162 4049 3214 4102 in
3247 4065 3481 4119 conspe-

1890 4148 1977 4191 ctu
2014 4136 2248 4200 Domini,
2278 4137 2441 4192 corde
2491 4135 2634 4192 male
2679 4138 2989 4207 cogitando,
3026 4155 3204 4210 neque
3233 4141 3285 4195 in
3320 4140 3480 4197 labiis

1891 4227 2024 4291 suis,
2062 4227 2250 4280 illicita
2290 4226 2585 4295 loquendo.
2620 4225 2796 4297 Super
2830 4230 2943 4285 haec
2981 4232 3187 4298 omnia,
3220 4229 3343 4289 Non
3387 4232 3482 4286 de-

1889 4322 1966 4385 dit
1995 4360 2009 4383 ,
2033 4321 2204 4387 inquit
2230 4360 2245 4385 ,
2283 4320 2642 4390 insipientiam
2672 4321 2805 4379 Deo.
2840 4322 2980 4389 Quid
3009 4335 3095 4379 est
3122 4327 3265 4394 quod
3298 4326 3431 4380 dicit
3459 4365 3476 4392 ,

1891 4428 1993 4465 non
2022 4412 2164 4464 dedit
2198 4412 2553 4479 insipientiam
2578 4411 2687 4466 Deo
2714 4416 2739 4469 ?
2772 4415 2850 4467 Ac
2878 4415 2923 4468 si
2959 4416 3163 4471 diceret
3191 4435 3205 4471 :
3230 4415 3350 4473 Non
3377 4430 3482 4472 ex-

1890 4503 2029 4557 stitit
2055 4502 2288 4557 iulidelis
2323 4504 2451 4569 Deo,
2481 4518 2585 4556 non
2620 4506 2827 4560 exstitit
2856 4506 3109 4562 inﬁrmus
3139 4547 3155 4573 ,
3183 4524 3359 4578 neque
3387 4509 3472 4564 in-

189 4598 399 4653 scculo
430 4597 559 4651 talia
588 4598 727 4651 bella
753 4599 980 4666 peregit,
1002 4613 1035 4653 ο
1063 4600 1208 4654 viri?
1236 4600 1369 4671 Quis
1391 4601 1460 4654 ab
1485 4599 1640 4654 initio
1663 4617 1788 4671 pro-

1897 4593 2127 4661 stabilis,
2155 4609 2329 4662 neque
2357 4596 2631 4664 perﬁdus,
2669 4612 2844 4667 neque
2875 4608 3201 4656 commotus.
3236 4598 3361 4655 Non
3388 4600 3481 4655 de-

188 4702 385 4741 cerum
444 4688 753 4754 huiusmodi
794 4691 1029 4759 perfecit
1062 4692 1385 4757 victoriam,
1439 4711 1472 4747 υ
1502 4693 1784 4760 homines,

189 4780 661 4847 quemadmodum
698 4783 1037 4838 admirabilis
1075 4783 1213 4852 Job;
1260 4786 1350 4854 qui
1391 4800 1683 4854 percussus
1706 4797 1788 4851 est
1841 4847 1853 4869 ι

189 4882 246 4927 et
279 4888 392 4926 non
431 4882 515 4927 est
545 4872 885 4940 interfectus,
910 4875 1203 4946 sagittatus
1233 4887 1317 4931 est
1341 4886 1525 4941 etnon
1551 4887 1636 4932 est
1664 4877 1786 4937 vul-,

190 4978 446 5030 neratus,
479 4966 756 5020 doloribus
781 4976 867 5021 est
889 4967 1119 5023 allectus
1141 4977 1195 5023 et
1230 4984 1337 5023 non
1365 4978 1449 5023 est
1501 4969 1743 5038 deiectus
1770 5011 1785 5034 ,

195 5058 475 5114 suﬁ'ossus
504 5067 590 5113 est
625 5068 679 5113 et
718 5074 827 5113 non
865 5070 948 5114 est
976 5061 1291 5129 subversus,
1322 5061 1561 5117 miseriis
1595 5071 1680 5117 est
1703 5063 1787 5116 al-

192 5150 381 5208 ﬁictus
412 5160 468 5205 et
498 5166 606 5205 non
639 5161 723 5206 est
746 5152 1163 5208 comminatus?
1210 5153 1371 5209 Solus
1408 5170 1573 5224 super
1601 5170 1791 5213 omnes

193 5244 462 5311 antiquos
498 5258 563 5297 ac
595 5252 845 5312 posteros
876 5244 1173 5301 immobilis
1200 5247 1599 5317 gratilicentiaz,
1626 5255 1678 5301 et
1709 5258 1791 5301 to-

192 5335 452 5390 lerantia:
482 5345 641 5389 scuto
674 5352 733 5391 se
780 5338 1159 5404 circumdans,
1212 5340 1470 5409 solusque
1530 5342 1791 5398 adversus

191 5426 522 5493 innumeros
561 5438 733 5492 stans,
777 5429 1160 5497 insuperabilis
1206 5433 1599 5499 perseveravit,
1625 5442 1789 5503 atque

192 5517 355 5571 solus
394 5517 461 5571 de
497 5518 844 5574 multitudine
874 5519 1186 5588 iniquorum
1213 5523 1495 5578 victoriam
1529 5526 1785 5595 sumpsit.

194 5604 323 5665 Hoc
348 5609 603 5664 niinirum
627 5612 895 5677 scribens,
932 5628 997 5666 ac
1019 5612 1302 5682 proferens
1329 5614 1562 5687 Moyses,
1585 5625 1640 5671 et
1674 5627 1791 5679 tan-

194 5715 369 5769 quam
425 5713 698 5770 perpetem
750 5704 964 5759 titulum
1007 5705 1060 5761 in
1116 5705 1343 5773 formam
1376 5708 1681 5777 tolerantia:
1721 5709 1787 5763 iis

276 5883 325 5914 ⁵⁸
357 5884 503 5940 Psal.
529 5901 661 5954 exn,
692 5889 743 5941 ‘2.

834 5890 876 5921 ⁸⁷
909 5889 1009 5945 Job
1048 5908 1086 5956 ι,
1115 5891 1203 5948 ﬁt}.
1292 5893 1335 5923 ³⁸
1367 5892 1382 5946 I
1417 5891 1545 5957 Reg.
1583 5908 1692 5957 xvi,
1718 5892 1771 5945 7.

1896 4686 1973 4738 dit
2002 4687 2364 4755 insipientiam
2394 4686 2528 4745 Deo.
2564 4686 2681 4744 Non
2716 4690 2859 4743 enim
2893 4690 2994 4747 fuit
3018 4693 3479 4761 quemadmodum

1894 4777 2088 4832 domus
2121 4778 2208 4832 illa
2242 4793 2362 4849 qua:
2413 4794 2577 4848 super
2620 4795 2847 4835 arenam
2897 4792 2981 4837 est
3026 4781 3287 4838 fabricata
3315 4825 3331 4851 ,
3359 4799 3481 4854 quae

1896 4883 2001 4922 non
2035 4871 2220 4924 habuit
2254 4870 2693 4937 fundamentum,
2731 4875 2833 4927 hoc
2864 4884 2968 4937 est,
3003 4875 3126 4928 lidei
3179 4883 3231 4928 et
3264 4875 3480 4943 pietatis

1898 4962 2325 5027 lirmamentum,
2357 4976 2477 5030 qua:
2522 4962 2681 5016 facile
2730 4964 2904 5019 ventis
2933 4973 2988 5018 et
3017 4966 3175 5039 aquis
3206 4974 3477 5018 connnota

1897 5053 2114 5107 cecidit.
2148 5053 2254 5107 Sed
2288 5070 2392 5106 non
2426 5054 2527 5107 fuit
2582 5054 2709 5116 talis
2742 5055 2939 5109 beatus
2972 5055 3095 5121 Joh,
3129 5057 3224 5111 sed
3262 5056 3474 5123 ﬁrmus,

1891 5147 2105 5201 stabilis
2151 5156 2313 5214 atque
2353 5145 2647 5200 immobilis
2677 5146 2799 5201 fuit.
2846 5147 3056 5202 Idcirco
3099 5147 3277 5206 cunnis
3306 5149 3476 5217 impe-

1895 5249 1978 5294 tus
2002 5239 2339 5309 nequissimi,
2367 5248 2419 5293 et
2445 5239 2623 5303 omnis
2659 5240 2939 5301 inundatio
2986 5240 3184 5301 diaboli
3242 5241 3477 5295 subver-

1897 5343 2032 5397 tere,
2061 5333 2144 5386 vel
2177 5331 2416 5400 dejicere
2458 5331 2795 5393 immobilern
2821 5332 2969 5385 illum
3020 5346 3125 5386 non
3158 5342 3474 5402 potuerunt.

1893 5423 2007 5493 Hoc
2041 5426 2222 5495 itaque
2256 5424 2638 5479 demonstrans
2664 5424 2839 5481 dicit:
2879 5423 3003 5478 Non
3028 5425 3169 5478 dedit
3218 5425 3475 5495 insipien-

1896 5519 2027 5572 tiam
2053 5517 2184 5571 Deo.
2221 5517 2373 5571 Sicut
2402 5518 2661 5583 diximus,
2694 5534 2801 5573 non
2829 5519 3039 5575 exstitit
3068 5519 3303 5574 inﬁdelis
3344 5520 3473 5587 Deo,

1900 5624 2076 5679 neque
2128 5610 2521 5681 inlidigrapbus
2548 5652 2564 5677 ,
2597 5626 2769 5679 neque
2818 5612 3085 5683 ingratus.
3117 5614 3226 5667 Aut
3255 5614 3432 5674 adhuc
3457 5652 3475 5678 ,

1898 5705 2097 5775 inquit,
2140 5704 2264 5759 Non
2304 5703 2448 5761 dedit
2495 5704 2847 5773 insipientiam
2894 5705 3023 5773 Deo,
3060 5721 3126 5763 ac
3158 5707 3204 5763 si
3250 5706 3477 5774 diceret,

1849 5891 1890 5922 ⁵⁸
1917 5887 2017 5953 Job
2046 5903 2082 5954 t,
2116 5888 2167 5951 ὄρ
2194 5964 2202 5981 ἲ
