3942 6512
236 377 342 432 M9

1341 369 1730 431 ANONYMUS
1770 373 1837 429 ΙΝ
1875 370 2016 428 JOB.
2060 405 2126 414 ——
2162 364 2292 430 LIB.
2337 369 2404 429 Ii.

3396 379 3508 434 ’430

230 499 345 554 dies
380 497 477 551 illa
503 493 576 551 ⁸³.
619 495 750 564 Qua:
776 495 942 551 dies?
995 493 1120 552 Dies
1156 497 1438 568 temporis,
1472 497 1588 552 dies
1617 505 1813 568 Oppor-
1848 514 1894 573 Α
1924 499 1979 551 et
2004 496 2230 551 veniunt
2261 495 2440 565 angeli
2483 503 2613 551 ante
2641 488 2835 550 Deum.
2877 493 3056 550 Prima
3097 495 3218 552 vice
3242 509 3511 554 venerunt

229 587 506 646 tunitatis.
549 580 624 642 Et
671 581 873 658 factum
913 597 990 643 est
1019 588 1177 658 quasi
1214 589 1329 644 dies
1361 589 1478 647 illa.
1515 589 1645 644 Dies
1674 587 1814 645 tole-

229 682 422 738 rantiae
447 721 463 745 ,
517 678 636 736 dies
682 681 1172 737 consummationis
1199 723 1214 748 ,
1262 682 1380 737 dies
1415 682 1818 752 adimpletlonis

227 773 422 838 prima!
449 771 696 827 victoria».
723 769 845 826 Job.
885 771 952 826 Et
1004 772 1210 838 factum
1247 784 1325 827 est
1356 773 1508 843 quasi
1551 775 1664 828 dies
1697 773 1812 831 illa.

230 865 357 919 Dies
391 864 444 918 in
475 879 580 931 qua
616 863 867 918 diabolus
909 863 1147 928 cecidit,
1200 861 1304 919 Job
1351 875 1480 918 vero
1523 867 1762 920 surrexit
1798 887 1812 924 :

229 955 345 1010 dies
377 956 430 1010 in
459 970 567 1026 qua
600 953 846 1012 diabolus
888 955 1208 1012 humiliatus
1239 965 1356 1023 est,
1385 954 1491 1012 Job
1511 972 1642 1012 vero
1672 959 1817 1012 exal-

230 1058 377 1103 tatns
402 1057 487 1102 est
519 1065 536 1103 :
573 1048 690 1103 dies
722 1049 777 1102 in
811 1061 917 1119 qua
951 1049 1199 1104 diabolus
1245 1050 1502 1105 confusus
1539 1060 1623 1104 est
1645 1092 1660 1114 ,
1712 1050 1813 1106 Job

225 1153 359 1196 vero
386 1148 682 1196 coronatus
708 1150 814 1196 est.
844 1139 912 1195 Et
954 1141 1156 1211 factum
1187 1153 1262 1196 est
1287 1143 1439 1212 quasi
1461 1143 1575 1197 dies
1608 1142 1724 1198 illa.
1754 1142 1809 1196 in

224 1245 331 1302 qua
369 1233 672 1288 redivivum
705 1232 972 1304 judicium
1020 1234 1162 1288 inter
1190 1232 1291 1291 Job
1325 1237 1380 1290 ei
1429 1235 1699 1290 diabolum
1730 1246 1814 1290 est

225 1324 471 1378 auditum
501 1365 516 1390 ,
568 1325 620 1378 in
655 1333 758 1394 qua
811 1325 1069 1378 redivivas
1101 1340 1314 1381 corona:
1358 1325 1462 1383 Job
1497 1330 1564 1381 ab
1603 1327 1812 1398 angelis

224 1425 426 1485 aptatae
454 1456 470 1474 .
506 1425 668 1485 atque
699 1427 1036 1471 consecrata:
1066 1426 1215 1472 sunt.
1245 1417 1470 1473 Factum
1497 1460 1511 1481 ,
1546 1420 1764 1488 inquam
1794 1460 1808 1486 ,

222 1515 300 1560 est
325 1545 343 1569 ,
371 1506 532 1574 quasi
563 1507 677 1560 dies
711 1506 807 1559 illa
835 1548 850 1571 ,
883 1507 1081 1562 similis
1121 1508 1170 1563 ei
1213 1509 1279 1562 de
1312 1523 1418 1578 qua
1451 1511 1703 1578 superius
1730 1511 1811 1564 di-

221 1605 373 1650 ctum
401 1607 506 1661 est,
536 1597 602 1652 de
627 1614 733 1668 qua
761 1597 874 1668 iam
905 1600 1161 1667 superius
1185 1600 1418 1668 plurima
1453 1601 1709 1655 diximus.
1741 1600 1810 1656 Et

223 1689 429 1758 famam
452 1697 534 1742 est
555 1691 710 1760 quasi
753 1691 868 1745 dies
889 1691 984 1745 ilia
1009 1732 1025 1754 ,
1059 1700 1110 1746 et
1144 1702 1391 1746 venerunt
1425 1693 1599 1764 angeli
1631 1691 1726 1748 Dei
1754 1704 1810 1748 ut

218 1793 424 1837 starent
453 1793 575 1838 ante
601 1783 885 1838 Dominum
930 1793 981 1838 et
1008 1785 1254 1840 diabolus
1289 1786 1426 1840 venit
1449 1803 1566 1840 cum
1596 1786 1708 1840 illis
1753 1797 1808 1840 ut

1922 598 1978 642 ut
2003 587 2484 659 jostilieationibus
2509 586 2610 643 Job
2643 596 3032 643 attestarentnr
3072 597 3132 643 et
3157 588 3283 644 ildei
3307 599 3372 643 ao
3399 589 3509 660 pie-

1919 682 2017 735 tati
2049 681 2169 750 ejus
2196 721 2212 746 ,
2242 682 2338 736 sed
2372 689 2497 734 tunc
2525 694 2660 734 sane
2708 679 2838 736 solis
2884 680 3375 750 justiiicationibus
3407 680 3510 736 Job

1918 773 2154 828 attestati
2187 781 2334 827 sunt.
2388 771 2542 827 Nunc
2586 783 2717 827 veno
2765 773 2999 827 secunda
3052 775 3171 829 vice
3223 775 3508 830 venientes

1917 872 2044 918 ante
2080 862 2272 928 Deum,
2302 876 2408 917 non
2438 864 2570 918 solis
2598 864 3082 934 iustiﬁcationibus
3116 865 3234 935 ejus
3267 875 3395 920 sunt
3419 874 3509 919 at-

1918 956 2120 1018 testati,
2158 955 2258 1008 sed
2278 964 2332 1008 et
2365 954 2665 1009 tolerantiae
2688 965 2742 1010 et
2767 955 3269 1022 justiiicatimtihus,
3299 961 3509 1026 patien-

1917 1046 2007 1101 tiae
2037 1060 2253 1115 quoque
2275 1085 2291 1108 ,
2325 1059 2389 1100 ac
2413 1046 2737 1100 constantiae
2758 1086 2774 1110 ,
2809 1054 2973 1116 atque
3002 1047 3308 1103 dilectionis
3340 1061 3504 1118 quam

1915 1151 2043 1208 erga
2073 1137 2243 1193 Deum
2274 1137 2464 1192 habuit
2499 1137 2845 1208 plenitudini.
2896 1138 3021 1194 istis
3058 1153 3296 1210 namque
3325 1140 3505 1194 omni-

1915 1230 2018 1284 bus
2055 1238 2375 1285 attestantes
2423 1230 2644 1300 glortosi
2691 1229 2868 1301 angeli
2900 1271 2915 1295 ,
2963 1245 3175 1285 necnon
3218 1240 3272 1284 et
3304 1231 3504 1286 diaboli

1917 1323 2210 1391 nequitiam
2248 1331 2573 1377 accusantes
2609 1332 2772 1392 atque
2805 1325 3128 1379 mendacem
3175 1322 3326 1376 illum
3353 1335 3504 1378 com-

1914 1414 2226 1483 probantes,
2261 1419 2521 1466 venerunt
2554 1423 2685 1467 ante
2713 1413 2902 1479 Deum,
2929 1425 3055 1469 cum
3087 1414 3283 1483 quibus
3303 1423 3359 1468 et
3385 1415 3504 1468 dia-

1915 1504 2070 1558 belus
2097 1503 2266 1557 venit.
2303 1502 2464 1558 Venit
2498 1504 2852 1559 nihilominus
2879 1519 2986 1558 non
3013 1503 3154 1559 facie
3180 1505 3249 1558 ad
3284 1504 3500 1568 faciem,

1913 1597 2009 1652 sed
2038 1598 2284 1654 consil-iis
2328 1607 2385 1654 et
2418 1598 2842 1670 cogitationibus
2867 1641 2882 1663 ,
2914 1597 3166 1653 sensibus
3197 1607 3364 1668 atque
3394 1607 3504 1652 tra-

1912 1689 2238 1745 ctationibus
2265 1732 2280 1756 ,
2313 1690 2598 1746 desideriis
2629 1705 2692 1744 ac
2721 1689 3206 1745 deliberationibus
3243 1691 3387 1744 sicut
3415 1705 3504 1744 su-

1913 1781 2096 1850 peritis
2126 1795 2222 1850 per
2246 1782 2479 1852 plurima
2521 1784 2953 1838 demonstratum
2990 1790 3097 1836 est.
3149 1781 3302 1848 Quas
3347 1782 3500 1852 cogi-

217 1884 388 1927 staret
414 1884 537 1928 ante
565 1871 918 1929 Dominum".
949 1875 1229 1930 Venerunt
1249 1876 1450 1947 angeli,
1472 1892 1579 1932 non
1600 1877 1670 1932 de
1693 1876 1812 1932 loco
1844 1871 1886 1926 Β
1917 1871 2150 1926 lationes
2177 1883 2300 1927 cum
2335 1873 2543 1929 videret
2573 1873 2714 1928 Deus
2737 1913 2753 1936 ,
2802 1873 3081 1942 respondit
3113 1873 3186 1925 illi
3211 1913 3226 1938 ,
3255 1873 3445 1928 dicens
3481 1889 3498 1926 :

219 1969 273 2019 in
307 1966 496 2020 locum
546 1964 791 2021 translati
819 2004 835 2031 ,
885 1979 992 2022 nou
1039 1967 1110 2022 de
1134 1969 1360 2040 regione
1413 1971 1480 2024 ad
1529 1971 1806 2040 regionem

226 2069 593 2126 transeuntes,
625 2074 732 2114 non
763 2060 830 2114 de
861 2061 1138 2130 provincia
1169 2062 1236 2116 ad
1270 2062 1606 2131 provinciam
1660 2079 1812 2119 com-

218 2161 488 2215 meantes,
518 2151 611 2206 sed
635 2159 762 2206 ante
803 2153 1091 2208 Dominum
1133 2153 1340 2225 iugiter
1374 2169 1806 2226 perseverantes.

217 2238 356 2296 Nam
403 2243 446 2297 si
496 2252 554 2297 ut
595 2243 756 2314 jus-tis
783 2244 876 2300 ius
920 2261 1159 2317 semper,
1196 2248 1269 2302 ita
1301 2249 1471 2303 iacies
1504 2248 1597 2305 Dei
1649 2265 1812 2321 super

211 2336 410 2402 instos'
442 2347 679 2406 semper,
714 2337 786 2392 ita
817 2347 943 2393 ante
973 2337 1143 2394 Deum
1189 2340 1324 2411 justi
1366 2355 1605 2411 semper,
1637 2343 1810 2398 multo

217 2427 396 2496 magis
423 2426 648 2497 gloriosi
673 2438 838 2499 atque
866 2432 1041 2485 sancti
1075 2428 1290 2502 angeli,
1323 2433 1414 2501 qui
1443 2433 1812 2490 indesinenter

214 2531 281 2572 ac
310 2525 579 2589 perpetuo
626 2530 952 2591 permanent
989 2533 1119 2579 ante
1173 2525 1344 2580 Deum
1389 2525 1442 2580 in
1483 2525 1672 2595 gloria.
1710 2527 1812 2584 Vc-

214 2608 335 2663 nire
365 2616 553 2696 autem
599 2613 858 2668 dicuntur
883 2615 974 2669 vel
1002 2615 1081 2670 ire
1107 2659 1122 2683 ,
1158 2631 1285 2671 cum
1331 2616 1400 2672 ad
1447 2619 1810 2675 ministerium“

216 2702 424 2757 nterim
455 2705 639 2771 missi,
676 2717 803 2762 cunt
841 2707 1146 2778 legationes
1192 2708 1612 2780 adimpleverlnt
1635 2752 1650 2778 ,
1685 2723 1807 2768 cum

212 2794 478 2850 mandata
507 2796 856 2866 perfecerint,
883 2814 1012 2854 cum
1039 2808 1260 2870 propter
1294 2815 1394 2858 eos
1417 2803 1510 2872 qui
1542 2804 1812 2874 patienter

214 2887 584 2943 sustinuerint
610 2928 626 2954 ,
656 2887 828 2944 Deum
863 2891 1331 2962 tnagnilicaverint
1354 2934 1370 2959 ,
1419 2911 1542 2949 cum
1571 2908 1802 2966 propter

211 2991 307 3034 eos
339 2978 440 3048 qui
483 2977 714 3034 salutem
766 2979 1162 3050 adipiscuntur,
1205 2981 1373 3038 Deum
1422 2983 1808 3052 laudaverint,

218 3073 446 3139 quando
475 3083 572 3142 pro
613 3071 870 3142 perfectis
915 3073 1125 3128 cwlesti
1163 3075 1389 3131 Domino
1415 3077 1652 3132 confessi
1692 3077 1809 3134 l‘oe-

1919 1961 2074 2016 Unde
2098 1965 2262 2032 uenis,
2290 1975 2347 2019 tu
2383 1965 2472 2019 "‘l
2499 1965 2795 2035 Respondit
2818 1963 3168 2019 nihilominus
3201 1979 3308 2019 non
3341 1964 3500 2019 labiis

1914 2053 2145 2123 loquens
2175 2095 2192 2120 ,
2238 2068 2339 2110 nec
2389 2057 2556 2110 verba
2591 2057 2951 2125 depromens,
3004 2065 3179 2125 neque
3227 2055 3500 2124 colloquio

1914 2161 2014 2202 suo
2038 2147 2301 2217 iniustum
2333 2149 2481 2203 illum
2515 2151 2733 2220 dignum
2767 2147 2992 2214 iaciens,
3029 2149 3124 2202 sed
3145 2163 3243 2201 nec
3277 2148 3500 2202 omnino

1913 2239 1966 2292 in
1995 2242 2280 2309 praesentia
2311 2257 2434 2297 eum
2484 2241 2814 2311 suscipiens.
2843 2240 2998 2308 {Nam
3033 2239 3122 2293 ille
3153 2241 3279 2307 quia
3308 2255 3337 2295 a
3372 2256 3501 2295 san-

1915 2331 1984 2386 tis
2020 2341 2362 2396 exsecratur,
2400 2337 2456 2386 et
2488 2333 2613 2386 odio
2661 2333 2897 2387 habetur
2926 2340 3092 2400 atque
3119 2330 3495 2396 conculcatur,

1913 2421 1966 2475 in
2003 2431 2300 2493 conspectu
2338 2423 2430 2478 Dei
2480 2437 2756 2493 nunquam
2792 2424 2995 2479 veniet.
3046 2422 3103 2478 Si
3153 2424 3297 2478 enim
3347 2423 3499 2490 impii

1915 2515 1995 2579 (ut
2023 2515 2274 2583 superius
2299 2514 2504 2568 dictum
2532 2514 2637 2580 est)
2673 2531 2777 2569 non
2800 2523 3094 2584 resurgant,
3124 2529 3288 2585 neque
3310 2530 3498 2583 pecca-

1913 2617 2051 2660 tores
2093 2607 2150 2659 in
2197 2605 2424 2660 concilio
2444 2606 2713 2676 justorum
2737 2607 2819 2661 ὀε
2851 2607 3020 2661 multo
3051 2607 3223 2678 magis
3249 2607 3495 2660 omnium

1913 2699 2258 2770 itnpietatum
2291 2700 2561 2769 provisor,
2616 2708 2780 2767 atque
2829 2699 2998 2753 totius
3041 2697 3252 2768 peccati
3306 2706 3502 2751 auctor

1911 2792 2165 2848 diabolus
2210 2791 2268 2846 in
2307 2791 2597 2846 consilium
2646 2791 2888 2846 divinum
2921 2805 3029 2844 non
3075 2789 3284 2853 veniet,
3324 2799 3502 2858 neque

1913 2882 2111 2938 deiﬁco
2163 2882 2436 2952 colloquio
2490 2882 2687 2952 dignus
2745 2881 3061 2944 habebitur,
3105 2879 3264 2948 juxta
3315 2880 3517 2934 omnia

1911 2987 2032 3042 qua:
2061 2976 2114 3029 In
2148 2975 2518 3030 anterioribus
2547 2971 3174 3029 memoravimu'sNeuit
3195 2987 3334 3044 ergo
3368 2985 3505 3028 can-

1912 3067 2051 3122 siliis
2079 3077 2134 3121 et
2165 3066 2591 3138 cogitationibus
2635 3076 2800 3135 atque
2827 3059 3116 3119 desideriis
3138 3104 3156 3130 .
3191 3073 3246 3119 et
3287 3064 3502 3118 audivit

213 3165 339 3228 rint,
359 3165 578 3234 quando
592 3177 696 3234 pro
715 3165 1044 3220 omnimodis
1064 3164 1158 3220 Dei
1180 3166 1456 3222 miraculis
1473 3178 1683 3222 attento
1700 3169 1809 3238 regi
1839 3203 1886 3269 α
1914 3173 2020 3213 non
2051 3153 2392 3262 colloquium.
2411 3199 2426 3222 ,
2459 3157 2555 3211 sed
2587 3156 3019 3260 increpationem
3049 3163 3214 3223 atque
3243 3153 3499 3223 objurga-

220 3257 605 3311 ‘tndesittenter
635 3258 844 3327 gratias
874 3258 1101 3326 egerint.
1120 3258 1188 3312 Et
1221 3259 1386 3315 nolite
1410 3260 1812 3328 mirari,oatni~

212 3350 283 3416 ei,
311 3349 466 3419 quod
496 3348 674 3419 angeli
707 3349 896 3403 venire
925 3350 1005 3404 vel
1038 3351 1118 3405 ire
1144 3352 1420 3418 dicuntur,
1450 3351 1577 3421 quia
1607 3351 1812 3422 majora

213 3450 386 3511 atque
429 3441 700 3495 mirabilia
740 3443 974 3497 audituri
1031 3443 1184 3498 estis.
1228 3442 1370 3498 Nam
1395 3452 1450 3498 et
1480 3443 1595 3514 ipse
1628 3445 1768 3500 Deus
1792 3486 1808 3511 ,

213 3532 301 3600 qui
335 3539 425 3585 est
451 3531 768 3602 angelorum
801 3542 965 3604 atque
992 3535 1236 3589 omnium
1292 3535 1584 3606 spirituum
1632 3547 1812 3592 rector

213 3630 264 3676 et
312 3622 593 3686 conditor,
643 3623 832 3679 venire
883 3633 938 3679 et
984 3625 1064 3679 ire
1110 3625 1330 3691 dicitur,
1378 3625 1710 3680 descendere
1757 3631 1814 3682 et

212 3717 534 3775 ascendere,
553 3715 744 3768 sedere
760 3724 815 3770 et
832 3729 1080 3783 surgere,
1093 3716 1331 3772 dormire
1348 3725 1402 3772 et
1425 3732 1454 3770 ιι
1481 3731 1678 3772 somno
1697 3733 1810 3772 sors

212 3819 365 3871 gere,
397 3814 453 3858 et
500 3803 648 3874 quod
690 3815 776 3860 est
798 3807 1051 3861 omnibus
1079 3809 1406 3878 stupendum
1440 3810 1635 3877 magis,
1668 3809 1807 3863 dici--

141 3918 147 3924 ο
210 3905 300 3950 tur
348 3907 614 3966 tanquam
672 3908 870 3966 potens
905 3897 1221 3967 crapnlstus
1274 3913 1305 3953 a
1331 3900 1460 3954 vino
1493 3915 1508 3952 :
1543 3899 1806 3970 Exsurge,

211 4006 379 4058 quare
421 3990 714 4056 obdormis,
743 3989 1014 4044 Domine?
1041 3991 1285 4062 Exsurge
1326 4003 1374 4046 et
1406 4009 1470 4047 ne
1498 3994 1720 4062 repellas
1753 3995 1810 4047 in

213 4081 371 4151 ﬁnem
399 4080 470 4135 “.
495 4078 570 4135 Et
597 4082 885 4137 suscitatus
921 4091 994 4136 est
1045 4093 1299 4154 tanquam
1328 4085 1594 4138 dormiens
1627 4085 1810 4139 Domi-

212 4182 331 4232 nus,
363 4179 621 4233 umquam
645 4181 829 4240 potens
856 4172 1174 4238 crapulam:
1191 4189 1226 4227 α
1246 4175 1364 4228 sino
1387 4171 1456 4227 ".
1499 4175 1561 4228 i'Jt
1591 4177 1811 4229 descen-v

211 4265 292 4319 dit
317 4264 585 4320 Dominus
611 4275 666 4320 et
692 4265 903 4320 locutus
931 4275 1014 4321 est
1049 4277 1177 4320 cunt
1215 4265 1422 4337 Moyse.
1460 4264 1528 4318 Et
1560 4268 1810 4322 ascendit

212 4355 359 4412 Deus
391 4366 686 4427 postquam
720 4357 933 4413 locutus
989 4367 1074 4412 est
1120 4359 1191 4412 ad
1238 4357 1558 4424 Abraham,
1595 4367 1649 4414 et
1701 4359 1804 4415 alia

213 4446 503 4504 innumera
556 4448 640 4502 his
687 4447 892 4503 similia
940 4449 1012 4504 de
1057 4451 1167 4505 Deo
1214 4450 1271 4504 in
1323 4449 1605 4521 Scriptura
1649 4467 1812 4521 retice

1918 3252 2118 3305 tionem
2152 3249 2613 3320 nequissimarnm
2642 3247 3038 3318 cogitationum
3070 3253 3506 3315 suarumatq'se

1917 3341 2238 3398 infestorum
2265 3341 2661 3396 desideriorum
2685 3355 2748 3394 ac
2770 3337 3226 3394 deliberationum
3250 3351 3502 3402 suarum,

1914 3448 2040 3504 quae
2075 3432 2459 3488 demonstrans
2513 3431 2642 3486 dicit
2691 3445 2714 3484 ιι
2764 3429 2832 3483 Et
2869 3428 3196 3497 respondens
3244 3426 3504 3480 Dominus

1914 3527 1988 3579 ait
2017 3527 2086 3578 ad
2115 3522 2430 3578 diabolum:
2467 3521 2618 3576 Unde
2641 3521 2811 3588 venis,
2842 3529 2901 3573 ιιι
2933 3517 3016 3572 “2
3038 3517 3344 3585 interrogat
3370 3529 3506 3585 pra-

1913 3617 2066 3672 seius
2087 3657 2112 3682 γ
2138 3627 2299 3686 atque
2329 3615 2628 3684 providus,
2657 3612 2754 3682 qui
2784 3625 3004 3666 omnem
3035 3609 3322 3664 scientiam
3364 3621 3505 3662 cun-

1912 3713 2020 3766 ctis
2061 3719 2288 3781 prastat-
2316 3706 2660 3772 bominibus,
2692 3705 2993 3774 interrogat
3045 3701 3289 3772 reiugam
3317 3737 3334 3765 ,
3364 3713 3500 3767 apo-

1913 3811 2112 3859 ata=tam
2133 3836 2149 3866 ,-
2181 3800 2554 3856 adversarium
2581 3839 2596 3861 ,
2629 3796 3022 3866 nequissimum
3052 3834 3068 3858 ,
3100 3793 3382 3861 iniustum.
3411 3790 3502 3845 ino-

1914 3903 2152 3963 terrogat
2177 3902 2234 3945 ut
2267 3907 2338 3946 es
2370 3903 2471 3944 ore
2499 3890 2644 3943 illius
2670 3931 2684 3953 ,
2719 3897 2885 3956 atque
2933 3900 3000 3940 ex
3035 3897 3300 3953 responso
3345 3881 3502 3938 illius

1911 3999 2034 4041 eum
2069 3993 2265 4051 arguat
2285 3992 2339 4035 et
2369 3981 2719 4044 condemnet,
2751 3987 2920 4046 atque
2939 3976 3234 4030 convincat
3259 4013 3275 4038 ,
3311 3981 3503 4042 utpote

1911 4077 2226 4133 mendacem
2253 4114 2269 4138 ,
2323 4085 2376 4129 et
2409 4070 2766 4139 malignitatis
2818 4069 2937 4123 zelo
2961 4109 2976 4134 ,
3007 4082 3073 4124 ae
3106 4067 3280 4121 livore
3325 4067 3504 4136 repte-

1913 4179 2046 4223 tutn.
2077 4167 2234 4222 Unde
2257 4164 2414 4220 venis
2439 4203 2457 4231 ,
2489 4171 2543 4218 tu
2571 4163 2814 4232 dejecte,
2851 4159 3077 4214 confuse
3101 4202 3116 4226 ,
3168 4155 3450 4213 bunriiiate
3477 4156 3504 4210 i

1914 4258 2074 4316 Unde
2105 4267 2159 4312 ttt
2185 4256 2338 4311 venis
2358 4255 2562 4320 vietus,
2586 4260 2896 4321 superatus,
2917 4250 3315 4307 conculcatus?
3348 4248 3508 4305 Linde

1912 4363 1967 4408 tu
1994 4351 2150 4407 venis
2181 4348 2276 4421 qui
2302 4349 2370 4403 de
2393 4345 2630 4403 excelsis
2673 4359 2738 4400 es
2781 4344 3040 4414 expulsus
3065 4383 3088 4407 ν
3117 4351 3178 4399 et
3201 4355 3366 4412 super
3399 4351 3502 4396 ter-

1911 4460 2027 4499 ram
2077 4459 2136 4498 es
2185 4440 2584 4496 condemnatus
2611 4475 2627 4502 ,
2661 4436 2754 4506 qui
2804 4439 2871 4491 de
2901 4434 3057 4492 cteiis
3087 4449 3148 4490 es
3181 4437 3457 4504 projectus
3483 4470 3506 4496 ν

213 4541 440 4596 riuntttr
473 4540 644 4596 fuisse
679 4541 844 4597 dicta.
879 4541 1092 4610 Siergo
1120 4541 1413 4598 immobilis
1459 4552 1512 4598 et
1543 4544 1808 4598 inexcita-
1841 4568 1883 4622 ο
1912 4539 2055 4594 inter
2085 4535 2336 4590 homines
2377 4532 2661 4588 abdicatus
2690 4529 2714 4586 τ
2763 4527 2918 4586 Unde
2951 4539 3006 4622 tu
3035 4530 3191 4622 venis
3213 4563 3232 4595 ,-
3257 4529 3350 4598 qui
3383 4536 3511 4622 post

212 4632 338 4688 bilis
361 4635 420 4689 et
449 4633 852 4705 inemigrabilis
886 4645 1053 4705 atque
1097 4634 1328 4705 simplex
1360 4635 1412 4690 in
1439 4635 1631 4691 iisdem
1659 4648 1806 4690 sem-

212 4737 308 4793 per
335 4723 546 4795 jugrter
586 4740 912 4795 permanens
961 4727 1104 4780 Deus
1135 4726 1256 4780 haec
1303 4726 1554 4781 universa
1583 4727 1804 4786 dicitur,

211 4826 265 4868 et.
305 4816 391 4871 ire
425 4824 488 4869 et
510 4816 717 4881 venire,
765 4813 944 4882 Venit,
977 4817 1173 4886 inquit,
1206 4815 1348 4869 Deus
1385 4819 1454 4868 ad
1485 4814 1710 4868 Balaam
1735 4815 1802 4882 ⁸⁵,

210 4917 267 4962 et
298 4909 501 4963 sedere
529 4919 586 4964 et
617 4921 844 4978 surgere
874 4921 890 4962 :
921 4908 1056 4978 quid
1105 4919 1362 4976 magnum
1397 4907 1446 4960 si
1476 4906 1652 4977 angeli
1687 4906 1804 4975 ejus

212 5011 388 5071 atque
434 5001 826 5056 ministeriales
879 5001 1106 5070 spiritus
1153 4998 1367 5053 venisse
1410 5000 1480 5052 ad
1519 4999 1690 5052 Deam
1723 4997 1806 5050 di-

211 5104 424 5148 cuntur
441 5094 515 5148 ad
540 5095 936 5164 increpandam
963 5092 1261 5158 diabolum,
1302 5101 1465 5161 atque
1493 5103 1685 5145 otnnes
1711 5090 1804 5158 qui

211 5194 518 5256 operantur
555 5187 886 5241 voluntatem
919 5185 1087 5249 illius,
1123 5195 1178 5238 et
1221 5185 1290 5238 ad
1335 5185 1642 5237 testandum
1677 5193 1816 5235 sane

213 5280 326 5334 etis
361 5290 527 5348 atque
555 5279 966 5334 sinceritatibus‘
989 5293 1180 5334 eorum
1220 5321 1230 5341 .
1257 5294 1393 5348 quas
1427 5273 1636 5332 habent
1657 5275 1811 5330 circa

217 5371 392 5426 Deum
423 5372 450 5426 ’ἔ
493 5373 578 5426 Ad
629 5371 1086 5441 magniﬁcandtnn
1137 5373 1378 5428 Deumin
1417 5369 1809 5440 misericordiis

214 5467 339 5536 ejus
368 5479 424 5521 et
459 5467 800 5522 bonitatibus
825 5468 943 5538 ejus
969 5511 984 5535 ,
1017 5479 1183 5538 atque
1225 5465 1724 5537 longanimitatibus
1749 5474 1808 5520 et

218 5557 700 5625 iuvestigabiiibus
751 5557 869 5624 eius
923 5558 1203 5613 miraculis
1229 5598 1244 5622 ,
1281 5570 1402 5627 quae
1436 5555 1811 5610 indesinenter

191 5641 462 5704 'ostendit
487 5651 630 5706 circa
655 5665 826 5718 genus
857 5650 1154 5706 humanum
1178 5654 1201 5706 Υ
1242 5649 1336 5706 Sic
1360 5663 1492 5719 ergo
1517 5655 1807 5711 venerunt,

275 5769 327 5800 "
353 5767 450 5822 Job
485 5785 545 5829 ll,
582 5768 632 5821 i.

222 5855 260 5904 ι,
311 5841 366 5894 5.
479 5841 523 5870 ⁶⁹
555 5839 653 5893 Job
681 5854 740 5905 tt,
767 5837 820 5892 2.

1913 4629 2232 4700 iniquitates
2263 4626 2531 4688 festinas,
2581 4624 2674 4693 qni
2726 4631 2852 4692 post
2900 4620 3220 4692 iniustitiam
3272 4617 3509 4674 curris?

1913 4731 1993 4785 Tu
2026 4728 2118 4799 qui
2151 4726 2447 4783 homicidia
2477 4724 2729 4796 appetis,
2761 4732 2815 4777 tu
2850 4723 2944 4792 qui
2984 4721 3243 4776 adulterii
3272 4733 3334 4775 es
3357 4719 3510 4787 cupi-

1913 4837 2033 4898 dus,
2071 4842 2128 4887 ttt
2162 4831 2254 4902 qui
2285 4828 2554 4900 sanguine
2598 4826 2828 4897 potaris,
2863 4821 2954 4896 qui
2985 4825 3228 4881 omnium
3259 4823 3503 4890 impieta-

1915 4947 2028 4991 tum
2079 4947 2243 5003 super
2287 4941 2491 4985 terram
2521 4942 2582 4982 es
2625 4923 2898 4996 provisor,
2932 4923 3173 4977 omnium
3229 4919 3501 4974 malorum
3585 4969 3592 4977 η

1916 5037 2058 5092 inter
2099 5031 2350 5088 homines
2395 5029 2669 5093 inventor,
2717 5027 2860 5080 unde
2913 5030 2969 5078 tu
3022 5020 3227 5078 venis?
3275 5016 3355 5072 Tu
3409 5017 3504 5086 qui

1917 5149 2131 5206 tempus
2160 5148 2265 5188 non
2298 5130 2465 5186 habes
2490 5171 2505 5196 ,
2549 5139 2605 5183 tu
2647 5129 2736 5198 qui
2767 5126 3007 5197 quietem
3040 5138 3146 5178 non
3175 5128 3459 5190 exspectas
3485 5157 3505 5183 ,
3562 5128 3566 5132 '

1917 5248 1973 5296 ιιι
2005 5236 2100 5308 qui
2130 5231 2520 5303 resumptionis
2550 5243 2759 5284 memor
2788 5242 2893 5282 non
2926 5241 3009 5290 es,
3046 5237 3223 5292 neque
3256 5235 3504 5290 requtetn

1914 5354 2108 5411 speras
2138 5335 2322 5403 ,,ttnde
2362 5343 2418 5388 tu
2447 5331 2602 5385 venis
2627 5329 2653 5382 ἵ
2681 5327 2963 5383 Conﬁtere
2984 5365 3003 5393 ,
3030 5333 3086 5380 et
3114 5321 3224 5378 noli
3256 5335 3458 5392 negare
3486 5355 3510 5387 ν

1914 5441 2163 5504 ostende,
2206 5444 2262 5494 et
2295 5433 2403 5490 noli
2431 5430 2630 5488 celare.
2664 5429 2772 5484 Sed
2805 5441 2914 5483 non
2947 5425 3228 5498 accipiens
3254 5424 3371 5479 hac
3415 5436 3512 5477 tte--

1918 5541 2220 5616 quissimus
2244 5577 2262 5606 ,
2291 5551 2394 5591 nec
2435 5530 2662 5588 omnino
2691 5529 2916 5584 audisse
2954 5537 3014 5583 se
3043 5525 3309 5580 simulans
3333 5563 3346 5588 ,
3397 5537 3510 5593 pro.

1920 5643 2043 5698 aliis
2067 5635 2173 5695 alia
2201 5631 2482 5706 respondit
2511 5630 2737 5686 dicens:
2773 5625 3008 5682 Circnivi
3035 5640 3239 5680 onmem
3279 5632 3504 5686 terra-ut,

736 5768 783 5800 ⁸⁸
818 5769 947 5826 ibid.
1027 5771 1072 5803 “
1113 5769 1252 5824 Psai.
1291 5785 1448 5830 sun,
1478 5767 1570 5822 9.5.
1649 5767 1696 5798 “
1718 5764 1809 5820 Psa

1914 5759 2192 5828 xxvn,65.
2271 5755 2318 5788 “
2347 5753 2507 5810 Num.
2545 5743 2758 5814 xxtt,8.
2837 5744 2882 5778 ⁵⁷
2909 5743 3011 5801 Job
3042 5759 3105 5812 tt,
3145 5743 3203 5798 2.
3281 5740 3327 5774 ⁸⁸
3353 5733 3506 5796 Psai.
