3942 6506
500 361 600 417 451

1569 341 1955 407 ANONYMUS
1993 340 2063 396 IN
2101 339 2245 396 JOB.
2292 370 2353 379 --
2390 337 2523 393 LIB.
2569 336 2634 391 ll.
3629 343 3713 398 .553

496 487 544 531 et
593 475 868 546 peragravi
915 482 1214 527 universum
1262 468 1437 522 orbem
1466 465 1558 536 qui
1586 462 1681 518 sub
1722 461 1849 516 cmfo
1890 471 1966 515 est
2009 460 2079 512 7°.
2109 462 2154 519 Α
2185 465 2360 524 posta
2394 454 2496 510 Job
2546 467 2669 506 cum
2724 449 3059 506 confusione.
3096 449 3269 506 Adam
3321 451 3458 507 enim
3498 454 3609 510 olim
3645 470 3716 514 se.-

499 569 786 625 Subtiliter
836 566 1019 636 ﬁngis,
1046 581 1079 619 o
1114 561 1487 618 infelicissime
1536 555 1751 613 diabole
1782 596 1797 619 ,
1828 552 2082 609 humilia-

499 661 701 716 tionem
744 669 888 713 tuam
925 656 1062 724 tegis
1092 695 1107 718 ,
1141 650 1543 707 deformitatem
1581 657 1725 703 tuam
1759 644 2041 700 reticescis
2064 683 2081 707 ,

497 750 871 808 confusionem
906 758 1053 802 tuam
1107 746 1331 799 minime
1378 741 1651 811 depromis
1680 778 1695 806 ,
1726 739 1871 809 quod
1901 752 1931 790 a
1968 735 2085 806 pul-

497 856 626 897 vere
648 840 817 895 fueris
842 848 1151 907 superatus.
1189 836 1387 889 Lutum
1441 833 1584 887 enim
1616 839 1670 886 et
1712 842 1856 885 terra
1888 837 1943 883 et
1972 825 2084 897 pul-

498 931 581 986 vis
610 939 693 985 est
724 928 827 984 Job
860 938 1084 999 propter
1130 936 1405 981 terrenum
1441 939 1675 991 corpus,
1729 920 1822 976 sed
1864 920 2080 974 interim

499 1032 746 1076 terrenus
786 1035 855 1075 ac
882 1020 1060 1073 luteus
1093 1018 1395 1088 superavit,
1429 1017 1628 1084 inquit,
1666 1025 1739 1079 te,
1764 1028 1795 1066 ο
1822 1012 2037 1066 diabole
2066 1052 2081 1074 ,

496 1110 587 1179 qui
621 1124 744 1164 cum
775 1108 851 1163 sis
879 1106 1310 1177 incorruptibilis
1337 1106 1582 1177 Spiritus,
1617 1115 1875 1173 tauquam
1905 1102 2084 1172 fulgur

496 1204 563 1257 de
598 1202 740 1259 ccelo
766 1201 1011 1257 cecidisti
1044 1200 1338 1270 projectus.
1386 1198 1598 1269 Corpus
1634 1197 1846 1252 scilicet
1874 1196 2079 1249 luteum

496 1295 780 1365 superavit
819 1293 1083 1364 fulgorem
1136 1292 1529 1362 incorruptum,
1568 1289 1817 1359 spiritum
1864 1289 2083 1341 immor-

499 1383 660 1437 talem
714 1390 880 1452 atque
932 1383 1338 1450 incorporeum.
1370 1379 1520 1433 llanc
1547 1377 1758 1432 scilicet
1803 1375 2086 1431 confusio-

496 1488 619 1527 nem
651 1483 795 1527 tttam
847 1473 1178 1527 retieeseens
1226 1488 1289 1526 ac
1315 1470 1747 1539 praetermittens
1770 1509 1784 1534 ,
1818 1484 1851 1523 ο
1886 1467 2085 1524 callide

494 1566 711 1621 diabole
737 1607 752 1632 ,
794 1566 1050 1636 gloriaris
1078 1582 1139 1620 ac
1188 1566 1404 1635 plaudis
1438 1564 1582 1635 quod
1619 1574 1820 1618 terram
1847 1563 2083 1618 circuie-

497 1654 593 1721 ris,
622 1664 678 1708 et
701 1669 764 1709 ea
801 1670 922 1724 qua:
952 1657 1051 1709 su'b
1080 1655 1220 1710 coelo
1252 1665 1381 1711 sunt
1413 1655 1813 1725 peragraveris.
1849 1652 1956 1709 Sed
1983 1654 2084 1710 hoc

495 1746 546 1800 in
574 1748 867 1801 maximam
896 1747 1303 1803 deformitatem
1349 1758 1493 1802 tuam
1526 1748 1665 1802 dicis
1701 1766 1715 1802 :
1757 1762 1879 1801 nam
1910 1746 2080 1817 gloria

2186 547 2415 613 duxisti,
2465 547 2559 602 sed
2589 544 2692 600 Job
2734 554 2858 614 post
2890 544 2993 599 hoc
3024 558 3131 598 non
3182 544 3548 614 supplautasti.
3576 550 3715 609 Adam

2186 641 2252 693 de
2280 637 2536 708 paradiso
2586 636 2875 690 eradicasti
2905 678 2920 702 ,
2966 638 3060 691 scd
3090 635 3190 692 Job
3239 652 3269 690 a
3316 640 3590 695 sanctitate
3631 659 3715 699 non

2185 737 2450 791 avertisti.
2490 734 2647 790 Unde
2680 741 2734 786 tu
2767 734 2921 788 venis
2948 735 3015 787 de
3055 734 3289 789 excelsis
3319 736 3581 805 expulsus,
3599 750 3644 793 et
3666 740 3719 797 de

2185 828 2342 883 ccelis
2402 826 2668 897 dejectus,
2712 825 2780 881 de
2849 825 3168 896 angelorum
3224 826 3404 881 eboris
3450 829 3719 897 projectus?

2187 920 2340 976 llnde
2366 920 2522 973 venis
2552 928 2606 970 tu
2644 917 2734 986 qui
2760 932 2922 986 super
2943 927 3152 972 terram
3206 916 3517 986 injustitiam
3551 922 3720 990 germi-

2186 1015 2351 1079 nasti,
2381 1014 2472 1083 qui
2523 1013 2623 1067 sub
2664 1013 2781 1067 sole
2812 1013 3120 1082 impietates
3160 1012 3546 1077 dissemiuasti,
3571 1017 3647 1081 qui
3670 1030 3719 1068 ea

2184 1120 2305 1173 qua:
2326 1104 2427 1159 sub
2450 1104 2589 1159 ccelo
2624 1114 2752 1160 sunt
2792 1106 3043 1158 universa
3082 1102 3239 1158 malis
3300 1103 3551 1173 repleSti?
3598 1103 3721 1160 Unde

2184 1198 2337 1252 venis
2394 1197 2493 1251 tu?
2546 1197 2625 1251 Tu
2656 1200 2749 1267 qui
2792 1211 2852 1251 es
2912 1198 3107 1251 mortis
3147 1205 3360 1259 auctor,
3392 1197 3723 1267 malorumque

2187 1289 2458 1357 inventor,
2486 1302 2651 1362 atque
2703 1290 2967 1345 malorum
3008 1290 3251 1344 omnium
3296 1289 3520 1355 initium,
3555 1291 3723 1361 iniqui-

2188 1380 2315 1433 tatis
2369 1394 2643 1449 operator,
2689 1391 2845 1450 pater
2900 1381 3195 1436 mendacii.
3260 1379 3431 1444 Unde,
3478 1381 3652 1448 inquit,
3678 1391 3724 1435 ιιι

2187 1472 2385 1527 venis?
2419 1472 2674 1537 Circuivi,
2705 1476 2898 1542 inquit,
2929 1490 3137 1529 omnem
3169 1482 3387 1535 terram,
3413 1484 3458 1527 et
3492 1475 3724 1542 peragrati

2184 1565 2429 1617 universa
2457 1581 2576 1634 qua?
2606 1567 2699 1619 sub
2733 1567 2859 1620 cazlo
2881 1577 3027 1630 sunt,
3053 1575 3100 1619 et
3142 1582 3258 1619 ecce
3294 1566 3498 1621 adsum.
3536 1566 3723 1627 Adsum,

2188 1652 2385 1722 inquit,
2416 1655 2506 1723 qui
2545 1670 2649 1709 non
2678 1655 2979 1712 succumbo
3030 1670 3206 1725 neque
3236 1655 3513 1719 humilior,
3535 1657 3614 1723 qui
3641 1669 3723 1710 non

2186 1761 2479 1805 convertor
2531 1766 2707 1820 neque
2754 1752 3062 1816 satisfaeio,
3107 1753 3199 1822 qui
3261 1752 3619 1822 paenitentiam
3641 1768 3724 1806 non

495 1848 586 1892 tua
635 1849 801 1908 atque
833 1840 1001 1895 elatio
1058 1840 1261 1894 referta
1312 1848 1395 1894 est
1448 1840 1594 1894 omni
1641 1840 1972 1909 dejectione.
2022 1840 2081 1893 Si
2116 1826 2157 1879 Β
2187 1844 2419 1897 ostendo
2457 1878 2473 1907 ,
2536 1845 2633 1897 sed
2695 1854 2951 1913 tanquam
3004 1845 3149 1899 vitiis
3204 1845 3493 1901 indomitus
3542 1854 3723 1915 praesto.

493 1933 641 1984 enim
673 1942 881 1986 tantum
920 1933 1138 2002 potuisti
1186 1941 1245 1985 ut
1283 1946 1497 1986 omnem
1535 1942 1736 1986 terram
1761 1971 1777 1996 ,
1810 1940 1933 2000 post
1969 1933 2081 1987 haec

493 2039 686 2079 omnes
726 2035 1017 2087 terrenos,
1068 2035 1235 2094 atque
1290 2025 1611 2086 universos,
1662 2025 1751 2092 qui
1804 2025 1907 2079 sub
1941 2025 2081 2080 caelo

493 2125 622 2169 sunt
652 2117 919 2170 circuires
949 2125 1112 2186 atque
1147 2132 1495 2186 peragrares,
1524 2118 1626 2171 hoe
1651 2126 1755 2183 est,
1791 2116 2079 2172 conculca-

496 2221 583 2262 res
608 2217 773 2277 atque
799 2210 899 2263 sub
932 2218 984 2262 te
1028 2207 1330 2276 subjiceres
1357 2252 1370 2274 ,
1416 2209 1686 2277 quomodo
1722 2223 1826 2263 non
1859 2209 2077 2277 potuisti

492 2300 584 2354 uni
620 2308 841 2355 terreno
867 2310 1035 2370 atque
1072 2301 1415 2371 corruptibili
1447 2300 1550 2356 Job
1578 2300 1927 2371 przevalere?
1971 2301 2077 2355 Sed

489 2390 670 2446 omnis
695 2392 937 2460 potentia
964 2402 1076 2459 tua,
1106 2408 1171 2448 ac
1197 2394 1389 2455 virtus,
1426 2402 1589 2463 atque
1610 2393 1895 2463 pranlones
1926 2407 2079 2448 exer-

490 2485 634 2540 citus
676 2486 751 2540 tui
781 2496 835 2540 et
855 2485 1067 2556 gladius
1098 2501 1286 2540 eorum
1325 2496 1378 2541 et
1414 2486 1650 2555 triplicia
1693 2486 1934 2555 equitum
1966 2496 2080 2542 tuo-

492 2594 612 2632 rum
637 2594 839 2633 cornua
867 2587 922 2634 et
957 2580 1099 2649 ignis
1129 2580 1220 2649 qui
1248 2580 1313 2634 de
1362 2580 1503 2635 caelo
1533 2580 1778 2646 cecidit,
1812 2591 1872 2635 ut
1895 2590 1952 2635 tu
1996 2582 2079 2635 di-

492 2670 619 2724 xisti
646 2709 662 2735 ,
711 2680 767 2724 et
791 2670 942 2724 venti
978 2671 1071 2740 qui
1102 2672 1170 2725 ab
1220 2686 1408 2725 eremo
1436 2679 1747 2737 venerunt,
1783 2672 1927 2741 quod
1961 2681 2079 2727 erat

494 2771 597 2814 tua:
630 2761 887 2831 nequitia:
918 2762 1209 2833 inspiratio
1230 2801 1245 2827 ,
1292 2762 1572 2827 universa,
1606 2762 1804 2831 inquit,
1834 2763 1948 2817 lucc
1996 2763 2080 2817 in-

493 2856 649 2908 firma
692 2869 757 2909 ac
789 2869 1123 2925 supervacua
1163 2856 1493 2910 exstiterunt
1520 2870 1619 2925 per
1648 2854 1778 2923 justi
1809 2854 1911 2910 Job
1944 2856 2075 2912 tole-

491 2946 768 3012 rantiam,
819 2958 984 3018 atque
1038 2962 1136 3018 per
1195 2948 1494 3019 gratiarum
1544 2948 1791 3003 actiones
1846 2946 2075 3003 c‘onfusa

490 3045 655 3107 atque
684 3053 897 3094 eversa.
928 3038 1057 3093 Post
1081 3055 1202 3109 qua:
1236 3040 1517 3105 universa,
1551 3055 1680 3107 non,
1713 3040 1911 3109 inquit,
1941 3050 2018 3105 te,
2043 3056 2078 3094 o

489 3129 702 3185 diabole
726 3172 742 3197 ,
782 3132 1061 3204 interrogo
1105 3148 1270 3202 quam
1317 3142 1518 3188 terram
1551 3133 1836 3188 circuieris
1859 3174 1875 3199 ,
1908 3142 1962 3187 et
2011 3148 2072 3188 ea
2100 3167 2145 3228 ο

488 3238 607 3293 quae
637 3224 737 3280 sub
788 3224 926 3280 caelo
973 3235 1101 3281 sunt
1128 3227 1505 3296 peragraveris
1532 3267 1546 3292 ,
1578 3228 1646 3283 de
1691 3228 1807 3282 istis
1838 3243 2074 3298 namque

489 3316 831 3388 interrogare
861 3329 911 3373 te
941 3334 1078 3390 opus
1108 3335 1217 3375 non
1257 3320 1451 3375 habeo.
1487 3320 1614 3376 Scio
1648 3324 1792 3376 enim
1819 3322 1964 3390 quod
1992 3323 2076 3375 in-

488 3410 722 3465 cessauti
756 3410 994 3479 nequitia
1024 3412 1397 3466 indesinenter
1425 3422 1623 3467 cuncta
1657 3427 1779 3482 qua:
1810 3413 1910 3468 sub
1933 3413 2072 3468 caelo

489 3512 621 3557 sunt
654 3504 898 3569 circuis,
940 3513 997 3557 et
1030 3505 1278 3574 pervolas
1304 3545 1321 3570 ,
1372 3515 1558 3577 utpote
1600 3522 1795 3562 aereus
1845 3508 2074 3578 spiritus

490 3593 718 3663 fulguris
751 3594 1029 3649 velocitati
1060 3596 1458 3651 eonsimilatus.
1489 3596 1605 3651 Non
1628 3638 1645 3661 ,
1676 3598 1894 3667 inquit,
1925 3608 1977 3654 te
2006 3599 2074 3655 de

490 3685 593 3739 hoc
625 3685 926 3754 interrogo,
970 3687 1066 3741 sed
1096 3687 1221 3748 hoc,
1246 3688 1394 3743 unde
1420 3689 1658 3752 veneris,
1690 3688 1777 3742 vel
1812 3705 1843 3743 a
1873 3688 2074 3759 quibus

487 3777 722 3831 veneris.
758 3777 840 3831 Ab
884 3776 1171 3831 inconfuso
1196 3776 1481 3842 confusus,
1514 3779 1584 3833 ab
1615 3778 1853 3833 exaltato
1893 3779 2074 3833 humi-

488 3864 653 3921 liatus
678 3894 705 3929 ,ι
728 3882 757 3919 a
787 3866 1028 3936 glorioso
1059 3882 1155 3936 spe
1200 3883 1430 3922 vacuus.
1460 3869 1534 3922 De
1576 3869 1695 3924 istis
1718 3910 1733 3937 ,
1764 3870 1960 3938 inquit,
1990 3869 2073 3924 in-

489 3963 707 4026 terrogo
758 3967 924 4025 atque
968 3959 1036 4011 de
1069 3958 1155 4013 his
1186 3972 1240 4014 te
1285 3960 1550 4015 admoneo
1575 3999 1592 4027 ,
1634 3977 1757 4017 cum
1785 3972 1897 4019 stes
1922 3963 2073 4018 velut

489 4046 665 4117 igneis
691 4048 895 4119 jaculis
926 4050 1261 4105 stimulatus.
1289 4050 1419 4117 Quis
1443 4053 1588 4107 enim
1618 4064 1703 4109 est
1735 4055 1910 4126 major
1930 4055 2071 4127 ignis

488 4139 703 4195 diabolo
734 4156 897 4209 quam
927 4142 1039 4205 hic,
1070 4151 1180 4196 uta
1211 4144 1418 4198 carnali
1452 4154 1507 4199 et
1539 4155 1756 4199 terreno
1779 4156 2072 4215 superetur

488 4241 650 4301 atque
694 4233 1067 4298 conculcetur,
1115 4251 1238 4289 cum
1273 4237 1345 4289 sit
1386 4237 1613 4306 spiritus
1662 4237 2070 4307 incorporeus?

488 4322 643 4378 Unde
672 4331 727 4377 tu
747 4324 921 4390 venis,
948 4326 1222 4390 seductor,
1251 4326 1557 4390 insidiator,
1589 4329 1903 4385 humiliatus
1926 4369 1940 4393 ,
1975 4330 2071 4384 de.-

484 4412 679 4485 jectus,
708 4417 967 4471 confusus
991 4417 1014 4469 ?
1040 4416 1196 4472 Unde
1231 4426 1285 4470 tu
1322 4418 1475 4472 venis
1501 4419 1523 4472 ?
1557 4419 1657 4473 Ubi
1692 4430 1776 4475 est
1804 4438 2068 4492 arrogan-

485 4507 561 4560 tia
587 4515 678 4559 tua
704 4507 726 4560 ?
757 4506 857 4562 Ubi
885 4518 970 4561 est
990 4508 1151 4563 elatio
1185 4509 1208 4562 ?
1256 4508 1357 4563 Ubi
1398 4511 1824 4579 magniloquium
1862 4524 2012 4567 tuum
2046 4514 2069 4567 ?
2105 4541 2149 4595 υ

486 4594 588 4653 Ubi
626 4609 751 4653 sunt
787 4600 1069 4654 mendacia
1095 4610 1204 4665 tua,
1239 4603 1436 4670 quibus
1469 4603 1652 4656 dixisti
1678 4604 1819 4672 quod
1851 4620 1937 4660 me
1966 4605 2068 4660 Job

484 4700 705 4760 propter
750 4692 1031 4762 pecuniam
1067 4693 1318 4747 coleret?
1352 4694 1429 4747 Tu
1477 4694 1762 4750 facultates
1796 4698 1844 4751 ei
1884 4699 2069 4753 abstu~

485 4784 617 4847 listi,
647 4798 745 4854 ego
781 4799 912 4839 vero
943 4787 1239 4855 gratiarum
1282 4790 1524 4843 actiones
1557 4800 1721 4859 atquc
1757 4793 2058 4846 confessio-

484 4891 605 4931 uem
637 4876 705 4929 ab
750 4890 815 4930 eo
865 4878 1100 4946 suscepi.
1134 4876 1271 4932 Nam
1318 4894 1439 4933 cum
1472 4888 1525 4933 tu
1553 4921 1567 4943 ,
1600 4882 1775 4951 inquit
1803 4922 1818 4945 ,
1846 4900 2061 4938 omnem

482 4966 845 5021 substantiam
900 4967 1014 5035 ejus
1063 4970 1355 5024 abstuleris
1412 4982 1469 5025 ttt
1516 4991 1619 5027 non
1674 4974 1874 5027 habeat
1923 4976 2064 5030 unde

484 5057 612 5109 mihi
650 5057 863 5112 hostias
892 5057 1085 5112 oﬂ‘erat
1110 5100 1124 5123 ,
1157 5061 1316 5114 solita
1343 5064 1644 5131 gratiarum
1684 5065 1897 5119 actione
1931 5064 2059 5118 mihi

482 5147 744 5202 sacrificia
778 5149 1022 5202 immolat
1055 5164 1120 5203 ex
1152 5154 1352 5206 mundo
1390 5156 1554 5209 corde
1581 5166 1745 5225 atque
1780 5156 2065 5210 conscien-

482 5239 551 5292 tia
594 5256 746 5309 pura.
796 5240 950 5296 Unde
985 5242 1134 5296 venis
1160 5254 1212 5295 tu
1241 5285 1256 5306 ,
1307 5261 1340 5298 ο
1368 5245 1626 5299 diabole?
1664 5245 1778 5302 Non
1814 5263 1843 5299 a
1893 5247 2065 5315 pumi-

482 5332 647 5383 tentia
677 5370 691 5393 ,
727 5346 832 5385 non
863 5346 892 5384 a
922 5335 1279 5389 conversione
1304 5374 1319 5398 ,
1356 5352 1531 5406 neque
1561 5338 1627 5391 ab
1655 5340 1756 5393 hoc
1790 5341 1931 5407 quod
1968 5342 2077 5393 de-r

480 5417 809 5475 formltatem
861 5433 1006 5477 tuam
1060 5425 1251 5481 videns
1310 5428 1687 5483 confundaris.
1742 5430 1833 5484 Sic
1882 5432 2079 5499 itaque

482 5511 757 5582 interrogo
786 5525 858 5580 te,
889 5517 1313 5587 malignissime,
1346 5521 1490 5575 unde
1526 5522 1729 5577 venias.
1768 5520 1885 5575 Non
1915 5523 2059 5576 enim

482 5603 636 5657 venis
660 5604 802 5657 sicut
828 5607 1039 5674 pridem
1076 5609 1142 5663 ab
1176 5610 1342 5665 Adam
1364 5626 1486 5666 cum
1516 5611 1773 5683 victoria,
1804 5612 1897 5668 sed
1919 5612 2062 5667 sicut

550 5780 595 5810 ’θ
621 5780 722 5837 Job
754 5800 811 5852 ιι,
836 5784 889 5839 ‘2.
968 5788 1008 5819 ⁷⁸
1046 5742 1175 5844 ibid.
1204 5790 1259 5847 5.

2185 1936 2502 2003 Mutaberis,
2561 1938 2756 2007 inquit,
2812 1938 3111 2003 odiabole,
3160 1939 3212 1995 in
3264 1938 3609 1994 dilectissimo
3632 1948 3723 2000 tuo.

2184 2028 2286 2083 hoc
2331 2038 2416 2084 est
2446 2030 2498 2083 in
2529 2031 2836 2100 temetipso.
2862 2030 2997 2084 Nam
3053 2045 3177 2085 cum
3226 2045 3335 2084 non
3363 2029 3611 2093 flecteris,
3649 2045 3726 2083 ne-

2183 2133 2288 2188 que
2347 2119 2666 2187 subjiceris,
2723 2134 2899 2186 neque
2952 2120 3342 2190 pmnitentiam
3393 2122 3724 2183 demonstras,

2184 2210 2237 2264 in
2281 2210 2737 2265 irremediabilem
2795 2211 3091 2266 inferorum
3129 2226 3347 2281 pmnam
3399 2212 3723 2281 demergeris,

2185 2301 2609 2371 inexstinguibili
2642 2301 2748 2370 igni
2781 2301 3044 2371 gehennze
3070 2302 3302 2355 traderis
3329 2311 3384 2356 et
3407 2310 3461 2355 tu
3490 2310 3541 2356 et
3568 2315 3726 2356 omnes

2181 2392 2272 2461 qui
2312 2401 2364 2448 te
2421 2395 2489 2447 ad
2521 2392 2898 2447 infidelitatem
2956 2402 3261 2463 sequuntur
3296 2412 3309 2447 :
3344 2393 3662 2463 tu,inquam,
3684 2403 3727 2447 et

2180 2500 2373 2563 omnes
2420 2486 2510 2556 qui
2570 2501 2667 2556 per
2718 2495 2769 2539 te
2825 2485 2892 2539 ad
2944 2486 3281 2556 impietatem
3350 2486 3724 2555 persuadeatur.

2178 2579 2409 2644 Adsum,
2452 2579 2652 2648 inquit,
2702 2579 2747 2633 is
2801 2580 2891 2647 qui
2958 2594 3064 2633 non
3103 2579 3176 2633 ita
3213 2581 3385 2634 estin
3437 2581 3628 2635 factura
3648 2594 3726 2634 sua

2181 2670 2378 2738 factus,
2419 2671 2514 2726 sed
2560 2670 2612 2726 in
2661 2672 2925 2742 operibus
2957 2672 3029 2725 ita
3084 2672 3606 2742 demonstratus,qui
3631 2687 3718 2727 non

2181 2765 2256 2817 ita
2286 2772 2376 2818 est
2424 2764 2604 2818 factus
2662 2773 2882 2827 natura,
2946 2764 3040 2819 sed
3098 2764 3267 2819 exivit
3315 2765 3603 2820 voluntate.
3633 2763 3725 2818 Non

2180 2854 2324 2910 enim
2379 2856 2431 2908 in
2480 2853 2689 2909 factura
2724 2865 2953 2919 naturae,
3018 2857 3111 2911 sed
3165 2857 3218 2911 in
3251 2857 3541 2912 voluntatis
3565 2871 3727 2927 opera—

2185 2947 2330 3001 tione
2376 2946 2629 3001 diabolus
2684 2957 2767 3002 est
2815 2948 3012 3002 factus.
3066 2949 3293 3012 Adsum,
3328 2949 3520 3017 inquit,
3565 2949 3604 3003 is
3652 2947 3725 3016 qui

2180 3039 2425 3108 peccatis
2461 3040 2799 3109 eongaudeo,
2832 3040 2925 3109 qui
2966 3039 3522 3109 impietatibuslmtor,
3544 3040 3623 3110 qui
3645 3038 3727 3093 ini-

2180 3132 2489 3203 quitatibus
2510 3132 2806 3203 jucundor,
2833 3132 2923 3201 qui
2952 3130 3099 3186 omni
3143 3131 3407 3201 injustitia
3438 3141 3490 3187 et
3512 3132 3727 3188 omnibus

2185 3225 2545 3296 impudicitiis
2568 3236 2729 3293 atque
2761 3224 3015 3279 omnibus
3071 3226 3229 3278 malis
3252 3225 3510 3281 delector.
3534 3224 3724 3286 Adsum,

2184 3317 2378 3386 inquit,
2433 3316 2479 3371 is
2526 3316 2617 3386 qui
2661 3331 2811 3385 spem
2862 3331 2967 3370 non
3029 3316 3222 3383 habeo,
3282 3319 3372 3387 qui
3403 3319 3619 3374 salutent
3641 3330 3727 3371 non

2181 3421 2462 3479 exspecto,
2499 3409 2589 3478 qui
2617 3409 3053 3464 misericordiam
3096 3425 3203 3465 non
3259 3412 3519 3469 sustineo.
3557 3411 3635 3480 qui
3659 3424 3727 3463 re-

2181 3497 2386 3569 frigerii
2412 3514 2519 3553 nou
2547 3514 2669 3554 sum
2709 3514 2941 3555 memor.
2980 3499 3234 3565 Circuivi,
3265 3504 3469 3572 inquit,
3497 3513 3667 3558 (errant
3687 3511 3725 3554 et

2179 3590 2453 3669 μεγαριαυὶ
2476 3606 2613 3654 eam,
2637 3602 2687 3644 et
2710 3607 2770 3645 ea
2791 3608 2910 3661 qua:
2934 3593 3030 3645 sub
3052 3594 3178 3647 caelo
3200 3606 3347 3661 sunt,
3364 3606 3410 3648 et
3427 3612 3537 3649 ecce
3550 3596 3727 3648 adsum.

2180 3680 2280 3736 Cui
2308 3690 2428 3752 post
2459 3689 2572 3737 haec
2609 3682 2789 3737 omnia
2816 3686 3148 3753 respondens
3185 3686 3331 3743 Deus
3353 3689 3484 3743 dicit
3515 3707 3528 3741 :
3561 3687 3661 3741 Non
3688 3694 3727 3737 te

2181 3776 2246 3832 de
2294 3777 2399 3832 hoc
2461 3777 2740 3847 interrogo
2773 3779 3010 3847 qualiter
3061 3790 3263 3835 terram
3306 3782 3602 3846 circnieris,
3645 3778 3727 3833 hoc

2179 3875 2265 3922 est
2290 3882 2385 3922 eos
2407 3867 2498 3937 qui
2551 3877 2765 3922 terrena
2810 3869 3051 3938 sapiunt,
3078 3884 3253 3939 neque
3276 3872 3345 3926 de
3380 3872 3479 3927 hoc
3502 3869 3726 3941 quemad-

2179 3959 2398 4013 modum
2463 3974 2526 4015 ea
2581 3975 2701 4028 qua:
2736 3964 2839 4016 sub
2891 3962 3029 4017 cmlo
3054 3974 3183 4018 sunt
3225 3964 3614 4034 peragraveris,
3644 3962 3727 4015 hoc

2178 4059 2263 4104 est
2318 4066 2411 4106 eos
2458 4052 2548 4121 qui
2601 4051 2847 4108 cwlestia
2908 4069 3013 4107 non
3072 4055 3413 4121 desiderant,
3456 4058 3588 4111 sicut
3610 4063 3657 4108 et
3681 4062 3727 4105 tu

2178 4139 2314 4209 ipse,
2347 4142 2437 4210 qui
2467 4141 2604 4196 cmlo
2632 4142 2829 4197 reverti
2882 4144 3023 4197 ultra
3058 4158 3164 4198 non
3212 4155 3390 4214 potes,
3453 4145 3542 4200 sed
3574 4146 3661 4200 hoc
3686 4152 3728 4195 te

2180 4232 2507 4304 interrogavi
2533 4245 2587 4287 et
2620 4234 2898 4305 interrogo
2933 4251 2947 4287 :
2986 4234 3423 4293 Animadvertiui
3447 4241 3513 4293 ad
3537 4250 3725 4305 puerum

2180 4342 2349 4379 meum
2393 4324 2495 4378 Job
2527 4327 2614 4380 7‘?
2665 4331 2743 4381 Ac
2801 4327 2845 4381 si
2886 4330 3133 4384 diceret:
3169 4331 3485 4386 Intellexisti
3530 4330 3644 4400 quid
3668 4328 3728 4382 sit

2177 4415 2310 4471 Job?
2337 4415 2613 4471 Relaxasti
2641 4433 2862 4473 sensum
2900 4428 3048 4472 tuum
3085 4422 3151 4474 ad
3184 4424 3348 4476 eum?
3381 4419 3729 4493 Cognovistine

2179 4509 2351 4573 illum,
2402 4511 2483 4563 vel
2550 4512 2790 4579 probasti
2844 4512 3279 4570 indeclinabilem
3319 4516 3478 4570 fidem
3534 4515 3658 4580 ejus,
3680 4520 3724 4563 et

2176 4604 2505 4658 immobilem
2526 4604 2861 4669 firmitatem,
2886 4618 2937 4661 et
2966 4606 3331 4663 inviolabilem
3357 4608 3724 4665 fortitudinem.

2174 4708 2225 4751 et
2255 4696 2618 4751 inviolabilem
2644 4699 2902 4767 pietatem
2934 4710 3094 4769 atque
3125 4701 3536 4771 religiositatem
3568 4696 3724 4753 illius?

2174 4787 2613 4842 Animadverliui
2638 4790 2722 4843 vel
2751 4792 3025 4844 intendisti
3057 4792 3124 4844 ad
3156 4808 3378 4859 puerum
3416 4807 3581 4844 ιιιειιιιι
3607 4786 3726 4841 Job?

2174 4894 2238 4933 ac
2262 4881 2305 4932 si
2324 4879 2528 4934 diceret
2547 4897 2561 4932 :
2579 4878 2772 4934 Certus
2800 4895 2885 4944 es,
2914 4895 2947 4933 ο
2970 4880 3192 4935 inimice
3215 4881 3456 4934 omnium
3493 4881 3723 4933 bonorum

2172 4969 2409 5033 diabole,
2471 4977 2594 5027 uter
2656 4981 2905 5025 nostrum
2962 4971 3250 5025 veritatem
3296 4970 3515 5035 dixerit,
3558 4980 3725 5037 egomt

2175 5072 2252 5126 tn,
2292 5070 2411 5116 uter
2461 5062 2666 5132 absque
2724 5063 3007 5118 mendacio
3050 5064 3264 5118 locutus
3304 5062 3490 5129 fuerit,
3529 5074 3621 5131 ego
3650 5054 3725 5125 qui

2173 5152 2221 5207 ei
2249 5152 2618 5207 testimonium
2675 5154 2950 5223 perhibui,
2978 5171 3047 5210 an
3083 5165 3139 5209 tu
3167 5156 3258 5225 qui
3307 5170 3433 5210 eum
3461 5146 3724 5209 accusasti.

2179 5244 2324 5301 Dicis
2352 5247 2497 5316 quod
2557 5257 2759 5302 terram
2784 5249 3091 5315 circnieris,
3146 5259 3204 5304 et
3231 5264 3293 5302 ea
3330 5264 3450 5316 qua:
3476 5246 3571 5302 sub
3605 5240 3725 5297 caelo

2172 5347 2299 5391 sunt
2329 5342 2726 5409 peragraveris,
2766 5342 3014 5411 reperisti
3048 5341 3281 5396 similem
3316 5340 3463 5396 Job?
3492 5336 3725 5392 Vidistine

2170 5431 2435 5498 :equalem
2496 5432 2617 5485 illi?
2673 5434 2753 5486 Oh
2814 5434 2937 5499 hoc,
2976 5434 3170 5502 inquit,
3204 5444 3254 5487 te
3310 5436 3578 5499 interrogo
3600 5426 3724 5483 unde

2176 5522 2407 5589 veneris,
2436 5522 2519 5575 vel
2548 5523 2689 5577 umle
2722 5525 2931 5587 venias,
2987 5534 3045 5577 ut
3095 5525 3379 5579 ostendam
3415 5522 3515 5577 Job
3549 5514 3725 5575 sancti-

2173 5620 2335 5669 tatem
2398 5630 2462 5670 ac
2499 5619 2773 5686 meritum,
2845 5616 3161 5686 patientiam
3216 5630 3432 5688 quoque
3496 5614 3723 5671 act-icto-
