3942 6512
242 359 347 412 465

1338 353 1723 411 ANONYMUS
1762 353 1829 409 ΙΝ
1871 352 2013 409 JOB.
2051 384 2118 397 --—-
2158 355 2287 411 LIB.
2332 356 2397 412 ll.

3399 360 3503 413 454

238 482 397 543 riam,
428 476 654 547 gloriam
714 476 1069 532 nihilominus
1117 486 1281 547 atque
1330 494 1612 546 coronam,
1676 490 1820 535 tuam
1856 490 1901 544 Α
1932 480 2217 535 tolerantia
2242 496 2305 535 ac
2326 480 2538 536 devotis
2555 480 2855 551 gratiarum
2885 481 3193 537 actionibus
3221 484 3501 551 superavit

237 586 368 625 vero
424 572 801 641 dejectionem,
853 580 908 625 et
939 570 1392 636 humiliationcm,
1442 575 1813 629 confusionem

236 679 454 732 quoque
515 672 677 732 atque
740 662 1122 731 perditionem.
1177 663 1497 733 Quanquam
1565 667 1709 720 enim
1757 678 1812 721 tu

234 770 423 824 neges,
478 755 571 809 sed
634 770 735 823 ego
782 761 1081 813 ostendam.
1120 757 1378 824 Quamvis
1428 767 1481 813 tu
1534 774 1639 813 non
1688 775 1817 813 con-

236 848 464 909 ﬁtearis,
520 849 612 900 sed
665 862 765 917 ego
814 863 920 903 nou
967 850 1126 904 sileo.
1174 849 1399 905 Terram
1459 852 1606 905 enim
1640 861 1688 903 te
1712 851 1819 904 cir-

228 938 413 991 cuisse
442 938 598 1003 dicis,
635 939 993 1005 perditionem
1026 951 1171 993 tuam
1196 956 1327 995 vero
1380 956 1484 995 non
1512 941 1805 1009 depromis.

235 1027 376 1081 Cum
410 1015 703 1081 abscondis
746 1039 891 1081 tuam
929 1028 1309 1097 dejectionem,
1347 1046 1578 1087 coronas
1601 1032 1702 1087 Job
1727 1032 1812 1086 lu-

230 1119 396 1172 raris.
439 1118 727 1185 Respexisli
788 1123 856 1173 ad
906 1138 1127 1189 puerum
1161 1138 1332 1177 meum
1354 1123 1476 1189 Job,
1512 1125 1605 1194 qtti
1653 1134 1816 1195 caput

237 1221 387 1264 tuum
416 1212 776 1274 t-ouculcavit,
812 1214 905 1283 qui
932 1214 1235 1269 huntiliavit
1265 1215 1606 1271 altitudinem
1643 1226 1811 1281 tuam,

223 1305 323 1371 qui
368 1301 565 1371 dejccit
590 1305 882 1359 elationem
919 1307 1103 1361 luant?
1152 1306 1438 1372 Gloriaris,
1470 1309 1669 1377 inquit,
1716 1326 1813 1363 ne-

233 1394 499 1461 quissime
528 1393 746 1457 Satana,
773 1396 915 1465 quod
949 1405 1148 1450 terram
1175 1398 1485 1465 circuieris,
1518 1410 1571 1453 et
1604 1414 1667 1454 ea
1694 1415 1813 1469 qua:

232 1490 334 1539 Hii)
366 1486 505 1540 caelo
539 1498 663 1539 sunt
694 1490 1067 1558 peragraveris
1108 1507 1123 1543 :
1152 1489 1245 1543 sed
1291 1491 1430 1544 mala
1458 1501 1541 1545 est
1564 1492 1677 1546 haec
1704 1493 1815 1560 glo-

232 1580 397 1633 1iatio
429 1589 517 1632 tua
548 1589 709 1647 atque
732 1581 935 1635 inutilis
962 1582 1144 1637 elatio.
1172 1584 1251 1636 Ad
1313 1584 1514 1637 malum
1540 1586 1684 1638 enim
1708 1585 1816 1640 cir-

233 1672 397 1725 cuisti
460 1682 681 1735 terram,
730 1681 784 1726 et
833 1673 899 1725 ad
941 1673 1262 1742 injustitiam
1311 1689 1573 1745 peragras
1605 1692 1814 1746 eaquae

230 1763 333 1819 sub
358 1764 497 1820 caelo
544 1776 690 1821 sunt.
726 1766 982 1822 Pervolas
1002 1770 1145 1823 enim
1200 1769 1417 1840 pelagus
1451 1782 1507 1825 et
1550 1786 1727 1825 aerem
1758 1784 1814 1827 et

213 1864 491 1935 .penetras
519 1870 710 1910 omnes
740 1870 949 1926 gentes,
985 1859 1288 1926 provincias
1348 1873 1409 1912 ac
1456 1859 1725 1928 regiones,
1755 1870 1813 1914 ut

233 1946 499 2015 plurimos
557 1949 695 2005 liiios
766 1951 1030 2020 gehennae
1096 1950 1285 2015 facias,
1356 1960 1413 2004 ttt
1468 1952 1650 2020 plures
1710 1963 1815 2008 tua:

230 2052 409 2107 preme
443 2039 649 2095 clIicias
685 2043 997 2112 participes.
1046 2034 1369 2097 Sicutenim
1402 2044 1554 2099 canis
1582 2044 1805 2100 rabidus

230 2131 348 2183 vias
374 2146 437 2184 ac
473 2132 735 2186 transitus
759 2135 1051 2201 percurrit,
1084 2144 1139 2187 ut
1199 2148 1384 2189 omnes
1423 2151 1561 2204 quos
1594 2149 1722 2191 ante
1754 2154 1812 2193 se

226 2225 526 2285 invenerit,
582 2224 721 2279 alios
773 2226 988 2293 quidem
1053 2226 1320 2280 morsibus
1384 2226 1651 2294 vulneret,
1680 2228 1815 2285 alios

230 2313 591 2367 nihilominus
630 2315 682 2366 in
736 2325 1009 2381 stuporem
1062 2314 1297 2369 deducat
1349 2318 1616 2371 terroris:
1662 2318 1815 2373 itaet

231 2412 306 2466 tu,
340 2402 538 2469 inquit,
586 2404 918 2471 nequissime
959 2404 1182 2467 Satana,
1243 2415 1441 2458 terram
1504 2407 1723 2470 cireuis,
1760 2418 1815 2461 et

227 2508 290 2546 ea
322 2508 449 2562 qua:
503 2493 605 2546 sub
654 2496 793 2549 curio
828 2506 955 2549 sunt
1004 2498 1255 2552 universa
1291 2512 1567 2567 peragras,
1619 2514 1721 2551 nou
1756 2510 1814 2555 ut

226 2584 467 2653 aliquem
492 2601 805 2654 componas,
837 2587 931 2641 sed
958 2596 1015 2638 ut
1037 2597 1262 2642 cunctos
1290 2590 1643 2654 extermincs,
1680 2604 1813 2658 quo-

229 2673 483 2728 rmndam
523 2676 761 2729 animam
823 2692 920 2746 per
952 2687 1173 2746 peccata
1215 2678 1527 2738 vulnerans.
1582 2679 1810 2731 aliorum

227 2768 593 2822 nihilominus
623 2778 831 2821 mentes
859 2767 1164 2822 obtundens
1204 2779 1368 2839 atque
1422 2768 1716 2822 infatttaus.
1748 2768 1814 2821 lit

225 2874 326 2913 cur
377 2862 627 2928 superius
688 2875 819 2913 sane
870 2860 1015 2913 illum
1064 2860 1338 2914 diabolum
1382 2859 1643 2929 appellat,
1672 2876 1813 2916 nunc

224 2964 362 3005 vero
386 2950 684 3004 Satanam?
729 2951 993 3006 Diabolus
1030 2952 1172 3005 enim
1211 2962 1492 3004 accusator
1539 2952 1805 3020 interpre-

227 3050 398 3105 tatur,
419 3039 653 3095 Satanas
691 3056 819 3096 vcro
868 3044 1118 3096 resistens
1165 3043 1252 3097 vel
1281 3043 1509 3110 rebellis,
1534 3052 1626 3096 aut
1647 3048 1811 3098 etiaut

1922 582 2085 641 atque
2122 572 2175 625 in
2205 572 2385 641 fugam
2409 573 2593 635 vertit,
2624 581 2679 627 et
2703 587 2896 626 omnes
2930 572 3149 628 fraudes
3183 572 3302 642 ejus
3336 583 3499 643 atque

1920 663 2233 732 iniquitates
2278 678 2643 733 supervacuas
2692 665 3107 719 demonstravit.
3178 665 3494 734 Respexis'ti,

1920 756 2121 825 inquit,
2159 758 2228 809 ad
2263 772 2483 821 puerum
2522 774 2694 812 meum
2731 756 2874 813 Job?
2904 758 2985 810 Ad
3034 757 3183 811 illum
3214 760 3501 827 obtempe-

1920 856 2127 900 rantem
2174 860 2400 915 puermn
2431 856 2597 916 atque
2630 863 2844 914 verum,
2900 850 2991 917 qui
3045 862 3338 916 percussus
3391 863 3498 901 non

1917 944 2185 1006 discessit,
2248 944 2336 1012 qni
2375 958 2546 999 caesus
2577 951 2679 1005 est,
2715 951 2770 995 et
2824 956 2930 995 non
2992 940 3235 1009 deliquit,
3262 939 3355 1008 qui
3403 940 3501 993 tibi

1920 1043 2005 1088 est
2060 1035 2309 1097 traditus,
2345 1045 2399 1089 et
2456 1049 2561 1087 non
2620 1048 2705 1086 me
2768 1032 3071 1100 denegavit,
3116 1032 3206 1099 qui
3241 1046 3270 1083 a
3304 1040 3356 1085 te
3379 1046 3503 1099 per-

1916 1139 2112 1179 cussus
2144 1136 2248 1188 est,
2292 1136 2347 1180 et
2401 1126 2532 1179 mihi
2596 1125 2798 1194 gratias
2849 1124 2977 1191 agit.
3042 1121 3228 1185 Istum,
3288 1121 3487 1190 inquit,

1919 1228 2145 1282 puerum
2191 1214 2476 1283 respexisti
2521 1215 2613 1282 qui
2655 1214 2944 1266 adversum
2996 1223 3048 1265 te
3077 1212 3251 1275 stetit,
3288 1220 3344 1265 et
3370 1211 3501 1264 tnihi

1918 1318 2024 1358 non
2051 1304 2275 1368 restitit,
2311 1306 2398 1373 qui
2429 1305 2716 1359 adversum
2746 1316 2799 1358 te
2835 1304 3137 1368 dimicavit,
3177 1313 3232 1357 et
3265 1318 3349 1357 me
3406 1303 3504 1355 ad-

1917 1396 2114 1460 oravit,
2165 1396 2255 1463 qui
2289 1405 2341 1450 te
2381 1396 2746 1461 conculcavit,
2784 1406 2840 1451 et
2882 1411 2965 1450 me
3012 1410 3116 1450 nou
3154 1405 3502 1463 contempsit,

1918 1486 2010 1555 qui
2038 1495 2091 1540 te
2118 1487 2244 1541 odio
2270 1488 2477 1553 habuit,
2514 1497 2568 1540 et
2597 1502 2682 1540 me
2733 1487 2959 1541 dilexit?
2988 1485 3070 1540 Ad
3110 1488 3275 1549 hunc,
3305 1486 3501 1556 inquit,

1920 1592 2149 1646 puerum
2187 1594 2366 1633 meum
2403 1581 2732 1649 rcspexisti?
2768 1582 2848 1634 Ad
2885 1581 3029 1635 hunc
3062 1581 3148 1635 cui
3206 1582 3400 1635 similis
3449 1582 3501 1634 iit

1923 1667 2214 1722 tolerantia
2266 1684 2296 1722 a
2328 1670 2665 1738 temporibus
2696 1670 2831 1725 Abel
2865 1685 2973 1725 non
3020 1669 3161 1723 fuit?
3193 1670 3328 1725 Abel
3355 1673 3501 1725 enim

1917 1761 2237 1814 cuntsemel
2292 1761 2594 1815 sustineret
2646 1762 3103 1826 internecionem,
3139 1763 3391 1816 transivit
3448 1772 3504 1817 et

1844 1837 1885 1890 Β
1917 1852 2201 1921 requievit.
2263 1850 2365 1906 Job
2397 1867 2531 1907 vero
2581 1869 2701 1907 cum
2761 1853 2999 1923 plurimo
3035 1863 3277 1923 tempore
3335 1854 3503 1908 susti-

1915 1954 2088 2010 neret,
2149 1944 2351 1999 diutius
2404 1954 2581 2000 morte
2610 1943 2837 1999 allectus
2885 1952 2991 2009 est,
3033 1954 3088 1998 et
3137 1944 3505 2013 multipliciter

1914 2034 2192 2091 doloribus
2229 2026 2496 2091 multatus
2526 2046 2688 2111 atque
2738 2036 2993 2090 alllictus.
3024 2034 3081 2090 In
3113 2051 3221 2105 quo
3254 2048 3500 2105 apparet,

1914 2126 2108 2194 inquit,
2160 2129 2303 2197 quod
2361 2143 2466 2182 non
2529 2138 2613 2183 est
2642 2128 2717 2182 illi
2770 2128 2966 2184 similis
3010 2129 3171 2183 homo
3201 2143 3364 2195 super
3390 2138 3503 2183 ter-

1916 2232 2051 2271 ram.
2074 2218 2350 2272 Abraham
2381 2234 2485 2273 non
2514 2228 2620 2283 est,
2678 2219 3042 2275 Melchisedec
3074 2220 3375 2275 translatus
3395 2230 3500 2284 est,

1912 2306 2025 2364 Noe
2055 2311 2343 2378 requievit,
2374 2310 2559 2365 Enoch
2589 2310 2840 2366 elevatus
2872 2326 2973 2375 est,
3011 2312 3145 2366 Abel
3187 2322 3503 2383 assumptus

1913 2409 2017 2454 est.
2052 2398 2259 2454 Meritis
2330 2416 2432 2455 non
2463 2411 2547 2456 est
2595 2402 2670 2456 illi
2735 2403 2930 2457 similis
2958 2403 3100 2458 alius
3134 2405 3296 2459 homo
3337 2419 3504 2473 super

1917 2501 2147 2545 terram.
2213 2490 2293 2545 Ex
2345 2493 2429 2546 his
2463 2493 2553 2562 qui
2615 2494 2774 2549 modo
2806 2495 3018 2560 vivunt,
3070 2510 3175 2549 non
3200 2506 3285 2549 cst
3320 2496 3395 2550 illi
3426 2498 3502 2551 si-

1916 2583 2057 2637 milis
2087 2599 2251 2654 super
2278 2595 2506 2637 terram.
2534 2583 2755 2638 Intende
2780 2586 2907 2653 quia
2947 2602 3053 2641 non
3085 2586 3240 2649 dicit,
3274 2602 3382 2641 non
3417 2601 3504 2641 est

1915 2675 1989 2729 illi
2044 2676 2238 2731 similis
2288 2690 2450 2745 super
2502 2685 2701 2730 terram
2764 2690 2831 2729 ex
2888 2676 2955 2731 iis
2980 2677 3074 2745 qui
3130 2676 3369 2740 luerunt,
3417 2680 3500 2732 vel

1914 2777 2097 2832 erunt,
2138 2783 2260 2821 nam
2300 2777 2419 2837 post
2450 2769 2554 2822 hoc
2579 2768 2680 2822 fuit
2702 2766 2964 2835 Joannes,
2998 2784 3109 2838 quo
3148 2768 3323 2838 major
3360 2771 3503 2826 inter

1916 2868 2073 2913 natos
2132 2859 2423 2913 mulierum
2467 2876 2573 2914 non
2629 2858 2750 2914 luit.
2800 2860 2994 2914 Merito
3036 2861 3104 2916 de
3147 2862 3215 2915 iis
3242 2863 3336 2931 qui
3376 2872 3503 2917 tunc

1915 2952 2148 3017 luerunt,
2175 2952 2308 3005 dicit
2338 2968 2351 3004 :
2386 2950 2509 3005 Non
2536 2962 2611 3005 est
2644 2952 2836 3005 similis
2889 2952 2971 3005 illi
3000 2953 3141 3007 alius
3180 2970 3246 3007 ex
3276 2956 3358 3007 his
3409 2956 3500 3025 qui

1912 3051 2036 3095 sunt
2065 3058 2221 3111 super
2253 3052 2448 3095 terram
2478 3043 2548 3096 ⁷⁸.
2576 3044 2656 3097 Ac
2691 3044 2736 3097 si
2772 3048 3017 3098 diceret:
3048 3044 3127 3099 Ex
3150 3046 3235 3100 his
3265 3048 3503 3115 quisunt

225 3142 544 3186 contumax.
602 3132 740 3203 Ergo
772 3134 895 3204 quia
936 3135 1184 3203 superius
1214 3135 1429 3190 occulte
1470 3137 1685 3205 quidem
1718 3152 1810 3190 ac-
1839 3174 1881 3233 ϐ
1915 3147 2085 3203 super
2134 3143 2333 3188 terram
2387 3133 2730 3203 temporibus
2777 3135 2916 3202 ejus,
2952 3136 3003 3189 in
3060 3138 3251 3192 diebus
3281 3138 3417 3205 ejus,
3446 3140 3501 3194 iu

225 3224 445 3277 cusavit
473 3221 576 3277 Job
636 3226 704 3279 ad
754 3226 939 3289 Deum,
997 3226 1203 3281 idcirco
1238 3228 1489 3295 superius
1541 3227 1809 3282 diabolum

227 3315 384 3367 illum
408 3315 662 3384 appellat,
687 3325 869 3385 utpote
893 3328 1267 3372 accusatorem
1291 3336 1303 3371 :
1326 3334 1468 3372 nunc
1483 3334 1610 3373 vero
1631 3335 1813 3374 rursm

224 3408 312 3475 qui
351 3408 420 3460 ad
448 3408 750 3461 evidentem
789 3410 1193 3463 contumaciam
1232 3410 1379 3464 circa
1410 3408 1511 3463 Job
1546 3411 1812 3479 pervenit,

223 3500 427 3554 merito
458 3496 719 3552 Satanam
759 3501 906 3554 illum
959 3500 1115 3564 dicit,
1152 3510 1338 3570 utpote
1398 3502 1674 3557 rebellem.
1708 3501 1811 3555 lie-

221 3590 445 3661 spcxisti
499 3591 567 3642 ad
596 3608 814 3659 puerum
859 3609 1029 3646 meum
1060 3591 1198 3659 Job,
1250 3609 1283 3649 0
1317 3594 1502 3650 infelix
1552 3596 1803 3651 diabole?

221 3684 363 3737 Cum
415 3682 600 3737 dolore
659 3685 875 3747 audisti,
940 3688 1084 3753 quod
1115 3702 1339 3755 puerum
1403 3703 1560 3741 suum
1614 3704 1815 3743 nuncu-

222 3776 377 3842 pavit
412 3777 554 3829 Deus
604 3773 725 3829 Job.
759 3775 924 3829 Dolor
972 3777 1064 3830 tibi
1099 3778 1199 3829 fuit
1244 3778 1357 3833 lucc
1390 3793 1494 3833 vox
1551 3782 1814 3833 amaritu-

222 3868 394 3932 dinis,
448 3868 565 3922 haec
612 3866 821 3922 auditio
868 3869 1049 3935 gravis
1077 3868 1174 3922 tibi
1212 3870 1343 3933 l’uit,
1366 3869 1455 3925 hic
1501 3871 1706 3925 dictum
1732 3888 1812 3926 va:

223 3960 317 4014 tibi
350 3958 455 4012 fuit
478 3974 575 4028 pro
604 3960 706 4014 hoc
736 3961 1050 4015 testimonio
1070 3960 1213 4030 quod
1239 3971 1531 4017 attestatus
1562 3973 1646 4019 est
1672 3963 1813 4017 Deus

218 4050 345 4114 Job.
388 4052 619 4106 dicens:
658 4050 953 4120 Respexisti
1004 4054 1070 4105 ad
1117 4069 1337 4121 puerum
1370 4070 1541 4107 meum
1566 4053 1714 4110 Job?
1748 4055 1811 4110 Et

220 4154 378 4208 ante,
426 4144 624 4212 inquit,
683 4159 817 4214 puer
870 4159 1022 4199 meus
1054 4145 1153 4199 fuit
1212 4155 1268 4200 et
1316 4162 1459 4201 nunc
1496 4160 1628 4215 puer
1659 4161 1811 4202 meus

219 4248 534 4307 permanet,
561 4248 615 4293 et
648 4248 751 4291 tua:
809 4239 1063 4306 nequitiae
1093 4240 1375 4293 accusatio
1424 4239 1559 4291 nihil
1590 4237 1638 4293 ei
1673 4253 1811 4307 prte-

218 4331 451 4384 valebit.
486 4330 777 4394 Respexiin
800 4331 868 4382 ad
899 4346 1118 4397 puerum
1151 4346 1323 4384 meum
1360 4328 1463 4383 Job
1486 4331 1511 4383 ?
1542 4330 1810 4400 Superius

217 4426 409 4480 dixit:
464 4423 899 4477 Auimadvertisti
963 4440 1183 4491 puerum
1247 4440 1418 4477 meum
1468 4422 1610 4477 Job?
1668 4439 1811 4477 nunc

1919 3225 2027 3279 vita
2055 3224 2216 3289 illius,
2263 3240 2367 3279 non
2395 3234 2477 3279 est
2523 3224 2662 3279 alius
2698 3226 2895 3280 similis
2950 3227 3029 3281 illi
3062 3228 3113 3281 in
3160 3229 3397 3296 justitia,
3446 3231 3502 3286 in

1918 3317 2043 3382 lide,
2084 3316 2142 3370 in
2166 3318 2384 3386 pietate,
2412 3317 2463 3371 iu
2494 3317 2806 3382 tolerantia,
2834 3319 2885 3372 in
2918 3323 3255 3387 constantia,
3290 3323 3344 3377 iu
3375 3340 3502 3394 gra-

1922 3409 2118 3463 tiarum
2148 3408 2474 3475 actionibus,
2517 3410 2568 3463 in
2602 3412 2984 3465 misericordia
3032 3424 3199 3483 atque
3233 3416 3286 3469 in
3320 3416 3503 3471 omni-

1916 3500 2016 3556 bus
2072 3501 2384 3566 virtutibus,
2443 3518 2550 3557 non
2583 3511 2665 3557 est
2725 3503 2861 3559 alius
2896 3505 3058 3559 homo
3115 3506 3309 3561 similis
3340 3507 3413 3560 illi
3448 3509 3501 3563 iu

1918 3602 2097 3647 terris.
2118 3593 2251 3659 Quis
2288 3592 2429 3649 alius
2463 3605 2589 3649 aute
2615 3609 2763 3658 eum,
2793 3595 2875 3649 vel
2910 3606 3036 3664 post
3057 3612 3181 3651 eum
3216 3597 3344 3651 talia
3374 3614 3502 3653 sus-

1918 3685 2099 3753 tinuit,
2157 3695 2212 3740 et
2266 3686 2543 3741 sustinens
2607 3688 2908 3756 gratiarum
2964 3690 3218 3742 actiones
3285 3704 3502 3744 recom-

1916 3778 2167 3845 pensavit
2230 3792 2327 3847 pro
2394 3778 2905 3833 vehementioribus
2986 3779 3264 3834 doloribus
3336 3790 3503 3851 atque

1914 3870 2274 3923 amarissimis
2328 3871 2548 3939 pretiis?
2615 3870 2748 3936 Quis
2802 3872 3016 3925 exstitit
3052 3871 3356 3926 tolerantia:
3397 3870 3503 3927 Job

1917 3959 2133 4013 forma?
2181 3958 2397 4016 Nullus.
2452 3961 2727 4015 Abraham
2778 3964 2922 4016 enim
2992 3962 3160 4017 liliuut
3219 3964 3502 4018 immolare

1913 4063 2215 4121 praeceptus
2244 4063 2347 4118 est,
2373 4056 2468 4107 sed
2501 4055 2753 4123 protinus
2788 4055 3080 4109 identidem
3135 4057 3316 4109 vivum
3345 4057 3497 4112 illum

1912 4144 2191 4214 suscepit,
2273 4159 2432 4214 quem
2488 4157 2825 4202 ntactaturus
2903 4156 3065 4215 atque
3116 4148 3499 4203 immolaturus

1915 4235 2115 4290 fuerat.
2176 4234 2277 4291 Job
2322 4252 2450 4291 vero
2475 4254 2580 4291 non
2634 4238 2732 4303 ita,
2762 4240 2855 4293 sed
2915 4250 3152 4308 repente,
3182 4241 3385 4305 subito,
3414 4243 3500 4296 in-

1911 4338 2126 4396 sperate
2174 4339 2379 4399 septem
2430 4330 2571 4383 tilios
2638 4342 2692 4385 et
2745 4341 2857 4385 tres
2907 4332 3046 4386 ﬁlias
3098 4332 3258 4386 siuml
3297 4333 3501 4402 pariter

1912 4429 2180 4486 mortuos,
2207 4431 2262 4475 et
2296 4436 2574 4491 nunquam
2608 4426 3003 4478 reviviscentes
3020 4425 3229 4478 audivit
3251 4436 3306 4478 et
3329 4425 3498 4478 vidit:

215 4532 369 4578 vero,
434 4514 735 4583 Respexisli
786 4517 855 4568 ad
883 4532 1105 4584 puerum
1140 4531 1309 4568 nteant
1373 4515 1468 4569 Job
1494 4515 1520 4567 2'
1546 4516 1624 4570 Ac
1658 4516 1703 4568 si
1729 4515 1812 4568 tli-
1840 4519 1887 4577 D
1914 4512 2007 4567 sed
2042 4510 2175 4567 ﬁdes
2223 4527 2285 4567 ex
2343 4528 2408 4567 eo
2438 4524 2651 4569 mortua
2719 4532 2821 4570 non
2855 4526 2961 4580 est,
2996 4532 3173 4585 neque
3215 4518 3499 4586 patientia,

214 4621 405 4665 ceret:
443 4609 653 4675 vidisti,
713 4608 979 4677 probasti,
1044 4619 1227 4662 certus
1280 4621 1360 4671 es,
1390 4608 1515 4677 quia
1560 4616 1613 4660 et
1642 4616 1802 4660 antea

214 4718 418 4758 servus
471 4717 625 4756 meus
688 4701 873 4767 fuerit,
935 4713 990 4757 et
1050 4716 1191 4755 nunc
1244 4716 1435 4755 servus
1490 4715 1640 4754 meus
1676 4716 1804 4769 per~

215 4804 431 4859 manet,
457 4802 511 4845 et
544 4808 572 4845 a
615 4808 755 4858 mea,
791 4794 1003 4863 inquit,
1030 4794 1289 4849 servitute
1324 4808 1606 4862 nunquam
1645 4794 1801 4862 l‘ngit,

215 4900 319 4939 nec
351 4882 549 4953 fugiet.
582 4883 650 4936 Et
681 4884 817 4953 ipse,
844 4884 1041 4953 inquit,
1070 4885 1227 4937 testis
1256 4900 1399 4946 smn,
1425 4883 1669 4951 etaugeli
1698 4883 1799 4937 mei

213 4975 526 5039 auditores,
553 4975 644 5042 qui
677 4975 728 5027 in
754 4987 1053 5044 conspectu
1101 4990 1217 5028 meo
1258 4974 1554 5035 venientes,
1602 4984 1656 5028 et
1696 4972 1799 5027 Job

215 5067 575 5123 tolerantiam
630 5066 890 5121 mirantes
937 5067 1232 5121 dixerunt:
1279 5082 1531 5136 magnum
1565 5066 1805 5118 miracu-

214 5160 329 5213 lum
384 5156 623 5214 vidimus
669 5159 808 5212 inter
877 5159 1137 5219 homines,
1196 5172 1229 5210 ο
1273 5157 1527 5211 terribilis
1578 5156 1808 5211 Creator

210 5252 490 5314 omnium,
552 5250 721 5303 nimio
771 5259 992 5318 stupore
1021 5250 1267 5317 dignum,
1298 5264 1331 5302 ο
1381 5258 1580 5305 aeterne
1607 5248 1806 5301 licetur

210 5346 631 5398 universorum.
672 5341 823 5397 Unus
882 5352 1130 5395 terrenus
1181 5340 1340 5394 homo
1392 5342 1458 5393 de
1511 5338 1638 5391 limo
1686 5340 1802 5407 pla-

210 5445 432 5489 smatns
452 5435 652 5488 nostris
674 5432 1074 5486 immortalibus
1098 5432 1409 5500 angelorum
1433 5431 1612 5484 choris
1637 5430 1804 5483 multo

210 5528 473 5590 inferior,
529 5526 679 5579 illum
709 5525 804 5594 qui
852 5540 918 5579 ex
977 5521 1373 5578 immortalibus
1406 5522 1684 5576 cherubim
1721 5524 1805 5578 of-

214 5622 364 5677 liciis
424 5621 623 5676 cecidit
676 5630 837 5689 atque
889 5618 1165 5690 pt'ojectus
1198 5626 1280 5672 est
1339 5616 1633 5684 diabolum,
1685 5618 1798 5673 sola

1914 4620 2089 4673 neque
2129 4596 2429 4676 gratiarum
2461 4610 2627 4673 actio,
2676 4626 2854 4678 neque
2915 4611 3129 4666 dilectio
3179 4627 3339 4679 quam
3372 4628 3499 4681 erga

1910 4695 2079 4752 Deum
2109 4698 2319 4754 habuit.
2342 4700 2447 4754 Sed
2477 4702 2943 4770 quemadmodum
2969 4718 3162 4756 aurum
3192 4719 3289 4771 per
3320 4706 3498 4772 igneus

1914 4790 2185 4845 transiens
2212 4792 2548 4861 splendidius
2576 4804 2738 4863 atque
2771 4795 3060 4864 gloriosius
3113 4794 3374 4857 elticitur,
3424 4796 3496 4847 ita

1908 4880 2086 4936 elJub
2137 4885 2498 4938 tentationuut
2559 4887 2738 4956 ignem
2768 4888 3059 4951 transiens,
3108 4886 3312 4940 clarior
3335 4896 3497 4952 atque

1912 4975 2023 5029 Deo
2075 4978 2363 5045 pretiosior
2438 4989 2605 5047 atque
2658 4980 3048 5047 acceptabilior
3111 4979 3497 5047 comprobatus

1910 5078 2015 5122 est.
2055 5068 2256 5123 Merito
2306 5084 2437 5137 ergo
2470 5071 2601 5122 dicit
2638 5088 2651 5124 :
2694 5067 2817 5123 Non
2871 5080 2945 5123 est
3001 5070 3191 5121 similis
3229 5069 3308 5121 illi
3337 5083 3499 5136 super

1909 5167 2129 5212 terram.
2163 5158 2380 5229 Fulget,
2412 5160 2607 5229 inquit,
2639 5171 2892 5230 tanquam
2928 5161 3008 5215 sol
3044 5162 3276 5214 veritate
3304 5175 3368 5214 ac
3399 5174 3495 5229 pa-

1910 5252 2123 5316 tientia,
2184 5252 2394 5306 relucet
2424 5253 2525 5305 lide
2574 5262 2628 5305 et
2666 5252 2952 5305 tolerantia
3010 5250 3149 5305 velut
3178 5251 3300 5306 cmli
3338 5251 3496 5304 lmni-

1911 5343 2084 5395 naria.
2114 5341 2194 5397 Ob
2251 5342 2352 5396 huc
2383 5358 2487 5395 non
2539 5354 2621 5397 est
2663 5342 2856 5397 similis
2888 5342 2969 5396 illi
3025 5342 3165 5397 alius
3194 5358 3357 5412 super
3382 5353 3492 5397 ter-

1915 5450 2051 5499 ram,
2097 5437 2284 5490 lirutus
2310 5446 2367 5487 ut
2422 5435 2579 5503 lapis,
2615 5445 2673 5487 ut
2724 5435 3136 5488 fundamentum
3176 5434 3489 5501 immobilis,

1916 5538 2165 5597 tanquam
2201 5528 2426 5581 adamas
2480 5527 2925 5582 incomminutus.
2987 5526 3110 5581 Non
3172 5537 3245 5580 est
3300 5526 3490 5578 similis

1911 5618 1992 5672 illi
2044 5636 2109 5675 ex
2158 5620 2234 5673 Itis
2265 5620 2354 5690 qui
2383 5631 2499 5675 sunt
2557 5620 2610 5676 in
2640 5622 2817 5675 terris.
2862 5620 2991 5676 Siue
3038 5620 3270 5690 querela,
3297 5630 3489 5689 utpote
