3902 6516
454 358 561 417 455

1561 346 1948 412 ANONYMUS
1974 353 2042 409 IN
2076 340 2216 411 tos.
2255 385 2323 396 -
2361 346 2491 411 LIB.
2538 352 2605 409 ιι.

3588 350 3692 425 ‘456

455 495 557 538 nec
581 479 649 534 ab
679 478 907 549 angelis,
940 492 1041 533 nec
1064 477 1134 532 ab
1158 475 1470 532 hominibus
1509 475 1563 530 in
1589 474 1699 531 ullo
1746 486 1831 529 est
1858 490 2041 545 repre-
2070 478 2113 535 Α
2144 473 2495 545 simplicitate
2525 492 2538 527 ε
2564 487 2728 545 super
2751 474 2865 530 tunc
2922 475 3180 530 universa
3221 490 3342 545 qua:
3373 477 3629 547 ingessisu
3653 491 3694 542 ei

458 574 686 629 bensus.
720 571 931 639 Justus,
966 581 1150 640 utpote
1177 571 1325 639 justo
1355 569 1671 637 Deijndicio
1697 570 1882 651 justus
1898 585 2036 624 com-

458 668 739 737 probatus.
774 663 957 727 Verus,
975 672 1163 733 utpote
1185 676 1286 717 nec
1306 662 1356 715 in
1371 662 1560 726 verbo,
1581 662 1748 716 neciu
1769 660 1931 725 laeto,
1954 675 2041 714 ne-

458 760 632 829 qnein
648 774 867 828 magno,
882 771 1055 825 neque
1075 756 1130 811 in
1150 757 1378 813 minimo
1392 757 1611 811 falsitati
1628 755 2037 825 approximans,

460 867 635 922 neque
660 863 943 905 mendacio
990 865 1427 905 commumcans.
1464 850 1559 903 Dei
1610 848 1802 913 cultor,
1852 855 2039 914 utpote

461 960 567 998 non
617 942 901 997 oberranti
960 942 1128 996 animi
1204 940 1547 996 conscientia
1627 954 1796 993 unum
1854 938 2040 992 colens

458 1034 922 1103 Otnnipotentem,
974 1033 1215 1087 omnium
1268 1031 1605 1093 Creatorem,
1643 1030 1859 1085 Patrem
1908 1029 2037 1084 Jesn

456 1126 683 1183 Christi.
744 1124 1023 1180 Abstineas
1050 1142 1100 1179 se
1128 1125 1191 1178 ab
1216 1124 1460 1178 omnibus
1506 1123 1752 1191 operibus
1776 1120 1958 1184 malis,
1987 1129 2043 1174 et

458 1226 647 1284 antea,
680 1228 736 1273 et
796 1233 961 1281 nunc,
1004 1218 1089 1272 ab
1114 1216 1272 1271 initio
1321 1226 1376 1271 et
1413 1230 1585 1284 usque
1627 1216 1678 1268 in
1707 1213 1893 1267 linem.
1921 1210 2040 1265 Non

456 1312 628 1373 enim,
689 1326 786 1367 nec
833 1319 995 1364 antes
1038 1308 1356 1364 facultatum
1425 1306 1796 1370 abundantia,
1862 1318 2040 1373 neque

460 1419 602 1459 nunc
639 1405 901 1457 bonorum
927 1401 1162 1471 perditio
1196 1400 1262 1454 ad
1290 1397 1427 1453 mala
1453 1412 1575 1451 eum
1595 1397 2035 1452 declinaverunt.

460 1496 637 1566 Super
673 1497 788 1549 haec
834 1492 1259 1562 omniaquidem
1317 1506 1531 1546 summo
1578 1489 1839 1559 singulari
1879 1499 2043 1555 atque

458 1583 695 1638 mirabili
751 1583 911 1636 modo
968 1594 1301 1649 perseverans
1369 1579 1425 1632 in
1485 1577 1840 1644 simplicitate.
1904 1573 2042 1629 Cum

458 1684 628 1737 tanta,
662 1674 857 1741 inquit,
891 1687 920 1724 a
952 1680 1002 1724 te
1026 1670 1372 1731 sustinuerit,
1394 1684 1521 1723 cum
1542 1676 1693 1720 tanta
1720 1682 1747 1718 a
1773 1675 1826 1720 te
1851 1680 2043 1734 passus

458 1765 641 1826 fuerit,
682 1772 827 1817 tanta
880 1777 948 1814 ex
982 1771 1070 1814 ttta
1128 1760 1335 1813 malitia
1380 1756 1803 1827 supportaverit,
1854 1754 2040 1808 Adhuc

456 1864 747 1925 perseuerat
778 1857 833 1908 in
860 1852 1223 1921 simplicitate.
1274 1849 1479 1905 Omnes
1520 1849 1615 1918 qui
1672 1848 1724 1900 in
1766 1846 2041 1900 doloribus

455 1960 511 2003 et
550 1950 604 2004 in
636 1947 924 2003 tormentis
974 1955 1140 2015 atque
1172 1944 1225 1997 in
1274 1941 1622 2013 passionibus
1658 1939 1880 2002 fuerint,
1909 1938 2042 2008 ipsis

457 2038 735 2093 doloribus
758 2035 1110 2090 examarieati
1149 2043 1316 2104 atque
1341 2032 1683 2101 exaggerati,
1714 2030 2040 2093 amariores,

457 2140 513 2184 et
547 2129 805 2183 noxiures
827 2138 993 2195 atque
1025 2125 1235 2195 pejores
1273 2123 1607 2178 efﬁciuntur.
1663 2121 1771 2177 Sed
1812 2136 1919 2176 non
1967 2120 2040 2175 ita

457 2234 562 2287 est,
598 2223 804 2291 inquit,
861 2219 1344 2275 constantissimus
1399 2216 1525 2280 Job,
1564 2214 1659 2271 sed
1714 2214 1788 2270 ita
1818 2218 1926 2271 no'n
1957 2227 2043 2271 est

457 2314 798 2370 admirabilis
853 2313 944 2369 ille
977 2314 1083 2378 vir,
1128 2312 1221 2367 sed
1258 2312 1438 2366 adhuc
1484 2318 1807 2382 perseverat
1831 2309 1886 2363 in
1908 2309 2042 2363 sim-

458 2409 720 2479 plicitate.
751 2409 826 2462 Ac
850 2406 893 2461 si
929 2407 1155 2471 diceret,
1200 2405 1377 2459 adhuc
1434 2404 1781 2459 innocentior
1822 2403 1875 2457 in
1909 2403 2043 2473 ipsis

457 2502 733 2557 doloribus
790 2508 1102 2567 perseverat
1139 2536 1155 2562 ,
1198 2497 1376 2551 adhuc
1431 2496 1824 2564 longanimlor,
1862 2496 2043 2551 adhuc

459 2592 779 2655 modestior,
810 2590 991 2645 adhuc
1040 2588 1351 2657 benignior,
1386 2587 1563 2641 adhuc
1598 2586 1825 2657 justior,
1866 2587 2043 2641 adhuc

458 2684 725 2740 sincerior
749 2684 895 2739 circa
921 2682 1111 2737 Deum.
1137 2679 1410 2747 Quantum
1438 2680 1612 2744 enim,
1658 2678 1856 2747 inquit,
1896 2688 1975 2745 ιιι,
2008 2690 2042 2732 o

458 2775 708 2839 diabole,
740 2772 1102 2843 augmentasti
1150 2772 1198 2825 ei
1232 2772 1393 2839 mala,
1452 2780 1661 2825 tantum
1716 2769 1819 2826 Job
1844 2771 2044 2840 adjecit

458 2870 523 2922 ad
560 2870 927 2924 innocentiam
967 2889 978 2921 :
1010 2866 1195 2921 Adhuc
1220 2881 1558 2935 perseverans
1582 2867 1638 2919 in
1662 2866 2039 2933 simplicitate.

459 2962 666 3024 Adhuc.
720 2960 917 3030 inquit,
972 2974 1037 3015 ac
1084 2960 1128 3014 si
1180 2960 1436 3014 diceret:
1480 2957 1657 3027 Super
1688 2958 1872 3013 omnia
1925 2972 2044 3028 quas

458 3053 507 3107 ei
562 3050 757 3116 fecisti,
823 3065 988 3120 super
1023 3050 1206 3105 omnia
1266 3064 1390 3118 quae
1444 3050 1494 3104 ei
1540 3048 1854 3115 ostendisti,
1881 3061 2045 3113 super

458 3144 638 3196 omnia
697 3141 903 3211 quibus
931 3156 1057 3195 eum
1103 3138 1366 3206 amixistt,
1402 3154 1566 3211 super
1612 3141 1795 3195 omnia
1826 3140 1941 3194 haec
1964 3141 2045 3194 vi-

459 3231 657 3286 delicet
677 3232 858 3286 adhuc
886 3241 1202 3301 perseverat
1222 3232 1272 3284 in
1315 3231 1683 3300 simplicitate.
1726 3230 1787 3285 In
1836 3244 2041 3300 prasee-

458 3322 713 3376 dentibus
737 3322 994 3376 laudatur
1022 3319 1127 3375 Job
1155 3336 1185 3374 a
1217 3320 1348 3381 Deo,
1372 3321 1752 3391 utpotejustus
1779 3334 1844 3376 ac
1876 3335 2045 3376 verax

460 3410 553 3467 Dei
583 3412 757 3467 cultor
781 3431 797 3468 :
819 3428 963 3466 nunc
990 3427 1131 3466 vero
1163 3412 1362 3480 adjecit
1419 3412 1527 3466 illis
1554 3412 1693 3467 Deus
1725 3428 1889 3481 super
1910 3413 2050 3467 bane

462 3504 700 3568 tandem,
732 3504 969 3559 dicens:
1017 3500 1368 3557 Perseoerans
1421 3502 1480 3556 in
1538 3503 1881 3571 simplicitate
1924 3519 2048 3557 sua.

460 3594 604 3651 Bene
661 3610 727 3651 ae
760 3596 944 3665 digne.
996 3593 1195 3665 Figura
1248 3594 1396 3647 enim
1466 3594 1564 3649 fuit
1610 3610 1797 3648 eorum
1856 3595 1947 3664 qui
1996 3596 2049 3649 in

461 3702 598 3743 nova
627 3686 800 3756 gratia
850 3685 1035 3742 omnia
1066 3688 1118 3739 in
1143 3685 1494 3755 simplicitate
1529 3687 1862 3741 transierunt
1888 3697 2051 3756 atque

462 3780 856 3839 sustinuerunt,
890 3775 1017 3829 nulli
1065 3777 1262 3829 malum
1318 3793 1417 3847 pro
1446 3778 1586 3831 malo
1614 3777 1926 3841 reddentes,
1957 3780 2053 3834 sed

462 3878 792 3938 pmceptum
822 3869 1039 3922 Domini
1082 3868 1460 3937 adimplentes,
1516 3870 1746 3924 dicentis
1781 3888 1793 3923 :
1830 3869 2053 3940 Diligite

462 3956 700 4008 inimicos
732 3970 921 4010 vestros
943 3958 1011 4022 ⁷³,
1029 3966 1114 4011 et:
1140 3955 1436 4012 Bcnedicite
1464 3960 1538 4013 eis
1562 3960 1655 4029 qui
1683 3958 2053 4014 maledixerint

465 4048 605 4100 vobis
634 4049 701 4110 ⁷⁸,
738 4058 834 4102 et:
874 4047 1084 4101 Valenti
1127 4049 1338 4118 auferre
1384 4050 1607 4118 pallium
1642 4061 1815 4115 tuum,
1846 4052 2055 4106 dimitte

464 4143 513 4196 ei
536 4154 585 4197 et
618 4146 853 4198 tunicam
883 4144 953 4196 ⁷⁸.
979 4143 1186 4199 Horum
1208 4160 1442 4213 namque
1482 4148 1724 4201 omninm
1753 4156 1933 4218 typum
1961 4159 2054 4217 ge-

466 4251 592 4289 rens
620 4238 809 4293 beatus
834 4235 962 4303 Job,
993 4253 1117 4291 eum
1156 4236 1260 4292 boc
1287 4239 1433 4306 quod
1470 4238 1523 4291 in
1556 4239 1917 4309 simplicitate
1933 4253 2055 4308 per-

466 4329 735 4382 severavit
760 4339 922 4397 atque
942 4338 1139 4383 cuncta
1160 4332 1437 4393 sustinuit,
1466 4347 1586 4384 cum
1613 4331 1716 4386 hoc
1744 4331 1860 4398 ipso
1884 4331 2053 4385 etiam

466 4420 733 4474 aulerenti
778 4421 1001 4489 pallium
1056 4436 1236 4489 suum,
1265 4424 1367 4479 hoc
1421 4433 1506 4477 est
1534 4438 1759 4477 omnem
1800 4424 2058 4478 substan-

2143 569 2459 629 perseverat
2485 561 2535 614 in
2561 560 2939 631 simplicitate.
2968 564 3029 618 Et
3056 564 3203 633 quis,
3241 564 3434 634 inquit,
3468 581 3579 638 post
3606 574 3695 630 huc

2140 653 2320 707 exbis
2375 651 2470 721 qui
2529 654 2827 716 audierint,
2881 656 2960 710 vel
2994 656 3339 724 agnoverint,
3394 674 3492 712 non
3518 678 3596 719 me
3626 682 3699 722 re.

2144 744 2466 815 prehendat,
2497 746 2587 814 qui
2629 756 2833 801 tantum
2878 749 3098 818 permisi
3142 758 3245 804 tua!
3291 752 3587 810 crudelitati
3615 762 3699 815 ad.

2143 852 2333 891 versus
2381 836 2590 906 justmn
2644 838 2791 892 illum
2852 839 3163 910 insurgere,
3204 850 3259 895 et
3308 842 3379 897 ita
3430 844 3697 905 immiseri-

2144 930 2381 984 corditcr
2437 930 2778 985 innocentem
2833 934 3074 987 vexare?
3125 933 3254 988 Post
3315 949 3434 1003 quae
3468 940 3698 997 universa

2144 1034 2455 1092 perseverat
2480 1024 2533 1078 in
2562 1023 2930 1092 simplicitate.
2958 1025 3120 1089 Ecce.
3169 1027 3367 1097 inquit,
3427 1034 3700 1091 antcalaué

2144 1115 2265 1169 davi
2303 1114 2597 1170 testiﬁcaris
2651 1116 2747 1171 tibi
2815 1117 2939 1186 quis
2988 1117 3154 1172 fuerit
3196 1119 3332 1188 Job,
3402 1136 3524 1179 ecce
3574 1142 3703 1185 nunc

2144 1208 2340 1276 adjicio
2396 1222 2558 1277 super
2603 1209 2815 1264 laudem
2852 1212 2989 1280 ejus,
3040 1213 3273 1267 dicens:
3318 1211 3611 1272 Persevera:
3654 1223 3702 1277 in

2143 1300 2494 1369 simplicitate.
2540 1300 2887 1370 Perseverat,
2914 1306 3010 1372 ait,
3042 1306 3095 1359 id
3117 1314 3222 1373 est,
3253 1318 3545 1377 exspectat.
3578 1314 3702 1381 Quid

2144 1405 2274 1459 ergo
2323 1393 2640 1461 exspectat?
2703 1384 3027 1450 Tolerantiae
3077 1401 3583 1468 remunerationem,
3622 1413 3706 1460 ex-

2145 1493 2352 1550 spectat
2380 1498 2612 1539 coronas
2651 1485 2994 1542 innocentiae.
3045 1489 3145 1543 Aut
3209 1490 3384 1545 adhuc
3422 1504 3700 1562 exspectat,

2149 1574 2337 1643 inquit.
2376 1575 2538 1642 Quid,
2574 1577 2772 1646 inquit,
2789 1583 3110 1649 eXSpectat?
3163 1574 3257 1647 Te,
3290 1583 3389 1648 ait,
3423 1599 3697 1657 exspectat.

2144 1666 2436 1733 odiabole,
2506 1676 2761 1738 tanquan-
2820 1671 2993 1725 audax
3049 1672 3420 1743 belligerator,
3470 1686 3704 1750 tanquat:

2151 1757 2633 1814 constantissimus
2658 1760 2960 1829 przeliator,
2994 1771 3250 1831 tanquam
3276 1766 3607 1825 admirabilis
3633 1773 3704 1826 vit

2074 1827 2114 1881 Β
2146 1848 2323 1904 fortis.
2352 1850 2442 1905 Sic
2470 1827 2787 1920 itaqueﬁait.
2828 1827 3133 1922 exspectat,
3190 1870 3294 1909 non
3332 1856 3541 1911 dubitat
3574 1877 3586 1913 :
3614 1874 3706 1917 non

2146 1950 2294 2011 terga
2327 1941 2495 2005 dedit.
2560 1942 2655 1997 sed
2688 1943 2869 1998 adhuc
2926 1953 3228 2014 exspectat.
3273 1944 3488 2011 Adhuc,
3530 1948 3707 2018 inquit,

2142 2043 2422 2102 exspectat
2449 2045 2511 2088 ut
2557 2042 2611 2089 te
2642 2046 2864 2103 superet
2902 2046 3075 2106 atque
3116 2038 3392 2103 devincat,
3448 2042 3710 2098 conculcet

2144 2137 2305 2196 atque
2345 2126 2616 2191 ltumiliet,
2650 2138 2705 2183 et
2729 2130 3044 2185 onmimode
3094 2129 3361 2200 dejectmn
3399 2142 3559 2201 atque
3583 2148 3702 2189 con-

2145 2218 2319 2274 fusum
2362 2220 2719 2275 demonstret.
2776 2220 2909 2275 Cum
2975 2220 3138 2276 talem
3187 2237 3321 2291 ergo
3356 2225 3579 2279 noveris
3601 2237 3711 2281 esse

2140 2308 2267 2372 Job,
2304 2320 2360 2364 et
2394 2310 2466 2365 ita
2524 2319 2775 2381 prompte
2800 2322 2853 2366 te
2881 2324 3293 2383 exspectantem
3337 2317 3406 2368 ad
3433 2319 3708 2372 secundam

2142 2401 2606 2469 congressionem,
2646 2401 2689 2456 si
2742 2402 2932 2467 audes,
2989 2406 3333 2474 approxima,
3383 2408 3581 2477 incipe,
3629 2424 3713 2478 τινα

2145 2496 2457 2561 prehende,
2519 2504 2765 2565 paratum
2841 2497 3087 2553 invenies
3174 2507 3225 2553 te
3297 2510 3711 2568 exspectantem.

2141 2582 2353 2644 Adhuc,
2383 2583 2583 2652 inquit,
2611 2595 2893 2653 exspectat
2924 2587 2976 2639 in
2998 2587 3351 2657 simplicitate
3400 2608 3414 2646 :
3450 2598 3501 2643 tu
3548 2599 3713 2644 autem

2145 2684 2343 2730 terram
2396 2676 2615 2740 circuis,
2644 2689 2697 2730 et
2748 2692 2809 2731 ea
2834 2695 2955 2747 qua:
2982 2683 3082 2734 sub
3114 2681 3250 2736 cosio
3295 2692 3428 2736 sunt
3455 2696 3710 2752 peragras,

2144 2777 2202 2819 ut
2225 2766 2367 2821 idola
2392 2767 2612 2829 fundas.
2643 2779 2705 2823 ut
2732 2772 3057 2826 adulterium
3102 2776 3404 2841 germiues,
3448 2784 3506 2827 ut
3551 2774 3705 2828 homi-

2145 2855 2345 2910 cidium
2374 2858 2724 2927 multiplices,
2754 2873 2812 2916 ut
2853 2865 3169 2933 sanguinem
3192 2861 3465 2927 elfnndas,
3499 2872 3554 2917 ut
3580 2872 3711 2917 artes

2146 2949 2404 3017 magicas,
2449 2961 2504 3006 et
2549 2955 2796 3024 auguria,
2850 2964 2903 3010 et
2961 2954 3325 3010 divinationes
3370 2964 3535 3025 atque
3563 2955 3715 3009 male«

2148 3040 2265 3096 ﬁcia
2326 3042 2675 3107 dissemines,
2740 3053 2798 3099 ut
2862 3046 3232 3102 inﬁdelitatem
3276 3049 3496 3113 doceas,
3543 3058 3599 3102 ut
3634 3046 3715 3102 Dei

2149 3132 2483 3203 blasphemia
2519 3146 2685 3207 atque
2709 3138 2966 3194 omnibus
2993 3140 3172 3204 malis,
3234 3153 3296 3195 ea
3329 3155 3452 3209 quae
3481 3149 3604 3195 sunt
3628 3143 3717 3194 sub

2147 3222 2287 3276 coelo
2316 3224 2548 3293 repleas,
2572 3235 2629 3278 ut
2652 3236 2836 3283 castos
2872 3229 3152 3285 velcastas
3182 3230 3415 3299 polluas,
3449 3232 3632 3300 utpios
3657 3231 3715 3283 ad

2150 3313 2479 3382 impietatem
2502 3316 2764 3383 declines,
2804 3328 2863 3373 ut
2883 3318 3042 3389 justls
3063 3322 3337 3377 molestias
3367 3333 3528 3393 atque
3559 3321 3716 3376 tribu-

2151 3404 2381 3459 lationes
2433 3408 2685 3464 suscites.
2725 3408 2831 3464 Pro
2890 3411 2995 3477 his,
3049 3412 3242 3483 inquit,
3276 3415 3534 3469 omnibus
3580 3424 3651 3478 tu,
3688 3427 3721 3467 σ

2151 3497 2385 3562 diabole,
2442 3508 2641 3554 terram
2694 3502 2916 3568 circuis,
2953 3512 3008 3559 et
3036 3519 3099 3559 ea
3133 3519 3253 3571 quae
3290 3516 3422 3561 sunt
3462 3505 3559 3560 Sub
3592 3503 3720 3559 cutio

2151 3600 2429 3658 peragras.
2457 3587 2558 3643 Job
2593 3603 2723 3645 vero
2748 3606 2853 3647 non
2892 3594 2987 3659 ita,
3038 3595 3133 3649 sed
3163 3604 3450 3664 exspectat
3479 3594 3651 3649 adhuc
3671 3592 3722 3647 in

2152 3695 2260 3735 uno
2288 3680 2411 3736 loco
2461 3694 2718 3754 tanquam
2748 3686 2801 3740 iu
2834 3692 3026 3743 eadem
3083 3690 3375 3758 patientia,
3401 3699 3457 3745 et
3485 3689 3719 3752 veritate,

2153 3771 2206 3825 in
2231 3772 2422 3827 eadem
2454 3771 2562 3830 ﬁde
2587 3785 2642 3830 et
2664 3776 2869 3846 pietate
2898 3786 3060 3848 atque
3081 3779 3174 3834 Dei
3207 3778 3423 3835 cultura
3460 3780 3720 3843 fundatus,

2152 3866 2424 3921 stabilitus
2473 3879 2637 3938 atque
2690 3870 3068 3937 confirmatus,
3128 3882 3183 3926 et
3219 3889 3501 3944 nunquam
3556 3872 3620 3928 ab
3666 3884 3721 3926 ea

2154 3957 2483 4026 declinatus,
2514 3970 2611 4013 aut
2656 3962 3068 4031 praevaricatus.
3105 3960 3194 4015 Sic
3240 3964 3430 4031 itaque
3465 3969 3726 4033 exspectat

2154 4047 2468 4116 immobilis,
2526 4058 2692 4119 atque
2742 4052 3024 4109 innocens.
3082 4054 3276 4110 Adhuc
3339 4065 3625 4125 exspectat
3676 4053 3723 4107 in

2155 4141 2523 4209 simplicitate.
2554 4142 2840 4209 Columba,
2903 4146 3099 4216 inquit,
3155 4156 3239 4202 est
3284 4147 3542 4218 simplex,
3576 4146 3726 4201 ratio-

2156 4233 2377 4299 nabilis,
2428 4234 2714 4303 spiritalis,
2770 4236 3186 4307 incorruptione
3241 4240 3428 4311 digna,
3492 4246 3724 4306 accepta-

2158 4321 2301 4386 bilis,
2349 4325 2554 4393 angelis
2616 4325 2709 4382 Dei
2760 4326 3075 4384 familiaris.
3125 4327 3623 4401 ldeircotanquam
3644 4343 3727 4383 co-

2158 4412 2339 4469 lumba
2390 4416 2793 4486 simplicitatem
2827 4422 3085 4477 ostendit.
3144 4422 3276 4478 Nam
3312 4425 3462 4479 sicut
3491 4421 3726 4479 columba

467 4512 598 4566 ua...
630 4527 782 4567 suam
825 4512 1071 4576 diabolo,
1116 4524 1172 4568 ει
1228 4516 1465 4570 tunicam
1526 4516 1754 4579 dimisit,
1805 4514 2051 4569 σοικαίη.
2086 4534 2130 4590 D
2159 4505 2227 4559 de
2253 4505 2379 4561 nido
2401 4505 2629 4578 elfugata
2658 4510 2886 4567 sublatis
2908 4512 3013 4567 sibi
3033 4514 3197 4584 pullis
3216 4526 3384 4585 atque
3406 4528 3537 4572 ante
3559 4514 3728 4571 oculos

468 4605 604 4659 dens
665 4605 809 4660 illam
861 4615 1026 4675 atque
1074 4608 1366 4677 projiciens
1422 4608 1540 4675 illi,
1575 4617 1632 4663 et
1659 4606 2055 4674 dicenszQuae

468 4696 751 4765 postulasti
781 4713 811 4751 a
871 4696 1315 4769 Deo,aceepisti;
1368 4701 1497 4757 tolle
1534 4710 1591 4755 et
1621 4700 1736 4754 hac
1769 4712 1891 4769 qua
1941 4712 2057 4754 non

468 4787 735 4853 quaesisti,
801 4790 1041 4843 tunicam
1092 4800 1254 4859 atque
1280 4792 1499 4862 pallium
1563 4806 1761 4845 mettm.
1800 4787 2052 4843 Perseve-

472 4891 593 4927 rans
640 4878 811 4931 adhuc
857 4879 915 4931 in
964 4880 1320 4948 simplicitate.
1365 4881 1501 4935 Nam
1538 4892 1801 4951 quantum
1834 4881 1902 4933 ad
1932 4890 2054 4934 tuos

471 4982 790 5031 sermones,
844 4984 877 5025 0
934 4970 1169 5036 diabole,
1220 4973 1515 5027 adversarii
1581 4972 1633 5025 in
1692 4987 1818 5026 eum
1878 4972 2057 5027 insur-

470 5071 753 5125 texerunt,
819 5062 1023 5117 inimici
1092 5081 1213 5119 eum
1274 5066 1569 5135 depraedati
1621 5067 1923 5121 suntzsed
1953 5084 2056 5122 nec

476 5151 591 5205 istis
616 5152 671 5206 in
699 5152 881 5223 aliquo
909 5156 1215 5223 veplicavit,
1252 5157 1346 5211 sed
1375 5158 1519 5212 circa
1544 5159 1678 5212 istos
1699 5173 1891 5214 omnes
1921 5162 2056 5213 sim-

477 5242 774 5309 plicitatem
825 5246 1084 5300 ostendit.
1144 5245 1336 5301 Merito
1384 5247 1538 5312 dicit,
1591 5245 1940 5301 Perseverans
1998 5249 2051 5302 in

476 5334 839 5402 simplicitate,
890 5346 1075 5408 typum
1131 5348 1293 5409 atque
1338 5340 1566 5410 ligurem
1607 5356 1803 5411 gerens
1834 5340 2054 5395 Domini

478 5425 708 5480 dicentis
732 5443 830 5497 per
870 5430 1191 5498 prophetam
1238 5432 1304 5485 de
1356 5431 1693 5501 semetipso:
1729 5431 1843 5502 Ego
1879 5442 2061 5487 autent

481 5528 728 5586 tanquam
756 5537 923 5589 agnus
954 5522 1326 5576 immaculatus
1388 5524 1577 5576 ductus
1610 5540 1726 5575 sum
1752 5523 1823 5575 ad
1881 5523 2061 5576 sacri-

479 5608 767 5676 ]tcium'”.
802 5612 892 5667 Sic
928 5611 1113 5682 itaque
1133 5612 1472 5669 admirabilis
1506 5612 1604 5667 Job
1654 5620 1970 5682 perseverat
2002 5614 2055 5667 in

553 5785 599 5817 τ’
646 5786 776 5843 Luc.
832 5804 905 5851 \‘l,
942 5788 1032 5841 ‘27.
1109 5788 1154 5818 ⁷³
1188 5788 1316 5843 ibid.
1360 5788 1448 5841 ‘28.

2162 4599 2434 4663 mactatis,
2500 4615 2607 4655 non
2657 4602 2991 4673 indignatur,
3040 4622 3221 4677 neque
3267 4619 3535 4674 terretur,
3568 4620 3728 4675 neqve

2162 4691 2347 4744 nidum
2371 4691 2597 4759 deserit,
2628 4708 2811 4763 neque
2862 4697 2927 4750 ad
2963 4698 3228 4753 malitiam
3263 4700 3589 4755 immntatnr
3616 4717 3633 4754 :
3664 4698 3731 4751 ita

2163 4789 2219 4835 et
2250 4781 2441 4835 beatus
2471 4781 2574 4836 Job
2610 4796 2735 4837 cum
2769 4783 2934 4840 nidus
2954 4784 3027 4838 ab
3053 4800 3122 4840 eo
3164 4786 3499 4851 auferretur.
3537 4787 3635 4841 hoc
3657 4791 3731 4837 est

2160 4873 2362 4927 divitiae
2385 4884 2549 4943 atque
2565 4875 2895 4942 substantia,
2934 4885 2989 4930 et
3017 4875 3114 4932 lllii
3147 4877 3267 4948 ejus
3300 4878 3733 4934 interﬁcerentur

2161 4975 2287 5019 ante
2315 4965 2501 5020 oculos
2526 4965 2666 5034 ejus,
2693 4982 2799 5022 non
2826 4976 2912 5022 est
2936 4969 3271 5038 indignatus,
3325 4983 3509 5039 neque
3540 4967 3605 5021 ad
3632 4981 3732 5020 ma-

2162 5056 2354 5120 litiam,
2410 5058 2517 5112 hoc
2560 5068 2647 5113 est
2701 5059 2766 5112 ad
2812 5058 3211 5130 blasphemiam
3249 5070 3345 5115 aut
3398 5060 3469 5117 ad
3526 5055 3735 5114 maledi-

2163 5150 2418 5216 ctionem,
2459 5159 2545 5206 est
2574 5151 2892 5207 immutatus
2918 5186 2934 5219 ς
2979 5155 3077 5209 sed
3112 5164 3307 5209 cuncta
3334 5154 3591 5209 sustinuit
3622 5163 3734 5205 cum

2158 5241 2465 5297 innocentia
2506 5251 2679 5314 atque
2731 5246 3032 5314 gratiarum
3108 5248 3437 5301 actionibus.
3514 5245 3618 5300 Pro
3659 5240 3735 5295 his

2158 5350 2291 5405 ergo
2334 5335 2585 5391 omnibus
2619 5336 2776 5401 dicit,
2806 5350 3147 5405 perseverans
3202 5340 3256 5393 in
3283 5338 3621 5407 innocentia.
3662 5332 3731 5385 Tu

2164 5442 2299 5481 vero
2343 5428 2532 5483 dixisti
2605 5428 2837 5497 perdere
2888 5445 3004 5484 rem
3054 5432 3221 5499 ejus:
3284 5430 3476 5486 dixisti
3521 5437 3577 5481 ut
3626 5438 3736 5495 per-

2163 5523 2365 5587 deres;
2424 5520 2707 5591 paululum
2772 5533 2951 5578 autem
2997 5540 3195 5581 carnes
3217 5525 3335 5596 ejus
3378 5524 3518 5578 dicis
3547 5530 3603 5575 ut
3616 5533 3736 5589 per-

2166 5613 2286 5678 das,
2311 5622 2371 5668 ut
2406 5614 2505 5668 ista
2540 5614 2594 5669 in
2632 5615 2981 5687 simplicitate
3023 5619 3301 5673 sustinens
3343 5614 3468 5682 Job,
3494 5626 3736 5682 augmen—

1534 5790 1579 5821 ⁷³
1626 5788 1758 5844 ibid.
1792 5787 1881 5841 ‘29.
1958 5788 2026 5819 ’⁸⁸
2064 5787 2261 5843 Jerem.
2300 5790 2486 5859 x519.
