  <div class='ocr_page' id='page_1' title='image "/cluster/home/n/w/nwhite01/storage/ocr_20150623/17/hvd.32044051719607/240.png"; bbox 0 0 3942 6518; ppageno 0'>
   <div class='ocr_carea' id='block_1_1' title="bbox 152 459 257 516">
    <p class='ocr_par' dir='ltr' id='par_1_1' title="bbox 152 459 257 516">
     <span class='ocr_line' id='line_1_1' title="bbox 152 459 257 516; baseline -0.038 0"><span class='ocrx_word' id='word_1_1' title='bbox 152 459 257 516; x_wconf 67' lang='grc' dir='ltr'><strong>ι¹οἷ17</strong></span> 
     </span>
    </p>
   </div>
   <div class='ocr_carea' id='block_1_2' title="bbox 1265 450 2289 513">
    <p class='ocr_par' dir='ltr' id='par_1_2' title="bbox 1265 450 2289 513">
     <span class='ocr_line' id='line_1_2' title="bbox 1265 450 2289 513; baseline -0.002 -4"><span class='ocrx_word' id='word_1_2' title='bbox 1265 453 1638 513; x_wconf 70' lang='lat' dir='ltr'><strong>ANONYMUS</strong></span> <span class='ocrx_word' id='word_1_3' title='bbox 1676 452 1739 506; x_wconf 79' lang='lat' dir='ltr'><strong>IN</strong></span> <span class='ocrx_word' id='word_1_4' title='bbox 1779 451 1917 507; x_wconf 86' lang='lat' dir='ltr'><strong>JOB.</strong></span> <span class='ocrx_word' id='word_1_5' title='bbox 1958 479 2027 491; x_wconf 89' lang='lat'><strong>-—</strong></span> <span class='ocrx_word' id='word_1_6' title='bbox 2063 450 2189 505; x_wconf 86' lang='lat' dir='ltr'><strong>LIB.</strong></span> <span class='ocrx_word' id='word_1_7' title='bbox 2224 453 2289 507; x_wconf 86' lang='lat' dir='ltr'><strong>II.</strong></span> 
     </span>
    </p>
   </div>
   <div class='ocr_carea' id='block_1_3' title="bbox 3310 455 3413 509">
    <p class='ocr_par' dir='ltr' id='par_1_3' title="bbox 3310 455 3413 509">
     <span class='ocr_line' id='line_1_3' title="bbox 3310 455 3413 509; baseline 0.01 -1"><span class='ocrx_word' id='word_1_8' title='bbox 3310 455 3413 509; x_wconf 70' lang='grc'><strong>458</strong></span> 
     </span>
    </p>
   </div>
   <div class='ocr_carea' id='block_1_4' title="bbox 154 566 3416 643">
    <p class='ocr_par' dir='ltr' id='par_1_4' title="bbox 154 566 3416 643">
     <span class='ocr_line' id='line_1_4' title="bbox 154 566 3416 643; baseline -0.001 -14"><span class='ocrx_word' id='word_1_9' title='bbox 154 586 266 629; x_wconf 91' lang='grc'><strong>1010</strong></span> <span class='ocrx_word' id='word_1_10' title='bbox 295 572 653 643; x_wconf 78' lang='lat' dir='ltr'><strong>gloriosamm</strong></span> <span class='ocrx_word' id='word_1_11' title='bbox 686 584 1009 626; x_wconf 90' lang='lat' dir='ltr'><strong>coronarum</strong></span> <span class='ocrx_word' id='word_1_12' title='bbox 1058 570 1311 641; x_wconf 90' lang='lat' dir='ltr'><strong>accipiat,</strong></span> <span class='ocrx_word' id='word_1_13' title='bbox 1340 580 1395 626; x_wconf 91' lang='lat' dir='ltr'><strong>et</strong></span> <span class='ocrx_word' id='word_1_14' title='bbox 1423 582 1500 632; x_wconf 89' lang='lat' dir='ltr'><strong>tu,</strong></span> <span class='ocrx_word' id='word_1_15' title='bbox 1532 570 1726 640; x_wconf 93' lang='lat' dir='ltr'><strong>inquit,</strong></span> <span class='ocrx_word' id='word_1_16' title='bbox 1759 580 1805 630; x_wconf 74' lang='grc' dir='ltr'>Α</span> <span class='ocrx_word' id='word_1_17' title='bbox 1830 567 2062 623; x_wconf 76' lang='lat' dir='ltr'><strong>triticum</strong></span> <span class='ocrx_word' id='word_1_18' title='bbox 2083 569 2174 634; x_wconf 64' lang='grc' dir='ltr'><strong>τυ,</strong></span> <span class='ocrx_word' id='word_1_19' title='bbox 2197 578 2251 624; x_wconf 89' lang='grc'><strong>01</strong></span> <span class='ocrx_word' id='word_1_20' title='bbox 2273 577 2490 623; x_wconf 67' lang='lat' dir='ltr'><strong>caetera.</strong></span> <span class='ocrx_word' id='word_1_21' title='bbox 2518 566 2639 624; x_wconf 69' lang='lat' dir='ltr'><strong>llmc</strong></span> <span class='ocrx_word' id='word_1_22' title='bbox 2668 582 2901 638; x_wconf 84' lang='lat' dir='ltr'><strong>namque</strong></span> <span class='ocrx_word' id='word_1_23' title='bbox 2922 569 3174 624; x_wconf 86' lang='lat' dir='ltr'><strong>universa</strong></span> <span class='ocrx_word' id='word_1_24' title='bbox 3196 582 3416 641; x_wconf 87' lang='lat' dir='ltr'><strong>propter</strong></span> 
     </span>
    </p>
   </div>
   <div class='ocr_carea' id='block_1_5' title="bbox 151 664 1731 733">
    <p class='ocr_par' dir='ltr' id='par_1_5' title="bbox 151 664 1731 733">
     <span class='ocr_line' id='line_1_5' title="bbox 151 664 1731 733; baseline -0.003 -11"><span class='ocrx_word' id='word_1_25' title='bbox 151 684 184 722; x_wconf 96' lang='lat' dir='ltr'><strong>o</strong></span> <span class='ocrx_word' id='word_1_26' title='bbox 220 664 697 728; x_wconf 86' lang='lat' dir='ltr'><strong>versutediabole,</strong></span> <span class='ocrx_word' id='word_1_27' title='bbox 749 673 1100 733; x_wconf 87' lang='lat' dir='ltr'><strong>augmentmn</strong></span> <span class='ocrx_word' id='word_1_28' title='bbox 1155 664 1495 720; x_wconf 91' lang='lat' dir='ltr'><strong>confusionis</strong></span> <span class='ocrx_word' id='word_1_29' title='bbox 1550 671 1606 717; x_wconf 87' lang='lat' dir='ltr'><strong>et</strong></span> <span class='ocrx_word' id='word_1_30' title='bbox 1637 664 1731 717; x_wconf 86' lang='lat' dir='ltr'><strong>de-</strong></span> 
     </span>
    </p>
   </div>
   <div class='ocr_carea' id='block_1_6' title="bbox 146 752 1731 827">
    <p class='ocr_par' dir='ltr' id='par_1_6' title="bbox 146 752 1731 827">
     <span class='ocr_line' id='line_1_6' title="bbox 146 752 1731 827; baseline -0.004 -15"><span class='ocrx_word' id='word_1_31' title='bbox 146 756 410 827; x_wconf 85' lang='lat' dir='ltr'><strong>jectionis</strong></span> <span class='ocrx_word' id='word_1_32' title='bbox 451 766 614 823; x_wconf 88' lang='lat' dir='ltr'><strong>atque</strong></span> <span class='ocrx_word' id='word_1_33' title='bbox 644 753 813 809; x_wconf 62' lang='lat' dir='ltr'><strong>ruinas</strong></span> <span class='ocrx_word' id='word_1_34' title='bbox 840 754 1132 823; x_wconf 79' lang='lat' dir='ltr'><strong>percipias.</strong></span> <span class='ocrx_word' id='word_1_35' title='bbox 1178 762 1366 823; x_wconf 88' lang='lat' dir='ltr'><strong>utpote</strong></span> <span class='ocrx_word' id='word_1_36' title='bbox 1427 763 1480 808; x_wconf 84' lang='lat' dir='ltr'><strong>et</strong></span> <span class='ocrx_word' id='word_1_37' title='bbox 1506 754 1572 807; x_wconf 90' lang='lat' dir='ltr'><strong>de</strong></span> <span class='ocrx_word' id='word_1_38' title='bbox 1594 752 1731 808; x_wconf 72' lang='lat' dir='ltr'><strong>coelo</strong></span> 
     </span>
    </p>
   </div>
   <div class='ocr_carea' id='block_1_7' title="bbox 131 842 1727 915">
    <p class='ocr_par' dir='ltr' id='par_1_7' title="bbox 131 842 1727 915">
     <span class='ocr_line' id='line_1_7' title="bbox 131 842 1727 915; baseline -0.004 -14"><span class='ocrx_word' id='word_1_39' title='bbox 131 844 412 915; x_wconf 76' lang='grc'><strong>1110100108.</strong></span> <span class='ocrx_word' id='word_1_40' title='bbox 439 856 496 900; x_wconf 88' lang='grc'><strong>01</strong></span> <span class='ocrx_word' id='word_1_41' title='bbox 534 846 585 899; x_wconf 89' lang='lat' dir='ltr'><strong>in</strong></span> <span class='ocrx_word' id='word_1_42' title='bbox 616 844 781 899; x_wconf 92' lang='lat' dir='ltr'><strong>terris</strong></span> <span class='ocrx_word' id='word_1_43' title='bbox 804 843 871 897; x_wconf 90' lang='lat' dir='ltr'><strong>ab</strong></span> <span class='ocrx_word' id='word_1_44' title='bbox 900 842 1003 898; x_wconf 89' lang='lat' dir='ltr'><strong>Job</strong></span> <span class='ocrx_word' id='word_1_45' title='bbox 1043 852 1377 913; x_wconf 88' lang='lat' dir='ltr'><strong>prostratus,</strong></span> <span class='ocrx_word' id='word_1_46' title='bbox 1403 844 1566 897; x_wconf 91' lang='lat' dir='ltr'><strong>etiam</strong></span> <span class='ocrx_word' id='word_1_47' title='bbox 1592 852 1647 896; x_wconf 90' lang='lat' dir='ltr'><strong>et</strong></span> <span class='ocrx_word' id='word_1_48' title='bbox 1675 842 1727 895; x_wconf 94' lang='lat' dir='ltr'><strong>in</strong></span> 
     </span>
    </p>
   </div>
   <div class='ocr_carea' id='block_1_8' title="bbox 152 934 1731 1008">
    <p class='ocr_par' dir='ltr' id='par_1_8' title="bbox 152 934 1731 1008">
     <span class='ocr_line' id='line_1_8' title="bbox 152 934 1731 1008; baseline -0.003 -15"><span class='ocrx_word' id='word_1_49' title='bbox 152 940 255 994; x_wconf 87' lang='lat' dir='ltr'><strong>hoc</strong></span> <span class='ocrx_word' id='word_1_50' title='bbox 290 939 481 992; x_wconf 91' lang='lat' dir='ltr'><strong>ultimo</strong></span> <span class='ocrx_word' id='word_1_51' title='bbox 510 947 837 1006; x_wconf 86' lang='lat' dir='ltr'><strong>exspectans</strong></span> <span class='ocrx_word' id='word_1_52' title='bbox 864 940 1092 1008; x_wconf 85' lang='lat' dir='ltr'><strong>quando</strong></span> <span class='ocrx_word' id='word_1_53' title='bbox 1122 952 1150 989; x_wconf 92' lang='lat' dir='ltr'><strong>a</strong></span> <span class='ocrx_word' id='word_1_54' title='bbox 1191 936 1423 991; x_wconf 91' lang='lat' dir='ltr'><strong>Domino</strong></span> <span class='ocrx_word' id='word_1_55' title='bbox 1445 934 1546 991; x_wconf 90' lang='grc'><strong>101)</strong></span> <span class='ocrx_word' id='word_1_56' title='bbox 1568 946 1731 1004; x_wconf 90' lang='lat' dir='ltr'><strong>atque</strong></span> 
     </span>
    </p>
   </div>
   <div class='ocr_carea' id='block_1_9' title="bbox 149 1029 1730 1101">
    <p class='ocr_par' dir='ltr' id='par_1_9' title="bbox 149 1029 1730 1101">
     <span class='ocr_line' id='line_1_9' title="bbox 149 1029 1730 1101; baseline -0.002 -19"><span class='ocrx_word' id='word_1_57' title='bbox 149 1032 399 1084; x_wconf 90' lang='lat' dir='ltr'><strong>omnium</strong></span> <span class='ocrx_word' id='word_1_58' title='bbox 428 1038 642 1085; x_wconf 89' lang='lat' dir='ltr'><strong>rectore</strong></span> <span class='ocrx_word' id='word_1_59' title='bbox 666 1029 773 1084; x_wconf 89' lang='lat' dir='ltr'><strong>Deo</strong></span> <span class='ocrx_word' id='word_1_60' title='bbox 811 1030 1103 1101; x_wconf 87' lang='lat' dir='ltr'><strong>Unigenito</strong></span> <span class='ocrx_word' id='word_1_61' title='bbox 1132 1044 1228 1099; x_wconf 91' lang='lat' dir='ltr'><strong>per</strong></span> <span class='ocrx_word' id='word_1_62' title='bbox 1251 1042 1469 1084; x_wconf 90' lang='lat' dir='ltr'><strong>crucem</strong></span> <span class='ocrx_word' id='word_1_63' title='bbox 1492 1037 1730 1097; x_wconf 89' lang='lat' dir='ltr'><strong>proster-</strong></span> 
     </span>
    </p>
   </div>
   <div class='ocr_carea' id='block_1_10' title="bbox 150 1117 1728 1191">
    <p class='ocr_par' dir='ltr' id='par_1_10' title="bbox 150 1117 1728 1191">
     <span class='ocr_line' id='line_1_10' title="bbox 150 1117 1728 1191; baseline -0.002 -18"><span class='ocrx_word' id='word_1_64' title='bbox 150 1121 303 1174; x_wconf 85' lang='lat' dir='ltr'><strong>naris</strong></span> <span class='ocrx_word' id='word_1_65' title='bbox 349 1131 514 1191; x_wconf 91' lang='lat' dir='ltr'><strong>atque</strong></span> <span class='ocrx_word' id='word_1_66' title='bbox 582 1121 635 1173; x_wconf 91' lang='lat' dir='ltr'><strong>in</strong></span> <span class='ocrx_word' id='word_1_67' title='bbox 688 1120 888 1175; x_wconf 91' lang='lat' dir='ltr'><strong>inferos</strong></span> <span class='ocrx_word' id='word_1_68' title='bbox 932 1119 1289 1189; x_wconf 86' lang='lat' dir='ltr'><strong>demergaris.</strong></span> <span class='ocrx_word' id='word_1_69' title='bbox 1339 1118 1439 1185; x_wconf 85' lang='lat' dir='ltr'><strong>Tu,</strong></span> <span class='ocrx_word' id='word_1_70' title='bbox 1483 1117 1728 1187; x_wconf 91' lang='lat' dir='ltr'><strong>inquam,</strong></span> 
     </span>
    </p>
   </div>
   <div class='ocr_carea' id='block_1_11' title="bbox 150 1192 1733 1282">
    <p class='ocr_par' dir='ltr' id='par_1_11' title="bbox 150 1192 1733 1282">
     <span class='ocr_line' id='line_1_11' title="bbox 150 1192 1733 1282; baseline -0.002 -16"><span class='ocrx_word' id='word_1_71' title='bbox 150 1212 336 1266; x_wconf 87' lang='lat' dir='ltr'><strong>dixisti</strong></span> <span class='ocrx_word' id='word_1_72' title='bbox 369 1226 482 1266; x_wconf 90' lang='lat' dir='ltr'><strong>rem</strong></span> <span class='ocrx_word' id='word_1_73' title='bbox 537 1211 657 1281; x_wconf 97' lang='lat' dir='ltr'><strong>ejus</strong></span> <span class='ocrx_word' id='word_1_74' title='bbox 688 1213 913 1282; x_wconf 82' lang='lat' dir='ltr'><strong>perdere</strong></span> <span class='ocrx_word' id='word_1_75' title='bbox 940 1212 1061 1267; x_wconf 87' lang='lat' dir='ltr'><strong>sine</strong></span> <span class='ocrx_word' id='word_1_76' title='bbox 1082 1227 1272 1277; x_wconf 88' lang='lat' dir='ltr'><strong>causa,</strong></span> <span class='ocrx_word' id='word_1_77' title='bbox 1317 1224 1494 1279; x_wconf 88' lang='lat' dir='ltr'><strong>neque</strong></span> <span class='ocrx_word' id='word_1_78' title='bbox 1512 1220 1570 1263; x_wconf 92' lang='lat' dir='ltr'><strong>ut</strong></span> <span class='ocrx_word' id='word_1_79' title='bbox 1590 1192 1733 1279; x_wconf 65' lang='lat' dir='ltr'><strong>prae-</strong></span> 
     </span>
    </p>
   </div>
   <div class='ocr_carea' id='block_1_12' title="bbox 149 1301 1731 1373">
    <p class='ocr_par' dir='ltr' id='par_1_12' title="bbox 149 1301 1731 1373">
     <span class='ocr_line' id='line_1_12' title="bbox 149 1301 1731 1373; baseline -0.001 -18"><span class='ocrx_word' id='word_1_80' title='bbox 149 1304 384 1371; x_wconf 83' lang='lat' dir='ltr'><strong>cipiens,</strong></span> <span class='ocrx_word' id='word_1_81' title='bbox 435 1318 612 1373; x_wconf 88' lang='lat' dir='ltr'><strong>neque</strong></span> <span class='ocrx_word' id='word_1_82' title='bbox 660 1314 719 1357; x_wconf 92' lang='lat' dir='ltr'><strong>ut</strong></span> <span class='ocrx_word' id='word_1_83' title='bbox 760 1304 1057 1373; x_wconf 89' lang='lat' dir='ltr'><strong>imperans.</strong></span> <span class='ocrx_word' id='word_1_84' title='bbox 1083 1301 1316 1356; x_wconf 91' lang='lat' dir='ltr'><strong>Caruisti</strong></span> <span class='ocrx_word' id='word_1_85' title='bbox 1341 1301 1488 1356; x_wconf 91' lang='lat' dir='ltr'><strong>enim</strong></span> <span class='ocrx_word' id='word_1_86' title='bbox 1533 1301 1656 1364; x_wconf 90' lang='grc'><strong>000,</strong></span> <span class='ocrx_word' id='word_1_87' title='bbox 1697 1317 1731 1354; x_wconf 92' lang='grc'><strong>0</strong></span> 
     </span>
    </p>
   </div>
   <div class='ocr_carea' id='block_1_13' title="bbox 147 1394 1727 1463">
    <p class='ocr_par' dir='ltr' id='par_1_13' title="bbox 147 1394 1727 1463">
     <span class='ocr_line' id='line_1_13' title="bbox 147 1394 1727 1463; baseline -0.001 -14"><span class='ocrx_word' id='word_1_88' title='bbox 147 1394 390 1457; x_wconf 84' lang='lat' dir='ltr'><strong>diabole.</strong></span> <span class='ocrx_word' id='word_1_89' title='bbox 415 1406 475 1449; x_wconf 89' lang='lat' dir='ltr'><strong>ttt</strong></span> <span class='ocrx_word' id='word_1_90' title='bbox 506 1410 627 1449; x_wconf 88' lang='lat' dir='ltr'><strong>cum</strong></span> <span class='ocrx_word' id='word_1_91' title='bbox 659 1405 929 1461; x_wconf 81' lang='lat' dir='ltr'><strong>potestate</strong></span> <span class='ocrx_word' id='word_1_92' title='bbox 960 1395 1112 1448; x_wconf 90' lang='lat' dir='ltr'><strong>dicas</strong></span> <span class='ocrx_word' id='word_1_93' title='bbox 1165 1394 1425 1463; x_wconf 87' lang='lat' dir='ltr'><strong>jubendo.</strong></span> <span class='ocrx_word' id='word_1_94' title='bbox 1457 1394 1542 1448; x_wconf 89' lang='lat' dir='ltr'><strong>vel</strong></span> <span class='ocrx_word' id='word_1_95' title='bbox 1587 1409 1727 1463; x_wconf 73' lang='lat' dir='ltr'><strong>pne-</strong></span> 
     </span>
    </p>
   </div>
   <div class='ocr_carea' id='block_1_14' title="bbox 148 1487 1728 1557">
    <p class='ocr_par' dir='ltr' id='par_1_14' title="bbox 148 1487 1728 1557">
     <span class='ocr_line' id='line_1_14' title="bbox 148 1487 1728 1557; baseline 0.001 -18"><span class='ocrx_word' id='word_1_96' title='bbox 148 1488 445 1557; x_wconf 86' lang='lat' dir='ltr'><strong>cipiendo:</strong></span> <span class='ocrx_word' id='word_1_97' title='bbox 494 1488 587 1541; x_wconf 89' lang='lat' dir='ltr'><strong>sed</strong></span> <span class='ocrx_word' id='word_1_98' title='bbox 640 1487 822 1541; x_wconf 82' lang='lat' dir='ltr'><strong>dixisti</strong></span> <span class='ocrx_word' id='word_1_99' title='bbox 874 1502 1148 1555; x_wconf 60' lang='lat' dir='ltr'><strong>querens,</strong></span> <span class='ocrx_word' id='word_1_100' title='bbox 1175 1487 1481 1556; x_wconf 90' lang='lat' dir='ltr'><strong>postulans,</strong></span> <span class='ocrx_word' id='word_1_101' title='bbox 1519 1487 1728 1557; x_wconf 84' lang='lat' dir='ltr'><strong>suppli-</strong></span> 
     </span>
    </p>
   </div>
   <div class='ocr_carea' id='block_1_15' title="bbox 146 1578 1730 1649">
    <p class='ocr_par' dir='ltr' id='par_1_15' title="bbox 146 1578 1730 1649">
     <span class='ocr_line' id='line_1_15' title="bbox 146 1578 1730 1649; baseline 0.002 -18"><span class='ocrx_word' id='word_1_102' title='bbox 146 1594 299 1643; x_wconf 88' lang='lat' dir='ltr'><strong>cans,</strong></span> <span class='ocrx_word' id='word_1_103' title='bbox 329 1589 541 1648; x_wconf 87' lang='lat' dir='ltr'><strong>petens.</strong></span> <span class='ocrx_word' id='word_1_104' title='bbox 577 1578 689 1644; x_wconf 86' lang='lat' dir='ltr'><strong>Sic,</strong></span> <span class='ocrx_word' id='word_1_105' title='bbox 727 1580 970 1649; x_wconf 88' lang='lat' dir='ltr'><strong>inquam,</strong></span> <span class='ocrx_word' id='word_1_106' title='bbox 1002 1580 1186 1634; x_wconf 84' lang='lat' dir='ltr'><strong>dixisti</strong></span> <span class='ocrx_word' id='word_1_107' title='bbox 1220 1593 1335 1633; x_wconf 89' lang='lat' dir='ltr'><strong>rem</strong></span> <span class='ocrx_word' id='word_1_108' title='bbox 1358 1578 1474 1646; x_wconf 85' lang='lat' dir='ltr'><strong>ejus</strong></span> <span class='ocrx_word' id='word_1_109' title='bbox 1500 1579 1730 1648; x_wconf 81' lang='lat' dir='ltr'><strong>perdere</strong></span> 
     </span>
    </p>
   </div>
   <div class='ocr_carea' id='block_1_16' title="bbox 145 1670 1726 1742">
    <p class='ocr_par' dir='ltr' id='par_1_16' title="bbox 145 1670 1726 1742">
     <span class='ocr_line' id='line_1_16' title="bbox 145 1670 1726 1742; baseline 0.001 -19"><span class='ocrx_word' id='word_1_110' title='bbox 145 1670 262 1724; x_wconf 89' lang='lat' dir='ltr'><strong>sine</strong></span> <span class='ocrx_word' id='word_1_111' title='bbox 294 1672 643 1742; x_wconf 85' lang='lat' dir='ltr'><strong>causa.Age,</strong></span> <span class='ocrx_word' id='word_1_112' title='bbox 676 1672 872 1741; x_wconf 91' lang='lat' dir='ltr'><strong>inquit,</strong></span> <span class='ocrx_word' id='word_1_113' title='bbox 892 1673 1035 1741; x_wconf 90' lang='lat' dir='ltr'><strong>quod</strong></span> <span class='ocrx_word' id='word_1_114' title='bbox 1066 1671 1181 1737; x_wconf 90' lang='lat' dir='ltr'><strong>ille,</strong></span> <span class='ocrx_word' id='word_1_115' title='bbox 1206 1672 1307 1725; x_wconf 85' lang='grc'><strong>1100</strong></span> <span class='ocrx_word' id='word_1_116' title='bbox 1335 1680 1443 1735; x_wconf 87' lang='grc'><strong>081,</strong></span> <span class='ocrx_word' id='word_1_117' title='bbox 1474 1671 1726 1725; x_wconf 89' lang='lat' dir='ltr'><strong>diabolus</strong></span> 
     </span>
    </p>
   </div>
   <div class='ocr_carea' id='block_1_17' title="bbox 146 1762 1726 1833">
    <p class='ocr_par' dir='ltr' id='par_1_17' title="bbox 146 1762 1726 1833">
     <span class='ocr_line' id='line_1_17' title="bbox 146 1762 1726 1833; baseline -0.001 -16"><span class='ocrx_word' id='word_1_118' title='bbox 146 1764 219 1817; x_wconf 87' lang='lat' dir='ltr'><strong>ita</strong></span> <span class='ocrx_word' id='word_1_119' title='bbox 248 1763 481 1827; x_wconf 80' lang='lat' dir='ltr'><strong>dixerit,</strong></span> <span class='ocrx_word' id='word_1_120' title='bbox 531 1764 604 1817; x_wconf 86' lang='lat' dir='ltr'><strong>ita</strong></span> <span class='ocrx_word' id='word_1_121' title='bbox 642 1764 881 1833; x_wconf 88' lang='lat' dir='ltr'><strong>petierit,</strong></span> <span class='ocrx_word' id='word_1_122' title='bbox 917 1766 987 1817; x_wconf 91' lang='lat' dir='ltr'><strong>ita</strong></span> <span class='ocrx_word' id='word_1_123' title='bbox 1015 1764 1313 1833; x_wconf 67' lang='grc'><strong>0010810111,</strong></span> <span class='ocrx_word' id='word_1_124' title='bbox 1359 1764 1430 1817; x_wconf 90' lang='grc'><strong>110</strong></span> <span class='ocrx_word' id='word_1_125' title='bbox 1461 1762 1726 1832; x_wconf 77' lang='lat' dir='ltr'><strong>supplica—</strong></span> 
     </span>
    </p>
   </div>
   <div class='ocr_carea' id='block_1_18' title="bbox 144 1855 1730 1925">
    <p class='ocr_par' dir='ltr' id='par_1_18' title="bbox 144 1855 1730 1925">
     <span class='ocr_line' id='line_1_18' title="bbox 144 1855 1730 1925; baseline -0.002 -15"><span class='ocrx_word' id='word_1_126' title='bbox 144 1858 305 1923; x_wconf 86' lang='lat' dir='ltr'><strong>verit,</strong></span> <span class='ocrx_word' id='word_1_127' title='bbox 356 1867 414 1912; x_wconf 90' lang='lat' dir='ltr'><strong>tu</strong></span> <span class='ocrx_word' id='word_1_128' title='bbox 446 1873 578 1912; x_wconf 84' lang='lat' dir='ltr'><strong>vero</strong></span> <span class='ocrx_word' id='word_1_129' title='bbox 636 1873 730 1912; x_wconf 87' lang='lat' dir='ltr'><strong>cur</strong></span> <span class='ocrx_word' id='word_1_130' title='bbox 756 1857 1045 1920; x_wconf 85' lang='lat' dir='ltr'><strong>exaudisti,</strong></span> <span class='ocrx_word' id='word_1_131' title='bbox 1096 1872 1196 1912; x_wconf 91' lang='lat' dir='ltr'><strong>cur</strong></span> <span class='ocrx_word' id='word_1_132' title='bbox 1231 1855 1595 1925; x_wconf 77' lang='lat' dir='ltr'><strong>.acquievisti,</strong></span> <span class='ocrx_word' id='word_1_133' title='bbox 1630 1869 1730 1908; x_wconf 90' lang='lat' dir='ltr'><strong>cur</strong></span> 
     </span>
    </p>
   </div>
   <div class='ocr_carea' id='block_1_19' title="bbox 145 1932 1807 2020">
    <p class='ocr_par' dir='ltr' id='par_1_19' title="bbox 145 1932 1807 2020">
     <span class='ocr_line' id='line_1_19' title="bbox 145 1932 1807 2020; baseline -0.001 -17"><span class='ocrx_word' id='word_1_134' title='bbox 145 1951 372 2013; x_wconf 85' lang='lat' dir='ltr'><strong>dedisti,</strong></span> <span class='ocrx_word' id='word_1_135' title='bbox 393 1966 497 2005; x_wconf 87' lang='lat' dir='ltr'><strong>cur</strong></span> <span class='ocrx_word' id='word_1_136' title='bbox 519 1950 638 2003; x_wconf 89' lang='lat' dir='ltr'><strong>sine</strong></span> <span class='ocrx_word' id='word_1_137' title='bbox 670 1964 833 2003; x_wconf 83' lang='lat' dir='ltr'><strong>causa</strong></span> <span class='ocrx_word' id='word_1_138' title='bbox 866 1964 977 2004; x_wconf 89' lang='lat' dir='ltr'><strong>rem</strong></span> <span class='ocrx_word' id='word_1_139' title='bbox 1011 1949 1156 2003; x_wconf 92' lang='lat' dir='ltr'><strong>illius</strong></span> <span class='ocrx_word' id='word_1_140' title='bbox 1188 1948 1320 2020; x_wconf 86' lang='lat' dir='ltr'><strong>justi</strong></span> <span class='ocrx_word' id='word_1_141' title='bbox 1352 1948 1582 2018; x_wconf 87' lang='lat' dir='ltr'><strong>perdere</strong></span> <span class='ocrx_word' id='word_1_142' title='bbox 1606 1963 1731 2016; x_wconf 87' lang='lat' dir='ltr'><strong>per-</strong></span> <span class='ocrx_word' id='word_1_143' title='bbox 1763 1932 1807 1990; x_wconf 77' lang='grc' dir='ltr'><strong>Β</strong></span> 
     </span>
    </p>
   </div>
   <div class='ocr_carea' id='block_1_20' title="bbox 148 2039 1731 2109">
    <p class='ocr_par' dir='ltr' id='par_1_20' title="bbox 148 2039 1731 2109">
     <span class='ocr_line' id='line_1_20' title="bbox 148 2039 1731 2109; baseline 0 -15"><span class='ocrx_word' id='word_1_144' title='bbox 148 2041 387 2096; x_wconf 79' lang='lat' dir='ltr'><strong>misisti?</strong></span> <span class='ocrx_word' id='word_1_145' title='bbox 416 2039 498 2096; x_wconf 87' lang='lat' dir='ltr'><strong>0b</strong></span> <span class='ocrx_word' id='word_1_146' title='bbox 523 2041 647 2105; x_wconf 89' lang='lat' dir='ltr'><strong>hoc,</strong></span> <span class='ocrx_word' id='word_1_147' title='bbox 673 2041 870 2109; x_wconf 89' lang='lat' dir='ltr'><strong>inquit,</strong></span> <span class='ocrx_word' id='word_1_148' title='bbox 904 2040 1173 2107; x_wconf 83' lang='lat' dir='ltr'><strong>exaudivi,</strong></span> <span class='ocrx_word' id='word_1_149' title='bbox 1209 2041 1277 2095; x_wconf 93' lang='lat' dir='ltr'><strong>ob</strong></span> <span class='ocrx_word' id='word_1_150' title='bbox 1307 2043 1408 2095; x_wconf 90' lang='lat' dir='ltr'><strong>hoc</strong></span> <span class='ocrx_word' id='word_1_151' title='bbox 1428 2054 1538 2094; x_wconf 93' lang='lat' dir='ltr'><strong>rem</strong></span> <span class='ocrx_word' id='word_1_152' title='bbox 1570 2048 1731 2108; x_wconf 86' lang='lat' dir='ltr'><strong>atque</strong></span> 
     </span>
    </p>
   </div>
   <div class='ocr_carea' id='block_1_21' title="bbox 146 2129 1729 2203">
    <p class='ocr_par' dir='ltr' id='par_1_21' title="bbox 146 2129 1729 2203">
     <span class='ocr_line' id='line_1_21' title="bbox 146 2129 1729 2203; baseline 0 -18"><span class='ocrx_word' id='word_1_153' title='bbox 146 2134 285 2189; x_wconf 90' lang='lat' dir='ltr'><strong>ﬁlios</strong></span> <span class='ocrx_word' id='word_1_154' title='bbox 308 2133 432 2202; x_wconf 88' lang='lat' dir='ltr'><strong>ejus</strong></span> <span class='ocrx_word' id='word_1_155' title='bbox 467 2133 693 2203; x_wconf 88' lang='lat' dir='ltr'><strong>perdere</strong></span> <span class='ocrx_word' id='word_1_156' title='bbox 715 2132 957 2201; x_wconf 87' lang='lat' dir='ltr'><strong>permisi,</strong></span> <span class='ocrx_word' id='word_1_157' title='bbox 986 2141 1044 2186; x_wconf 93' lang='lat' dir='ltr'><strong>ut</strong></span> <span class='ocrx_word' id='word_1_158' title='bbox 1074 2140 1357 2201; x_wconf 88' lang='lat' dir='ltr'><strong>appareret</strong></span> <span class='ocrx_word' id='word_1_159' title='bbox 1376 2129 1480 2185; x_wconf 94' lang='lat' dir='ltr'><strong>Job</strong></span> <span class='ocrx_word' id='word_1_160' title='bbox 1494 2130 1729 2201; x_wconf 90' lang='lat' dir='ltr'><strong>justitia,</strong></span> 
     </span>
    </p>
   </div>
   <div class='ocr_carea' id='block_1_22' title="bbox 144 2223 1732 2293">
    <p class='ocr_par' dir='ltr' id='par_1_22' title="bbox 144 2223 1732 2293">
     <span class='ocr_line' id='line_1_22' title="bbox 144 2223 1732 2293; baseline -0.001 -15"><span class='ocrx_word' id='word_1_161' title='bbox 144 2235 198 2278; x_wconf 92' lang='lat' dir='ltr'><strong>et</strong></span> <span class='ocrx_word' id='word_1_162' title='bbox 222 2224 429 2279; x_wconf 89' lang='lat' dir='ltr'><strong>diaboli</strong></span> <span class='ocrx_word' id='word_1_163' title='bbox 486 2223 772 2293; x_wconf 91' lang='lat' dir='ltr'><strong>injustitia,</strong></span> <span class='ocrx_word' id='word_1_164' title='bbox 825 2234 878 2277; x_wconf 92' lang='lat' dir='ltr'><strong>ut</strong></span> <span class='ocrx_word' id='word_1_165' title='bbox 907 2232 1194 2293; x_wconf 87' lang='lat' dir='ltr'><strong>appareret</strong></span> <span class='ocrx_word' id='word_1_166' title='bbox 1253 2237 1371 2277; x_wconf 91' lang='lat' dir='ltr'><strong>mea</strong></span> <span class='ocrx_word' id='word_1_167' title='bbox 1418 2223 1643 2289; x_wconf 90' lang='lat' dir='ltr'><strong>veritas,</strong></span> <span class='ocrx_word' id='word_1_168' title='bbox 1678 2232 1732 2277; x_wconf 91' lang='lat' dir='ltr'><strong>et</strong></span> 
     </span>
    </p>
   </div>
   <div class='ocr_carea' id='block_1_23' title="bbox 146 2314 1728 2380">
    <p class='ocr_par' dir='ltr' id='par_1_23' title="bbox 146 2314 1728 2380">
     <span class='ocr_line' id='line_1_23' title="bbox 146 2314 1728 2380; baseline -0.001 -10"><span class='ocrx_word' id='word_1_169' title='bbox 146 2317 343 2372; x_wconf 86' lang='lat' dir='ltr'><strong>diaboli</strong></span> <span class='ocrx_word' id='word_1_170' title='bbox 375 2316 740 2380; x_wconf 91' lang='lat' dir='ltr'><strong>mendacium,</strong></span> <span class='ocrx_word' id='word_1_171' title='bbox 761 2324 822 2370; x_wconf 88' lang='lat' dir='ltr'><strong>ut</strong></span> <span class='ocrx_word' id='word_1_172' title='bbox 863 2315 1097 2370; x_wconf 90' lang='lat' dir='ltr'><strong>clareret</strong></span> <span class='ocrx_word' id='word_1_173' title='bbox 1127 2330 1303 2369; x_wconf 90' lang='lat' dir='ltr'><strong>meum</strong></span> <span class='ocrx_word' id='word_1_174' title='bbox 1339 2314 1728 2380; x_wconf 87' lang='lat' dir='ltr'><strong>testimonium,</strong></span> 
     </span>
    </p>
   </div>
   <div class='ocr_carea' id='block_1_24' title="bbox 144 2406 1729 2477">
    <p class='ocr_par' dir='ltr' id='par_1_24' title="bbox 144 2406 1729 2477">
     <span class='ocr_line' id='line_1_24' title="bbox 144 2406 1729 2477; baseline 0 -15"><span class='ocrx_word' id='word_1_175' title='bbox 144 2416 198 2462; x_wconf 78' lang='lat' dir='ltr'><strong>et</strong></span> <span class='ocrx_word' id='word_1_176' title='bbox 225 2407 402 2477; x_wconf 86' lang='lat' dir='ltr'><strong>iniqui</strong></span> <span class='ocrx_word' id='word_1_177' title='bbox 429 2407 575 2462; x_wconf 92' lang='lat' dir='ltr'><strong>illius</strong></span> <span class='ocrx_word' id='word_1_178' title='bbox 594 2407 954 2476; x_wconf 84' lang='lat' dir='ltr'><strong>blasphemia.</strong></span> <span class='ocrx_word' id='word_1_179' title='bbox 1007 2406 1223 2471; x_wconf 78' lang='lat' dir='ltr'><strong>Dixisti,</strong></span> <span class='ocrx_word' id='word_1_180' title='bbox 1258 2406 1452 2476; x_wconf 89' lang='lat' dir='ltr'><strong>inquit,</strong></span> <span class='ocrx_word' id='word_1_181' title='bbox 1492 2407 1584 2462; x_wconf 82' lang='lat' dir='ltr'><strong>sed</strong></span> <span class='ocrx_word' id='word_1_182' title='bbox 1624 2422 1729 2462; x_wconf 93' lang='lat' dir='ltr'><strong>non</strong></span> 
     </span>
    </p>
   </div>
   <div class='ocr_carea' id='block_1_25' title="bbox 146 2498 1725 2569">
    <p class='ocr_par' dir='ltr' id='par_1_25' title="bbox 146 2498 1725 2569">
     <span class='ocr_line' id='line_1_25' title="bbox 146 2498 1725 2569; baseline 0 -16"><span class='ocrx_word' id='word_1_183' title='bbox 146 2510 202 2555; x_wconf 83' lang='lat' dir='ltr'><strong>ut</strong></span> <span class='ocrx_word' id='word_1_184' title='bbox 227 2499 451 2569; x_wconf 90' lang='lat' dir='ltr'><strong>jubens.</strong></span> <span class='ocrx_word' id='word_1_185' title='bbox 472 2498 606 2564; x_wconf 83' lang='lat' dir='ltr'><strong>Nisi,</strong></span> <span class='ocrx_word' id='word_1_186' title='bbox 638 2500 833 2569; x_wconf 89' lang='lat' dir='ltr'><strong>inquit,</strong></span> <span class='ocrx_word' id='word_1_187' title='bbox 865 2500 1199 2566; x_wconf 77' lang='lat' dir='ltr'><strong>exaudirem,</strong></span> <span class='ocrx_word' id='word_1_188' title='bbox 1237 2508 1291 2554; x_wconf 92' lang='lat' dir='ltr'><strong>et</strong></span> <span class='ocrx_word' id='word_1_189' title='bbox 1317 2499 1725 2569; x_wconf 81' lang='lat' dir='ltr'><strong>acquiescerent</strong></span> 
     </span>
    </p>
   </div>
   <div class='ocr_carea' id='block_1_26' title="bbox 145 2587 1734 2660">
    <p class='ocr_par' dir='ltr' id='par_1_26' title="bbox 145 2587 1734 2660">
     <span class='ocr_line' id='line_1_26' title="bbox 145 2587 1734 2660; baseline 0 -18"><span class='ocrx_word' id='word_1_190' title='bbox 145 2602 307 2660; x_wconf 88' lang='lat' dir='ltr'><strong>atque</strong></span> <span class='ocrx_word' id='word_1_191' title='bbox 342 2591 613 2645; x_wconf 79' lang='lat' dir='ltr'><strong>traderem</strong></span> <span class='ocrx_word' id='word_1_192' title='bbox 638 2604 852 2644; x_wconf 89' lang='lat' dir='ltr'><strong>omnem</strong></span> <span class='ocrx_word' id='word_1_193' title='bbox 883 2604 994 2643; x_wconf 89' lang='lat' dir='ltr'><strong>rem</strong></span> <span class='ocrx_word' id='word_1_194' title='bbox 1049 2587 1150 2643; x_wconf 84' lang='lat' dir='ltr'><strong>Job</strong></span> <span class='ocrx_word' id='word_1_195' title='bbox 1183 2589 1238 2644; x_wconf 92' lang='lat' dir='ltr'><strong>in</strong></span> <span class='ocrx_word' id='word_1_196' title='bbox 1268 2597 1590 2658; x_wconf 86' lang='lat' dir='ltr'><strong>potestatem</strong></span> <span class='ocrx_word' id='word_1_197' title='bbox 1613 2589 1734 2643; x_wconf 86' lang='lat' dir='ltr'><strong>dia-</strong></span> 
     </span>
    </p>
   </div>
   <div class='ocr_carea' id='block_1_27' title="bbox 145 2680 1735 2753">
    <p class='ocr_par' dir='ltr' id='par_1_27' title="bbox 145 2680 1735 2753">
     <span class='ocr_line' id='line_1_27' title="bbox 145 2680 1735 2753; baseline -0.001 -17"><span class='ocrx_word' id='word_1_198' title='bbox 145 2682 273 2747; x_wconf 89' lang='lat' dir='ltr'><strong>boli,</strong></span> <span class='ocrx_word' id='word_1_199' title='bbox 301 2692 361 2738; x_wconf 88' lang='lat' dir='ltr'><strong>et</strong></span> <span class='ocrx_word' id='word_1_200' title='bbox 399 2683 625 2753; x_wconf 89' lang='lat' dir='ltr'><strong>perdere</strong></span> <span class='ocrx_word' id='word_1_201' title='bbox 650 2694 808 2736; x_wconf 89' lang='lat' dir='ltr'><strong>omne</strong></span> <span class='ocrx_word' id='word_1_202' title='bbox 840 2681 1106 2750; x_wconf 89' lang='lat' dir='ltr'><strong>peculium</strong></span> <span class='ocrx_word' id='word_1_203' title='bbox 1130 2696 1195 2736; x_wconf 90' lang='lat' dir='ltr'><strong>ac</strong></span> <span class='ocrx_word' id='word_1_204' title='bbox 1232 2680 1375 2736; x_wconf 90' lang='lat' dir='ltr'><strong>ﬁlios</strong></span> <span class='ocrx_word' id='word_1_205' title='bbox 1434 2681 1593 2751; x_wconf 81' lang='lat' dir='ltr'><strong>juxta</strong></span> <span class='ocrx_word' id='word_1_206' title='bbox 1642 2695 1735 2735; x_wconf 90' lang='lat' dir='ltr'><strong>vo-</strong></span> 
     </span>
    </p>
   </div>
   <div class='ocr_carea' id='block_1_28' title="bbox 146 2772 1733 2843">
    <p class='ocr_par' dir='ltr' id='par_1_28' title="bbox 146 2772 1733 2843">
     <span class='ocr_line' id='line_1_28' title="bbox 146 2772 1733 2843; baseline 0 -16"><span class='ocrx_word' id='word_1_207' title='bbox 146 2775 413 2829; x_wconf 89' lang='lat' dir='ltr'><strong>luntatem</strong></span> <span class='ocrx_word' id='word_1_208' title='bbox 436 2789 589 2828; x_wconf 86' lang='lat' dir='ltr'><strong>suam</strong></span> <span class='ocrx_word' id='word_1_209' title='bbox 610 2774 1001 2843; x_wconf 84' lang='lat' dir='ltr'><strong>permitterem,</strong></span> <span class='ocrx_word' id='word_1_210' title='bbox 1025 2786 1299 2840; x_wconf 90' lang='lat' dir='ltr'><strong>nunquam</strong></span> <span class='ocrx_word' id='word_1_211' title='bbox 1326 2772 1512 2841; x_wconf 89' lang='lat' dir='ltr'><strong>utique</strong></span> <span class='ocrx_word' id='word_1_212' title='bbox 1530 2786 1733 2840; x_wconf 82' lang='lat' dir='ltr'><strong>cogno-</strong></span> 
     </span>
    </p>
   </div>
   <div class='ocr_carea' id='block_1_29' title="bbox 145 2864 1733 2934">
    <p class='ocr_par' dir='ltr' id='par_1_29' title="bbox 145 2864 1733 2934">
     <span class='ocr_line' id='line_1_29' title="bbox 145 2864 1733 2934; baseline 0.002 -17"><span class='ocrx_word' id='word_1_213' title='bbox 145 2875 325 2919; x_wconf 72' lang='lat' dir='ltr'><strong>sceret</strong></span> <span class='ocrx_word' id='word_1_214' title='bbox 360 2864 630 2929; x_wconf 88' lang='lat' dir='ltr'><strong>diabolus,</strong></span> <span class='ocrx_word' id='word_1_215' title='bbox 664 2865 789 2934; x_wconf 88' lang='lat' dir='ltr'><strong>quia</strong></span> <span class='ocrx_word' id='word_1_216' title='bbox 834 2879 939 2919; x_wconf 89' lang='lat' dir='ltr'><strong>non</strong></span> <span class='ocrx_word' id='word_1_217' title='bbox 980 2874 1200 2934; x_wconf 86' lang='lat' dir='ltr'><strong>propter</strong></span> <span class='ocrx_word' id='word_1_218' title='bbox 1242 2879 1357 2919; x_wconf 91' lang='lat' dir='ltr'><strong>rem</strong></span> <span class='ocrx_word' id='word_1_219' title='bbox 1387 2864 1617 2920; x_wconf 91' lang='lat' dir='ltr'><strong>coluerit</strong></span> <span class='ocrx_word' id='word_1_220' title='bbox 1646 2880 1733 2920; x_wconf 91' lang='lat' dir='ltr'><strong>me</strong></span> 
     </span>
    </p>
   </div>
   <div class='ocr_carea' id='block_1_30' title="bbox 145 2951 1733 3024">
    <p class='ocr_par' dir='ltr' id='par_1_30' title="bbox 145 2951 1733 3024">
     <span class='ocr_line' id='line_1_30' title="bbox 145 2951 1733 3024; baseline 0.001 -17"><span class='ocrx_word' id='word_1_221' title='bbox 145 2951 264 3019; x_wconf 85' lang='lat' dir='ltr'><strong>Job,</strong></span> <span class='ocrx_word' id='word_1_222' title='bbox 334 2956 431 3009; x_wconf 85' lang='lat' dir='ltr'><strong>sed</strong></span> <span class='ocrx_word' id='word_1_223' title='bbox 481 2966 702 3024; x_wconf 90' lang='lat' dir='ltr'><strong>propter</strong></span> <span class='ocrx_word' id='word_1_224' title='bbox 756 2954 1078 3009; x_wconf 88' lang='lat' dir='ltr'><strong>charitatem</strong></span> <span class='ocrx_word' id='word_1_225' title='bbox 1133 2969 1147 3007; x_wconf 91' lang='lat'><strong>:</strong></span> <span class='ocrx_word' id='word_1_226' title='bbox 1198 2967 1478 3024; x_wconf 85' lang='lat' dir='ltr'><strong>nunquam</strong></span> <span class='ocrx_word' id='word_1_227' title='bbox 1546 2954 1733 3023; x_wconf 89' lang='lat' dir='ltr'><strong>utique</strong></span> 
     </span>
    </p>
   </div>
   <div class='ocr_carea' id='block_1_31' title="bbox 145 3044 1733 3113">
    <p class='ocr_par' dir='ltr' id='par_1_31' title="bbox 145 3044 1733 3113">
     <span class='ocr_line' id='line_1_31' title="bbox 145 3044 1733 3113; baseline 0.001 -16"><span class='ocrx_word' id='word_1_228' title='bbox 145 3045 458 3112; x_wconf 88' lang='lat' dir='ltr'><strong>quiesceret</strong></span> <span class='ocrx_word' id='word_1_229' title='bbox 491 3044 913 3113; x_wconf 88' lang='lat' dir='ltr'><strong>blasphemando</strong></span> <span class='ocrx_word' id='word_1_230' title='bbox 938 3053 1158 3100; x_wconf 89' lang='lat' dir='ltr'><strong>sanctos</strong></span> <span class='ocrx_word' id='word_1_231' title='bbox 1201 3055 1329 3098; x_wconf 86' lang='lat' dir='ltr'><strong>ante</strong></span> <span class='ocrx_word' id='word_1_232' title='bbox 1357 3044 1525 3098; x_wconf 88' lang='lat' dir='ltr'><strong>Deum</strong></span> <span class='ocrx_word' id='word_1_233' title='bbox 1558 3052 1612 3098; x_wconf 87' lang='lat' dir='ltr'><strong>et</strong></span> <span class='ocrx_word' id='word_1_234' title='bbox 1634 3045 1733 3099; x_wconf 92' lang='lat' dir='ltr'><strong>bo-</strong></span> 
     </span>
    </p>
   </div>
   <div class='ocr_carea' id='block_1_32' title="bbox 146 3135 1732 3205">
    <p class='ocr_par' dir='ltr' id='par_1_32' title="bbox 146 3135 1732 3205">
     <span class='ocr_line' id='line_1_32' title="bbox 146 3135 1732 3205; baseline 0.001 -16"><span class='ocrx_word' id='word_1_235' title='bbox 146 3136 346 3198; x_wconf 86' lang='lat' dir='ltr'><strong>mines,</strong></span> <span class='ocrx_word' id='word_1_236' title='bbox 404 3135 498 3189; x_wconf 87' lang='lat' dir='ltr'><strong>sed</strong></span> <span class='ocrx_word' id='word_1_237' title='bbox 552 3135 605 3189; x_wconf 92' lang='lat' dir='ltr'><strong>in</strong></span> <span class='ocrx_word' id='word_1_238' title='bbox 663 3137 764 3191; x_wconf 88' lang='lat' dir='ltr'><strong>hoc</strong></span> <span class='ocrx_word' id='word_1_239' title='bbox 806 3145 977 3190; x_wconf 87' lang='lat' dir='ltr'><strong>staret</strong></span> <span class='ocrx_word' id='word_1_240' title='bbox 1014 3146 1175 3205; x_wconf 92' lang='lat' dir='ltr'><strong>atque</strong></span> <span class='ocrx_word' id='word_1_241' title='bbox 1237 3149 1429 3190; x_wconf 89' lang='lat' dir='ltr'><strong>omnes</strong></span> <span class='ocrx_word' id='word_1_242' title='bbox 1481 3136 1732 3191; x_wconf 83' lang='lat' dir='ltr'><strong>homines</strong></span> 
     </span>
    </p>
   </div>
   <div class='ocr_carea' id='block_1_33' title="bbox 144 3225 1729 3296">
    <p class='ocr_par' dir='ltr' id='par_1_33' title="bbox 144 3225 1729 3296">
     <span class='ocr_line' id='line_1_33' title="bbox 144 3225 1729 3296; baseline 0.001 -17"><span class='ocrx_word' id='word_1_243' title='bbox 144 3225 566 3293; x_wconf 79' lang='lat' dir='ltr'><strong>scandalizaret,</strong></span> <span class='ocrx_word' id='word_1_244' title='bbox 590 3227 713 3296; x_wconf 86' lang='lat' dir='ltr'><strong>quia</strong></span> <span class='ocrx_word' id='word_1_245' title='bbox 736 3236 791 3281; x_wconf 91' lang='lat' dir='ltr'><strong>et</strong></span> <span class='ocrx_word' id='word_1_246' title='bbox 827 3227 970 3282; x_wconf 88' lang='lat' dir='ltr'><strong>Deus</strong></span> <span class='ocrx_word' id='word_1_247' title='bbox 1000 3227 1373 3282; x_wconf 80' lang='lat' dir='ltr'><strong>favorabiliter</strong></span> <span class='ocrx_word' id='word_1_248' title='bbox 1421 3227 1729 3283; x_wconf 90' lang='lat' dir='ltr'><strong>colentibus</strong></span> 
     </span>
    </p>
   </div>
   <div class='ocr_carea' id='block_1_34' title="bbox 143 3317 1732 3388">
    <p class='ocr_par' dir='ltr' id='par_1_34' title="bbox 143 3317 1732 3388">
     <span class='ocr_line' id='line_1_34' title="bbox 143 3317 1732 3388; baseline 0 -15"><span class='ocrx_word' id='word_1_249' title='bbox 143 3334 199 3373; x_wconf 86' lang='lat' dir='ltr'><strong>se</strong></span> <span class='ocrx_word' id='word_1_250' title='bbox 228 3335 346 3375; x_wconf 88' lang='lat' dir='ltr'><strong>rem</strong></span> <span class='ocrx_word' id='word_1_251' title='bbox 371 3321 543 3385; x_wconf 84' lang='lat' dir='ltr'><strong>daret,</strong></span> <span class='ocrx_word' id='word_1_252' title='bbox 615 3329 669 3373; x_wconf 89' lang='lat' dir='ltr'><strong>et</strong></span> <span class='ocrx_word' id='word_1_253' title='bbox 726 3319 962 3375; x_wconf 89' lang='lat' dir='ltr'><strong>colentes</strong></span> <span class='ocrx_word' id='word_1_254' title='bbox 1014 3318 1163 3373; x_wconf 91' lang='lat' dir='ltr'><strong>illum</strong></span> <span class='ocrx_word' id='word_1_255' title='bbox 1219 3333 1324 3373; x_wconf 92' lang='lat' dir='ltr'><strong>non</strong></span> <span class='ocrx_word' id='word_1_256' title='bbox 1350 3326 1573 3388; x_wconf 89' lang='lat' dir='ltr'><strong>propter</strong></span> <span class='ocrx_word' id='word_1_257' title='bbox 1606 3317 1732 3373; x_wconf 90' lang='lat' dir='ltr'><strong>dile-</strong></span> 
     </span>
    </p>
   </div>
   <div class='ocr_carea' id='block_1_35' title="bbox 145 3410 1731 3481">
    <p class='ocr_par' dir='ltr' id='par_1_35' title="bbox 145 3410 1731 3481">
     <span class='ocr_line' id='line_1_35' title="bbox 145 3410 1731 3481; baseline -0.001 -16"><span class='ocrx_word' id='word_1_258' title='bbox 145 3413 411 3474; x_wconf 87' lang='lat' dir='ltr'><strong>ctionem,</strong></span> <span class='ocrx_word' id='word_1_259' title='bbox 444 3412 540 3465; x_wconf 89' lang='lat' dir='ltr'><strong>sed</strong></span> <span class='ocrx_word' id='word_1_260' title='bbox 576 3422 797 3480; x_wconf 80' lang='lat' dir='ltr'><strong>propter</strong></span> <span class='ocrx_word' id='word_1_261' title='bbox 836 3411 914 3466; x_wconf 91' lang='lat' dir='ltr'><strong>rei</strong></span> <span class='ocrx_word' id='word_1_262' title='bbox 964 3410 1252 3465; x_wconf 79' lang='lat' dir='ltr'><strong>familiaris</strong></span> <span class='ocrx_word' id='word_1_263' title='bbox 1272 3411 1501 3481; x_wconf 80' lang='lat' dir='ltr'><strong>gratiam</strong></span> <span class='ocrx_word' id='word_1_264' title='bbox 1534 3410 1584 3465; x_wconf 91' lang='lat' dir='ltr'><strong>ei</strong></span> <span class='ocrx_word' id='word_1_265' title='bbox 1615 3424 1731 3464; x_wconf 81' lang='lat' dir='ltr'><strong>ser-</strong></span> 
     </span>
    </p>
   </div>
   <div class='ocr_carea' id='block_1_36' title="bbox 146 3495 1729 3571">
    <p class='ocr_par' dir='ltr' id='par_1_36' title="bbox 146 3495 1729 3571">
     <span class='ocr_line' id='line_1_36' title="bbox 146 3495 1729 3571; baseline -0.002 -17"><span class='ocrx_word' id='word_1_266' title='bbox 146 3503 348 3556; x_wconf 78' lang='lat' dir='ltr'><strong>virent.</strong></span> <span class='ocrx_word' id='word_1_267' title='bbox 389 3500 582 3555; x_wconf 82' lang='lat' dir='ltr'><strong>Merito</strong></span> <span class='ocrx_word' id='word_1_268' title='bbox 613 3515 745 3571; x_wconf 90' lang='lat' dir='ltr'><strong>ergo</strong></span> <span class='ocrx_word' id='word_1_269' title='bbox 774 3515 842 3555; x_wconf 92' lang='lat' dir='ltr'><strong>ne</strong></span> <span class='ocrx_word' id='word_1_270' title='bbox 889 3509 1072 3570; x_wconf 87' lang='lat' dir='ltr'><strong>posset</strong></span> <span class='ocrx_word' id='word_1_271' title='bbox 1105 3500 1220 3555; x_wconf 65' lang='lat' dir='ltr'><strong>haec</strong></span> <span class='ocrx_word' id='word_1_272' title='bbox 1250 3500 1432 3553; x_wconf 89' lang='lat' dir='ltr'><strong>dicere</strong></span> <span class='ocrx_word' id='word_1_273' title='bbox 1460 3495 1729 3561; x_wconf 86' lang='lat' dir='ltr'><strong>diabolus,</strong></span> 
     </span>
    </p>
   </div>
   <div class='ocr_carea' id='block_1_37' title="bbox 147 3588 1734 3659">
    <p class='ocr_par' dir='ltr' id='par_1_37' title="bbox 147 3588 1734 3659">
     <span class='ocr_line' id='line_1_37' title="bbox 147 3588 1734 3659; baseline -0.003 -14"><span class='ocrx_word' id='word_1_274' title='bbox 147 3592 391 3647; x_wconf 88' lang='lat' dir='ltr'><strong>deditilli</strong></span> <span class='ocrx_word' id='word_1_275' title='bbox 438 3592 492 3645; x_wconf 92' lang='lat' dir='ltr'><strong>in</strong></span> <span class='ocrx_word' id='word_1_276' title='bbox 518 3601 837 3659; x_wconf 88' lang='lat' dir='ltr'><strong>potestatem</strong></span> <span class='ocrx_word' id='word_1_277' title='bbox 863 3600 917 3645; x_wconf 92' lang='lat' dir='ltr'><strong>et</strong></span> <span class='ocrx_word' id='word_1_278' title='bbox 953 3605 1065 3647; x_wconf 87' lang='lat' dir='ltr'><strong>rem</strong></span> <span class='ocrx_word' id='word_1_279' title='bbox 1105 3588 1234 3654; x_wconf 89' lang='lat' dir='ltr'><strong>Job,</strong></span> <span class='ocrx_word' id='word_1_280' title='bbox 1260 3598 1316 3644; x_wconf 92' lang='lat' dir='ltr'><strong>et</strong></span> <span class='ocrx_word' id='word_1_281' title='bbox 1340 3589 1500 3656; x_wconf 87' lang='lat' dir='ltr'><strong>ﬁlios,</strong></span> <span class='ocrx_word' id='word_1_282' title='bbox 1524 3600 1580 3644; x_wconf 90' lang='lat' dir='ltr'><strong>et</strong></span> <span class='ocrx_word' id='word_1_283' title='bbox 1611 3599 1734 3658; x_wconf 90' lang='lat' dir='ltr'><strong>post</strong></span> 
     </span>
    </p>
   </div>
   <div class='ocr_carea' id='block_1_38' title="bbox 147 3677 1733 3751">
    <p class='ocr_par' dir='ltr' id='par_1_38' title="bbox 147 3677 1733 3751">
     <span class='ocr_line' id='line_1_38' title="bbox 147 3677 1733 3751; baseline -0.001 -17"><span class='ocrx_word' id='word_1_284' title='bbox 147 3682 427 3751; x_wconf 83' lang='lat' dir='ltr'><strong>paululum</strong></span> <span class='ocrx_word' id='word_1_285' title='bbox 458 3682 630 3750; x_wconf 90' lang='lat' dir='ltr'><strong>ipsum</strong></span> <span class='ocrx_word' id='word_1_286' title='bbox 654 3696 849 3751; x_wconf 87' lang='lat' dir='ltr'><strong>corpus</strong></span> <span class='ocrx_word' id='word_1_287' title='bbox 878 3681 991 3750; x_wconf 89' lang='lat' dir='ltr'><strong>ejus</strong></span> <span class='ocrx_word' id='word_1_288' title='bbox 1043 3682 1110 3735; x_wconf 85' lang='lat' dir='ltr'><strong>ad</strong></span> <span class='ocrx_word' id='word_1_289' title='bbox 1145 3678 1488 3750; x_wconf 87' lang='lat' dir='ltr'><strong>supplicium.</strong></span> <span class='ocrx_word' id='word_1_290' title='bbox 1517 3677 1576 3732; x_wconf 90' lang='lat' dir='ltr'><strong>Si</strong></span> <span class='ocrx_word' id='word_1_291' title='bbox 1605 3694 1733 3747; x_wconf 82' lang='lat' dir='ltr'><strong>ergo</strong></span> 
     </span>
    </p>
   </div>
   <div class='ocr_carea' id='block_1_39' title="bbox 146 3769 1729 3841">
    <p class='ocr_par' dir='ltr' id='par_1_39' title="bbox 146 3769 1729 3841">
     <span class='ocr_line' id='line_1_39' title="bbox 146 3769 1729 3841; baseline -0.002 -16"><span class='ocrx_word' id='word_1_292' title='bbox 146 3788 269 3825; x_wconf 90' lang='lat' dir='ltr'><strong>cum</strong></span> <span class='ocrx_word' id='word_1_293' title='bbox 295 3782 444 3826; x_wconf 89' lang='lat' dir='ltr'><strong>tanta</strong></span> <span class='ocrx_word' id='word_1_294' title='bbox 504 3772 815 3841; x_wconf 89' lang='lat' dir='ltr'><strong>ingessisset</strong></span> <span class='ocrx_word' id='word_1_295' title='bbox 863 3770 986 3835; x_wconf 86' lang='lat' dir='ltr'><strong>Job,</strong></span> <span class='ocrx_word' id='word_1_296' title='bbox 1014 3781 1068 3825; x_wconf 92' lang='lat' dir='ltr'><strong>et</strong></span> <span class='ocrx_word' id='word_1_297' title='bbox 1109 3770 1199 3825; x_wconf 92' lang='lat' dir='ltr'><strong>ille</strong></span> <span class='ocrx_word' id='word_1_298' title='bbox 1225 3770 1277 3824; x_wconf 94' lang='lat' dir='ltr'><strong>in</strong></span> <span class='ocrx_word' id='word_1_299' title='bbox 1304 3769 1494 3825; x_wconf 87' lang='lat' dir='ltr'><strong>iisdem</strong></span> <span class='ocrx_word' id='word_1_300' title='bbox 1521 3769 1729 3838; x_wconf 84' lang='lat' dir='ltr'><strong>gratia-</strong></span> 
     </span>
    </p>
   </div>
   <div class='ocr_carea' id='block_1_40' title="bbox 148 3861 1733 3933">
    <p class='ocr_par' dir='ltr' id='par_1_40' title="bbox 148 3861 1733 3933">
     <span class='ocr_line' id='line_1_40' title="bbox 148 3861 1733 3933; baseline -0.004 -16"><span class='ocrx_word' id='word_1_301' title='bbox 148 3879 268 3917; x_wconf 89' lang='lat' dir='ltr'><strong>rum</strong></span> <span class='ocrx_word' id='word_1_302' title='bbox 296 3863 601 3917; x_wconf 87' lang='lat' dir='ltr'><strong>actionibus</strong></span> <span class='ocrx_word' id='word_1_303' title='bbox 656 3873 816 3933; x_wconf 90' lang='lat' dir='ltr'><strong>atque</strong></span> <span class='ocrx_word' id='word_1_304' title='bbox 871 3861 1307 3917; x_wconf 88' lang='lat' dir='ltr'><strong>confessionibus</strong></span> <span class='ocrx_word' id='word_1_305' title='bbox 1354 3868 1733 3931; x_wconf 81' lang='lat' dir='ltr'><strong>perseveraret</strong></span> 
     </span>
    </p>
   </div>
   <div class='ocr_carea' id='block_1_41' title="bbox 146 3952 1733 4024">
    <p class='ocr_par' dir='ltr' id='par_1_41' title="bbox 146 3952 1733 4024">
     <span class='ocr_line' id='line_1_41' title="bbox 146 3952 1733 4024; baseline -0.004 -15"><span class='ocrx_word' id='word_1_306' title='bbox 146 3956 348 4019; x_wconf 84' lang='lat' dir='ltr'><strong>adhuc,</strong></span> <span class='ocrx_word' id='word_1_307' title='bbox 408 3969 572 4024; x_wconf 89' lang='lat' dir='ltr'><strong>super</strong></span> <span class='ocrx_word' id='word_1_308' title='bbox 625 3954 740 4008; x_wconf 74' lang='grc'><strong>11100</strong></span> <span class='ocrx_word' id='word_1_309' title='bbox 791 3955 971 4008; x_wconf 91' lang='lat' dir='ltr'><strong>omnia</strong></span> <span class='ocrx_word' id='word_1_310' title='bbox 1028 3953 1219 4008; x_wconf 90' lang='lat' dir='ltr'><strong>eadem</strong></span> <span class='ocrx_word' id='word_1_311' title='bbox 1259 3967 1388 4008; x_wconf 84' lang='lat' dir='ltr'><strong>usus</strong></span> <span class='ocrx_word' id='word_1_312' title='bbox 1423 3960 1507 4007; x_wconf 90' lang='lat' dir='ltr'><strong>est</strong></span> <span class='ocrx_word' id='word_1_313' title='bbox 1557 3952 1733 4020; x_wconf 87' lang='lat' dir='ltr'><strong>impu-</strong></span> 
     </span>
    </p>
   </div>
   <div class='ocr_carea' id='block_1_42' title="bbox 147 4044 1734 4116">
    <p class='ocr_par' dir='ltr' id='par_1_42' title="bbox 147 4044 1734 4116">
     <span class='ocr_line' id='line_1_42' title="bbox 147 4044 1734 4116; baseline -0.003 -16"><span class='ocrx_word' id='word_1_314' title='bbox 147 4048 329 4102; x_wconf 87' lang='lat' dir='ltr'><strong>dentia</strong></span> <span class='ocrx_word' id='word_1_315' title='bbox 391 4058 557 4116; x_wconf 90' lang='lat' dir='ltr'><strong>atque</strong></span> <span class='ocrx_word' id='word_1_316' title='bbox 605 4046 950 4116; x_wconf 88' lang='lat' dir='ltr'><strong>improbitate</strong></span> <span class='ocrx_word' id='word_1_317' title='bbox 987 4044 1173 4099; x_wconf 89' lang='lat' dir='ltr'><strong>dicens</strong></span> <span class='ocrx_word' id='word_1_318' title='bbox 1206 4061 1223 4099; x_wconf 86' lang='lat'><strong>:</strong></span> <span class='ocrx_word' id='word_1_319' title='bbox 1259 4044 1477 4099; x_wconf 83' lang='lat' dir='ltr'><strong>Corium</strong></span> <span class='ocrx_word' id='word_1_320' title='bbox 1522 4059 1617 4111; x_wconf 89' lang='lat' dir='ltr'><strong>pro</strong></span> <span class='ocrx_word' id='word_1_321' title='bbox 1643 4059 1734 4096; x_wconf 87' lang='lat' dir='ltr'><strong>co-</strong></span> 
     </span>
    </p>
   </div>
   <div class='ocr_carea' id='block_1_43' title="bbox 148 4129 1734 4207">
    <p class='ocr_par' dir='ltr' id='par_1_43' title="bbox 148 4129 1734 4207">
     <span class='ocr_line' id='line_1_43' title="bbox 148 4129 1734 4207; baseline -0.001 -18"><span class='ocrx_word' id='word_1_322' title='bbox 148 4155 229 4191; x_wconf 78' lang='lat' dir='ltr'><strong>rio</strong></span> <span class='ocrx_word' id='word_1_323' title='bbox 266 4138 319 4169; x_wconf 82' lang='grc'><strong>⁷⁸</strong></span> <span class='ocrx_word' id='word_1_324' title='bbox 356 4154 369 4190; x_wconf 86' lang='lat'><strong>:</strong></span> <span class='ocrx_word' id='word_1_325' title='bbox 417 4136 549 4207; x_wconf 85' lang='lat' dir='ltr'><strong>quiti</strong></span> <span class='ocrx_word' id='word_1_326' title='bbox 591 4136 795 4191; x_wconf 88' lang='lat' dir='ltr'><strong>faceret</strong></span> <span class='ocrx_word' id='word_1_327' title='bbox 818 4136 863 4190; x_wconf 92' lang='lat' dir='ltr'><strong>si</strong></span> <span class='ocrx_word' id='word_1_328' title='bbox 890 4135 1131 4189; x_wconf 90' lang='lat' dir='ltr'><strong>omnium</strong></span> <span class='ocrx_word' id='word_1_329' title='bbox 1175 4134 1433 4188; x_wconf 90' lang='lat' dir='ltr'><strong>bonorum</strong></span> <span class='ocrx_word' id='word_1_330' title='bbox 1456 4129 1557 4186; x_wconf 91' lang='lat' dir='ltr'><strong>Job</strong></span> <span class='ocrx_word' id='word_1_331' title='bbox 1584 4143 1734 4202; x_wconf 88' lang='lat' dir='ltr'><strong>pote-</strong></span> 
     </span>
    </p>
   </div>
   <div class='ocr_carea' id='block_1_44' title="bbox 146 4225 1734 4299">
    <p class='ocr_par' dir='ltr' id='par_1_44' title="bbox 146 4225 1734 4299">
     <span class='ocr_line' id='line_1_44' title="bbox 146 4225 1734 4299; baseline -0.004 -14"><span class='ocrx_word' id='word_1_332' title='bbox 146 4243 343 4286; x_wconf 85' lang='lat' dir='ltr'><strong>statem</strong></span> <span class='ocrx_word' id='word_1_333' title='bbox 368 4246 474 4284; x_wconf 91' lang='lat' dir='ltr'><strong>non</strong></span> <span class='ocrx_word' id='word_1_334' title='bbox 488 4228 790 4299; x_wconf 84' lang='lat' dir='ltr'><strong>acciperet?</strong></span> <span class='ocrx_word' id='word_1_335' title='bbox 808 4229 887 4283; x_wconf 92' lang='lat' dir='ltr'><strong>Ob</strong></span> <span class='ocrx_word' id='word_1_336' title='bbox 910 4228 1033 4293; x_wconf 91' lang='lat' dir='ltr'><strong>hoc,</strong></span> <span class='ocrx_word' id='word_1_337' title='bbox 1053 4225 1317 4296; x_wconf 91' lang='lat' dir='ltr'><strong>inquit,in</strong></span> <span class='ocrx_word' id='word_1_338' title='bbox 1336 4233 1597 4295; x_wconf 87' lang='lat' dir='ltr'><strong>potestate</strong></span> <span class='ocrx_word' id='word_1_339' title='bbox 1616 4225 1734 4294; x_wconf 86' lang='lat' dir='ltr'><strong>ejus</strong></span> 
     </span>
    </p>
   </div>
   <div class='ocr_carea' id='block_1_45' title="bbox 150 4316 1734 4392">
    <p class='ocr_par' dir='ltr' id='par_1_45' title="bbox 150 4316 1734 4392">
     <span class='ocr_line' id='line_1_45' title="bbox 150 4316 1734 4392; baseline -0.005 -15"><span class='ocrx_word' id='word_1_340' title='bbox 150 4326 374 4389; x_wconf 79' lang='lat' dir='ltr'><strong>tradidi,</strong></span> <span class='ocrx_word' id='word_1_341' title='bbox 427 4340 536 4379; x_wconf 94' lang='lat' dir='ltr'><strong>non</strong></span> <span class='ocrx_word' id='word_1_342' title='bbox 581 4326 725 4392; x_wconf 91' lang='lat' dir='ltr'><strong>quod</strong></span> <span class='ocrx_word' id='word_1_343' title='bbox 783 4320 998 4375; x_wconf 87' lang='lat' dir='ltr'><strong>diabolo</strong></span> <span class='ocrx_word' id='word_1_344' title='bbox 1053 4318 1268 4389; x_wconf 91' lang='lat' dir='ltr'><strong>placere</strong></span> <span class='ocrx_word' id='word_1_345' title='bbox 1308 4317 1598 4379; x_wconf 86' lang='lat' dir='ltr'><strong>voluerim,</strong></span> <span class='ocrx_word' id='word_1_346' title='bbox 1640 4316 1734 4370; x_wconf 89' lang='lat' dir='ltr'><strong>sed</strong></span> 
     </span>
    </p>
   </div>
   <div class='ocr_carea' id='block_1_46' title="bbox 151 4404 1733 4479">
    <p class='ocr_par' dir='ltr' id='par_1_46' title="bbox 151 4404 1733 4479">
     <span class='ocr_line' id='line_1_46' title="bbox 151 4404 1733 4479; baseline -0.006 -10"><span class='ocrx_word' id='word_1_347' title='bbox 151 4428 325 4471; x_wconf 90' lang='lat' dir='ltr'><strong>totum</strong></span> <span class='ocrx_word' id='word_1_348' title='bbox 349 4416 609 4471; x_wconf 89' lang='lat' dir='ltr'><strong>mundum</strong></span> <span class='ocrx_word' id='word_1_349' title='bbox 676 4404 972 4468; x_wconf 75' lang='lat' dir='ltr'><strong>informare</strong></span> <span class='ocrx_word' id='word_1_350' title='bbox 1020 4412 1305 4475; x_wconf 88' lang='lat' dir='ltr'><strong>festinans,</strong></span> <span class='ocrx_word' id='word_1_351' title='bbox 1356 4423 1478 4479; x_wconf 73' lang='lat' dir='ltr'><strong>quae</strong></span> <span class='ocrx_word' id='word_1_352' title='bbox 1518 4408 1588 4462; x_wconf 85' lang='lat' dir='ltr'><strong>sit</strong></span> <span class='ocrx_word' id='word_1_353' title='bbox 1617 4422 1733 4461; x_wconf 91' lang='lat' dir='ltr'><strong>mea</strong></span> 
     </span>
    </p>
   </div>
   <div class='ocr_carea' id='block_1_47' title="bbox 145 4500 1736 4580">
    <p class='ocr_par' dir='ltr' id='par_1_47' title="bbox 145 4500 1736 4580">
     <span class='ocr_line' id='line_1_47' title="bbox 145 4500 1736 4580; baseline -0.006 -18"><span class='ocrx_word' id='word_1_354' title='bbox 145 4511 380 4580; x_wconf 85' lang='lat' dir='ltr'><strong>jnslilia,</strong></span> <span class='ocrx_word' id='word_1_355' title='bbox 432 4518 491 4563; x_wconf 89' lang='lat' dir='ltr'><strong>et</strong></span> <span class='ocrx_word' id='word_1_356' title='bbox 552 4507 752 4562; x_wconf 90' lang='lat' dir='ltr'><strong>diaboli</strong></span> <span class='ocrx_word' id='word_1_357' title='bbox 798 4504 1081 4574; x_wconf 86' lang='lat' dir='ltr'><strong>iniquitas,</strong></span> <span class='ocrx_word' id='word_1_358' title='bbox 1141 4502 1280 4557; x_wconf 83' lang='lat' dir='ltr'><strong>livor</strong></span> <span class='ocrx_word' id='word_1_359' title='bbox 1346 4514 1567 4571; x_wconf 90' lang='lat' dir='ltr'><strong>quoque</strong></span> <span class='ocrx_word' id='word_1_360' title='bbox 1616 4500 1736 4568; x_wconf 86' lang='lat' dir='ltr'><strong>ejus</strong></span> 
     </span>
    </p>
   </div>
   <div class='ocr_carea' id='block_1_48' title="bbox 1839 660 3418 734">
    <p class='ocr_par' dir='ltr' id='par_1_48' title="bbox 1839 660 3418 734">
     <span class='ocr_line' id='line_1_48' title="bbox 1839 660 3418 734; baseline 0.003 -19"><span class='ocrx_word' id='word_1_361' title='bbox 1839 660 2239 730; x_wconf 86' lang='lat' dir='ltr'><strong>improbitatem</strong></span> <span class='ocrx_word' id='word_1_362' title='bbox 2284 673 2445 730; x_wconf 89' lang='lat' dir='ltr'><strong>atque</strong></span> <span class='ocrx_word' id='word_1_363' title='bbox 2511 663 2926 731; x_wconf 88' lang='lat' dir='ltr'><strong>impudentiam,</strong></span> <span class='ocrx_word' id='word_1_364' title='bbox 2984 661 3157 717; x_wconf 91' lang='lat' dir='ltr'><strong>zelum</strong></span> <span class='ocrx_word' id='word_1_365' title='bbox 3201 678 3418 734; x_wconf 85' lang='lat' dir='ltr'><strong>quoque</strong></span> 
     </span>
    </p>
   </div>
   <div class='ocr_carea' id='block_1_49' title="bbox 1838 753 3415 824">
    <p class='ocr_par' dir='ltr' id='par_1_49' title="bbox 1838 753 3415 824">
     <span class='ocr_line' id='line_1_49' title="bbox 1838 753 3415 824; baseline 0.001 -15"><span class='ocrx_word' id='word_1_366' title='bbox 1838 770 1904 809; x_wconf 87' lang='lat' dir='ltr'><strong>ac</strong></span> <span class='ocrx_word' id='word_1_367' title='bbox 1959 755 2216 809; x_wconf 83' lang='lat' dir='ltr'><strong>invidiam</strong></span> <span class='ocrx_word' id='word_1_368' title='bbox 2272 754 2496 823; x_wconf 75' lang='lat' dir='ltr'><strong>maligni</strong></span> <span class='ocrx_word' id='word_1_369' title='bbox 2544 770 2707 824; x_wconf 91' lang='lat' dir='ltr'><strong>quam</strong></span> <span class='ocrx_word' id='word_1_370' title='bbox 2760 754 2926 807; x_wconf 87' lang='lat' dir='ltr'><strong>habet</strong></span> <span class='ocrx_word' id='word_1_371' title='bbox 2976 753 3123 809; x_wconf 91' lang='lat' dir='ltr'><strong>circa</strong></span> <span class='ocrx_word' id='word_1_372' title='bbox 3173 767 3415 819; x_wconf 89' lang='lat' dir='ltr'><strong>sanctos,</strong></span> 
     </span>
    </p>
   </div>
   <div class='ocr_carea' id='block_1_50' title="bbox 1839 844 3412 914">
    <p class='ocr_par' dir='ltr' id='par_1_50' title="bbox 1839 844 3412 914">
     <span class='ocr_line' id='line_1_50' title="bbox 1839 844 3412 914; baseline 0.001 -16"><span class='ocrx_word' id='word_1_373' title='bbox 1839 845 1985 899; x_wconf 89' lang='lat' dir='ltr'><strong>dicta</strong></span> <span class='ocrx_word' id='word_1_374' title='bbox 2011 854 2157 901; x_wconf 90' lang='lat' dir='ltr'><strong>sunt.</strong></span> <span class='ocrx_word' id='word_1_375' title='bbox 2195 846 2275 899; x_wconf 85' lang='lat' dir='ltr'><strong>Ad</strong></span> <span class='ocrx_word' id='word_1_376' title='bbox 2304 859 2467 913; x_wconf 92' lang='lat' dir='ltr'><strong>quem</strong></span> <span class='ocrx_word' id='word_1_377' title='bbox 2511 845 2579 897; x_wconf 90' lang='lat' dir='ltr'><strong>de</strong></span> <span class='ocrx_word' id='word_1_378' title='bbox 2624 844 2743 899; x_wconf 90' lang='lat' dir='ltr'><strong>istis</strong></span> <span class='ocrx_word' id='word_1_379' title='bbox 2790 846 3019 914; x_wconf 86' lang='lat' dir='ltr'><strong>loquens</strong></span> <span class='ocrx_word' id='word_1_380' title='bbox 3057 844 3198 899; x_wconf 89' lang='lat' dir='ltr'><strong>Deus</strong></span> <span class='ocrx_word' id='word_1_381' title='bbox 3223 846 3355 900; x_wconf 89' lang='lat' dir='ltr'><strong>dicit</strong></span> <span class='ocrx_word' id='word_1_382' title='bbox 3396 862 3412 900; x_wconf 89' lang='lat'><strong>:</strong></span> 
     </span>
    </p>
   </div>
   <div class='ocr_carea' id='block_1_51' title="bbox 1841 936 3413 1007">
    <p class='ocr_par' dir='ltr' id='par_1_51' title="bbox 1841 936 3413 1007">
     <span class='ocr_line' id='line_1_51' title="bbox 1841 936 3413 1007; baseline 0 -16"><span class='ocrx_word' id='word_1_383' title='bbox 1841 937 1919 992; x_wconf 85' lang='lat' dir='ltr'><strong>Tu</strong></span> <span class='ocrx_word' id='word_1_384' title='bbox 1954 949 2131 993; x_wconf 89' lang='lat' dir='ltr'><strong>autem</strong></span> <span class='ocrx_word' id='word_1_385' title='bbox 2173 938 2351 1006; x_wconf 88' lang='lat' dir='ltr'><strong>petisti</strong></span> <span class='ocrx_word' id='word_1_386' title='bbox 2391 954 2498 990; x_wconf 88' lang='lat' dir='ltr'><strong>rem</strong></span> <span class='ocrx_word' id='word_1_387' title='bbox 2531 936 2647 1007; x_wconf 89' lang='lat' dir='ltr'><strong>ejus</strong></span> <span class='ocrx_word' id='word_1_388' title='bbox 2696 939 2912 1006; x_wconf 85' lang='lat' dir='ltr'><strong>perdere</strong></span> <span class='ocrx_word' id='word_1_389' title='bbox 2971 939 3083 991; x_wconf 94' lang='lat' dir='ltr'><strong>sine</strong></span> <span class='ocrx_word' id='word_1_390' title='bbox 3126 955 3287 992; x_wconf 84' lang='lat' dir='ltr'><strong>causa</strong></span> <span class='ocrx_word' id='word_1_391' title='bbox 3343 939 3413 991; x_wconf 87' lang='grc'><strong>⁷⁷.</strong></span> 
     </span>
    </p>
   </div>
   <div class='ocr_carea' id='block_1_52' title="bbox 1839 1026 3415 1096">
    <p class='ocr_par' dir='ltr' id='par_1_52' title="bbox 1839 1026 3415 1096">
     <span class='ocr_line' id='line_1_52' title="bbox 1839 1026 3415 1096; baseline -0.001 -14"><span class='ocrx_word' id='word_1_392' title='bbox 1839 1026 2004 1093; x_wconf 87' lang='lat' dir='ltr'><strong>Cujus</strong></span> <span class='ocrx_word' id='word_1_393' title='bbox 2036 1029 2192 1083; x_wconf 88' lang='lat' dir='ltr'><strong>rem?</strong></span> <span class='ocrx_word' id='word_1_394' title='bbox 2231 1027 2369 1082; x_wconf 87' lang='lat' dir='ltr'><strong>Justi</strong></span> <span class='ocrx_word' id='word_1_395' title='bbox 2411 1041 2474 1081; x_wconf 90' lang='lat' dir='ltr'><strong>ac</strong></span> <span class='ocrx_word' id='word_1_396' title='bbox 2506 1027 2580 1096; x_wconf 91' lang='lat' dir='ltr'><strong>pii</strong></span> <span class='ocrx_word' id='word_1_397' title='bbox 2614 1035 2777 1093; x_wconf 84' lang='lat' dir='ltr'><strong>atque</strong></span> <span class='ocrx_word' id='word_1_398' title='bbox 2806 1028 3076 1084; x_wconf 87' lang='lat' dir='ltr'><strong>credentis</strong></span> <span class='ocrx_word' id='word_1_399' title='bbox 3099 1026 3224 1082; x_wconf 90' lang='lat' dir='ltr'><strong>Job.</strong></span> <span class='ocrx_word' id='word_1_400' title='bbox 3260 1028 3415 1082; x_wconf 84' lang='lat' dir='ltr'><strong>Desi-</strong></span> 
     </span>
    </p>
   </div>
   <div class='ocr_carea' id='block_1_53' title="bbox 1838 1119 3413 1190">
    <p class='ocr_par' dir='ltr' id='par_1_53' title="bbox 1838 1119 3413 1190">
     <span class='ocr_line' id='line_1_53' title="bbox 1838 1119 3413 1190; baseline -0.001 -17"><span class='ocrx_word' id='word_1_401' title='bbox 1838 1121 2037 1174; x_wconf 86' lang='lat' dir='ltr'><strong>derain</strong></span> <span class='ocrx_word' id='word_1_402' title='bbox 2074 1137 2181 1175; x_wconf 89' lang='lat' dir='ltr'><strong>rem</strong></span> <span class='ocrx_word' id='word_1_403' title='bbox 2217 1122 2334 1190; x_wconf 90' lang='lat' dir='ltr'><strong>ejus</strong></span> <span class='ocrx_word' id='word_1_404' title='bbox 2357 1120 2574 1186; x_wconf 77' lang='lat' dir='ltr'><strong>perdere</strong></span> <span class='ocrx_word' id='word_1_405' title='bbox 2597 1119 2713 1171; x_wconf 79' lang='lat' dir='ltr'><strong>sine</strong></span> <span class='ocrx_word' id='word_1_406' title='bbox 2738 1135 2919 1183; x_wconf 84' lang='lat' dir='ltr'><strong>causa,</strong></span> <span class='ocrx_word' id='word_1_407' title='bbox 2944 1134 3042 1187; x_wconf 89' lang='lat' dir='ltr'><strong>pro</strong></span> <span class='ocrx_word' id='word_1_408' title='bbox 3072 1128 3184 1183; x_wconf 88' lang='lat' dir='ltr'><strong>tuo,</strong></span> <span class='ocrx_word' id='word_1_409' title='bbox 3215 1119 3413 1188; x_wconf 90' lang='lat' dir='ltr'><strong>inquit,</strong></span> 
     </span>
    </p>
   </div>
   <div class='ocr_carea' id='block_1_54' title="bbox 1839 1212 3413 1283">
    <p class='ocr_par' dir='ltr' id='par_1_54' title="bbox 1839 1212 3413 1283">
     <span class='ocr_line' id='line_1_54' title="bbox 1839 1212 3413 1283; baseline -0.001 -16"><span class='ocrx_word' id='word_1_410' title='bbox 1839 1213 1956 1267; x_wconf 83' lang='lat' dir='ltr'><strong>zelo</strong></span> <span class='ocrx_word' id='word_1_411' title='bbox 1994 1224 2153 1283; x_wconf 91' lang='lat' dir='ltr'><strong>atque</strong></span> <span class='ocrx_word' id='word_1_412' title='bbox 2209 1213 2450 1275; x_wconf 84' lang='lat' dir='ltr'><strong>invidia,</strong></span> <span class='ocrx_word' id='word_1_413' title='bbox 2501 1226 2599 1279; x_wconf 92' lang='lat' dir='ltr'><strong>pro</strong></span> <span class='ocrx_word' id='word_1_414' title='bbox 2650 1221 2741 1266; x_wconf 87' lang='lat' dir='ltr'><strong>tua</strong></span> <span class='ocrx_word' id='word_1_415' title='bbox 2787 1212 3017 1280; x_wconf 88' lang='lat' dir='ltr'><strong>maligna</strong></span> <span class='ocrx_word' id='word_1_416' title='bbox 3082 1212 3413 1281; x_wconf 81' lang='lat' dir='ltr'><strong>suspicione,</strong></span> 
     </span>
    </p>
   </div>
   <div class='ocr_carea' id='block_1_55' title="bbox 1836 1300 3418 1373">
    <p class='ocr_par' dir='ltr' id='par_1_55' title="bbox 1836 1300 3418 1373">
     <span class='ocr_line' id='line_1_55' title="bbox 1836 1300 3418 1373; baseline 0.001 -15"><span class='ocrx_word' id='word_1_417' title='bbox 1836 1305 2188 1361; x_wconf 88' lang='lat' dir='ltr'><strong>callidissime</strong></span> <span class='ocrx_word' id='word_1_418' title='bbox 2231 1304 2462 1359; x_wconf 90' lang='lat' dir='ltr'><strong>diabole.</strong></span> <span class='ocrx_word' id='word_1_419' title='bbox 2499 1300 2685 1355; x_wconf 79' lang='lat' dir='ltr'><strong>Petisti</strong></span> <span class='ocrx_word' id='word_1_420' title='bbox 2734 1319 2842 1356; x_wconf 84' lang='lat' dir='ltr'><strong>rem</strong></span> <span class='ocrx_word' id='word_1_421' title='bbox 2889 1304 3003 1373; x_wconf 86' lang='lat' dir='ltr'><strong>ejus</strong></span> <span class='ocrx_word' id='word_1_422' title='bbox 3048 1306 3266 1373; x_wconf 86' lang='lat' dir='ltr'><strong>perdere</strong></span> <span class='ocrx_word' id='word_1_423' title='bbox 3304 1304 3418 1359; x_wconf 82' lang='lat' dir='ltr'><strong>sine</strong></span> 
     </span>
    </p>
   </div>
   <div class='ocr_carea' id='block_1_56' title="bbox 1837 1396 3414 1468">
    <p class='ocr_par' dir='ltr' id='par_1_56' title="bbox 1837 1396 3414 1468">
     <span class='ocr_line' id='line_1_56' title="bbox 1837 1396 3414 1468; baseline 0 -18"><span class='ocrx_word' id='word_1_424' title='bbox 1837 1414 2022 1461; x_wconf 85' lang='lat' dir='ltr'><strong>causa,</strong></span> <span class='ocrx_word' id='word_1_425' title='bbox 2059 1397 2192 1452; x_wconf 89' lang='lat' dir='ltr'><strong>nihil</strong></span> <span class='ocrx_word' id='word_1_426' title='bbox 2234 1411 2498 1468; x_wconf 79' lang='lat' dir='ltr'><strong>peragens</strong></span> <span class='ocrx_word' id='word_1_427' title='bbox 2570 1397 2650 1448; x_wconf 87' lang='lat' dir='ltr'><strong>vel</strong></span> <span class='ocrx_word' id='word_1_428' title='bbox 2700 1396 3018 1465; x_wconf 89' lang='lat' dir='ltr'><strong>perﬁciens,</strong></span> <span class='ocrx_word' id='word_1_429' title='bbox 3080 1398 3181 1451; x_wconf 90' lang='lat' dir='ltr'><strong>nisi</strong></span> <span class='ocrx_word' id='word_1_430' title='bbox 3243 1398 3414 1450; x_wconf 77' lang='lat' dir='ltr'><strong>solani</strong></span> 
     </span>
    </p>
   </div>
   <div class='ocr_carea' id='block_1_57' title="bbox 1840 1489 3416 1561">
    <p class='ocr_par' dir='ltr' id='par_1_57' title="bbox 1840 1489 3416 1561">
     <span class='ocr_line' id='line_1_57' title="bbox 1840 1489 3416 1561; baseline -0.001 -18"><span class='ocrx_word' id='word_1_431' title='bbox 1840 1490 2180 1560; x_wconf 89' lang='lat' dir='ltr'><strong>iniquitatem</strong></span> <span class='ocrx_word' id='word_1_432' title='bbox 2209 1500 2357 1545; x_wconf 89' lang='lat' dir='ltr'><strong>tuam</strong></span> <span class='ocrx_word' id='word_1_433' title='bbox 2386 1505 2550 1561; x_wconf 85' lang='lat' dir='ltr'><strong>atque</strong></span> <span class='ocrx_word' id='word_1_434' title='bbox 2584 1493 2867 1546; x_wconf 88' lang='lat' dir='ltr'><strong>malitiam.</strong></span> <span class='ocrx_word' id='word_1_435' title='bbox 2912 1489 3100 1546; x_wconf 84' lang='lat' dir='ltr'><strong>Petiin</strong></span> <span class='ocrx_word' id='word_1_436' title='bbox 3144 1507 3250 1545; x_wconf 86' lang='lat' dir='ltr'><strong>rem</strong></span> <span class='ocrx_word' id='word_1_437' title='bbox 3302 1492 3416 1559; x_wconf 84' lang='lat' dir='ltr'><strong>ejus</strong></span> 
     </span>
    </p>
   </div>
   <div class='ocr_carea' id='block_1_58' title="bbox 1836 1581 3415 1653">
    <p class='ocr_par' dir='ltr' id='par_1_58' title="bbox 1836 1581 3415 1653">
     <span class='ocr_line' id='line_1_58' title="bbox 1836 1581 3415 1653; baseline 0.006 -21"><span class='ocrx_word' id='word_1_438' title='bbox 1836 1582 2055 1650; x_wconf 85' lang='lat' dir='ltr'><strong>perdere</strong></span> <span class='ocrx_word' id='word_1_439' title='bbox 2084 1583 2199 1636; x_wconf 87' lang='lat' dir='ltr'><strong>sine</strong></span> <span class='ocrx_word' id='word_1_440' title='bbox 2221 1599 2406 1637; x_wconf 88' lang='lat' dir='ltr'><strong>causa.</strong></span> <span class='ocrx_word' id='word_1_441' title='bbox 2434 1582 2607 1639; x_wconf 90' lang='lat' dir='ltr'><strong>Porro</strong></span> <span class='ocrx_word' id='word_1_442' title='bbox 2639 1585 2759 1639; x_wconf 89' lang='lat' dir='ltr'><strong>sine</strong></span> <span class='ocrx_word' id='word_1_443' title='bbox 2797 1598 2962 1638; x_wconf 87' lang='lat' dir='ltr'><strong>causa</strong></span> <span class='ocrx_word' id='word_1_444' title='bbox 3002 1583 3185 1653; x_wconf 83' lang='lat' dir='ltr'><strong>periit.</strong></span> <span class='ocrx_word' id='word_1_445' title='bbox 3235 1581 3415 1648; x_wconf 78' lang='lat' dir='ltr'><strong>Quare</strong></span> 
     </span>
    </p>
   </div>
   <div class='ocr_carea' id='block_1_59' title="bbox 1838 1672 3415 1746">
    <p class='ocr_par' dir='ltr' id='par_1_59' title="bbox 1838 1672 3415 1746">
     <span class='ocr_line' id='line_1_59' title="bbox 1838 1672 3415 1746; baseline 0.001 -20"><span class='ocrx_word' id='word_1_446' title='bbox 1838 1672 2045 1739; x_wconf 86' lang='lat' dir='ltr'><strong>periit?</strong></span> <span class='ocrx_word' id='word_1_447' title='bbox 2080 1674 2327 1738; x_wconf 90' lang='lat' dir='ltr'><strong>Diaholo,</strong></span> <span class='ocrx_word' id='word_1_448' title='bbox 2381 1676 2581 1746; x_wconf 91' lang='lat' dir='ltr'><strong>inquit,</strong></span> <span class='ocrx_word' id='word_1_449' title='bbox 2640 1676 2761 1731; x_wconf 84' lang='lat' dir='ltr'><strong>sine</strong></span> <span class='ocrx_word' id='word_1_450' title='bbox 2809 1689 2974 1729; x_wconf 90' lang='lat' dir='ltr'><strong>causa</strong></span> <span class='ocrx_word' id='word_1_451' title='bbox 3020 1675 3204 1743; x_wconf 86' lang='lat' dir='ltr'><strong>periit.</strong></span> <span class='ocrx_word' id='word_1_452' title='bbox 3266 1672 3415 1727; x_wconf 88' lang='lat' dir='ltr'><strong>Nihil</strong></span> 
     </span>
    </p>
   </div>
   <div class='ocr_carea' id='block_1_60' title="bbox 1841 1765 3414 1836">
    <p class='ocr_par' dir='ltr' id='par_1_60' title="bbox 1841 1765 3414 1836">
     <span class='ocr_line' id='line_1_60' title="bbox 1841 1765 3414 1836; baseline 0.001 -19"><span class='ocrx_word' id='word_1_453' title='bbox 1841 1765 1989 1818; x_wconf 79' lang='lat' dir='ltr'><strong>enim</strong></span> <span class='ocrx_word' id='word_1_454' title='bbox 2023 1766 2231 1836; x_wconf 75' lang='lat' dir='ltr'><strong>peregit</strong></span> <span class='ocrx_word' id='word_1_455' title='bbox 2265 1782 2440 1836; x_wconf 87' lang='lat' dir='ltr'><strong>neque</strong></span> <span class='ocrx_word' id='word_1_456' title='bbox 2469 1767 2724 1835; x_wconf 88' lang='lat' dir='ltr'><strong>perfecit,</strong></span> <span class='ocrx_word' id='word_1_457' title='bbox 2781 1783 2904 1822; x_wconf 92' lang='lat' dir='ltr'><strong>cum</strong></span> <span class='ocrx_word' id='word_1_458' title='bbox 2932 1781 3043 1821; x_wconf 90' lang='lat' dir='ltr'><strong>rem</strong></span> <span class='ocrx_word' id='word_1_459' title='bbox 3077 1766 3192 1834; x_wconf 89' lang='lat' dir='ltr'><strong>ejus</strong></span> <span class='ocrx_word' id='word_1_460' title='bbox 3218 1766 3414 1834; x_wconf 90' lang='lat' dir='ltr'><strong>perde-</strong></span> 
     </span>
    </p>
   </div>
   <div class='ocr_carea' id='block_1_61' title="bbox 1840 1856 3413 1928">
    <p class='ocr_par' dir='ltr' id='par_1_61' title="bbox 1840 1856 3413 1928">
     <span class='ocr_line' id='line_1_61' title="bbox 1840 1856 3413 1928; baseline 0.001 -19"><span class='ocrx_word' id='word_1_461' title='bbox 1840 1867 1943 1919; x_wconf 89' lang='lat' dir='ltr'><strong>ret,</strong></span> <span class='ocrx_word' id='word_1_462' title='bbox 2004 1856 2106 1912; x_wconf 89' lang='lat' dir='ltr'><strong>nisi</strong></span> <span class='ocrx_word' id='word_1_463' title='bbox 2157 1872 2310 1911; x_wconf 91' lang='lat' dir='ltr'><strong>suam</strong></span> <span class='ocrx_word' id='word_1_464' title='bbox 2353 1858 2710 1927; x_wconf 89' lang='lat' dir='ltr'><strong>dejectionem</strong></span> <span class='ocrx_word' id='word_1_465' title='bbox 2764 1868 2929 1928; x_wconf 88' lang='lat' dir='ltr'><strong>atque</strong></span> <span class='ocrx_word' id='word_1_466' title='bbox 2982 1857 3413 1911; x_wconf 88' lang='lat' dir='ltr'><strong>humiliationem</strong></span> 
     </span>
    </p>
   </div>
   <div class='ocr_carea' id='block_1_62' title="bbox 1834 1948 3415 2018">
    <p class='ocr_par' dir='ltr' id='par_1_62' title="bbox 1834 1948 3415 2018">
     <span class='ocr_line' id='line_1_62' title="bbox 1834 1948 3415 2018; baseline 0 -14"><span class='ocrx_word' id='word_1_467' title='bbox 1834 1950 2092 2004; x_wconf 92' lang='lat' dir='ltr'><strong>ostendit.</strong></span> <span class='ocrx_word' id='word_1_468' title='bbox 2126 1948 2228 2004; x_wconf 87' lang='grc'><strong>101)</strong></span> <span class='ocrx_word' id='word_1_469' title='bbox 2270 1963 2401 2004; x_wconf 89' lang='lat' dir='ltr'><strong>vero</strong></span> <span class='ocrx_word' id='word_1_470' title='bbox 2447 1949 2563 2005; x_wconf 71' lang='lat' dir='ltr'><strong>haec</strong></span> <span class='ocrx_word' id='word_1_471' title='bbox 2594 1964 2681 2004; x_wconf 90' lang='lat' dir='ltr'><strong>res</strong></span> <span class='ocrx_word' id='word_1_472' title='bbox 2713 1965 2820 2003; x_wconf 93' lang='lat' dir='ltr'><strong>non</strong></span> <span class='ocrx_word' id='word_1_473' title='bbox 2860 1950 2980 2004; x_wconf 90' lang='lat' dir='ltr'><strong>sine</strong></span> <span class='ocrx_word' id='word_1_474' title='bbox 3006 1963 3169 2003; x_wconf 91' lang='lat' dir='ltr'><strong>causa</strong></span> <span class='ocrx_word' id='word_1_475' title='bbox 3219 1964 3415 2018; x_wconf 81' lang='lat' dir='ltr'><strong>prove-</strong></span> 
     </span>
    </p>
   </div>
   <div class='ocr_carea' id='block_1_63' title="bbox 1834 2040 3415 2110">
    <p class='ocr_par' dir='ltr' id='par_1_63' title="bbox 1834 2040 3415 2110">
     <span class='ocr_line' id='line_1_63' title="bbox 1834 2040 3415 2110; baseline 0.001 -17"><span class='ocrx_word' id='word_1_476' title='bbox 1834 2040 1932 2106; x_wconf 86' lang='lat' dir='ltr'><strong>nit,</strong></span> <span class='ocrx_word' id='word_1_477' title='bbox 1960 2044 2055 2096; x_wconf 88' lang='lat' dir='ltr'><strong>sed</strong></span> <span class='ocrx_word' id='word_1_478' title='bbox 2081 2043 2148 2095; x_wconf 91' lang='lat' dir='ltr'><strong>ad</strong></span> <span class='ocrx_word' id='word_1_479' title='bbox 2173 2041 2442 2109; x_wconf 83' lang='lat' dir='ltr'><strong>ingentem</strong></span> <span class='ocrx_word' id='word_1_480' title='bbox 2472 2041 2701 2110; x_wconf 78' lang='lat' dir='ltr'><strong>gloriam</strong></span> <span class='ocrx_word' id='word_1_481' title='bbox 2732 2049 2789 2095; x_wconf 92' lang='lat' dir='ltr'><strong>et</strong></span> <span class='ocrx_word' id='word_1_482' title='bbox 2820 2040 3030 2095; x_wconf 90' lang='lat' dir='ltr'><strong>laudem</strong></span> <span class='ocrx_word' id='word_1_483' title='bbox 3057 2051 3219 2110; x_wconf 90' lang='lat' dir='ltr'><strong>atque</strong></span> <span class='ocrx_word' id='word_1_484' title='bbox 3245 2042 3415 2096; x_wconf 89' lang='lat' dir='ltr'><strong>bono-</strong></span> 
     </span>
    </p>
   </div>
   <div class='ocr_carea' id='block_1_64' title="bbox 1834 2129 3413 2200">
    <p class='ocr_par' dir='ltr' id='par_1_64' title="bbox 1834 2129 3413 2200">
     <span class='ocr_line' id='line_1_64' title="bbox 1834 2129 3413 2200; baseline 0.001 -16"><span class='ocrx_word' id='word_1_485' title='bbox 1834 2144 1945 2184; x_wconf 87' lang='lat' dir='ltr'><strong>rem</strong></span> <span class='ocrx_word' id='word_1_486' title='bbox 1973 2129 2135 2200; x_wconf 86' lang='lat' dir='ltr'><strong>hujus</strong></span> <span class='ocrx_word' id='word_1_487' title='bbox 2171 2131 2249 2185; x_wconf 89' lang='lat' dir='ltr'><strong>rei</strong></span> <span class='ocrx_word' id='word_1_488' title='bbox 2279 2130 2512 2200; x_wconf 90' lang='lat' dir='ltr'><strong>perditio</strong></span> <span class='ocrx_word' id='word_1_489' title='bbox 2548 2130 2801 2200; x_wconf 88' lang='lat' dir='ltr'><strong>provenit</strong></span> <span class='ocrx_word' id='word_1_490' title='bbox 2837 2145 3021 2185; x_wconf 91' lang='lat' dir='ltr'><strong>coram</strong></span> <span class='ocrx_word' id='word_1_491' title='bbox 3066 2130 3178 2185; x_wconf 88' lang='lat' dir='ltr'><strong>Deo</strong></span> <span class='ocrx_word' id='word_1_492' title='bbox 3209 2139 3264 2185; x_wconf 91' lang='lat' dir='ltr'><strong>et</strong></span> <span class='ocrx_word' id='word_1_493' title='bbox 3312 2147 3413 2185; x_wconf 86' lang='lat' dir='ltr'><strong>an-</strong></span> 
     </span>
    </p>
   </div>
   <div class='ocr_carea' id='block_1_65' title="bbox 1832 2222 3413 2295">
    <p class='ocr_par' dir='ltr' id='par_1_65' title="bbox 1832 2222 3413 2295">
     <span class='ocr_line' id='line_1_65' title="bbox 1832 2222 3413 2295; baseline 0 -18"><span class='ocrx_word' id='word_1_494' title='bbox 1832 2222 1970 2293; x_wconf 82' lang='lat' dir='ltr'><strong>gelis</strong></span> <span class='ocrx_word' id='word_1_495' title='bbox 1998 2223 2117 2293; x_wconf 91' lang='lat' dir='ltr'><strong>ejus</strong></span> <span class='ocrx_word' id='word_1_496' title='bbox 2155 2240 2169 2276; x_wconf 89' lang='lat'><strong>:</strong></span> <span class='ocrx_word' id='word_1_497' title='bbox 2204 2232 2259 2278; x_wconf 89' lang='lat' dir='ltr'><strong>et</strong></span> <span class='ocrx_word' id='word_1_498' title='bbox 2317 2223 2458 2293; x_wconf 90' lang='lat' dir='ltr'><strong>apud</strong></span> <span class='ocrx_word' id='word_1_499' title='bbox 2499 2225 2670 2278; x_wconf 90' lang='lat' dir='ltr'><strong>Deum</strong></span> <span class='ocrx_word' id='word_1_500' title='bbox 2704 2223 2892 2295; x_wconf 70' lang='lat' dir='ltr'><strong>gloria:</strong></span> <span class='ocrx_word' id='word_1_501' title='bbox 2939 2222 3310 2293; x_wconf 89' lang='lat' dir='ltr'><strong>augmentatio</strong></span> <span class='ocrx_word' id='word_1_502' title='bbox 3362 2223 3413 2278; x_wconf 84' lang='lat' dir='ltr'><strong>ei</strong></span> 
     </span>
    </p>
   </div>
   <div class='ocr_carea' id='block_1_66' title="bbox 1833 2314 3416 2386">
    <p class='ocr_par' dir='ltr' id='par_1_66' title="bbox 1833 2314 3416 2386">
     <span class='ocr_line' id='line_1_66' title="bbox 1833 2314 3416 2386; baseline 0.002 -19"><span class='ocrx_word' id='word_1_503' title='bbox 1833 2315 2110 2384; x_wconf 84' lang='lat' dir='ltr'><strong>provenit,</strong></span> <span class='ocrx_word' id='word_1_504' title='bbox 2130 2323 2185 2370; x_wconf 90' lang='lat' dir='ltr'><strong>et</strong></span> <span class='ocrx_word' id='word_1_505' title='bbox 2214 2329 2379 2385; x_wconf 87' lang='lat' dir='ltr'><strong>super</strong></span> <span class='ocrx_word' id='word_1_506' title='bbox 2401 2324 2605 2370; x_wconf 88' lang='lat' dir='ltr'><strong>terram</strong></span> <span class='ocrx_word' id='word_1_507' title='bbox 2634 2314 2829 2386; x_wconf 90' lang='lat' dir='ltr'><strong>duplex</strong></span> <span class='ocrx_word' id='word_1_508' title='bbox 2857 2330 2956 2385; x_wconf 91' lang='lat' dir='ltr'><strong>pro</strong></span> <span class='ocrx_word' id='word_1_509' title='bbox 2978 2316 3416 2371; x_wconf 88' lang='lat' dir='ltr'><strong>remuneratione</strong></span> 
     </span>
    </p>
   </div>
   <div class='ocr_carea' id='block_1_67' title="bbox 1834 2404 3416 2476">
    <p class='ocr_par' dir='ltr' id='par_1_67' title="bbox 1834 2404 3416 2476">
     <span class='ocr_line' id='line_1_67' title="bbox 1834 2404 3416 2476; baseline -0.001 -16"><span class='ocrx_word' id='word_1_510' title='bbox 1834 2405 2076 2475; x_wconf 78' lang='lat' dir='ltr'><strong>receptio</strong></span> <span class='ocrx_word' id='word_1_511' title='bbox 2104 2415 2265 2476; x_wconf 88' lang='lat' dir='ltr'><strong>atque</strong></span> <span class='ocrx_word' id='word_1_512' title='bbox 2297 2405 2610 2460; x_wconf 89' lang='lat' dir='ltr'><strong>retributio.</strong></span> <span class='ocrx_word' id='word_1_513' title='bbox 2670 2405 2763 2459; x_wconf 91' lang='lat' dir='ltr'><strong>Sic</strong></span> <span class='ocrx_word' id='word_1_514' title='bbox 2809 2406 2997 2476; x_wconf 92' lang='lat' dir='ltr'><strong>itaque</strong></span> <span class='ocrx_word' id='word_1_515' title='bbox 3045 2404 3262 2460; x_wconf 87' lang='lat' dir='ltr'><strong>diabolo</strong></span> <span class='ocrx_word' id='word_1_516' title='bbox 3293 2407 3416 2474; x_wconf 87' lang='lat' dir='ltr'><strong>qui-</strong></span> 
     </span>
    </p>
   </div>
   <div class='ocr_carea' id='block_1_68' title="bbox 1834 2494 3413 2565">
    <p class='ocr_par' dir='ltr' id='par_1_68' title="bbox 1834 2494 3413 2565">
     <span class='ocr_line' id='line_1_68' title="bbox 1834 2494 3413 2565; baseline 0.002 -17"><span class='ocrx_word' id='word_1_517' title='bbox 1834 2496 1955 2549; x_wconf 89' lang='lat' dir='ltr'><strong>dem</strong></span> <span class='ocrx_word' id='word_1_518' title='bbox 1988 2495 2109 2549; x_wconf 86' lang='lat' dir='ltr'><strong>sine</strong></span> <span class='ocrx_word' id='word_1_519' title='bbox 2136 2510 2300 2549; x_wconf 89' lang='lat' dir='ltr'><strong>causa</strong></span> <span class='ocrx_word' id='word_1_520' title='bbox 2354 2494 2499 2549; x_wconf 89' lang='lat' dir='ltr'><strong>facta</strong></span> <span class='ocrx_word' id='word_1_521' title='bbox 2549 2504 2632 2551; x_wconf 90' lang='lat' dir='ltr'><strong>est</strong></span> <span class='ocrx_word' id='word_1_522' title='bbox 2680 2494 2841 2563; x_wconf 89' lang='lat' dir='ltr'><strong>hujus</strong></span> <span class='ocrx_word' id='word_1_523' title='bbox 2884 2496 2961 2549; x_wconf 90' lang='lat' dir='ltr'><strong>rei</strong></span> <span class='ocrx_word' id='word_1_524' title='bbox 2999 2494 3257 2565; x_wconf 90' lang='lat' dir='ltr'><strong>perditio.</strong></span> <span class='ocrx_word' id='word_1_525' title='bbox 3312 2494 3413 2551; x_wconf 91' lang='lat' dir='ltr'><strong>Job</strong></span> 
     </span>
    </p>
   </div>
   <div class='ocr_carea' id='block_1_69' title="bbox 1834 2584 3415 2653">
    <p class='ocr_par' dir='ltr' id='par_1_69' title="bbox 1834 2584 3415 2653">
     <span class='ocr_line' id='line_1_69' title="bbox 1834 2584 3415 2653; baseline 0.001 -16"><span class='ocrx_word' id='word_1_526' title='bbox 1834 2598 1965 2638; x_wconf 89' lang='lat' dir='ltr'><strong>vero</strong></span> <span class='ocrx_word' id='word_1_527' title='bbox 2015 2599 2122 2638; x_wconf 91' lang='lat' dir='ltr'><strong>non</strong></span> <span class='ocrx_word' id='word_1_528' title='bbox 2159 2584 2422 2639; x_wconf 88' lang='lat' dir='ltr'><strong>estfacta</strong></span> <span class='ocrx_word' id='word_1_529' title='bbox 2476 2585 2596 2640; x_wconf 87' lang='lat' dir='ltr'><strong>sine</strong></span> <span class='ocrx_word' id='word_1_530' title='bbox 2649 2602 2834 2650; x_wconf 88' lang='lat' dir='ltr'><strong>causa,</strong></span> <span class='ocrx_word' id='word_1_531' title='bbox 2899 2586 2993 2640; x_wconf 91' lang='lat' dir='ltr'><strong>sed</strong></span> <span class='ocrx_word' id='word_1_532' title='bbox 3045 2599 3143 2653; x_wconf 85' lang='lat' dir='ltr'><strong>pro</strong></span> <span class='ocrx_word' id='word_1_533' title='bbox 3198 2594 3415 2640; x_wconf 66' lang='grc'><strong>10101010</strong></span> 
     </span>
    </p>
   </div>
   <div class='ocr_carea' id='block_1_70' title="bbox 1833 2675 3413 2745">
    <p class='ocr_par' dir='ltr' id='par_1_70' title="bbox 1833 2675 3413 2745">
     <span class='ocr_line' id='line_1_70' title="bbox 1833 2675 3413 2745; baseline 0.001 -15"><span class='ocrx_word' id='word_1_534' title='bbox 1833 2675 2185 2731; x_wconf 65' lang='lat' dir='ltr'><strong>beatitudinis</strong></span> <span class='ocrx_word' id='word_1_535' title='bbox 2214 2677 2674 2742; x_wconf 89' lang='lat' dir='ltr'><strong>remuneratione,</strong></span> <span class='ocrx_word' id='word_1_536' title='bbox 2697 2686 2751 2732; x_wconf 89' lang='lat' dir='ltr'><strong>et</strong></span> <span class='ocrx_word' id='word_1_537' title='bbox 2773 2677 2825 2731; x_wconf 94' lang='lat' dir='ltr'><strong>in</strong></span> <span class='ocrx_word' id='word_1_538' title='bbox 2860 2676 3014 2732; x_wconf 66' lang='lat' dir='ltr'><strong>caelis</strong></span> <span class='ocrx_word' id='word_1_539' title='bbox 3036 2691 3218 2730; x_wconf 90' lang='lat' dir='ltr'><strong>coram</strong></span> <span class='ocrx_word' id='word_1_540' title='bbox 3245 2691 3413 2745; x_wconf 89' lang='lat' dir='ltr'><strong>ange-</strong></span> 
     </span>
    </p>
   </div>
   <div class='ocr_carea' id='block_1_71' title="bbox 1835 2765 3411 2838">
    <p class='ocr_par' dir='ltr' id='par_1_71' title="bbox 1835 2765 3411 2838">
     <span class='ocr_line' id='line_1_71' title="bbox 1835 2765 3411 2838; baseline 0.001 -19"><span class='ocrx_word' id='word_1_541' title='bbox 1835 2765 1902 2821; x_wconf 92' lang='lat' dir='ltr'><strong>lis</strong></span> <span class='ocrx_word' id='word_1_542' title='bbox 1935 2766 2054 2835; x_wconf 88' lang='lat' dir='ltr'><strong>Dei,</strong></span> <span class='ocrx_word' id='word_1_543' title='bbox 2085 2777 2139 2823; x_wconf 91' lang='lat' dir='ltr'><strong>et</strong></span> <span class='ocrx_word' id='word_1_544' title='bbox 2170 2768 2223 2821; x_wconf 92' lang='lat' dir='ltr'><strong>in</strong></span> <span class='ocrx_word' id='word_1_545' title='bbox 2256 2776 2402 2822; x_wconf 91' lang='lat' dir='ltr'><strong>terra</strong></span> <span class='ocrx_word' id='word_1_546' title='bbox 2451 2768 2505 2821; x_wconf 87' lang='lat' dir='ltr'><strong>in</strong></span> <span class='ocrx_word' id='word_1_547' title='bbox 2551 2778 2845 2838; x_wconf 87' lang='lat' dir='ltr'><strong>conspectu</strong></span> <span class='ocrx_word' id='word_1_548' title='bbox 2878 2769 3116 2822; x_wconf 89' lang='lat' dir='ltr'><strong>omnimn</strong></span> <span class='ocrx_word' id='word_1_549' title='bbox 3148 2767 3411 2836; x_wconf 88' lang='lat' dir='ltr'><strong>gentium.</strong></span> 
     </span>
    </p>
   </div>
   <div class='ocr_carea' id='block_1_72' title="bbox 1836 2858 3416 2931">
    <p class='ocr_par' dir='ltr' id='par_1_72' title="bbox 1836 2858 3416 2931">
     <span class='ocr_line' id='line_1_72' title="bbox 1836 2858 3416 2931; baseline -0.002 -16"><span class='ocrx_word' id='word_1_550' title='bbox 1836 2860 2129 2929; x_wconf 88' lang='lat' dir='ltr'><strong>Increpans</strong></span> <span class='ocrx_word' id='word_1_551' title='bbox 2157 2874 2286 2931; x_wconf 90' lang='lat' dir='ltr'><strong>ergo</strong></span> <span class='ocrx_word' id='word_1_552' title='bbox 2308 2868 2364 2913; x_wconf 89' lang='lat' dir='ltr'><strong>et</strong></span> <span class='ocrx_word' id='word_1_553' title='bbox 2394 2860 2734 2930; x_wconf 89' lang='lat' dir='ltr'><strong>redarguens</strong></span> <span class='ocrx_word' id='word_1_554' title='bbox 2764 2868 2925 2928; x_wconf 90' lang='lat' dir='ltr'><strong>atque</strong></span> <span class='ocrx_word' id='word_1_555' title='bbox 2955 2858 3250 2929; x_wconf 79' lang='lat' dir='ltr'><strong>objurgans</strong></span> <span class='ocrx_word' id='word_1_556' title='bbox 3295 2858 3416 2913; x_wconf 89' lang='lat' dir='ltr'><strong>dia-</strong></span> 
     </span>
    </p>
   </div>
   <div class='ocr_carea' id='block_1_73' title="bbox 1836 2951 3415 3021">
    <p class='ocr_par' dir='ltr' id='par_1_73' title="bbox 1836 2951 3415 3021">
     <span class='ocr_line' id='line_1_73' title="bbox 1836 2951 3415 3021; baseline -0.003 -13"><span class='ocrx_word' id='word_1_557' title='bbox 1836 2952 2045 3019; x_wconf 86' lang='lat' dir='ltr'><strong>bolum,</strong></span> <span class='ocrx_word' id='word_1_558' title='bbox 2076 2952 2214 3007; x_wconf 83' lang='lat' dir='ltr'><strong>dixit</strong></span> <span class='ocrx_word' id='word_1_559' title='bbox 2242 2972 2254 3008; x_wconf 91' lang='lat'>:</span> <span class='ocrx_word' id='word_1_560' title='bbox 2291 2951 2370 3006; x_wconf 86' lang='lat' dir='ltr'><strong>Tu</strong></span> <span class='ocrx_word' id='word_1_561' title='bbox 2415 2969 2534 3007; x_wconf 84' lang='lat' dir='ltr'><strong>vero</strong></span> <span class='ocrx_word' id='word_1_562' title='bbox 2578 2952 2755 3021; x_wconf 77' lang='lat' dir='ltr'><strong>petisti</strong></span> <span class='ocrx_word' id='word_1_563' title='bbox 2784 2968 2892 3005; x_wconf 89' lang='lat' dir='ltr'><strong>rem</strong></span> <span class='ocrx_word' id='word_1_564' title='bbox 2924 2952 3041 3019; x_wconf 86' lang='lat' dir='ltr'><strong>ejus</strong></span> <span class='ocrx_word' id='word_1_565' title='bbox 3061 2951 3280 3018; x_wconf 88' lang='lat' dir='ltr'><strong>perdere</strong></span> <span class='ocrx_word' id='word_1_566' title='bbox 3302 2952 3415 3004; x_wconf 88' lang='lat' dir='ltr'><strong>siue</strong></span> 
     </span>
    </p>
   </div>
   <div class='ocr_carea' id='block_1_74' title="bbox 1835 3043 3412 3113">
    <p class='ocr_par' dir='ltr' id='par_1_74' title="bbox 1835 3043 3412 3113">
     <span class='ocr_line' id='line_1_74' title="bbox 1835 3043 3412 3113; baseline -0.001 -14"><span class='ocrx_word' id='word_1_567' title='bbox 1835 3061 2021 3108; x_wconf 84' lang='lat' dir='ltr'><strong>causa,</strong></span> <span class='ocrx_word' id='word_1_568' title='bbox 2078 3051 2133 3098; x_wconf 91' lang='lat' dir='ltr'><strong>tu</strong></span> <span class='ocrx_word' id='word_1_569' title='bbox 2167 3044 2515 3109; x_wconf 86' lang='lat' dir='ltr'><strong>desiderasti,</strong></span> <span class='ocrx_word' id='word_1_570' title='bbox 2583 3053 2637 3097; x_wconf 94' lang='lat' dir='ltr'><strong>tu</strong></span> <span class='ocrx_word' id='word_1_571' title='bbox 2676 3044 2883 3113; x_wconf 86' lang='lat' dir='ltr'><strong>petisti,</strong></span> <span class='ocrx_word' id='word_1_572' title='bbox 2940 3053 2993 3096; x_wconf 93' lang='grc'><strong>10</strong></span> <span class='ocrx_word' id='word_1_573' title='bbox 3026 3043 3294 3112; x_wconf 67' lang='lat' dir='ltr'><strong>quaesisti,</strong></span> <span class='ocrx_word' id='word_1_574' title='bbox 3357 3052 3412 3097; x_wconf 91' lang='lat' dir='ltr'><strong>tu</strong></span> 
     </span>
    </p>
   </div>
   <div class='ocr_carea' id='block_1_75' title="bbox 1838 3133 3410 3205">
    <p class='ocr_par' dir='ltr' id='par_1_75' title="bbox 1838 3133 3410 3205">
     <span class='ocr_line' id='line_1_75' title="bbox 1838 3133 3410 3205; baseline 0 -16"><span class='ocrx_word' id='word_1_575' title='bbox 1838 3151 1950 3189; x_wconf 87' lang='lat' dir='ltr'><strong>rem</strong></span> <span class='ocrx_word' id='word_1_576' title='bbox 1995 3133 2113 3204; x_wconf 90' lang='lat' dir='ltr'><strong>ejus</strong></span> <span class='ocrx_word' id='word_1_577' title='bbox 2160 3133 2426 3189; x_wconf 88' lang='lat' dir='ltr'><strong>festinasti</strong></span> <span class='ocrx_word' id='word_1_578' title='bbox 2462 3134 2690 3205; x_wconf 90' lang='lat' dir='ltr'><strong>perdere</strong></span> <span class='ocrx_word' id='word_1_579' title='bbox 2732 3136 2851 3189; x_wconf 85' lang='lat' dir='ltr'><strong>sine</strong></span> <span class='ocrx_word' id='word_1_580' title='bbox 2881 3149 3085 3201; x_wconf 89' lang='lat' dir='ltr'><strong>causa;</strong></span> <span class='ocrx_word' id='word_1_581' title='bbox 3153 3144 3410 3205; x_wconf 86' lang='lat' dir='ltr'><strong>tanquam</strong></span> 
     </span>
    </p>
   </div>
   <div class='ocr_carea' id='block_1_76' title="bbox 1837 3225 3408 3297">
    <p class='ocr_par' dir='ltr' id='par_1_76' title="bbox 1837 3225 3408 3297">
     <span class='ocr_line' id='line_1_76' title="bbox 1837 3225 3408 3297; baseline 0 -16"><span class='ocrx_word' id='word_1_582' title='bbox 1837 3227 1880 3281; x_wconf 93' lang='lat' dir='ltr'><strong>si</strong></span> <span class='ocrx_word' id='word_1_583' title='bbox 1910 3226 2119 3281; x_wconf 91' lang='lat' dir='ltr'><strong>diceret</strong></span> <span class='ocrx_word' id='word_1_584' title='bbox 2144 3240 2159 3278; x_wconf 89' lang='lat'><strong>:</strong></span> <span class='ocrx_word' id='word_1_585' title='bbox 2193 3225 2293 3281; x_wconf 90' lang='lat' dir='ltr'><strong>Ubi</strong></span> <span class='ocrx_word' id='word_1_586' title='bbox 2323 3234 2407 3281; x_wconf 90' lang='lat' dir='ltr'><strong>est</strong></span> <span class='ocrx_word' id='word_1_587' title='bbox 2428 3227 2776 3297; x_wconf 72' lang='lat' dir='ltr'><strong>praesumptio</strong></span> <span class='ocrx_word' id='word_1_588' title='bbox 2806 3236 2920 3293; x_wconf 87' lang='lat' dir='ltr'><strong>tua,</strong></span> <span class='ocrx_word' id='word_1_589' title='bbox 2944 3240 2977 3280; x_wconf 95' lang='grc'><strong>0</strong></span> <span class='ocrx_word' id='word_1_590' title='bbox 3007 3226 3238 3293; x_wconf 77' lang='lat' dir='ltr'><strong>diabolo,</strong></span> <span class='ocrx_word' id='word_1_591' title='bbox 3264 3229 3408 3297; x_wconf 90' lang='lat' dir='ltr'><strong>quod</strong></span> 
     </span>
    </p>
   </div>
   <div class='ocr_carea' id='block_1_77' title="bbox 1836 3318 3411 3391">
    <p class='ocr_par' dir='ltr' id='par_1_77' title="bbox 1836 3318 3411 3391">
     <span class='ocr_line' id='line_1_77' title="bbox 1836 3318 3411 3391; baseline 0.001 -18"><span class='ocrx_word' id='word_1_592' title='bbox 1836 3336 1956 3375; x_wconf 86' lang='lat' dir='ltr'><strong>mox</strong></span> <span class='ocrx_word' id='word_1_593' title='bbox 2004 3329 2206 3375; x_wconf 87' lang='lat' dir='ltr'><strong>utrem</strong></span> <span class='ocrx_word' id='word_1_594' title='bbox 2253 3319 2370 3389; x_wconf 87' lang='lat' dir='ltr'><strong>ejus</strong></span> <span class='ocrx_word' id='word_1_595' title='bbox 2413 3318 2737 3375; x_wconf 88' lang='lat' dir='ltr'><strong>abstulisses</strong></span> <span class='ocrx_word' id='word_1_596' title='bbox 2776 3320 3036 3375; x_wconf 91' lang='lat' dir='ltr'><strong>continuo</strong></span> <span class='ocrx_word' id='word_1_597' title='bbox 3074 3334 3199 3374; x_wconf 89' lang='lat' dir='ltr'><strong>eum</strong></span> <span class='ocrx_word' id='word_1_598' title='bbox 3249 3335 3279 3374; x_wconf 88' lang='lat' dir='ltr'><strong>a</strong></span> <span class='ocrx_word' id='word_1_599' title='bbox 3325 3320 3411 3391; x_wconf 83' lang='lat' dir='ltr'><strong>pia</strong></span> 
     </span>
    </p>
   </div>
   <div class='ocr_carea' id='block_1_78' title="bbox 1835 3408 3414 3481">
    <p class='ocr_par' dir='ltr' id='par_1_78' title="bbox 1835 3408 3414 3481">
     <span class='ocr_line' id='line_1_78' title="bbox 1835 3408 3414 3481; baseline 0.003 -18"><span class='ocrx_word' id='word_1_600' title='bbox 1835 3409 1929 3463; x_wconf 89' lang='lat' dir='ltr'><strong>Dei</strong></span> <span class='ocrx_word' id='word_1_601' title='bbox 1956 3408 2166 3463; x_wconf 87' lang='lat' dir='ltr'><strong>cultura</strong></span> <span class='ocrx_word' id='word_1_602' title='bbox 2190 3417 2353 3479; x_wconf 92' lang='lat' dir='ltr'><strong>atque</strong></span> <span class='ocrx_word' id='word_1_603' title='bbox 2384 3409 2501 3480; x_wconf 92' lang='lat' dir='ltr'><strong>ejus</strong></span> <span class='ocrx_word' id='word_1_604' title='bbox 2529 3410 2832 3481; x_wconf 85' lang='lat' dir='ltr'><strong>gratiarum</strong></span> <span class='ocrx_word' id='word_1_605' title='bbox 2883 3410 3189 3465; x_wconf 88' lang='lat' dir='ltr'><strong>actionibus</strong></span> <span class='ocrx_word' id='word_1_606' title='bbox 3234 3411 3414 3467; x_wconf 86' lang='lat' dir='ltr'><strong>disce-</strong></span> 
     </span>
    </p>
   </div>
   <div class='ocr_carea' id='block_1_79' title="bbox 1836 3499 3413 3572">
    <p class='ocr_par' dir='ltr' id='par_1_79' title="bbox 1836 3499 3413 3572">
     <span class='ocr_line' id='line_1_79' title="bbox 1836 3499 3413 3572; baseline 0.001 -18"><span class='ocrx_word' id='word_1_607' title='bbox 1836 3501 1962 3554; x_wconf 90' lang='lat' dir='ltr'><strong>dere</strong></span> <span class='ocrx_word' id='word_1_608' title='bbox 2012 3500 2282 3555; x_wconf 86' lang='lat' dir='ltr'><strong>fecisses?</strong></span> <span class='ocrx_word' id='word_1_609' title='bbox 2338 3499 2439 3556; x_wconf 90' lang='lat' dir='ltr'><strong>Ubi</strong></span> <span class='ocrx_word' id='word_1_610' title='bbox 2495 3510 2600 3565; x_wconf 87' lang='lat' dir='ltr'><strong>est,</strong></span> <span class='ocrx_word' id='word_1_611' title='bbox 2668 3500 2867 3570; x_wconf 89' lang='lat' dir='ltr'><strong>inquit,</strong></span> <span class='ocrx_word' id='word_1_612' title='bbox 2929 3502 3242 3572; x_wconf 87' lang='lat' dir='ltr'><strong>arrogantia</strong></span> <span class='ocrx_word' id='word_1_613' title='bbox 3297 3512 3413 3567; x_wconf 84' lang='lat' dir='ltr'><strong>tua,</strong></span> 
     </span>
    </p>
   </div>
   <div class='ocr_carea' id='block_1_80' title="bbox 1836 3591 3417 3651">
    <p class='ocr_par' dir='ltr' id='par_1_80' title="bbox 1836 3591 3417 3651">
     <span class='ocr_line' id='line_1_80' title="bbox 1836 3591 3417 3651; baseline 0.004 -7"><span class='ocrx_word' id='word_1_614' title='bbox 1836 3591 2099 3646; x_wconf 87' lang='lat' dir='ltr'><strong>bonorum</strong></span> <span class='ocrx_word' id='word_1_615' title='bbox 2145 3594 2388 3647; x_wconf 91' lang='lat' dir='ltr'><strong>omnium</strong></span> <span class='ocrx_word' id='word_1_616' title='bbox 2433 3592 2651 3649; x_wconf 88' lang='lat' dir='ltr'><strong>inimice</strong></span> <span class='ocrx_word' id='word_1_617' title='bbox 2672 3594 2919 3650; x_wconf 84' lang='lat' dir='ltr'><strong>diabole?</strong></span> <span class='ocrx_word' id='word_1_618' title='bbox 2945 3594 3045 3650; x_wconf 86' lang='lat' dir='ltr'><strong>Ubi</strong></span> <span class='ocrx_word' id='word_1_619' title='bbox 3069 3596 3417 3651; x_wconf 89' lang='lat' dir='ltr'><strong>tumultuatio</strong></span> 
     </span>
    </p>
   </div>
   <div class='ocr_carea' id='block_1_81' title="bbox 1839 3683 3413 3756">
    <p class='ocr_par' dir='ltr' id='par_1_81' title="bbox 1839 3683 3413 3756">
     <span class='ocr_line' id='line_1_81' title="bbox 1839 3683 3413 3756; baseline 0.006 -21"><span class='ocrx_word' id='word_1_620' title='bbox 1839 3693 1926 3736; x_wconf 90' lang='lat' dir='ltr'><strong>tua</strong></span> <span class='ocrx_word' id='word_1_621' title='bbox 1957 3695 2117 3753; x_wconf 90' lang='lat' dir='ltr'><strong>atque</strong></span> <span class='ocrx_word' id='word_1_622' title='bbox 2141 3684 2376 3738; x_wconf 80' lang='lat' dir='ltr'><strong>seditio?</strong></span> <span class='ocrx_word' id='word_1_623' title='bbox 2405 3683 2507 3740; x_wconf 90' lang='lat' dir='ltr'><strong>Ubi</strong></span> <span class='ocrx_word' id='word_1_624' title='bbox 2538 3684 2694 3740; x_wconf 90' lang='lat' dir='ltr'><strong>labor</strong></span> <span class='ocrx_word' id='word_1_625' title='bbox 2725 3694 2851 3741; x_wconf 90' lang='lat' dir='ltr'><strong>tuus</strong></span> <span class='ocrx_word' id='word_1_626' title='bbox 2878 3696 3043 3756; x_wconf 88' lang='lat' dir='ltr'><strong>atque</strong></span> <span class='ocrx_word' id='word_1_627' title='bbox 3069 3687 3413 3744; x_wconf 73' lang='lat' dir='ltr'><strong>sollicitudo!</strong></span> 
     </span>
    </p>
   </div>
   <div class='ocr_carea' id='block_1_82' title="bbox 1839 3774 3411 3847">
    <p class='ocr_par' dir='ltr' id='par_1_82' title="bbox 1839 3774 3411 3847">
     <span class='ocr_line' id='line_1_82' title="bbox 1839 3774 3411 3847; baseline 0.003 -18"><span class='ocrx_word' id='word_1_628' title='bbox 1839 3774 1939 3829; x_wconf 91' lang='lat' dir='ltr'><strong>Ubi</strong></span> <span class='ocrx_word' id='word_1_629' title='bbox 1967 3775 2245 3829; x_wconf 91' lang='lat' dir='ltr'><strong>contentio</strong></span> <span class='ocrx_word' id='word_1_630' title='bbox 2270 3788 2358 3829; x_wconf 90' lang='lat' dir='ltr'><strong>tua</strong></span> <span class='ocrx_word' id='word_1_631' title='bbox 2394 3784 2558 3847; x_wconf 91' lang='lat' dir='ltr'><strong>atque</strong></span> <span class='ocrx_word' id='word_1_632' title='bbox 2582 3776 2870 3831; x_wconf 86' lang='lat' dir='ltr'><strong>altercatio</strong></span> <span class='ocrx_word' id='word_1_633' title='bbox 2894 3776 2917 3831; x_wconf 86' lang='lat'><strong>?</strong></span> <span class='ocrx_word' id='word_1_634' title='bbox 2944 3776 3225 3832; x_wconf 86' lang='lat' dir='ltr'><strong>Laborasti</strong></span> <span class='ocrx_word' id='word_1_635' title='bbox 3262 3780 3411 3833; x_wconf 83' lang='lat' dir='ltr'><strong>enim</strong></span> 
     </span>
    </p>
   </div>
   <div class='ocr_carea' id='block_1_83' title="bbox 1838 3867 3415 3937">
    <p class='ocr_par' dir='ltr' id='par_1_83' title="bbox 1838 3867 3415 3937">
     <span class='ocr_line' id='line_1_83' title="bbox 1838 3867 3415 3937; baseline 0.002 -17"><span class='ocrx_word' id='word_1_636' title='bbox 1838 3876 1999 3937; x_wconf 89' lang='lat' dir='ltr'><strong>atque</strong></span> <span class='ocrx_word' id='word_1_637' title='bbox 2033 3867 2258 3921; x_wconf 88' lang='grc'><strong>00110811</strong></span> <span class='ocrx_word' id='word_1_638' title='bbox 2290 3867 2431 3922; x_wconf 89' lang='grc'><strong>00110</strong></span> <span class='ocrx_word' id='word_1_639' title='bbox 2480 3869 2694 3923; x_wconf 88' lang='lat' dir='ltr'><strong>diversa</strong></span> <span class='ocrx_word' id='word_1_640' title='bbox 2724 3869 3090 3934; x_wconf 85' lang='lat' dir='ltr'><strong>conﬁciendo,</strong></span> <span class='ocrx_word' id='word_1_641' title='bbox 3136 3878 3193 3924; x_wconf 90' lang='lat' dir='ltr'><strong>et</strong></span> <span class='ocrx_word' id='word_1_642' title='bbox 3234 3880 3415 3924; x_wconf 90' lang='lat' dir='ltr'><strong>castra</strong></span> 
     </span>
    </p>
   </div>
   <div class='ocr_carea' id='block_1_84' title="bbox 1837 3957 3416 4029">
    <p class='ocr_par' dir='ltr' id='par_1_84' title="bbox 1837 3957 3416 4029">
     <span class='ocr_line' id='line_1_84' title="bbox 1837 3957 3416 4029; baseline 0.002 -17"><span class='ocrx_word' id='word_1_643' title='bbox 1837 3957 2159 4022; x_wconf 87' lang='lat' dir='ltr'><strong>statuendo,</strong></span> <span class='ocrx_word' id='word_1_644' title='bbox 2186 3968 2243 4011; x_wconf 90' lang='lat' dir='ltr'><strong>et</strong></span> <span class='ocrx_word' id='word_1_645' title='bbox 2275 3959 2489 4028; x_wconf 88' lang='lat' dir='ltr'><strong>equites</strong></span> <span class='ocrx_word' id='word_1_646' title='bbox 2516 3960 2971 4023; x_wconf 91' lang='lat' dir='ltr'><strong>demonstrando,</strong></span> <span class='ocrx_word' id='word_1_647' title='bbox 3004 3968 3061 4013; x_wconf 87' lang='lat' dir='ltr'><strong>et</strong></span> <span class='ocrx_word' id='word_1_648' title='bbox 3110 3960 3232 4029; x_wconf 87' lang='lat' dir='ltr'><strong>igne</strong></span> <span class='ocrx_word' id='word_1_649' title='bbox 3279 3976 3416 4015; x_wconf 89' lang='lat' dir='ltr'><strong>exu-</strong></span> 
     </span>
    </p>
   </div>
   <div class='ocr_carea' id='block_1_85' title="bbox 1838 4049 3417 4118">
    <p class='ocr_par' dir='ltr' id='par_1_85' title="bbox 1838 4049 3417 4118">
     <span class='ocr_line' id='line_1_85' title="bbox 1838 4049 3417 4118; baseline 0.002 -16"><span class='ocrx_word' id='word_1_650' title='bbox 1838 4050 2028 4113; x_wconf 90' lang='lat' dir='ltr'><strong>rendo,</strong></span> <span class='ocrx_word' id='word_1_651' title='bbox 2066 4057 2122 4103; x_wconf 91' lang='lat' dir='ltr'><strong>et</strong></span> <span class='ocrx_word' id='word_1_652' title='bbox 2154 4058 2343 4104; x_wconf 88' lang='lat' dir='ltr'><strong>ventos</strong></span> <span class='ocrx_word' id='word_1_653' title='bbox 2386 4050 2750 4115; x_wconf 88' lang='lat' dir='ltr'><strong>admovendo,</strong></span> <span class='ocrx_word' id='word_1_654' title='bbox 2793 4059 2849 4104; x_wconf 88' lang='lat' dir='ltr'><strong>et</strong></span> <span class='ocrx_word' id='word_1_655' title='bbox 2894 4049 3246 4103; x_wconf 88' lang='lat' dir='ltr'><strong>fundamenta</strong></span> <span class='ocrx_word' id='word_1_656' title='bbox 3283 4066 3417 4118; x_wconf 81' lang='lat' dir='ltr'><strong>qua-</strong></span> 
     </span>
    </p>
   </div>
   <div class='ocr_carea' id='block_1_86' title="bbox 1840 4141 3414 4213">
    <p class='ocr_par' dir='ltr' id='par_1_86' title="bbox 1840 4141 3414 4213">
     <span class='ocr_line' id='line_1_86' title="bbox 1840 4141 3414 4213; baseline 0.001 -18"><span class='ocrx_word' id='word_1_657' title='bbox 1840 4141 2044 4206; x_wconf 89' lang='lat' dir='ltr'><strong>tiendo,</strong></span> <span class='ocrx_word' id='word_1_658' title='bbox 2079 4151 2135 4195; x_wconf 84' lang='lat' dir='ltr'><strong>et</strong></span> <span class='ocrx_word' id='word_1_659' title='bbox 2159 4141 2349 4196; x_wconf 92' lang='lat' dir='ltr'><strong>domos</strong></span> <span class='ocrx_word' id='word_1_660' title='bbox 2388 4141 2693 4211; x_wconf 89' lang='lat' dir='ltr'><strong>dejiciendo</strong></span> <span class='ocrx_word' id='word_1_661' title='bbox 2718 4150 2881 4213; x_wconf 89' lang='lat' dir='ltr'><strong>atque</strong></span> <span class='ocrx_word' id='word_1_662' title='bbox 2914 4156 3126 4197; x_wconf 91' lang='lat' dir='ltr'><strong>omnem</strong></span> <span class='ocrx_word' id='word_1_663' title='bbox 3155 4142 3414 4197; x_wconf 82' lang='lat' dir='ltr'><strong>sollicitu-</strong></span> 
     </span>
    </p>
   </div>
   <div class='ocr_carea' id='block_1_87' title="bbox 1836 4231 3418 4302">
    <p class='ocr_par' dir='ltr' id='par_1_87' title="bbox 1836 4231 3418 4302">
     <span class='ocr_line' id='line_1_87' title="bbox 1836 4231 3418 4302; baseline 0.004 -18"><span class='ocrx_word' id='word_1_664' title='bbox 1836 4231 2020 4284; x_wconf 89' lang='lat' dir='ltr'><strong>dinem</strong></span> <span class='ocrx_word' id='word_1_665' title='bbox 2060 4231 2481 4287; x_wconf 87' lang='lat' dir='ltr'><strong>demonstrando</strong></span> <span class='ocrx_word' id='word_1_666' title='bbox 2504 4273 2519 4297; x_wconf 93' lang='lat'><strong>,</strong></span> <span class='ocrx_word' id='word_1_667' title='bbox 2556 4231 2764 4300; x_wconf 74' lang='lat' dir='ltr'><strong>utjusti</strong></span> <span class='ocrx_word' id='word_1_668' title='bbox 2809 4231 2913 4286; x_wconf 88' lang='lat' dir='ltr'><strong>Job</strong></span> <span class='ocrx_word' id='word_1_669' title='bbox 2948 4246 3059 4286; x_wconf 90' lang='lat' dir='ltr'><strong>rem</strong></span> <span class='ocrx_word' id='word_1_670' title='bbox 3088 4242 3253 4302; x_wconf 91' lang='lat' dir='ltr'><strong>atque</strong></span> <span class='ocrx_word' id='word_1_671' title='bbox 3280 4234 3418 4291; x_wconf 85' lang='lat' dir='ltr'><strong>ﬁlios</strong></span> 
     </span>
    </p>
   </div>
   <div class='ocr_carea' id='block_1_88' title="bbox 1839 4321 3417 4395">
    <p class='ocr_par' dir='ltr' id='par_1_88' title="bbox 1839 4321 3417 4395">
     <span class='ocr_line' id='line_1_88' title="bbox 1839 4321 3417 4395; baseline 0.003 -19"><span class='ocrx_word' id='word_1_672' title='bbox 1839 4321 2261 4390; x_wconf 78' lang='lat' dir='ltr'><strong>perdereszsed</strong></span> <span class='ocrx_word' id='word_1_673' title='bbox 2306 4321 2511 4377; x_wconf 83' lang='lat' dir='ltr'><strong>frustra</strong></span> <span class='ocrx_word' id='word_1_674' title='bbox 2570 4323 2781 4378; x_wconf 87' lang='lat' dir='ltr'><strong>exstitit</strong></span> <span class='ocrx_word' id='word_1_675' title='bbox 2836 4323 3027 4395; x_wconf 86' lang='lat' dir='ltr'><strong>ingens</strong></span> <span class='ocrx_word' id='word_1_676' title='bbox 3085 4334 3209 4380; x_wconf 90' lang='lat' dir='ltr'><strong>tuus</strong></span> <span class='ocrx_word' id='word_1_677' title='bbox 3259 4324 3417 4380; x_wconf 88' lang='lat' dir='ltr'><strong>labor</strong></span> 
     </span>
    </p>
   </div>
   <div class='ocr_carea' id='block_1_89' title="bbox 1838 4412 3419 4488">
    <p class='ocr_par' dir='ltr' id='par_1_89' title="bbox 1838 4412 3419 4488">
     <span class='ocr_line' id='line_1_89' title="bbox 1838 4412 3419 4488; baseline 0.004 -23"><span class='ocrx_word' id='word_1_678' title='bbox 1838 4421 2000 4482; x_wconf 90' lang='lat' dir='ltr'><strong>atque</strong></span> <span class='ocrx_word' id='word_1_679' title='bbox 2047 4412 2377 4468; x_wconf 85' lang='lat' dir='ltr'><strong>sollicitudo.</strong></span> <span class='ocrx_word' id='word_1_680' title='bbox 2426 4412 2559 4468; x_wconf 80' lang='lat' dir='ltr'><strong>Rem</strong></span> <span class='ocrx_word' id='word_1_681' title='bbox 2608 4414 2754 4469; x_wconf 91' lang='lat' dir='ltr'><strong>enim</strong></span> <span class='ocrx_word' id='word_1_682' title='bbox 2803 4413 2909 4470; x_wconf 88' lang='lat' dir='ltr'><strong>Job</strong></span> <span class='ocrx_word' id='word_1_683' title='bbox 2962 4416 3268 4488; x_wconf 90' lang='lat' dir='ltr'><strong>perdidisti,</strong></span> <span class='ocrx_word' id='word_1_684' title='bbox 3322 4415 3419 4472; x_wconf 88' lang='lat' dir='ltr'><strong>sed</strong></span> 
     </span>
    </p>
   </div>
   <div class='ocr_carea' id='block_1_90' title="bbox 1833 4504 3419 4579">
    <p class='ocr_par' dir='ltr' id='par_1_90' title="bbox 1833 4504 3419 4579">
     <span class='ocr_line' id='line_1_90' title="bbox 1833 4504 3419 4579; baseline 0.004 -22"><span class='ocrx_word' id='word_1_685' title='bbox 1833 4504 2100 4571; x_wconf 88' lang='lat' dir='ltr'><strong>justitiam</strong></span> <span class='ocrx_word' id='word_1_686' title='bbox 2129 4504 2247 4575; x_wconf 90' lang='lat' dir='ltr'><strong>ejus</strong></span> <span class='ocrx_word' id='word_1_687' title='bbox 2274 4520 2380 4559; x_wconf 92' lang='lat' dir='ltr'><strong>non</strong></span> <span class='ocrx_word' id='word_1_688' title='bbox 2406 4507 2714 4577; x_wconf 88' lang='lat' dir='ltr'><strong>perdidisti,</strong></span> <span class='ocrx_word' id='word_1_689' title='bbox 2745 4508 2839 4563; x_wconf 86' lang='lat' dir='ltr'><strong>sed</strong></span> <span class='ocrx_word' id='word_1_690' title='bbox 2866 4509 3027 4563; x_wconf 87' lang='lat' dir='ltr'><strong>ﬁdem</strong></span> <span class='ocrx_word' id='word_1_691' title='bbox 3057 4508 3174 4578; x_wconf 85' lang='lat' dir='ltr'><strong>ejus</strong></span> <span class='ocrx_word' id='word_1_692' title='bbox 3205 4523 3270 4563; x_wconf 89' lang='lat' dir='ltr'><strong>ac</strong></span> <span class='ocrx_word' id='word_1_693' title='bbox 3298 4511 3419 4579; x_wconf 86' lang='lat' dir='ltr'><strong>pie-</strong></span> 
     </span>
    </p>
   </div>
   <div class='ocr_carea' id='block_1_91' title="bbox 152 4592 3417 4671">
    <p class='ocr_par' dir='ltr' id='par_1_91' title="bbox 152 4592 3417 4671">
     <span class='ocr_line' id='line_1_91' title="bbox 152 4592 3417 4671; baseline 0 -17"><span class='ocrx_word' id='word_1_694' title='bbox 152 4611 321 4671; x_wconf 79' lang='lat' dir='ltr'><strong>atque</strong></span> <span class='ocrx_word' id='word_1_695' title='bbox 349 4601 574 4663; x_wconf 86' lang='lat' dir='ltr'><strong>invidia,</strong></span> <span class='ocrx_word' id='word_1_696' title='bbox 616 4610 819 4668; x_wconf 74' lang='lat' dir='ltr'><strong>etquae</strong></span> <span class='ocrx_word' id='word_1_697' title='bbox 850 4598 920 4651; x_wconf 86' lang='lat' dir='ltr'><strong>sit</strong></span> <span class='ocrx_word' id='word_1_698' title='bbox 946 4596 1218 4664; x_wconf 89' lang='lat' dir='ltr'><strong>justorum</strong></span> <span class='ocrx_word' id='word_1_699' title='bbox 1250 4594 1383 4648; x_wconf 88' lang='lat' dir='ltr'><strong>ﬁdes</strong></span> <span class='ocrx_word' id='word_1_700' title='bbox 1407 4602 1461 4646; x_wconf 91' lang='lat' dir='ltr'><strong>et</strong></span> <span class='ocrx_word' id='word_1_701' title='bbox 1500 4592 1736 4647; x_wconf 88' lang='lat' dir='ltr'><strong>toleran-</strong></span> <span class='ocrx_word' id='word_1_702' title='bbox 1766 4613 1812 4669; x_wconf 77' lang='grc' dir='ltr'>ο</span> <span class='ocrx_word' id='word_1_703' title='bbox 1843 4603 2009 4650; x_wconf 87' lang='lat' dir='ltr'><strong>tatem</strong></span> <span class='ocrx_word' id='word_1_704' title='bbox 2065 4612 2172 4652; x_wconf 91' lang='lat' dir='ltr'><strong>non</strong></span> <span class='ocrx_word' id='word_1_705' title='bbox 2242 4598 2549 4667; x_wconf 89' lang='lat' dir='ltr'><strong>dissipasti.</strong></span> <span class='ocrx_word' id='word_1_706' title='bbox 2589 4599 2794 4654; x_wconf 90' lang='lat' dir='ltr'><strong>Idcirco</strong></span> <span class='ocrx_word' id='word_1_707' title='bbox 2843 4602 2992 4666; x_wconf 91' lang='lat' dir='ltr'><strong>andi,</strong></span> <span class='ocrx_word' id='word_1_708' title='bbox 3042 4601 3238 4671; x_wconf 89' lang='lat' dir='ltr'><strong>inquit,</strong></span> <span class='ocrx_word' id='word_1_709' title='bbox 3294 4616 3417 4656; x_wconf 91' lang='lat' dir='ltr'><strong>cum</strong></span> 
     </span>
    </p>
   </div>
   <div class='ocr_carea' id='block_1_92' title="bbox 156 4686 1734 4758">
    <p class='ocr_par' dir='ltr' id='par_1_92' title="bbox 156 4686 1734 4758">
     <span class='ocr_line' id='line_1_92' title="bbox 156 4686 1734 4758; baseline -0.008 -8"><span class='ocrx_word' id='word_1_710' title='bbox 156 4700 260 4758; x_wconf 85' lang='lat' dir='ltr'><strong>tia,</strong></span> <span class='ocrx_word' id='word_1_711' title='bbox 288 4696 367 4750; x_wconf 88' lang='lat' dir='ltr'><strong>vel</strong></span> <span class='ocrx_word' id='word_1_712' title='bbox 399 4693 617 4749; x_wconf 90' lang='lat' dir='ltr'><strong>dilectio</strong></span> <span class='ocrx_word' id='word_1_713' title='bbox 657 4707 845 4746; x_wconf 92' lang='lat' dir='ltr'><strong>eorum</strong></span> <span class='ocrx_word' id='word_1_714' title='bbox 884 4691 1031 4745; x_wconf 88' lang='lat' dir='ltr'><strong>circa</strong></span> <span class='ocrx_word' id='word_1_715' title='bbox 1087 4705 1194 4743; x_wconf 90' lang='lat' dir='ltr'><strong>me.</strong></span> <span class='ocrx_word' id='word_1_716' title='bbox 1252 4688 1517 4743; x_wconf 89' lang='lat' dir='ltr'><strong>Similiter</strong></span> <span class='ocrx_word' id='word_1_717' title='bbox 1559 4686 1734 4756; x_wconf 90' lang='lat' dir='ltr'><strong>petiit,</strong></span> 
     </span>
    </p>
   </div>
   <div class='ocr_carea' id='block_1_93' title="bbox 152 4778 1735 4858">
    <p class='ocr_par' dir='ltr' id='par_1_93' title="bbox 152 4778 1735 4858">
     <span class='ocr_line' id='line_1_93' title="bbox 152 4778 1735 4858; baseline -0.008 -15"><span class='ocrx_word' id='word_1_718' title='bbox 152 4798 209 4843; x_wconf 87' lang='lat' dir='ltr'><strong>et</strong></span> <span class='ocrx_word' id='word_1_719' title='bbox 238 4796 387 4858; x_wconf 88' lang='lat' dir='ltr'><strong>petet</strong></span> <span class='ocrx_word' id='word_1_720' title='bbox 412 4800 587 4855; x_wconf 90' lang='lat' dir='ltr'><strong>usque</strong></span> <span class='ocrx_word' id='word_1_721' title='bbox 615 4786 667 4838; x_wconf 89' lang='lat' dir='ltr'><strong>in</strong></span> <span class='ocrx_word' id='word_1_722' title='bbox 702 4784 863 4838; x_wconf 86' lang='lat' dir='ltr'><strong>linem</strong></span> <span class='ocrx_word' id='word_1_723' title='bbox 896 4781 1077 4837; x_wconf 69' lang='grc'><strong>8100011</strong></span> <span class='ocrx_word' id='word_1_724' title='bbox 1104 4796 1203 4851; x_wconf 93' lang='lat' dir='ltr'><strong>pro</strong></span> <span class='ocrx_word' id='word_1_725' title='bbox 1225 4779 1477 4834; x_wconf 90' lang='lat' dir='ltr'><strong>omnibus</strong></span> <span class='ocrx_word' id='word_1_726' title='bbox 1507 4778 1735 4842; x_wconf 85' lang='lat' dir='ltr'><strong>sanctis,</strong></span> 
     </span>
    </p>
   </div>
   <div class='ocr_carea' id='block_1_94' title="bbox 152 4868 1736 4945">
    <p class='ocr_par' dir='ltr' id='par_1_94' title="bbox 152 4868 1736 4945">
     <span class='ocr_line' id='line_1_94' title="bbox 152 4868 1736 4945; baseline -0.007 -14"><span class='ocrx_word' id='word_1_727' title='bbox 152 4887 218 4931; x_wconf 88' lang='lat' dir='ltr'><strong>ut</strong></span> <span class='ocrx_word' id='word_1_728' title='bbox 262 4887 579 4945; x_wconf 86' lang='lat' dir='ltr'><strong>potestatem</strong></span> <span class='ocrx_word' id='word_1_729' title='bbox 602 4872 831 4943; x_wconf 85' lang='lat' dir='ltr'><strong>accipiat</strong></span> <span class='ocrx_word' id='word_1_730' title='bbox 865 4881 923 4927; x_wconf 91' lang='lat' dir='ltr'><strong>ut</strong></span> <span class='ocrx_word' id='word_1_731' title='bbox 956 4887 1186 4941; x_wconf 87' lang='lat' dir='ltr'><strong>corpora</strong></span> <span class='ocrx_word' id='word_1_732' title='bbox 1216 4885 1406 4923; x_wconf 90' lang='lat' dir='ltr'><strong>eorum</strong></span> <span class='ocrx_word' id='word_1_733' title='bbox 1428 4868 1649 4936; x_wconf 85' lang='lat' dir='ltr'><strong>afﬂigat,</strong></span> <span class='ocrx_word' id='word_1_734' title='bbox 1680 4875 1736 4920; x_wconf 90' lang='lat' dir='ltr'><strong>et</strong></span> 
     </span>
    </p>
   </div>
   <div class='ocr_carea' id='block_1_95' title="bbox 155 4961 1738 5034">
    <p class='ocr_par' dir='ltr' id='par_1_95' title="bbox 155 4961 1738 5034">
     <span class='ocr_line' id='line_1_95' title="bbox 155 4961 1738 5034; baseline -0.007 -11"><span class='ocrx_word' id='word_1_735' title='bbox 155 4971 374 5024; x_wconf 88' lang='lat' dir='ltr'><strong>animas</strong></span> <span class='ocrx_word' id='word_1_736' title='bbox 425 4983 614 5023; x_wconf 91' lang='lat' dir='ltr'><strong>eorum</strong></span> <span class='ocrx_word' id='word_1_737' title='bbox 672 4973 878 5034; x_wconf 85' lang='lat' dir='ltr'><strong>tangat.</strong></span> <span class='ocrx_word' id='word_1_738' title='bbox 943 4963 1035 5018; x_wconf 89' lang='lat' dir='ltr'><strong>Sic</strong></span> <span class='ocrx_word' id='word_1_739' title='bbox 1092 4961 1283 5016; x_wconf 76' lang='lat' dir='ltr'><strong>afﬂixit</strong></span> <span class='ocrx_word' id='word_1_740' title='bbox 1318 4970 1588 5031; x_wconf 85' lang='lat' dir='ltr'><strong>martyres</strong></span> <span class='ocrx_word' id='word_1_741' title='bbox 1642 4973 1738 5028; x_wconf 86' lang='lat' dir='ltr'><strong>per</strong></span> 
     </span>
    </p>
   </div>
   <div class='ocr_carea' id='block_1_96' title="bbox 157 5054 1740 5131">
    <p class='ocr_par' dir='ltr' id='par_1_96' title="bbox 157 5054 1740 5131">
     <span class='ocr_line' id='line_1_96' title="bbox 157 5054 1740 5131; baseline -0.006 -16"><span class='ocrx_word' id='word_1_742' title='bbox 157 5063 438 5131; x_wconf 85' lang='lat' dir='ltr'><strong>principes</strong></span> <span class='ocrx_word' id='word_1_743' title='bbox 466 5059 628 5129; x_wconf 89' lang='lat' dir='ltr'><strong>hujus</strong></span> <span class='ocrx_word' id='word_1_744' title='bbox 669 5058 888 5121; x_wconf 92' lang='lat' dir='ltr'><strong>mundi,</strong></span> <span class='ocrx_word' id='word_1_745' title='bbox 920 5056 1042 5127; x_wconf 88' lang='lat' dir='ltr'><strong>igne</strong></span> <span class='ocrx_word' id='word_1_746' title='bbox 1098 5066 1153 5109; x_wconf 92' lang='lat' dir='ltr'><strong>et</strong></span> <span class='ocrx_word' id='word_1_747' title='bbox 1198 5054 1376 5123; x_wconf 86' lang='lat' dir='ltr'><strong>gladio</strong></span> <span class='ocrx_word' id='word_1_748' title='bbox 1411 5068 1740 5108; x_wconf 90' lang='lat' dir='ltr'><strong>consumens</strong></span> 
     </span>
    </p>
   </div>
   <div class='ocr_carea' id='block_1_97' title="bbox 158 5144 1742 5217">
    <p class='ocr_par' dir='ltr' id='par_1_97' title="bbox 158 5144 1742 5217">
     <span class='ocr_line' id='line_1_97' title="bbox 158 5144 1742 5217; baseline -0.006 -11"><span class='ocrx_word' id='word_1_749' title='bbox 158 5169 356 5207; x_wconf 83' lang='lat' dir='ltr'><strong>carnes</strong></span> <span class='ocrx_word' id='word_1_750' title='bbox 383 5167 593 5207; x_wconf 90' lang='lat' dir='ltr'><strong>eorum.</strong></span> <span class='ocrx_word' id='word_1_751' title='bbox 629 5150 752 5205; x_wconf 71' lang='lat' dir='ltr'><strong>IIzrc</strong></span> <span class='ocrx_word' id='word_1_752' title='bbox 790 5164 1024 5217; x_wconf 90' lang='lat' dir='ltr'><strong>namque</strong></span> <span class='ocrx_word' id='word_1_753' title='bbox 1068 5147 1170 5201; x_wconf 89' lang='lat' dir='ltr'><strong>fuit</strong></span> <span class='ocrx_word' id='word_1_754' title='bbox 1194 5146 1445 5200; x_wconf 86' lang='lat' dir='ltr'><strong>voluntas</strong></span> <span class='ocrx_word' id='word_1_755' title='bbox 1469 5155 1523 5200; x_wconf 91' lang='lat' dir='ltr'><strong>et</strong></span> <span class='ocrx_word' id='word_1_756' title='bbox 1552 5144 1742 5215; x_wconf 89' lang='lat' dir='ltr'><strong>petitio</strong></span> 
     </span>
    </p>
   </div>
   <div class='ocr_carea' id='block_1_98' title="bbox 108 5238 1745 5307">
    <p class='ocr_par' dir='ltr' id='par_1_98' title="bbox 108 5238 1745 5307">
     <span class='ocr_line' id='line_1_98' title="bbox 108 5238 1745 5307; baseline -0.006 -9"><span class='ocrx_word' id='word_1_757' title='bbox 108 5254 109 5259; x_wconf 83' lang='lat'>‘</span> <span class='ocrx_word' id='word_1_758' title='bbox 158 5244 386 5307; x_wconf 86' lang='lat' dir='ltr'><strong>diaboli,</strong></span> <span class='ocrx_word' id='word_1_759' title='bbox 439 5253 499 5297; x_wconf 91' lang='lat' dir='ltr'><strong>ut</strong></span> <span class='ocrx_word' id='word_1_760' title='bbox 534 5252 754 5297; x_wconf 90' lang='lat' dir='ltr'><strong>sanctos</strong></span> <span class='ocrx_word' id='word_1_761' title='bbox 808 5241 1094 5295; x_wconf 91' lang='lat' dir='ltr'><strong>tormentis</strong></span> <span class='ocrx_word' id='word_1_762' title='bbox 1138 5238 1382 5294; x_wconf 79' lang='lat' dir='ltr'><strong>alliceret</strong></span> <span class='ocrx_word' id='word_1_763' title='bbox 1429 5247 1591 5306; x_wconf 88' lang='lat' dir='ltr'><strong>atque</strong></span> <span class='ocrx_word' id='word_1_764' title='bbox 1633 5246 1745 5289; x_wconf 92' lang='lat' dir='ltr'><strong>tor-</strong></span> 
     </span>
    </p>
   </div>
   <div class='ocr_carea' id='block_1_99' title="bbox 158 5327 1736 5406">
    <p class='ocr_par' dir='ltr' id='par_1_99' title="bbox 158 5327 1736 5406">
     <span class='ocr_line' id='line_1_99' title="bbox 158 5327 1736 5406; baseline -0.006 -17"><span class='ocrx_word' id='word_1_765' title='bbox 158 5348 380 5406; x_wconf 89' lang='lat' dir='ltr'><strong>queret.</strong></span> <span class='ocrx_word' id='word_1_766' title='bbox 418 5335 485 5388; x_wconf 86' lang='lat' dir='ltr'><strong>Et</strong></span> <span class='ocrx_word' id='word_1_767' title='bbox 539 5337 652 5390; x_wconf 75' lang='lat' dir='ltr'><strong>lucc</strong></span> <span class='ocrx_word' id='word_1_768' title='bbox 698 5334 804 5389; x_wconf 91' lang='lat' dir='ltr'><strong>fuit</strong></span> <span class='ocrx_word' id='word_1_769' title='bbox 833 5344 1146 5390; x_wconf 87' lang='lat' dir='ltr'><strong>sanctorum</strong></span> <span class='ocrx_word' id='word_1_770' title='bbox 1193 5332 1394 5395; x_wconf 87' lang='lat' dir='ltr'><strong>oratio,</strong></span> <span class='ocrx_word' id='word_1_771' title='bbox 1454 5341 1511 5383; x_wconf 92' lang='lat' dir='ltr'><strong>ut</strong></span> <span class='ocrx_word' id='word_1_772' title='bbox 1557 5327 1736 5381; x_wconf 91' lang='lat' dir='ltr'><strong>omnia</strong></span> 
     </span>
    </p>
   </div>
   <div class='ocr_carea' id='block_1_100' title="bbox 157 5417 1738 5495">
    <p class='ocr_par' dir='ltr' id='par_1_100' title="bbox 157 5417 1738 5495">
     <span class='ocr_line' id='line_1_100' title="bbox 157 5417 1738 5495; baseline -0.005 -16"><span class='ocrx_word' id='word_1_773' title='bbox 157 5426 427 5493; x_wconf 72' lang='lat' dir='ltr'><strong>Supplicia</strong></span> <span class='ocrx_word' id='word_1_774' title='bbox 470 5436 692 5495; x_wconf 80' lang='lat' dir='ltr'><strong>propter</strong></span> <span class='ocrx_word' id='word_1_775' title='bbox 725 5424 894 5479; x_wconf 91' lang='lat' dir='ltr'><strong>Deum</strong></span> <span class='ocrx_word' id='word_1_776' title='bbox 926 5425 1259 5479; x_wconf 88' lang='lat' dir='ltr'><strong>sustinentes</strong></span> <span class='ocrx_word' id='word_1_777' title='bbox 1297 5431 1517 5475; x_wconf 63' lang='lat' dir='ltr'><strong>aeternas</strong></span> <span class='ocrx_word' id='word_1_778' title='bbox 1553 5417 1738 5488; x_wconf 74' lang='lat' dir='ltr'><strong>gloria:</strong></span> 
     </span>
    </p>
   </div>
   <div class='ocr_carea' id='block_1_101' title="bbox 158 5510 1739 5586">
    <p class='ocr_par' dir='ltr' id='par_1_101' title="bbox 158 5510 1739 5586">
     <span class='ocr_line' id='line_1_101' title="bbox 158 5510 1739 5586; baseline -0.005 -17"><span class='ocrx_word' id='word_1_779' title='bbox 158 5516 311 5586; x_wconf 85' lang='lat' dir='ltr'><strong>apud</strong></span> <span class='ocrx_word' id='word_1_780' title='bbox 345 5532 461 5571; x_wconf 92' lang='lat' dir='ltr'><strong>eum</strong></span> <span class='ocrx_word' id='word_1_781' title='bbox 490 5517 542 5570; x_wconf 90' lang='lat' dir='ltr'><strong>in</strong></span> <span class='ocrx_word' id='word_1_782' title='bbox 583 5517 687 5571; x_wconf 88' lang='lat' dir='ltr'><strong>ﬁde</strong></span> <span class='ocrx_word' id='word_1_783' title='bbox 717 5516 1057 5572; x_wconf 71' lang='lat' dir='ltr'><strong>edicerentur</strong></span> <span class='ocrx_word' id='word_1_784' title='bbox 1087 5514 1346 5569; x_wconf 71' lang='lat' dir='ltr'><strong>liazredes.</strong></span> <span class='ocrx_word' id='word_1_785' title='bbox 1371 5510 1526 5578; x_wconf 87' lang='lat' dir='ltr'><strong>Quod</strong></span> <span class='ocrx_word' id='word_1_786' title='bbox 1560 5518 1739 5562; x_wconf 90' lang='lat' dir='ltr'><strong>autem</strong></span> 
     </span>
    </p>
   </div>
   <div class='ocr_carea' id='block_1_102' title="bbox 162 5601 1742 5678">
    <p class='ocr_par' dir='ltr' id='par_1_102' title="bbox 162 5601 1742 5678">
     <span class='ocr_line' id='line_1_102' title="bbox 162 5601 1742 5678; baseline -0.006 -14"><span class='ocrx_word' id='word_1_787' title='bbox 162 5610 294 5664; x_wconf 66' lang='lat' dir='ltr'><strong>haec</strong></span> <span class='ocrx_word' id='word_1_788' title='bbox 342 5621 485 5678; x_wconf 88' lang='lat' dir='ltr'><strong>petat</strong></span> <span class='ocrx_word' id='word_1_789' title='bbox 528 5610 801 5677; x_wconf 79' lang='lat' dir='ltr'><strong>diabolus,</strong></span> <span class='ocrx_word' id='word_1_790' title='bbox 862 5606 1099 5664; x_wconf 90' lang='lat' dir='ltr'><strong>ostendit</strong></span> <span class='ocrx_word' id='word_1_791' title='bbox 1147 5606 1427 5660; x_wconf 89' lang='lat' dir='ltr'><strong>evidenter</strong></span> <span class='ocrx_word' id='word_1_792' title='bbox 1482 5601 1742 5655; x_wconf 89' lang='lat' dir='ltr'><strong>Dominus</strong></span> 
     </span>
    </p>
   </div>
   <div class='ocr_carea' id='block_1_103' title="bbox 163 5696 1741 5772">
    <p class='ocr_par' dir='ltr' id='par_1_103' title="bbox 163 5696 1741 5772">
     <span class='ocr_line' id='line_1_103' title="bbox 163 5696 1741 5772; baseline -0.008 -17"><span class='ocrx_word' id='word_1_793' title='bbox 163 5696 405 5756; x_wconf 77' lang='lat' dir='ltr'><strong>dicens:</strong></span> <span class='ocrx_word' id='word_1_794' title='bbox 441 5700 672 5759; x_wconf 84' lang='lat' dir='ltr'><strong>Satanas</strong></span> <span class='ocrx_word' id='word_1_795' title='bbox 721 5702 869 5772; x_wconf 87' lang='lat' dir='ltr'><strong>petiit</strong></span> <span class='ocrx_word' id='word_1_796' title='bbox 923 5711 980 5754; x_wconf 91' lang='lat' dir='ltr'><strong>ut</strong></span> <span class='ocrx_word' id='word_1_797' title='bbox 1038 5716 1126 5755; x_wconf 81' lang='lat' dir='ltr'><strong>vos</strong></span> <span class='ocrx_word' id='word_1_798' title='bbox 1178 5697 1437 5752; x_wconf 86' lang='lat' dir='ltr'><strong>cribraret</strong></span> <span class='ocrx_word' id='word_1_799' title='bbox 1492 5704 1741 5763; x_wconf 88' lang='lat' dir='ltr'><strong>tanquam</strong></span> 
     </span>
    </p>
   </div>
   <div class='ocr_carea' id='block_1_104' title="bbox 245 5863 1217 5928">
    <p class='ocr_par' dir='ltr' id='par_1_104' title="bbox 245 5863 1217 5928">
     <span class='ocr_line' id='line_1_104' title="bbox 245 5863 1217 5928; baseline 0 -11"><span class='ocrx_word' id='word_1_800' title='bbox 245 5863 296 5894; x_wconf 72' lang='lat'><strong>&quot;‘</strong></span> <span class='ocrx_word' id='word_1_801' title='bbox 323 5863 417 5917; x_wconf 70' lang='lat' dir='ltr'><strong>Job</strong></span> <span class='ocrx_word' id='word_1_802' title='bbox 453 5883 511 5928; x_wconf 88' lang='lat' dir='ltr'><strong>n,</strong></span> <span class='ocrx_word' id='word_1_803' title='bbox 546 5866 599 5921; x_wconf 70' lang='grc'><strong>4.</strong></span> <span class='ocrx_word' id='word_1_804' title='bbox 674 5866 743 5897; x_wconf 76' lang='grc'><strong>⁷⁴⁸⁶</strong></span> <span class='ocrx_word' id='word_1_805' title='bbox 797 5864 927 5920; x_wconf 79' lang='lat' dir='ltr'><strong>Luc.</strong></span> <span class='ocrx_word' id='word_1_806' title='bbox 962 5880 1099 5925; x_wconf 69' lang='lat' dir='ltr'><strong>uti,</strong></span> <span class='ocrx_word' id='word_1_807' title='bbox 1128 5863 1217 5917; x_wconf 80' lang='grc'><strong>51.</strong></span> 
     </span>
    </p>
   </div>
   <div class='ocr_carea' id='block_1_105' title="bbox 492 5960 1179 6023">
    <p class='ocr_par' dir='ltr' id='par_1_105' title="bbox 492 5960 1179 6023">
     <span class='ocr_line' id='line_1_105' title="bbox 492 5960 1179 6023; baseline -0.003 -1"><span class='ocrx_word' id='word_1_808' title='bbox 492 5965 759 6023; x_wconf 74' lang='grc' dir='ltr'><strong>ΡΑτιιοι..</strong></span> <span class='ocrx_word' id='word_1_809' title='bbox 810 5961 929 6022; x_wconf 78' lang='lat' dir='ltr'><strong>Gn.</strong></span> <span class='ocrx_word' id='word_1_810' title='bbox 978 5960 1179 6022; x_wconf 70' lang='lat' dir='ltr'><strong>XVII.</strong></span> 
     </span>
    </p>
   </div>
   <div class='ocr_carea' id='block_1_106' title="bbox 1298 5853 1800 5923">
    <p class='ocr_par' dir='ltr' id='par_1_106' title="bbox 1298 5853 1800 5923">
     <span class='ocr_line' id='line_1_106' title="bbox 1298 5853 1800 5923; baseline -0.012 -6"><span class='ocrx_word' id='word_1_811' title='bbox 1298 5862 1342 5892; x_wconf 84' lang='lat'><strong>&quot;</strong></span> <span class='ocrx_word' id='word_1_812' title='bbox 1373 5858 1473 5917; x_wconf 87' lang='lat' dir='ltr'><strong>Job</strong></span> <span class='ocrx_word' id='word_1_813' title='bbox 1501 5873 1563 5923; x_wconf 90' lang='grc' dir='ltr'><strong>ιι,</strong></span> <span class='ocrx_word' id='word_1_814' title='bbox 1599 5856 1653 5912; x_wconf 77' lang='lat'><strong>5.</strong></span> <span class='ocrx_word' id='word_1_815' title='bbox 1731 5853 1800 5886; x_wconf 84' lang='lat'><strong>&quot;‘</strong></span> 
     </span>
    </p>
   </div>
   <div class='ocr_carea' id='block_1_107' title="bbox 1836 4688 3415 4761">
    <p class='ocr_par' dir='ltr' id='par_1_107' title="bbox 1836 4688 3415 4761">
     <span class='ocr_line' id='line_1_107' title="bbox 1836 4688 3415 4761; baseline 0.004 -20"><span class='ocrx_word' id='word_1_816' title='bbox 1836 4688 2208 4758; x_wconf 87' lang='lat' dir='ltr'><strong>increpatione</strong></span> <span class='ocrx_word' id='word_1_817' title='bbox 2234 4708 2249 4745; x_wconf 90' lang='lat'><strong>:</strong></span> <span class='ocrx_word' id='word_1_818' title='bbox 2279 4689 2473 4746; x_wconf 87' lang='lat' dir='ltr'><strong>Petisti</strong></span> <span class='ocrx_word' id='word_1_819' title='bbox 2502 4706 2609 4746; x_wconf 89' lang='lat' dir='ltr'><strong>rem</strong></span> <span class='ocrx_word' id='word_1_820' title='bbox 2653 4692 2770 4761; x_wconf 86' lang='lat' dir='ltr'><strong>ejus</strong></span> <span class='ocrx_word' id='word_1_821' title='bbox 2810 4694 3027 4761; x_wconf 87' lang='lat' dir='ltr'><strong>perdere</strong></span> <span class='ocrx_word' id='word_1_822' title='bbox 3054 4694 3167 4747; x_wconf 87' lang='lat' dir='ltr'><strong>sine</strong></span> <span class='ocrx_word' id='word_1_823' title='bbox 3196 4710 3363 4748; x_wconf 84' lang='lat' dir='ltr'><strong>causa</strong></span> <span class='ocrx_word' id='word_1_824' title='bbox 3394 4708 3415 4747; x_wconf 88' lang='lat'><strong><em>:</em></strong></span> 
     </span>
    </p>
   </div>
   <div class='ocr_carea' id='block_1_108' title="bbox 1837 4776 3419 4851">
    <p class='ocr_par' dir='ltr' id='par_1_108' title="bbox 1837 4776 3419 4851">
     <span class='ocr_line' id='line_1_108' title="bbox 1837 4776 3419 4851; baseline 0.003 -21"><span class='ocrx_word' id='word_1_825' title='bbox 1837 4777 1932 4830; x_wconf 91' lang='lat' dir='ltr'><strong>sed</strong></span> <span class='ocrx_word' id='word_1_826' title='bbox 1965 4778 2092 4832; x_wconf 90' lang='lat' dir='ltr'><strong>olim</strong></span> <span class='ocrx_word' id='word_1_827' title='bbox 2126 4779 2348 4847; x_wconf 90' lang='lat' dir='ltr'><strong>quidem</strong></span> <span class='ocrx_word' id='word_1_828' title='bbox 2399 4795 2512 4835; x_wconf 91' lang='lat' dir='ltr'><strong>rem</strong></span> <span class='ocrx_word' id='word_1_829' title='bbox 2558 4776 2659 4835; x_wconf 90' lang='lat' dir='ltr'><strong>Job</strong></span> <span class='ocrx_word' id='word_1_830' title='bbox 2699 4781 2818 4835; x_wconf 91' lang='lat' dir='ltr'><strong>sine</strong></span> <span class='ocrx_word' id='word_1_831' title='bbox 2871 4797 3033 4837; x_wconf 88' lang='lat' dir='ltr'><strong>causa</strong></span> <span class='ocrx_word' id='word_1_832' title='bbox 3090 4782 3419 4851; x_wconf 86' lang='lat' dir='ltr'><strong>perdidisti;</strong></span> 
     </span>
    </p>
   </div>
   <div class='ocr_carea' id='block_1_109' title="bbox 1839 4868 3420 4937">
    <p class='ocr_par' dir='ltr' id='par_1_109' title="bbox 1839 4868 3420 4937">
     <span class='ocr_line' id='line_1_109' title="bbox 1839 4868 3420 4937; baseline 0 -16"><span class='ocrx_word' id='word_1_833' title='bbox 1839 4877 1963 4936; x_wconf 88' lang='lat' dir='ltr'><strong>post</strong></span> <span class='ocrx_word' id='word_1_834' title='bbox 2004 4868 2107 4923; x_wconf 90' lang='lat' dir='ltr'><strong>hoc</strong></span> <span class='ocrx_word' id='word_1_835' title='bbox 2152 4879 2331 4924; x_wconf 91' lang='lat' dir='ltr'><strong>autem</strong></span> <span class='ocrx_word' id='word_1_836' title='bbox 2368 4885 2488 4937; x_wconf 88' lang='lat' dir='ltr'><strong>cum</strong></span> <span class='ocrx_word' id='word_1_837' title='bbox 2544 4870 2806 4924; x_wconf 90' lang='lat' dir='ltr'><strong>Dominus</strong></span> <span class='ocrx_word' id='word_1_838' title='bbox 2834 4871 3073 4925; x_wconf 83' lang='lat' dir='ltr'><strong>venisset</strong></span> <span class='ocrx_word' id='word_1_839' title='bbox 3121 4872 3187 4925; x_wconf 88' lang='lat' dir='ltr'><strong>ad</strong></span> <span class='ocrx_word' id='word_1_840' title='bbox 3221 4882 3420 4936; x_wconf 70' lang='lat' dir='ltr'><strong>terras,</strong></span> 
     </span>
    </p>
   </div>
   <div class='ocr_carea' id='block_1_110' title="bbox 1839 4959 3421 5031">
    <p class='ocr_par' dir='ltr' id='par_1_110' title="bbox 1839 4959 3421 5031">
     <span class='ocr_line' id='line_1_110' title="bbox 1839 4959 3421 5031; baseline -0.001 -18"><span class='ocrx_word' id='word_1_841' title='bbox 1839 4959 1984 5014; x_wconf 88' lang='lat' dir='ltr'><strong>illius</strong></span> <span class='ocrx_word' id='word_1_842' title='bbox 2010 4961 2273 5031; x_wconf 86' lang='lat' dir='ltr'><strong>unguenti</strong></span> <span class='ocrx_word' id='word_1_843' title='bbox 2314 4961 2677 5031; x_wconf 79' lang='lat' dir='ltr'><strong>perditionem</strong></span> <span class='ocrx_word' id='word_1_844' title='bbox 2728 4962 2898 5031; x_wconf 91' lang='lat' dir='ltr'><strong>gratis</strong></span> <span class='ocrx_word' id='word_1_845' title='bbox 2949 4962 3064 5016; x_wconf 89' lang='lat' dir='ltr'><strong>ﬁeri</strong></span> <span class='ocrx_word' id='word_1_846' title='bbox 3114 4962 3421 5026; x_wconf 64' lang='lat' dir='ltr'><strong>aestimasti,</strong></span> 
     </span>
    </p>
   </div>
   <div class='ocr_carea' id='block_1_111' title="bbox 1840 5049 3421 5122">
    <p class='ocr_par' dir='ltr' id='par_1_111' title="bbox 1840 5049 3421 5122">
     <span class='ocr_line' id='line_1_111' title="bbox 1840 5049 3421 5122; baseline -0.002 -17"><span class='ocrx_word' id='word_1_847' title='bbox 1840 5052 2028 5106; x_wconf 90' lang='lat' dir='ltr'><strong>dicens</strong></span> <span class='ocrx_word' id='word_1_848' title='bbox 2067 5067 2163 5121; x_wconf 90' lang='lat' dir='ltr'><strong>per</strong></span> <span class='ocrx_word' id='word_1_849' title='bbox 2226 5066 2289 5107; x_wconf 91' lang='lat' dir='ltr'><strong>os</strong></span> <span class='ocrx_word' id='word_1_850' title='bbox 2350 5049 2501 5105; x_wconf 69' lang='lat' dir='ltr'><strong>Judas</strong></span> <span class='ocrx_word' id='word_1_851' title='bbox 2537 5069 2551 5105; x_wconf 95' lang='lat'><strong>:</strong></span> <span class='ocrx_word' id='word_1_852' title='bbox 2589 5050 2787 5122; x_wconf 82' lang='lat' dir='ltr'><strong>thuid</strong></span> <span class='ocrx_word' id='word_1_853' title='bbox 2840 5053 2951 5107; x_wconf 84' lang='lat' dir='ltr'><strong>Iuec</strong></span> <span class='ocrx_word' id='word_1_854' title='bbox 2990 5052 3214 5121; x_wconf 79' lang='lat' dir='ltr'><strong>perditio</strong></span> <span class='ocrx_word' id='word_1_855' title='bbox 3260 5052 3421 5119; x_wconf 80' lang='lat' dir='ltr'><strong>hujus</strong></span> 
     </span>
    </p>
   </div>
   <div class='ocr_carea' id='block_1_112' title="bbox 1842 5143 3422 5214">
    <p class='ocr_par' dir='ltr' id='par_1_112' title="bbox 1842 5143 3422 5214">
     <span class='ocr_line' id='line_1_112' title="bbox 1842 5143 3422 5214; baseline -0.001 -17"><span class='ocrx_word' id='word_1_856' title='bbox 1842 5145 2093 5214; x_wconf 87' lang='lat' dir='ltr'><strong>unguenti</strong></span> <span class='ocrx_word' id='word_1_857' title='bbox 2129 5143 2273 5212; x_wconf 79' lang='lat' dir='ltr'><strong>facta</strong></span> <span class='ocrx_word' id='word_1_858' title='bbox 2321 5152 2395 5196; x_wconf 87' lang='lat' dir='ltr'><strong>est</strong></span> <span class='ocrx_word' id='word_1_859' title='bbox 2444 5144 2556 5197; x_wconf 75' lang='lat' dir='ltr'><strong>&quot;&quot;l</strong></span> <span class='ocrx_word' id='word_1_860' title='bbox 2623 5145 2686 5198; x_wconf 84' lang='lat' dir='ltr'><strong>Et</strong></span> <span class='ocrx_word' id='word_1_861' title='bbox 2749 5154 3080 5214; x_wconf 88' lang='lat' dir='ltr'><strong>unguentum</strong></span> <span class='ocrx_word' id='word_1_862' title='bbox 3119 5159 3250 5197; x_wconf 88' lang='lat' dir='ltr'><strong>sane</strong></span> <span class='ocrx_word' id='word_1_863' title='bbox 3280 5145 3422 5211; x_wconf 86' lang='lat' dir='ltr'><strong>quod</strong></span> 
     </span>
    </p>
   </div>
   <div class='ocr_carea' id='block_1_113' title="bbox 1843 5232 3424 5306">
    <p class='ocr_par' dir='ltr' id='par_1_113' title="bbox 1843 5232 3424 5306">
     <span class='ocr_line' id='line_1_113' title="bbox 1843 5232 3424 5306; baseline 0.001 -19"><span class='ocrx_word' id='word_1_864' title='bbox 1843 5250 1943 5302; x_wconf 91' lang='lat' dir='ltr'><strong>pro</strong></span> <span class='ocrx_word' id='word_1_865' title='bbox 1974 5235 2114 5289; x_wconf 90' lang='lat' dir='ltr'><strong>bono</strong></span> <span class='ocrx_word' id='word_1_866' title='bbox 2160 5250 2282 5288; x_wconf 91' lang='lat' dir='ltr'><strong>cum</strong></span> <span class='ocrx_word' id='word_1_867' title='bbox 2322 5232 2427 5287; x_wconf 91' lang='lat' dir='ltr'><strong>ﬁde</strong></span> <span class='ocrx_word' id='word_1_868' title='bbox 2471 5233 2699 5290; x_wconf 70' lang='lat' dir='ltr'><strong>effusum</strong></span> <span class='ocrx_word' id='word_1_869' title='bbox 2748 5244 2833 5289; x_wconf 89' lang='lat' dir='ltr'><strong>est</strong></span> <span class='ocrx_word' id='word_1_870' title='bbox 2879 5236 3236 5306; x_wconf 89' lang='lat' dir='ltr'><strong>perditionem</strong></span> <span class='ocrx_word' id='word_1_871' title='bbox 3277 5234 3424 5301; x_wconf 90' lang='lat' dir='ltr'><strong>judi-</strong></span> 
     </span>
    </p>
   </div>
   <div class='ocr_carea' id='block_1_114' title="bbox 1848 5327 3420 5398">
    <p class='ocr_par' dir='ltr' id='par_1_114' title="bbox 1848 5327 3420 5398">
     <span class='ocr_line' id='line_1_114' title="bbox 1848 5327 3420 5398; baseline 0.001 -21"><span class='ocrx_word' id='word_1_872' title='bbox 1848 5328 1986 5382; x_wconf 77' lang='lat' dir='ltr'><strong>rasti</strong></span> <span class='ocrx_word' id='word_1_873' title='bbox 2020 5345 2032 5380; x_wconf 89' lang='lat'>:</span> <span class='ocrx_word' id='word_1_874' title='bbox 2072 5341 2184 5381; x_wconf 86' lang='lat' dir='ltr'><strong>rem</strong></span> <span class='ocrx_word' id='word_1_875' title='bbox 2214 5341 2345 5380; x_wconf 90' lang='lat' dir='ltr'><strong>vero</strong></span> <span class='ocrx_word' id='word_1_876' title='bbox 2388 5327 2494 5381; x_wconf 91' lang='lat' dir='ltr'><strong>Job</strong></span> <span class='ocrx_word' id='word_1_877' title='bbox 2536 5343 2657 5397; x_wconf 63' lang='lat' dir='ltr'><strong>qua:</strong></span> <span class='ocrx_word' id='word_1_878' title='bbox 2711 5344 2834 5383; x_wconf 91' lang='lat' dir='ltr'><strong>cum</strong></span> <span class='ocrx_word' id='word_1_879' title='bbox 2895 5328 3182 5397; x_wconf 90' lang='lat' dir='ltr'><strong>iniquitate</strong></span> <span class='ocrx_word' id='word_1_880' title='bbox 3239 5328 3420 5398; x_wconf 89' lang='lat' dir='ltr'><strong>periit,</strong></span> 
     </span>
    </p>
   </div>
   <div class='ocr_carea' id='block_1_115' title="bbox 1848 5414 3422 5487">
    <p class='ocr_par' dir='ltr' id='par_1_115' title="bbox 1848 5414 3422 5487">
     <span class='ocr_line' id='line_1_115' title="bbox 1848 5414 3422 5487; baseline 0 -18"><span class='ocrx_word' id='word_1_881' title='bbox 1848 5418 2208 5487; x_wconf 83' lang='lat' dir='ltr'><strong>perditionem</strong></span> <span class='ocrx_word' id='word_1_882' title='bbox 2242 5433 2348 5471; x_wconf 90' lang='lat' dir='ltr'><strong>non</strong></span> <span class='ocrx_word' id='word_1_883' title='bbox 2380 5417 2688 5471; x_wconf 67' lang='lat' dir='ltr'><strong>aestimasti.</strong></span> <span class='ocrx_word' id='word_1_884' title='bbox 2715 5417 2781 5471; x_wconf 84' lang='lat' dir='ltr'><strong>Et</strong></span> <span class='ocrx_word' id='word_1_885' title='bbox 2809 5414 2950 5487; x_wconf 89' lang='lat' dir='ltr'><strong>quod</strong></span> <span class='ocrx_word' id='word_1_886' title='bbox 2980 5416 3155 5483; x_wconf 91' lang='lat' dir='ltr'><strong>majus</strong></span> <span class='ocrx_word' id='word_1_887' title='bbox 3181 5428 3263 5470; x_wconf 89' lang='lat' dir='ltr'><strong>est</strong></span> <span class='ocrx_word' id='word_1_888' title='bbox 3296 5418 3422 5480; x_wconf 91' lang='lat' dir='ltr'><strong>hoc,</strong></span> 
     </span>
    </p>
   </div>
   <div class='ocr_carea' id='block_1_116' title="bbox 1850 5506 3422 5579">
    <p class='ocr_par' dir='ltr' id='par_1_116' title="bbox 1850 5506 3422 5579">
     <span class='ocr_line' id='line_1_116' title="bbox 1850 5506 3422 5579; baseline -0.002 -16"><span class='ocrx_word' id='word_1_889' title='bbox 1850 5518 2186 5579; x_wconf 87' lang='lat' dir='ltr'><strong>unguentum</strong></span> <span class='ocrx_word' id='word_1_890' title='bbox 2218 5507 2348 5563; x_wconf 90' lang='lat' dir='ltr'><strong>illud</strong></span> <span class='ocrx_word' id='word_1_891' title='bbox 2371 5506 2514 5578; x_wconf 88' lang='lat' dir='ltr'><strong>quod</strong></span> <span class='ocrx_word' id='word_1_892' title='bbox 2548 5522 2578 5561; x_wconf 91' lang='lat' dir='ltr'><strong>a</strong></span> <span class='ocrx_word' id='word_1_893' title='bbox 2612 5506 2748 5563; x_wconf 89' lang='lat' dir='ltr'><strong>Jnda</strong></span> <span class='ocrx_word' id='word_1_894' title='bbox 2779 5506 3010 5561; x_wconf 83' lang='lat' dir='ltr'><strong>eﬁ‘usum</strong></span> <span class='ocrx_word' id='word_1_895' title='bbox 3038 5518 3150 5570; x_wconf 89' lang='lat' dir='ltr'><strong>est,</strong></span> <span class='ocrx_word' id='word_1_896' title='bbox 3188 5509 3290 5562; x_wconf 91' lang='lat' dir='ltr'><strong>hoc</strong></span> <span class='ocrx_word' id='word_1_897' title='bbox 3318 5518 3422 5567; x_wconf 87' lang='lat' dir='ltr'><strong>est.</strong></span> 
     </span>
    </p>
   </div>
   <div class='ocr_carea' id='block_1_117' title="bbox 1849 5597 3424 5672">
    <p class='ocr_par' dir='ltr' id='par_1_117' title="bbox 1849 5597 3424 5672">
     <span class='ocr_line' id='line_1_117' title="bbox 1849 5597 3424 5672; baseline -0.003 -17"><span class='ocrx_word' id='word_1_898' title='bbox 1849 5601 2169 5672; x_wconf 87' lang='lat' dir='ltr'><strong>sanguinem</strong></span> <span class='ocrx_word' id='word_1_899' title='bbox 2201 5599 2481 5669; x_wconf 81' lang='lat' dir='ltr'><strong>Unigeniti</strong></span> <span class='ocrx_word' id='word_1_900' title='bbox 2527 5600 2889 5670; x_wconf 89' lang='lat' dir='ltr'><strong>perditionem</strong></span> <span class='ocrx_word' id='word_1_901' title='bbox 2955 5600 3238 5669; x_wconf 85' lang='lat' dir='ltr'><strong>reputasti.</strong></span> <span class='ocrx_word' id='word_1_902' title='bbox 3293 5597 3424 5653; x_wconf 84' lang='lat' dir='ltr'><strong>Nam</strong></span> 
     </span>
    </p>
   </div>
   <div class='ocr_carea' id='block_1_118' title="bbox 1850 5690 3427 5766">
    <p class='ocr_par' dir='ltr' id='par_1_118' title="bbox 1850 5690 3427 5766">
     <span class='ocr_line' id='line_1_118' title="bbox 1850 5690 3427 5766; baseline -0.001 -19"><span class='ocrx_word' id='word_1_903' title='bbox 1850 5692 1992 5747; x_wconf 88' lang='lat' dir='ltr'><strong>sicut</strong></span> <span class='ocrx_word' id='word_1_904' title='bbox 2028 5706 2151 5747; x_wconf 88' lang='lat' dir='ltr'><strong>cum</strong></span> <span class='ocrx_word' id='word_1_905' title='bbox 2197 5690 2310 5748; x_wconf 90' lang='lat' dir='ltr'><strong>illic</strong></span> <span class='ocrx_word' id='word_1_906' title='bbox 2357 5701 2687 5766; x_wconf 84' lang='lat' dir='ltr'><strong>unguentum</strong></span> <span class='ocrx_word' id='word_1_907' title='bbox 2722 5692 2854 5748; x_wconf 90' lang='lat' dir='ltr'><strong>illud</strong></span> <span class='ocrx_word' id='word_1_908' title='bbox 2900 5690 3293 5757; x_wconf 72' lang='lat' dir='ltr'><strong>effunderetur,</strong></span> <span class='ocrx_word' id='word_1_909' title='bbox 3343 5706 3427 5745; x_wconf 86' lang='lat' dir='ltr'><strong>re-</strong></span> 
     </span>
    </p>
   </div>
   <div class='ocr_carea' id='block_1_119' title="bbox 1852 5850 2273 5918">
    <p class='ocr_par' dir='ltr' id='par_1_119' title="bbox 1852 5850 2273 5918">
     <span class='ocr_line' id='line_1_119' title="bbox 1852 5850 2273 5918; baseline -0.002 -10"><span class='ocrx_word' id='word_1_910' title='bbox 1852 5850 2019 5908; x_wconf 59' lang='grc'><strong>31010.</strong></span> <span class='ocrx_word' id='word_1_911' title='bbox 2075 5866 2186 5918; x_wconf 74' lang='lat' dir='ltr'><strong>xlv,</strong></span> <span class='ocrx_word' id='word_1_912' title='bbox 2217 5852 2273 5907; x_wconf 74' lang='grc'><strong>1.</strong></span> 
     </span>
    </p>
   </div>
   <div class='ocr_carea' id='block_1_120' title="bbox 3074 5941 3142 6004">
    <p class='ocr_par' dir='ltr' id='par_1_120' title="bbox 3074 5941 3142 6004">
     <span class='ocr_line' id='line_1_120' title="bbox 3074 5941 3142 6004; baseline 0.029 -2"><span class='ocrx_word' id='word_1_913' title='bbox 3074 5941 3142 6004; x_wconf 76' lang='lat'><strong>15</strong></span> 
     </span>
    </p>
   </div>
  </div>
