3942 6520
221 510 316 564 46!

1321 509 1698 566 ANONYMUS
1737 510 1801 563 IN
1841 509 1979 566 JOB.
2020 543 2086 553 —
2125 512 2253 569 LIB.
2293 514 2361 570 II.

3377 524 3482 579 462

223 627 376 693 ierit,
398 635 456 682 et
479 641 547 683 ex
589 625 692 682 hoc
722 625 882 694 hujus
913 625 991 681 rei
1029 626 1158 681 mihi
1188 624 1401 684 debitor
1425 629 1657 692 exstitit,
1688 643 1802 682 me-
1828 633 1878 690 Α
1906 628 2160 685 familiari
2210 641 2376 702 atque
2404 633 2612 690 divitiis
2655 633 2760 692 Job
2801 636 3016 695 locutus
3055 653 3137 708 es,
3174 656 3321 698 nunc
3353 657 3482 700 vero

223 721 332 776 rito
353 736 525 785 nunc,
554 719 984 789 inquit,Corium
1013 738 1110 790 pro
1142 721 1306 775 corio.
1333 720 1579 788 Corium,
1605 722 1801 792 inquit,

220 809 323 867 Job
380 827 482 880 pro
537 811 690 865 corio
735 812 908 866 Adam
963 813 1031 865 da
1091 811 1244 867 mibi.
1292 809 1602 867 Vexaturus
1652 827 1801 868 eram

221 903 432 956 corium
469 902 661 964 Adam,
685 913 741 957 et
776 918 882 956 non
917 918 1002 964 me
1035 903 1351 971 permisisti.
1390 902 1464 956 Da
1505 920 1635 974 ergo
1669 907 1802 964 mihi

221 994 433 1049 corium
462 991 568 1048 Job
609 1008 706 1061 pro
730 993 880 1048 corio
906 995 1100 1048 Adam.
1161 994 1236 1048 Da
1286 995 1415 1049 mihi
1449 997 1659 1050 corium
1708 996 1802 1052 filii

221 1100 319 1154 pro
344 1086 498 1140 corio
537 1085 728 1152 patris.
781 1084 1046 1155 Exigam,
1089 1084 1295 1155 inquit,
1346 1101 1378 1140 a
1420 1087 1531 1162 lilio
1561 1086 1800 1143 debitum

220 1179 507 1247 genitoris.
543 1177 838 1245 Persolvat,
871 1179 971 1239 ait,
999 1179 1194 1246 pellem
1220 1178 1302 1233 vel
1326 1180 1534 1234 corium
1568 1180 1802 1236 novissi-

224 1288 348 1327 mus
409 1287 559 1327 nunc
610 1271 806 1340 prioris
856 1281 982 1328 tunc
1034 1271 1223 1326 debiti.
1278 1270 1524 1327 Ulciscar
1577 1285 1800 1343 peccata

219 1362 424 1432 prioris
479 1363 649 1432 patris
708 1361 849 1432 ejus,
904 1371 1070 1431 atque
1133 1362 1303 1432 patris
1361 1365 1628 1421 omnium.
1680 1364 1802 1422 lianc

221 1457 407 1526 itaque
435 1455 689 1510 universa
721 1470 1028 1514 memorans
1079 1463 1243 1525 atque
1293 1455 1360 1510 de
1406 1454 1490 1509 bis
1536 1455 1802 1512 universis

221 1550 528 1604 admonens
556 1547 940 1618 nequissimus,
973 1547 1366 1616 malignissime
1397 1547 1800 1601 dicit:Corium

217 1657 316 1710 pro
361 1642 529 1697 corio.
589 1641 752 1696 Corio
793 1640 894 1696 Job
935 1655 1033 1708 pro
1069 1639 1219 1694 corio
1266 1637 1416 1694 Adaa.
1453 1638 1672 1693 Corium
1706 1639 1799 1694 lilii

219 1747 322 1802 pro
371 1732 521 1787 corio
575 1735 766 1800 patris.
825 1731 1043 1786 Corium
1111 1727 1430 1794 posterioris
1485 1743 1585 1800 pro
1647 1729 1801 1788 corio

220 1825 415 1894 patris.
448 1824 528 1878 lta
566 1825 780 1880 scilicet
813 1825 1029 1884 diverse
1059 1822 1463 1876 demonstratur
1489 1836 1554 1877 ac
1592 1837 1798 1878 memo-

221 1928 379 1973 ratur
409 1920 512 1978 hoc
562 1920 706 1988 quod
750 1918 826 1972 ait
854 1934 953 1987 pro
995 1916 1167 1972 corio.
1226 1915 1292 1970 Et
1334 1915 1536 1985 adjecit
1567 1915 1791 1970 dicens:

218 2011 419 2066 Omnia
463 2026 789 2078 quacunque
834 2009 1076 2068 [tabuerit
1125 2013 1278 2062 homo
1311 2008 1499 2074 dabit,
1556 2015 1604 2062 et
1654 2018 1801 2062 eruet

218 2105 458 2157 animum
483 2119 661 2157 suam.
691 2099 891 2156 Verum
916 2112 1002 2156 est
1035 2100 1158 2165 hoc,
1186 2100 1312 2167 quia
1345 2115 1468 2154 cum
1491 2099 1558 2154 ad
1587 2101 1801 2169 pericu-

216 2197 330 2249 lum
385 2195 466 2249 vel
515 2194 808 2250 discrimen
849 2194 1160 2264 pervenerit
1212 2192 1399 2258 homo,
1429 2205 1642 2246 omnem
1684 2209 1799 2247 rem

217 2285 545 2339 familiarem
612 2285 958 2348 contemnit,
1043 2284 1359 2338 universam
1437 2281 1798 2336 substantiam

216 2393 374 2430 suam
405 2376 617 2442 spernit
651 2385 862 2432 tantum
889 2386 946 2430 ut
975 2377 1213 2431 annnam
1242 2383 1430 2442 eruat,
1476 2382 1534 2430 ut
1559 2374 1798 2427 animam

215 2483 376 2522 suam
409 2467 738 2522 incolumem
778 2466 990 2522 liberet.
1020 2467 1083 2522 Et
1115 2483 1258 2521 nunc
1289 2483 1412 2521 cum
1440 2481 1627 2536 speras
1655 2465 1799 2534 quod

216 2562 513 2614 adversum
548 2557 649 2614 Job
675 2558 945 2629 loqueris,
986 2572 1085 2627 pro
1117 2557 1218 2613 Job
1259 2557 1500 2628 loqueris
1524 2597 1538 2620 ,
1577 2558 1797 2612 inimice

213 2655 466 2708 omnium
507 2653 770 2708 bonorum
816 2653 1051 2716 diabole,
1111 2660 1165 2706 et
1203 2667 1307 2705 non
1354 2649 1634 2721 intelligis.
1676 2649 1801 2712 Evi-

214 2747 413 2800 drnter
448 2746 592 2800 enim
619 2743 722 2800 Job
762 2744 881 2814 plus
925 2758 1087 2812 quam
1127 2743 1308 2797 caueri
1349 2742 1565 2812 plurimi
1615 2742 1800 2798 omnia

210 2841 555 2906 quaecunque
605 2836 794 2890 habuit
839 2835 1090 2904 despexit
1137 2843 1298 2902 atque
1355 2834 1701 2905 contempsit,
1746 2842 1803 2888 et

209 2929 466 2992 divitias,
493 2938 548 2984 et
583 2927 1018 2998 possibilitatem,
1053 2937 1107 2990 et
1139 2925 1302 2989 filios,
1334 2935 1388 2980 et
1420 2941 1530 2984 rem
1557 2925 1797 2986 familia-

214 3035 359 3085 rem,
401 3024 471 3076 ob
512 3020 616 3075 hoc
651 3029 862 3076 tantum
908 3027 967 3073 ut
1005 3019 1241 3078 animam
1294 3018 1607 3087 acquirerct
1638 3027 1801 3086 atque

211 3111 594 3175 lncrifaeerct,
633 3120 692 3166 ut
719 3112 956 3166 animam
981 3125 1134 3172 suam
1165 3109 1411 3172 illzesam.
1457 3119 1512 3164 et
1551 3111 1799 3164 inconta-

211 3207 481 3264 minatam
510 3215 674 3274 atque
718 3204 979 3262 illibatam
1037 3202 1359 3258 custodiret.
1394 3201 1520 3258 limo
1584 3203 1801 3258 scilicet

210 3295 476 3358 dicendo.
502 3311 535 3352 o
561 3295 796 3358 diabole,
819 3303 874 3350 et
904 3293 1134 3365 teipsum
1161 3292 1455 3349 confundis
1481 3333 1496 3358 ,
1531 3291 1633 3350 Job
1671 3309 1799 3348 vero
1826 3309 1870 3368 α

211 3387 563 3458 propositum
594 3386 839 3449 ostendis
878 3402 892 3439 :
926 3383 1118 3439 Omnia
1174 3401 1501 3455 quaecunque
1552 3385 1797 3439 habuerit

209 3485 372 3538 Itonia
399 3482 572 3547 dabit,
607 3491 661 3534 ut
692 3489 845 3534 erant
867 3480 1100 3540 animam
1127 3496 1299 3544 suam,
1329 3479 1398 3534 ob
1437 3493 1603 3547 quam
1645 3479 1803 3532 rem?

208 3574 344 3643 quia
378 3571 664 3638 redemptio
689 3572 784 3625 uiri
814 3571 1031 3641 prapria
1057 3579 1132 3624 est
1151 3570 1450 3629 substantia
1469 3570 1559 3626 ⁷⁸⁸.
1607 3571 1798 3626 Omnia

208 3678 560 3734 quaecunque
587 3663 837 3723 habuerit
866 3664 1026 3718 homo
1068 3663 1236 3734 dabit,
1265 3673 1324 3716 ut
1365 3663 1524 3718 eruat
1562 3664 1798 3718 animant

210 3774 396 3814 suam.
425 3755 538 3812 Hoc
554 3757 663 3824 egit
691 3755 813 3824 Job,
847 3769 1132 3826 propterea
1168 3757 1412 3818 animum
1437 3773 1591 3814 suam
1625 3757 1800 3812 invio-

213 3853 382 3914 latam
421 3852 791 3907 conservavit.
848 3848 963 3905 Hoc
1015 3861 1243 3922 egerunt
1296 3850 1438 3906 beati
1490 3862 1796 3922 martyres,

210 3944 426 3998 idcirco
463 3953 750 4013 postquam
773 3944 955 3998 omnia
982 3943 1355 4013 corruptibilia
1388 3953 1548 4013 atque
1577 3954 1794 3998 terrena

209 4045 709 4104 contempserunt,
770 4043 890 4105 post
954 4035 1056 4090 hoc
1115 4035 1468 4094 nihilominus
1518 4037 1795 4104 proprium

209 4142 417 4196 corpus
445 4128 499 4182 in
528 4142 744 4197 poenam
771 4138 934 4197 atque
971 4128 1022 4181 in
1067 4127 1381 4188 incendium
1429 4127 1796 4193 tradiderunt,

210 4218 394 4287 ignem
433 4228 601 4287 atque
644 4218 878 4289 gladium
928 4218 1296 4282 sustinentes,
1351 4229 1560 4274 tantum
1595 4228 1656 4274 ut
1680 4219 1798 4273 ani-

121 4312 135 4324 '
211 4325 330 4364 mas
361 4325 494 4364 suas
518 4312 749 4366 mandas
774 4321 936 4379 atque
962 4319 1145 4370 castas
1180 4310 1286 4365 Deo
1317 4311 1661 4368 exhiberem.
1689 4309 1796 4364 Sed

208 4402 437 4460 interim
471 4402 751 4459 videamus
782 4404 958 4459 adhuc
984 4412 1106 4474 post
1130 4403 1248 4458 hare
1279 4418 1399 4474 qua:
1420 4403 1556 4462 bene
1583 4403 1796 4473 digesta

207 4503 362 4549 sunt.
393 4491 531 4547 Nam
555 4509 696 4564 saepe
725 4495 888 4550 etiam
916 4512 946 4550 a
978 4495 1122 4552 malo
1158 4495 1361 4563 aliquid
1411 4493 1538 4554 boni
1584 4495 1800 4564 profici-

207 4588 407 4650 Scitur,
441 4601 548 4642 non
581 4587 723 4655 quod
757 4589 1024 4657 pessimus
1047 4597 1102 4642 et
1132 4586 1402 4659 malignus
1424 4587 1497 4644 ita
1533 4589 1793 4655 voluerit,

1903 720 2138 776 animam
2187 724 2465 792 proponis,
2519 725 2756 781 animam
2806 730 3119 786 nominans.
3175 731 3258 788 0b
3311 749 3474 802 quam

1907 825 2040 876 rem,
2065 812 2164 866 nisi
2189 816 2258 868 ob
2288 816 2412 879 hoc,
2441 816 2567 884 quia
2611 815 2725 886 jam
2775 819 3011 892 maligne
3057 824 3124 878 de
3165 825 3346 880 anima
3378 825 3480 884 Job.

1905 905 2142 959 tractas?
2171 907 2298 977 quia
2336 908 2533 963 callide
2566 911 2802 966 animam
2835 911 2950 980 ejus
2969 916 3208 984 qureris?
3238 917 3482 976 Necdum

1901 999 2035 1054 corii
2064 999 2182 1070 ejus
2206 1012 2530 1078 potestatem
2566 1006 2845 1074 accepisti,
2891 1011 3115 1063 necdum
3153 1010 3308 1080 pellis
3338 1013 3476 1080 ejus,

1904 1090 2004 1145 hoc
2031 1100 2136 1158 est,
2173 1093 2420 1164 corporis
2471 1095 2612 1165 ejus,
2659 1098 3020 1152 constantiam
3057 1100 3392 1168 approbasti,
3423 1113 3478 1158 et

1896 1179 2010 1248 iam
2051 1183 2245 1238 anima:
2290 1182 2405 1251 ejus
2456 1187 2656 1254 quaeris
2695 1187 3229 1256 supplantationem,
3263 1190 3476 1258 Omnia,

1905 1273 2174 1344 inquiens,
2195 1295 2519 1348 quacunque
2542 1280 2787 1332 [tabuerit
2811 1282 2963 1333 homo
2999 1281 3142 1335 dabit
3170 1300 3266 1351 pro
3301 1285 3478 1340 anima

1902 1366 2081 1423 sua".
2104 1367 2230 1422 Post
2262 1367 2374 1422 haec
2402 1367 2619 1436 adjecit,
2643 1370 2829 1424 dicens
2853 1388 2868 1424 :
2896 1370 3020 1424 Non
3064 1390 3184 1440 ergo
3245 1376 3318 1427 ita
3379 1387 3475 1432 est.

1903 1456 2040 1522 Quid
2071 1457 2224 1530 dicis,
2263 1474 2296 1512 ο
2329 1459 2562 1524 diabole,
2604 1476 2712 1514 non
2753 1463 2822 1514 ita
2857 1463 2984 1516 est?
3043 1462 3137 1516 Vel
3194 1466 3262 1519 ob
3312 1483 3476 1536 quant

1905 1564 2015 1602 rem
2068 1549 2170 1606 hoc
2222 1549 2380 1616 dicis,
2438 1565 2542 1604 non
2593 1566 2725 1622 ergo
2758 1553 2832 1605 ita
2863 1553 2987 1607 est?
3038 1553 3116 1608 Ac
3149 1555 3193 1608 si
3227 1557 3474 1612 diceret:

1903 1640 2018 1694 Non
2050 1651 2131 1697 est
2160 1642 2344 1697 adhuc
2374 1641 2679 1706 definitum,
2711 1645 2941 1698 necdum
2979 1656 3062 1700 est
3091 1647 3476 1717 deliberatum,

1904 1730 2019 1786 Non
2063 1741 2146 1786 est
2184 1732 2326 1786 sicut
2379 1731 2479 1787 Job
2532 1734 2853 1800 arbitratur,
2890 1737 3044 1804 quod
3094 1735 3207 1805 jam
3259 1739 3474 1808 vicerit,

1901 1823 2046 1892 quod
2091 1823 2270 1878 omnia
2309 1823 2603 1893 perfecerit
2649 1834 2812 1894 atque
2861 1825 3190 1893 impleverit,
3242 1830 3477 1884 necdum

1902 1913 2064 1969 estin
2099 1913 2204 1968 line
2231 1913 2468 1978 doloris,
2505 1915 2598 1970 sed
2634 1915 2686 1969 in
2725 1917 2900 1972 initio.
2955 1917 3066 1972 Non
3104 1934 3234 1990 ergo
3267 1921 3338 1974 ita
3371 1930 3476 1985 est,

1904 2005 2044 2060 sicut
2073 2004 2273 2058 dictum
2299 2014 2398 2070 est,
2425 2007 2572 2072 quod
2605 2021 2710 2061 non
2735 2007 2804 2061 sit
2823 2008 2899 2062 illi
2932 2009 3127 2065 similis
3149 2011 3288 2065 alius
3311 2027 3480 2082 super

1906 2106 2124 2151 terram.
2159 2095 2296 2164 Quid
2336 2097 2562 2153 omnino
2590 2099 2838 2171 peregit?
2877 2099 3004 2170 quid
3031 2102 3326 2157 sustinuit?
3349 2103 3478 2174 quid

1903 2187 2294 2257 supportavit?
2369 2187 2477 2242 Nec
2535 2189 2828 2259 quidquam
2889 2205 3147 2261 magnum
3217 2193 3478 2249 adversus

1904 2280 2110 2335 futura.
2153 2280 2290 2337 Cum
2344 2282 2669 2338 sustinuerit
2720 2283 3038 2350 novissima,
3087 2293 3213 2339 tunc
3257 2285 3474 2340 demunt

1903 2372 2228 2438 laudabitur,
2256 2389 2398 2428 nunc
2426 2389 2558 2428 vero
2591 2389 2696 2428 non
2728 2374 2803 2428 ita
2842 2383 2946 2428 est.
2984 2374 3090 2430 Sed
3122 2378 3330 2446 porrige
3365 2393 3478 2429 ma-

1905 2481 2029 2517 num
2067 2474 2236 2528 tuam,
2267 2474 2316 2520 et
2352 2475 2504 2535 tange
2541 2482 2752 2519 carnem
2797 2465 2935 2535 ejus,
2965 2477 3012 2520 et
3042 2484 3180 2532 ossa,
3214 2469 3257 2521 si
3291 2485 3392 2520 non
3421 2469 3477 2521 in

1903 2552 2092 2618 facient
2109 2553 2202 2605 tibi
2232 2553 2550 2607 benedixerit
2569 2552 2874 2624 "".Tauge,
2899 2557 3095 2625 inquit,
3118 2572 3227 2611 rem
3247 2557 3478 2612 familia-

1902 2655 2018 2695 rem
2049 2651 2102 2696 et
2121 2641 2282 2706 lilios,
2317 2653 2475 2714 tange
2504 2644 2725 2699 divitias
2748 2655 2800 2698 et
2829 2646 3266 2714 possibilitatem;
3296 2656 3474 2718 tange,

1903 2732 2100 2804 inquit,
2142 2750 2363 2790 carnem
2393 2746 2447 2791 et
2478 2751 2624 2800 ossa,
2655 2737 2697 2790 si
2737 2754 2843 2791 non
2871 2737 2923 2791 in
2952 2736 3145 2792 faciem
3179 2738 3476 2793 benedixe-

1904 2820 1992 2884 rit,
2027 2821 2132 2875 hoc
2155 2831 2238 2876 est
2281 2822 2643 2878 maledixerit.
2670 2822 2958 2892 Patientia,
2988 2827 3182 2896 inquit,
3219 2827 3272 2881 in
3291 2827 3479 2883 dolore

1904 2919 2086 2968 carnis
2154 2916 2495 2982 ostendatur,
2555 2915 2868 2972 sulierentia
2926 2919 2980 2972 in
3041 2920 3247 2974 ossium
3316 2936 3477 2990 [uena

1904 3005 2325 3057 demonstretur.
2361 3003 2583 3075 Porrige
2625 3023 2839 3060 manum
2879 3017 3044 3070 tuam,
3095 3011 3410 3075 identidem,
3441 3028 3477 3068 ο

1902 3095 2137 3155 diabole,
2172 3112 2390 3150 manum
2429 3107 2483 3150 ut
2521 3099 2761 3168 porrigat
2803 3114 3046 3167 quaerere
3079 3101 3258 3170 fingis,
3289 3119 3478 3172 quem-

1903 3188 2192 3242 admodum
2221 3200 2273 3243 et
2307 3189 2576 3257 superius.
2630 3187 2762 3243 Nam
2808 3205 2938 3246 vere
2994 3199 3050 3245 ut
3093 3191 3185 3246 tibi
3230 3196 3479 3249 tradatur

1904 3277 2076 3347 rupis,
2113 3290 2172 3332 ut
2205 3279 2296 3333 tibi
2331 3280 2382 3333 in
2427 3289 2748 3348 potestatem
2789 3282 2949 3335 detur
2977 3282 3075 3336 vis.
3113 3282 3332 3353 Porrige
3363 3301 3478 3338 me-

1906 3383 2031 3421 num
2071 3379 2237 3421 luant.
2289 3370 2370 3424 Ad
2406 3369 2535 3440 quid
2574 3369 2880 3425 faciendum
2913 3373 3231 3442 porrigam?
3277 3376 3477 3446 Tange,

1906 3460 2100 3530 inquit,
2129 3477 2340 3515 carnem
2363 3471 2414 3516 et
2445 3478 2566 3516 oua
2598 3462 2732 3530 ejus.
2773 3462 2982 3534 Alllige,
3016 3466 3214 3534 inquit,
3250 3470 3477 3522 commi-

1907 3568 2033 3617 nue,
2060 3561 2304 3624 contere,
2333 3554 2616 3612 doloribus
2645 3555 2796 3611 aliive
2820 3597 2834 3622 ,
2872 3558 3116 3626 putrefac
3145 3575 3339 3615 carnes
3361 3561 3480 3630 ejus

1905 3653 1960 3698 ct
1983 3659 2130 3709 ossa,
2159 3655 2212 3699 et
2245 3648 2526 3701 universas
2563 3661 2852 3717 compages
2898 3665 3182 3704 nervorum
3211 3651 3380 3714 illius,
3431 3653 3477 3707 si

1905 3751 2011 3788 non
2049 3735 2099 3787 in
2129 3734 2326 3789 faciem
2350 3736 2442 3791 tibi
2483 3737 2828 3792 maledixerit
2872 3748 3034 3810 atque
3066 3740 3476 3810 blasphemare-

1904 3827 1993 3879 rit.
2030 3825 2161 3888 Hoc,
2193 3827 2386 3897 inquit,
2410 3829 2756 3885 sitindicium
2786 3833 3081 3900 patientiae,
3111 3845 3164 3885 et
3197 3835 3474 3891 firmitatis

1905 3926 2068 3984 atque
2113 3916 2437 3971 constantiae
2488 3917 2624 3984 ejus,
2685 3929 2744 3974 ut
2795 3922 2999 3976 ossium
3063 3923 3144 3977 sie
3201 3936 3475 3980 tormenta

1902 4009 2109 4077 absque
2149 4009 2522 4063 numeratione
2567 4008 2814 4075 sulferat,
2865 4021 2923 4066 ut
2981 4013 3198 4069 dolores
3231 4018 3477 4084 corporis

1902 4102 2111 4171 absque
2175 4103 2598 4172 reprehensione
2645 4105 2952 4170 sustineat,
3023 4115 3084 4160 ut
3135 4109 3477 4177 putredinem

1903 4195 2168 4248 vermium
2227 4204 2509 4266 supportet
2564 4197 2769 4266 absque
2819 4196 3178 4266 blasphemla.
3241 4201 3320 4256 0b
3373 4203 3478 4256 hoc

1900 4301 2033 4357 ergo
2058 4287 2180 4343 dico
2211 4306 2223 4341 :
2257 4287 2380 4341 Non
2413 4288 2487 4340 ita
2516 4298 2626 4351 est,
2670 4290 2760 4343 sed
2792 4291 2998 4360 porrige
3039 4308 3253 4347 manum
3305 4303 3476 4356 tuam,

1902 4389 1957 4433 ut
2017 4379 2087 4434 sit
2146 4379 2418 4434 inchoatio
2471 4379 2635 4450 huius
2682 4381 2829 4448 belli,
2887 4385 3209 4439 certaminis
3264 4401 3481 4456 qunque

1899 4480 2065 4541 atque
2094 4471 2542 4541 disceptationis,
2597 4482 2657 4526 ut
2701 4484 2962 4544 appareat
3013 4475 3116 4531 Job
3162 4479 3476 4532 constantia

1902 4562 2166 4631 perfecta,
2217 4570 2311 4615 aut
2354 4575 2507 4616 meus
2574 4575 2753 4617 sermo
2806 4564 3098 4619 veridicus.
3153 4564 3253 4620 Cui
3320 4568 3482 4636 digne

208 4680 303 4738 sed
331 4677 470 4748 quia
504 4649 679 4734 bonus
721 4649 785 4734 ac
832 4678 1156 4734 benedictus
1201 4649 1342 4733 De—us
1376 4679 1599 4752 maligni
1636 4649 1794 4732 mali;
1830 4649 1873 4703 υ
1905 4652 2298 4752 Γεδβοξξίξθδιυ]
2326 4673 2338 4709 ε
2370 4654 2415 4710 θ
2437 4653 2656 4711 Ῑ¹¹ί¹ηί⁰ε
2678 4655 2921 4752 οξηηίυφ
2948 4656 3212 4711 δοηοτυπι
3243 4658 3479 4752 diaimle»

210 4770 345 4824 tiam
385 4771 441 4826 in
467 4768 666 4824 bonum
711 4772 982 4824 convertit
1016 4769 1337 4832 timentibus
1371 4781 1536 4840 atque
1568 4770 1798 4840 diligen-

210 4862 360 4923 tibus
391 4874 478 4925 se,
516 4860 660 4916 sicut
693 4858 813 4931 Job,
855 4861 933 4914 vel
965 4859 1295 4933 martyribus
1322 4870 1482 4930 atque
1517 4861 1796 4918 credenti-

207 4953 334 5023 bus,
369 4951 466 5022 qui
497 4949 646 5006 omni
680 4949 964 5004 tolerantia
997 4959 1318 5020 superantes
1346 4949 1644 5018 nequitiam
1680 4950 1800 5020 ejus

206 5058 437 5101 uernae
462 5045 764 5114 vitasatque
789 5043 976 5114 gloriae
995 5042 1373 5098 haereditatem
1407 5042 1626 5111 capient
1654 5042 1797 5110 apud

211 5140 411 5198 Deum,
444 5137 536 5201 Sic
568 5136 731 5190 etiam
770 5151 914 5190 nunc
955 5134 1078 5189 istic
1117 5150 1298 5190 sermo
1351 5136 1442 5205 qui
1499 5134 1734 5204 maligne
1763 5148 1793 5186 a

207 5232 431 5286 diabolo
457 5231 638 5285 dictus
662 5239 742 5284 est
767 5249 778 5284 :
802 5227 994 5282 Omnia
1018 5244 1341 5299 qua’cuuque
1373 5228 1614 5282 habuerit
1645 5227 1798 5278 homo

205 5324 382 5388 dabit,
404 5331 461 5375 at
492 5331 641 5375 eruat
676 5321 908 5373 animum
942 5334 1121 5383 suam,
1155 5334 1256 5388 pro
1288 5317 1508 5386 pietatis
1557 5331 1797 5370 comme-

210 5415 524 5472 moratione
553 5411 902 5483 diligentibus
926 5409 1094 5466 Deum
1123 5410 1362 5478 proﬁcit.
1384 5406 1798 5470 Verumtamen,

209 5515 272 5560 ut
306 5505 572 5567 diximus,
617 5512 738 5573 post
783 5502 898 5559 haec
939 5501 1192 5560 universa
1227 5497 1446 5568 maligni
1489 5497 1660 5566 ipsius
1685 5497 1798 5550 dia-

209 5597 319 5650 boli
355 5612 424 5651 ex
470 5597 603 5666 ipsis
647 5595 988 5656 sermonibus
1035 5592 1155 5663 ejus
1183 5601 1366 5646 notam
1420 5589 1793 5650 ostendamus,

208 5704 338 5742 eum
378 5686 682 5757 iniquitatis
708 5686 825 5754 cjus
851 5701 1000 5740 arma
1027 5685 1078 5738 in
1109 5697 1232 5737 eum
1264 5680 1650 5735 convertimus.
1677 5678 1794 5745 Dic,

208 5798 244 5834 ο
279 5779 618 5849 nequissime
651 5777 881 5842 diabole,
909 5777 1196 5830 adversum
1231 5785 1302 5840 te,
1340 5773 1405 5827 ab
1442 5771 1596 5828 initio
1627 5772 1690 5826 de
1738 5787 1797 5827 re

289 6004 360 6036 "'
393 6002 551 6060 Prov.
580 6019 699 6070 χιιι,
727 6002 779 6057 8.
856 6002 898 6033 ⁷⁹
923 5997 1019 6055 Jol:
1056 6016 1117 6062 tt,
1157 5997 1209 6053 5.
1324 6000 1390 6031 7"
1421 5997 1552 6054 ibid.

1905 4760 2010 4798 non
2041 4745 2134 4799 tibi
2176 4743 2513 4801 suffecerunt
2539 4746 2782 4816 propria,
2806 4747 2899 4800 sed
2925 4756 3132 4801 tantum
3156 4749 3480 4802 crudelitate

1904 4847 2070 4907 atque
2096 4837 2374 4906 impietate
2411 4839 2671 4894 adversus
2697 4837 2900 4905 justum
2944 4841 3086 4894 hunc
3115 4841 3307 4894 uteris.
3334 4841 3480 4894 Tan-

1902 4938 2014 4982 tum
2050 4927 2378 4998 iniustitiam
2411 4945 2499 4983 me
2534 4930 2798 5000 perlicere
2827 4931 2980 5000 cupis
3003 4972 3018 4996 ,
3053 4941 3110 4986 ut
3143 4931 3346 4999 justum
3373 4931 3479 4986 Job

1904 5021 1999 5075 tibi
2036 5019 2234 5087 injusto
2263 5019 2623 5073 contradam?
2658 5029 2718 5073 ut
2747 5021 3092 5075 innocentem
3119 5021 3284 5090 impio
3309 5023 3480 5092 depu.

1902 5111 2054 5165 tem?
2093 5121 2152 5164 ut
2176 5110 2412 5166 miseriis
2441 5109 2667 5166 alliciam
2692 5125 2814 5165 eum
2846 5111 2936 5179 qui
2965 5112 3084 5165 sine
3117 5120 3341 5182 peccato
3357 5110 3478 5168 est!

1903 5216 1960 5261 nt
2006 5205 2308 5261 molestiam
2353 5205 2596 5275 ingeram
2650 5205 2886 5260 devoto?
2930 5215 2987 5258 ιιι
3037 5220 3143 5258 non
3194 5205 3481 5260 disceden-

1903 5312 2011 5356 tem
2063 5300 2413 5370 percutiam?
2461 5310 2518 5354 ut
2578 5299 2840 5371 ﬂagellem
2877 5315 2982 5354 non
3030 5301 3478 5371 delinquentem?

1903 5405 1960 5450 nt
1988 5397 2235 5452 tribulem
2291 5395 2497 5465 gratias
2531 5396 2821 5466 agentem?
2864 5395 3002 5464 Quid
3048 5397 3153 5452 hoc
3196 5397 3479 5453 indecoro-

1902 5491 2016 5546 sius
2072 5499 2238 5560 atque
2285 5489 2566 5543 illicitius?
2607 5488 2728 5558 quis
2770 5489 2992 5544 omnino
3031 5488 3330 5544 carnalium
3375 5492 3478 5548 hoc

1903 5580 2105 5636 faciat?
2154 5559 2281 5651 quis
2311 5595 2378 5635 ex
2407 5580 2641 5634 terrenis
2666 5595 2888 5649 prorsus
2916 5581 3018 5634 hoc
3047 5590 3191 5651 agat,
3219 5590 3276 5634 ut
3310 5559 3483 5645 mori-3

1904 5689 2092 5743 gerum
2118 5683 2279 5744 atque
2305 5674 2559 5727 devotum
2587 5689 2804 5729 servum
2833 5672 3035 5742 injuste
3065 5673 3129 5727 ad
3149 5673 3478 5743 supplicium

1903 5765 2230 5824 contradat?
2259 5765 2369 5823 Sed
2405 5764 2624 5823 interim
2647 5775 2705 5822 ut
2738 5777 2884 5822 tuam
2918 5765 3260 5836 iniquitatem
3290 5765 3480 5821 redar-
