3942 6516
437 528 542 583 (πϋῦ

1533 520 1916 578 ANONYMI'S
1957 517 2022 573 ΙΝ
2061 516 2202 575 JOB.
2244 550 2313 559 —-
2350 519 2481 576 LIB.
2525 520 2589 577 ll.

3612 530 3717 583 ιδι

439 665 602 719 gnam
634 658 795 718 atque
835 645 1151 717 injustitiam
1202 643 1505 715 obiurgem,
1540 643 1674 698 Ecce
1728 653 1881 697 traao
1922 640 2019 694 tibi
2048 646 2096 701 Α
2124 642 2208 696 nis
2252 651 2659 697 coronannntur
2708 643 2760 698 in
2813 656 3109 715 conspectu
3161 658 3302 699 meo.
3335 643 3411 699 Ne
3448 647 3716 717 tetigeris:

438 758 558 796 eum
578 740 643 806 ⁸⁸,
677 750 735 793 ιιι
784 740 991 807 absque
1044 740 1484 794 contradictione
1534 735 1912 799 convincaris,
1972 743 2029 789 et

442 836 650 902 absque
672 832 1026 887 excusatione
1054 833 1458 894 condemneris,
1498 843 1664 900 atque
1689 830 1742 884 in
1772 829 2027 884 omnibus

442 924 674 978 mendax
705 922 1099 993 comproberis.
1150 921 1285 976 Ecce
1319 923 1472 975 trado
1523 922 1617 973 tibi
1663 920 1836 974 illum.
1884 918 2027 973 Sub-

442 1015 701 1070 stantiam
737 1014 979 1084 quzesisti
1013 1024 1067 1068 et
1111 1014 1393 1084 accepisti.
1423 1029 1564 1068 nunc
1595 1013 1769 1082 ipsum
1802 1011 2024 1081 quaeris,

440 1106 629 1162 habes.
664 1104 800 1161 Ecce
828 1108 981 1160 trado
1013 1108 1109 1160 tibi
1146 1108 1318 1162 illum.
1346 1106 1461 1161 Non
1491 1105 1831 1169 contradico,
1859 1103 2026 1157 male—

438 1199 614 1263 dicte;
649 1214 754 1253 non
796 1200 889 1253 tibi
920 1200 1129 1267 denego
1156 1239 1169 1262 ,
1215 1199 1614 1263 condemnate;
1661 1210 1767 1251 non
1801 1206 2025 1266 prepter

441 1302 611 1353 tuam,
644 1291 842 1360 inquit,
876 1292 1271 1361 malignitatem
1300 1332 1313 1355 ,
1347 1291 1439 1345 sed
1482 1300 1703 1360 propter
1733 1287 1834 1342 Job
1866 1288 2021 1342 iuno-

433 1384 694 1447 centiam,
748 1394 805 1437 tit
850 1382 1032 1453 justus
1060 1393 1341 1453 appareat,
1388 1393 1446 1437 ut
1480 1383 1600 1438 sine
1639 1379 1858 1452 querela
1900 1394 2023 1435 esse

437 1476 851 1546 comprobetur,
886 1485 945 1528 ut
972 1475 1245 1546 gloriosus
1272 1485 1588 1539 coronetur,
1622 1484 1679 1526 ut
1727 1487 1895 1525 verax
1930 1472 2020 1525 de-

434 1578 795 1623 monstretur.
854 1568 959 1621 Pro
1016 1567 1122 1632 his,
1187 1567 1389 1637 inquit,
1442 1567 1696 1622 oinnihus
1748 1578 1877 1619 ecce
1919 1564 2015 1618 tibi

435 1662 589 1716 trado
612 1662 786 1715 illum.
830 1659 1042 1714 Nudum
1069 1658 1220 1713 illum
1252 1657 1547 1726 reliquisﬁ,
1581 1658 1782 1711 nudum
1809 1656 2017 1711 consti-

432 1756 607 1818 tuisti,
635 1754 807 1810 solum
841 1752 1145 1819 reddidisti,
1197 1751 1372 1806 solum
1404 1751 1554 1804 illum
1587 1750 1681 1805 tibi
1732 1748 1905 1808 trado.
1960 1756 2016 1801 et

429 1848 665 1918 accipies
715 1848 865 1902 illutn
914 1846 1112 1904 solum.
1192 1846 1441 1899 Animam
1496 1858 1605 1898 non
1671 1841 2011 1912 qumsivisti,

429 1942 665 1995 animam
711 1957 775 1996 ne
818 1939 1050 2010 tetigeris
1106 1938 1173 1992 ⁸¹.
1225 1938 1455 1992 Carnem
1516 1948 1568 1991 et
1623 1953 1745 1992 ossa
1804 1935 2009 2005 petisti,

2129 734 2326 804 inquit,
2355 738 2591 790 animam
2625 733 2751 790 Job.
2782 735 3135 791 Concnlcabit
3178 739 3323 791 enim
3347 751 3509 807 caput
3538 752 3715 806 tuum,

2127 835 2178 880 et
2214 829 2548 882 comminuet
2573 829 2829 884 virtutem
2867 839 3011 884 tuam
3032 869 3049 894 ,
3076 840 3131 884 et
3157 841 3404 885 conteret
3438 832 3715 885 fortitudi-

2127 933 2249 972 nem
2283 927 2454 981 tuam,
2481 930 2535 975 et
2566 920 2871 976 lmmiliabit
2904 921 3241 976 altitudinem
3273 929 3420 975 tuam
3446 964 3460 988 ,
3493 931 3550 975 et
3583 923 3715 991 deji-

2125 1011 2235 1065 ciet
2280 1011 2569 1067 elationem
2617 1020 2791 1077 tuam,
2831 1023 2889 1068 et
2926 1013 3322 1067 demonstrabit
3371 1017 3520 1068 omni
3557 1016 3713 1069 carni

2128 1103 2376 1157 ﬁduciam
2412 1102 2480 1157 ad
2504 1104 2757 1158 standum
2789 1103 3076 1158 adversum
3112 1112 3165 1158 te
3194 1114 3507 1160 constanter
3539 1122 3713 1176 usque

2125 1195 2178 1249 in
2207 1196 2425 1251 saecula.
2457 1196 2724 1267 Malignus
2759 1210 2993 1266 namque
3046 1212 3106 1252 es
3149 1209 3201 1251 et
3240 1198 3529 1263 invalidus,
3558 1200 3714 1254 calli-

2123 1288 2225 1344 dus
2273 1299 2435 1359 atque
2481 1290 2752 1354 inlirmus,
2807 1299 3021 1344 astutus
3067 1291 3133 1344 ad
3181 1290 3580 1356 insidiandum,
3613 1292 3712 1346 sed

2124 1382 2478 1451 impossibilis
2509 1382 2575 1435 ad
2609 1382 3026 1453 opprimendum
3052 1422 3068 1448 ,
3096 1384 3288 1439 doctus
3313 1385 3380 1439 ad
3427 1384 3711 1456 decipien-

2122 1476 2271 1541 dum,
2307 1482 2364 1529 et
2393 1473 2658 1529 invalidus
2693 1474 2759 1528 ad
2789 1474 3172 1531 resistendum.
3198 1474 3331 1530 Nam
3372 1476 3518 1531 sicut
3544 1477 3709 1534 facile

2119 1560 2332 1616 seducit
2360 1561 2645 1617 instabiles
2673 1570 2837 1631 atque
2884 1563 3218 1631 incredulos,
3258 1581 3381 1621 cum
3423 1567 3495 1622 sit
3545 1568 3707 1622 calli-

2120 1653 2399 1720 dissimus,
2425 1654 2677 1708 similiter
2732 1653 2892 1709 facile
2942 1656 3202 1712 resistunt
3254 1657 3327 1713 illi
3354 1674 3546 1715 omnes
3567 1659 3705 1728 justi

2118 1756 2282 1815 atque
2314 1747 2619 1813 credentes,
2647 1762 2841 1803 omnes
2888 1748 3056 1803 Deum
3105 1752 3355 1807 timentes
3396 1762 3560 1823 atque
3601 1752 3711 1808 Job

2119 1840 2422 1906 imitantes,
2456 1850 2641 1911 utpote
2690 1840 2946 1897 invalido.
2979 1844 3039 1896 In
3084 1845 3315 1899 arbitrio
3344 1861 3477 1916 ergo
3518 1848 3707 1902 homi-

2118 1950 2245 1988 num
2282 1944 2365 1989 est
2392 1943 2657 2003 potestas,
2689 1936 2953 1991 sanctitas
2981 1946 3144 2007 atque
3167 1942 3496 1994 constantia.
3521 1939 3579 1995 ln
3609 1957 3704 1996 ar—

427 2036 661 2089 animam
684 2051 745 2089 ne
777 2034 1028 2104 tetigeris.
1075 2032 1311 2088 Contere
1352 2040 1565 2086 tantum
1600 2045 1845 2095 carnem,
1882 2028 2011 2083 a'illi-
2042 1992 2088 2052 Β
2115 2024 2279 2081 bitrio
2310 2037 2394 2081 est
2443 2026 2723 2081 hominum
2774 2036 3019 2097 potestas
3061 2028 3185 2085 lidei
3240 2046 3304 2087 ac
3344 2028 3582 2101 pietatis.
3642 2032 3704 2089 Si

427 2142 495 2197 ge
536 2140 692 2193 ossa,
725 2125 960 2179 animant
1012 2141 1075 2178 ne
1109 2122 1362 2193 tetigeris.
1412 2122 1638 2176 Terram
1677 2121 1778 2176 tibi
1826 2122 2007 2184 trado,

425 2218 572 2272 caelo
615 2234 683 2272 ne
712 2215 1261 2286 appropinquaveris.
1315 2212 1734 2284 Corruptionem
1784 2212 2008 2278 habeto,

425 2310 890 2379 incorruptionem
917 2324 983 2361 ne
1010 2307 1277 2375 tetigeris,
1316 2305 1423 2361 hoc
1453 2315 1537 2360 est
1578 2304 1840 2358 animam.
1876 2302 2009 2358 Ter-

436 2418 625 2458 renum
689 2417 783 2456 vas
836 2399 1118 2470 confringe
1164 2409 1223 2454 ut
1266 2398 1537 2464 volueris,
1576 2397 1825 2452 interiori
1875 2411 2009 2450 vero

426 2496 687 2550 thesauro
717 2510 783 2549 ne
842 2492 1387 2565 appropinquaveris.
1431 2489 1616 2545 Lutea:
1648 2497 1803 2544 testa:
1837 2488 2006 2544 facito

425 2586 574 2659 quod
640 2586 924 2652 volueris,
1011 2584 1463 2654 pretiosissimam
1531 2597 1665 2636 vero
1740 2581 2007 2649 margari-

426 2694 537 2735 tam
601 2693 669 2733 ne
716 2677 983 2749 tetigeris.
1027 2675 1144 2731 Non
1186 2674 1486 2730 maculavit
1526 2673 1677 2728 illam
1719 2673 2003 2743 iniquitas,

423 2789 531 2828 non
604 2772 828 2826 violavit
874 2770 1022 2825 illam
1091 2770 1324 2840 pessima
1380 2768 1661 2839 cogitatio,
1720 2783 1827 2822 non
1885 2783 2007 2837 per-

423 2866 587 2920 vertit
646 2865 790 2920 illam
836 2865 929 2920 Dei
989 2863 1371 2933 blasphemia,
1436 2877 1543 2917 non
1600 2861 1795 2932 polluit
1860 2859 2005 2915 illam

420 2956 702 3013 Creatoris
769 2956 1139 3027 reprehensio.
1200 2956 1411 3010 Idcirco
1481 2954 1714 3008 animam
1773 2953 1887 3023 ejus
1940 2969 2006 3006 ne

421 3048 675 3117 tetigeris.
706 3045 905 3111 Meum,
938 3044 1132 3114 inquit,
1164 3044 1373 3114 plasma
1404 3052 1487 3099 est
1519 3043 1850 3105 inviolabile,
1885 3057 2005 3099 mea

419 3142 686 3198 habitatio
732 3150 820 3196 est
862 3138 1327 3204 incontaminata,
1364 3151 1484 3192 mea
1528 3136 1890 3192 commoratio
1920 3146 2007 3192 est

418 3229 842 3300 incoinquinata.
887 3228 1013 3284 Ideo
1055 3227 1293 3282 animam
1322 3226 1439 3298 ejus
1471 3242 1541 3282 ne
1573 3226 1814 3297 tetigeris
1835 3264 1851 3290 ,
1883 3240 2005 3295 quae

2113 2117 2258 2171 enim
2286 2116 2559 2172 voluerint
2592 2116 2868 2173 declinare
2904 2133 2935 2172 a
2984 2118 3179 2185 malis,
3220 2130 3274 2175 et
3319 2120 3500 2176 facere
3535 2121 3702 2189 bona,

2110 2217 2165 2262 et
2199 2205 2401 2272 valent,
2432 2216 2487 2262 et
2523 2214 2771 2276 possunt,
2805 2213 2861 2259 et
2913 2221 3017 2259 non
3054 2208 3311 2277 praevalet
3338 2206 3444 2263 illis
3476 2209 3705 2278 nequis-

2113 2298 2306 2361 simus,
2338 2301 2383 2354 si
2410 2300 2576 2353 fuerit
2606 2314 2703 2355 cor
2733 2312 2921 2353 eorum
2954 2300 3253 2354 secundum
3286 2299 3476 2364 Deum,
3498 2302 3542 2355 si
3580 2302 3701 2354 fue~

2113 2395 2184 2448 rit
2221 2395 2470 2449 voluntas
2513 2408 2702 2449 eorum
2751 2393 2804 2447 in
2852 2393 3167 2459 sanctitate,
3209 2395 3253 2448 si
3292 2395 3468 2451 anima
3506 2410 3705 2450 eorum

2113 2488 2275 2544 fuerit
2302 2488 2356 2543 in
2389 2488 2637 2554 veritate,
2666 2489 2710 2544 si
2741 2504 2897 2546 mens
2941 2490 2992 2543 in
3024 2489 3130 2543 (ide
3162 2502 3228 2544 ac
3261 2489 3491 2559 pietate,
3520 2488 3565 2543 si
3605 2491 3704 2543 ad-

2111 2581 2422 2637 monuerint
2470 2582 2793 2651 semetipsos
2824 2582 2877 2636 in
2912 2581 3346 2635 misericordiam
3390 2589 3445 2635 et
3474 2581 3704 2634 misera-

2111 2674 2311 2730 tionem
2339 2714 2355 2741 ,
2386 2673 2440 2729 itt
2476 2674 2617 2729 bona
2647 2689 2809 2745 opera
2854 2683 3017 2743 atque
3046 2673 3229 2728 omnia
3257 2687 3377 2742 qua:
3412 2672 3463 2726 in
3501 2672 3595 2726 Dei
3633 2674 3702 2725 ti-

2110 2781 2259 2821 more
2290 2766 2670 2837 perllciuntur,
2696 2776 2752 2821 et
2777 2767 2846 2822 de
2872 2768 3124 2823 omnibus
3148 2782 3268 2837 quae
3289 2765 3442 2834 juxta
3476 2765 3569 2821 Dei
3604 2781 3701 2821 vo-

2109 2856 2373 2912 luntatem
2406 2857 2560 2913 ﬁunt.
2597 2857 2731 2913 Cum
2767 2859 2912 2913 enim
2954 2859 3204 2913 voluntas
3236 2858 3515 2913 hominum
3560 2873 3700 2912 con-

2108 2952 2340 3006 senserit
2366 2951 2629 3006 voluntati
2682 2950 2805 3018 Dei,
2850 2959 2977 3007 tunc
3027 2952 3207 3006 omnia
3240 2965 3360 3020 quae
3395 2950 3535 3005 bona
3565 2959 3699 3005 sunt

2107 3043 2266 3098 facile
2294 3043 2582 3114 perﬁciunt
2608 3042 2877 3099 homines.
2909 3044 3043 3099 Cum
3072 3044 3137 3098 iis
3163 3042 3362 3114 quibus
3384 3043 3699 3099 delectatur

2108 3132 2269 3199 Deus,
2302 3132 2555 3189 delectati
2594 3132 2797 3189 fuerint
2840 3133 3128 3199 homines,
3165 3144 3295 3189 tunc
3330 3134 3696 3189 nihilominus

2105 3227 2288 3282 omnia
2317 3240 2658 3297 quaecunque
2688 3226 2795 3279 vita
2832 3227 2993 3298 digna
3018 3237 3169 3292 sunt,
3203 3236 3403 3297 ιιι-ωειο
3432 3235 3559 3281 sunt
3589 3226 3697 3281 ho-

418 3324 487 3377 ad
519 3323 804 3393 imaginem
840 3320 932 3375 Dei
978 3330 1063 3375 est
1090 3330 1290 3385 creata,
1330 3334 1450 3389 quae
1484 3317 1880 3388 incorruptiliili
1916 3332 2004 3373 sa-
2030 3336 2074 3396 ρ
2109 3319 2365 3375 minibus.
2397 3318 2535 3374 Nam
2563 3331 2617 3375 et
2651 3318 2756 3376 Job
2782 3321 2943 3375 homo
2973 3318 3074 3374 fuit
3101 3318 3360 3383 carnalis,
3393 3319 3495 3376 fuit
3518 3329 3696 3376 terre-

418 3415 617 3484 pientia
651 3422 734 3470 est
769 3414 993 3479 imbuta,
1018 3427 1139 3482 quae
1168 3427 1418 3467 sermone
1448 3421 1504 3466 et
1531 3411 1759 3465 scientia
1788 3420 1872 3466 est
1905 3424 2002 3465 co—

420 3516 641 3568 ronata.
678 3521 797 3575 quae
833 3504 924 3559 Dei
958 3504 1272 3574 cognitione
1304 3511 1386 3559 est
1436 3503 1621 3556 induta
1648 3542 1663 3566 ,
1710 3516 1830 3571 quae
1882 3516 2003 3555 cor-

418 3600 655 3669 ruptibili
686 3599 1059 3653 dominatione
1084 3597 1246 3666 hujus
1290 3598 1473 3651 mundi
1502 3607 1585 3652 est
1614 3596 1999 3661 honoriﬁcata,

415 3708 535 3761 qure
561 3691 720 3762 paulo
749 3692 1011 3747 minorem
1038 3691 1264 3760 gloriam
1288 3689 1589 3771 ab'angelis
1613 3676 1773 3759 super
1797 3701 1997 3744 terrain

412 3792 498 3838 est
532 3784 743 3852 adepta.
781 3780 932 3837 lianc
971 3781 1183 3836 scilicet
1216 3780 1454 3834 animam
1499 3795 1567 3835 ne
1602 3781 1876 3851 tetigeris,
1909 3796 2003 3834 ne-

412 3891 519 3944 que
546 3874 673 3930 huic
705 3874 1248 3945 appropinquaveris,
1280 3887 1455 3941 neque
1484 3871 1996 3935 communicaveris,

411 3983 587 4038 neque
624 3967 1032 4023 commiscearis
1055 4004 1070 4031 ,
1106 3980 1283 4036 neque
1315 3964 1617 4028 obtuderis.
1646 3979 1822 4035 neque
1852 3962 1996 4018 infa-

414 4059 676 4123 tuaveris,
699 4074 875 4129 neque
907 4057 1244 4128 fatigaveris,
1270 4071 1445 4127 neque
1472 4058 1770 4128 deceperis.
1808 4057 1997 4114 Onzni-

410 4148 511 4204 bus
562 4150 745 4218 itaque
787 4149 959 4203 modis
1003 4148 1241 4202 animam
1287 4149 1405 4219 ejus
1434 4163 1566 4203 cave
1613 4164 1683 4203 ne
1728 4148 1992 4219 tetigeris.

408 4238 546 4295 Nam
596 4250 650 4294 tu
681 4256 803 4295 cum
840 4240 1075 4294 animam
1108 4240 1227 4310 ejus
1264 4254 1372 4294 non
1408 4240 1684 4311 tetigeris,
1726 4256 1900 4313 neque
1940 4243 1992 4297 ei

409 4332 838 4402 prosimaveris,
876 4346 1152 4401 nunquam
1204 4346 1291 4386 me
1336 4331 1603 4389 innocens
1644 4318 1761 4402 ejus
1811 4336 1992 4390 anima

408 4421 649 4492 negabit.
686 4419 793 4475 Pro
845 4422 928 4475 his
975 4435 1107 4491 ergo
1142 4422 1399 4476 omnibus
1445 4423 1683 4477 animam
1714 4422 1833 4492 ejus
1861 4440 1993 4480 cave

407 4530 474 4569 ne
505 4514 769 4583 tetigeris.
798 4512 914 4566 Non
946 4512 1189 4581 tetigisti,
1217 4513 1413 4582 inquit,
1441 4514 1677 4567 animam
1706 4513 1903 4586 Joseph
1937 4516 1989 4571 in

407 4608 642 4671 luxuria,
665 4623 773 4661 non
799 4605 1023 4675 tetigisti
1046 4606 1278 4659 animant
1308 4606 1544 4659 Abrahae
1575 4606 1629 4659 in
1663 4607 1986 4674 tentatione,

2109 3429 2231 3477 nus,
2259 3412 2650 3481 corruptibilis,
2685 3412 2808 3467 talis
2836 3410 3028 3483 quales
3062 3426 3255 3468 omnes
3294 3413 3566 3478 homines,
3596 3414 3695 3469 sed

2105 3505 2352 3560 devotior
2374 3515 2538 3573 atque
2561 3506 2857 3561 studiosior
2877 3505 3025 3561 circa
3044 3505 3446 3578 eleemosynas,
3472 3518 3526 3559 et
3549 3506 3693 3561 bona

2104 3612 2269 3666 Opera
2291 3596 2342 3650 in
2372 3596 2477 3650 [ide
2501 3611 2567 3651 ac
2596 3596 2689 3650 Dei
2716 3597 2913 3652 timore
2935 3612 3046 3666 pra:
3070 3598 3323 3652 omnibus
3352 3598 3690 3652 hominibus.

2104 3688 2312 3743 Idcirco
2344 3687 2695 3756 acceptabilis
2732 3687 2833 3743 fuit
2861 3672 2965 3744 Job
3013 3686 3126 3743 Deo
3157 3703 3323 3758 super
3356 3703 3549 3743 omnes
3591 3689 3693 3745 ho-

2105 3781 2320 3847 mines;
2386 3780 2591 3836 idcirco
2638 3781 2914 3851 superavit
2956 3782 3343 3852 nequissimum
3389 3782 3688 3847 diabolum.

2101 3874 2275 3943 magis
2317 3889 2481 3944 quam
2526 3888 2717 3930 omnes
2768 3874 3017 3931 homines
3064 3876 3115 3930 in
3155 3886 3398 3947 tempore
3432 3892 3553 3933 suo.
3595 3878 3691 3933 Sic

2099 3969 2283 4036 itaque
2314 3976 2541 4037 pessunt
2564 3982 2755 4023 omnes
2782 3969 3030 4024 homines
3051 3969 3141 4040 qui
3172 3970 3464 4036 voluerint,
3489 3980 3544 4025 et
3576 3970 3689 4026 Deo

2096 4059 2334 4129 placere,
2365 4069 2426 4113 et.
2452 4060 2666 4115 diabolo
2695 4061 2986 4127 resistere,
3020 4072 3073 4116 et
3107 4062 3437 4117 voluntatem
3471 4063 3564 4117 Dei
3598 4064 3688 4117 fa-

2098 4165 2257 4214 cere,
2294 4160 2349 4205 et
2381 4149 2433 4203 in
2471 4165 2698 4219 regnum
2740 4150 3004 4205 caelorum
3038 4151 3292 4215 introire,
3343 4161 3399 4205 et
3429 4151 3483 4206 in
3514 4152 3685 4207 vitam

2094 4248 2356 4293 aeternam
2392 4241 2757 4308 requiescere.
2792 4240 2898 4294 Aut
2946 4239 3121 4296 adhuc
3167 4241 3463 4296 secundum
3507 4241 3684 4312 ipsmn

2097 4330 2404 4386 historiam.
2439 4332 2687 4385 Animam
2713 4370 2729 4396 ,
2761 4330 2977 4402 inquit,
3020 4335 3134 4400 ejus
3168 4350 3232 4387 ne
3275 4333 3544 4404 tetigeris,
3579 4336 3686 4389 hoc

2094 4434 2178 4478 est
2215 4438 2282 4479 ne
2320 4439 2441 4479 eam
2494 4435 2623 4478 ante
2649 4433 2864 4494 tempus
2903 4425 2969 4479 de
3009 4439 3239 4494 corpore
3281 4424 3494 4493 ejicias.
3526 4428 3606 4481 Ac
3632 4427 3682 4481 si

2092 4514 2300 4571 diceret
2324 4530 2339 4570 :
2368 4515 2445 4570 lta
2470 4516 2732 4571 demetire
2753 4516 2930 4585 ipsum
2951 4514 3198 4571 dolorem
3228 4529 3395 4587 atque
3425 4522 3685 4588 corporis

2092 4624 2312 4679 pmnam
2333 4649 2348 4673 ,
2382 4619 2439 4664 ut
2468 4611 2637 4679 ipsam
2672 4611 2907 4664 animam
2933 4622 3061 4666 ante
3111 4623 3321 4681 tempus
3349 4612 3415 4668 de
3445 4627 3683 4682 corpore

407 4717 513 4755 non
553 4699 776 4771 tetigisti
812 4700 1046 4753 animam
1078 4698 1195 4753 Noe
1230 4700 1286 4753 in
1322 4698 1502 4753 medio
1533 4699 1840 4769 gigantum,
1876 4714 1983 4753 non
2017 4704 2062 4758 D
2091 4701 2245 4756 exire
2273 4716 2380 4756 non
2411 4702 2726 4772 compellas.
2756 4700 2878 4757 Noli
2918 4718 3049 4773 ergo
3092 4703 3423 4759 mortiﬁcare
3452 4720 3679 4775 corpus,

405 4793 629 4865 tetigisti
674 4792 860 4847 Enoch
902 4792 957 4846 in
989 4792 1168 4847 medio
1213 4790 1560 4862 injustorum,
1607 4808 1715 4846 non
1757 4794 1984 4863 tetigisti

400 4883 641 4939 animam
692 4882 824 4937 Abel
860 4883 1203 4938 innocentem
1254 4884 1374 4954 ejus
1405 4884 1802 4941 internecione.
1842 4886 1985 4957 Ergo

400 4978 527 5046 quia
583 4977 825 5043 nullius,
866 4977 1079 5046 inquit,
1124 4976 1339 5030 illorum
1385 4976 1623 5031 animam
1673 4978 1919 5047 tetigisti,
1952 4998 1986 5035 ο

400 5069 651 5136 diabole,
697 5070 902 5125 idcirco
941 5070 1272 5125 imtnaculati
1322 5086 1512 5127 omnes
1552 5081 1714 5143 atque
1751 5074 1894 5127 beati
1928 5073 1984 5128 in

399 5173 693 5232 conspectu
724 5177 845 5218 meo
873 5164 1235 5218 consummati
1265 5172 1411 5219 sunt.
1436 5163 1559 5219 Noli
1587 5180 1719 5234 ergo
1750 5180 1850 5221 nec
1880 5165 1982 5221 Job

398 5256 631 5311 animam
659 5265 899 5326 tangere,
925 5266 980 5310 et
1004 5255 1269 5326 gloriosus
1295 5258 1459 5311 etiam
1486 5258 1573 5312 hic
1605 5258 1660 5311 in
1685 5268 1981 5325 conspectu

399 5363 519 5401 meo
547 5349 1033 5404 consumtnahitur.
1087 5349 1208 5403 Non
1244 5349 1502 5418 tetigisti,
1535 5349 1733 5420 inquit,
1770 5359 1978 5419 marty-

398 5454 516 5491 rum
548 5454 790 5494 meorntn
827 5440 1075 5507 animas,
1112 5456 1221 5495 non
1269 5440 1491 5512 tetigisti
1526 5442 1855 5498 mirabilium
1887 5459 1979 5498 ve—

397 5529 691 5584 ridicornm
722 5546 967 5586 meorum
999 5532 1220 5586 testium
1264 5532 1497 5587 animas.
1543 5532 1750 5588 Idcirco
1785 5534 1820 5588 ii
1852 5513 1980 5588 suc;

398 5624 716 5679 cnmbentes
760 5625 1040 5691 universi,
1088 5635 1309 5693 propter
1340 5624 1498 5679 [idem
1527 5635 1976 5695 contempserunt

397 5722 650 5778 mortem,
686 5717 805 5771 ideo
832 5717 1138 5771 intaminati
1170 5732 1385 5771 omnem
1430 5716 1570 5786 ignis
1596 5732 1813 5785 poenam
1845 5718 1971 5772 irri-

395 5817 585 5860 sernnt
618 5816 779 5877 atque
802 5808 988 5876 gladii,
1016 5808 1209 5862 merito
1242 5808 1787 5863 imtnarcescibilibus
1811 5825 1967 5865 coro-

466 5988 511 6018 ⁸⁰
547 5986 646 6042 Job
681 6004 743 6055 tt,
776 5988 830 6042 6.
908 5988 949 6020 ⁸¹
979 5988 1107 6043 ibid.
1187 5986 1231 6020 ⁸²
1269 5986 1400 6044 ibid.
1430 5987 1468 6041 7.

2095 4812 2163 4853 ne
2191 4804 2317 4851 ante
2347 4795 2737 4861 perfectionem
2773 4797 3117 4863 constantiae,
3142 4797 3225 4851 vel
3250 4802 3680 4854 consummatio-

2095 4904 2218 4944 nem
2250 4887 2551 4944 tolerantiaa
2585 4888 2831 4942 discedat
2862 4890 3066 4943 anima.
3088 4889 3179 4945 Sic
3206 4890 3391 4960 itaque
3417 4891 3680 4949 omnibus

2094 4981 2270 5036 modis
2305 4990 2413 5035 tam
2438 4979 2776 5045 carnalibus,
2799 4995 2963 5050 quam
2988 4982 3151 5036 etiam
3182 4981 3521 5051 spiritalibus
3554 4998 3677 5042 am-

2093 5087 2235 5126 tnam
2264 5087 2332 5127 ne
2364 5071 2627 5143 tetigeris.
2658 5069 2787 5125 Post
2822 5086 2943 5141 quae
2977 5072 3251 5139 universa,
3293 5073 3465 5129 dicit:
3498 5073 3677 5133 Exim

2090 5162 2332 5217 diabolus
2366 5178 2400 5215 a
2446 5161 2582 5229 [acie
2610 5160 2823 5215 Domini
2846 5161 2917 5217 θ’.
2947 5162 3226 5228 Quomodo
3262 5162 3434 5219 exivit
3469 5180 3498 5220 a
3532 5165 3679 5223 facie

2091 5257 2301 5311 Domini
2348 5256 2395 5310 is
2423 5255 2515 5325 qui
2558 5254 2810 5325 indignus
2854 5264 2937 5310 est
2970 5255 3257 5324 praesentia
3287 5255 3551 5313 Domini?
3581 5260 3679 5315 Sic

2087 5351 2256 5404 exivit
2276 5366 2303 5402 a
2332 5348 2470 5402 facie
2492 5347 2886 5415 Domini,sicut
2912 5355 2965 5402 et
2992 5348 3140 5401 venit
3162 5356 3285 5405 ante
3313 5361 3675 5420 conSpectum

2088 5443 2322 5500 Domini.
2385 5444 2478 5499 Sic
2530 5444 2736 5507 exivit,
2793 5441 3246 5512 quemadmodum
3302 5453 3357 5497 et
3413 5445 3675 5514 superius

2083 5548 2360 5593 ostensum
2387 5551 2451 5592 ac
2478 5544 2832 5591 memoratum
2866 5541 2987 5589 est:
3017 5531 3202 5589 Ezivit
3228 5534 3474 5589 diabolus
3510 5553 3545 5588 α
3581 5536 3675 5605 fa-

2082 5630 2158 5682 cie
2196 5628 2424 5683 Domini.
2467 5627 2646 5682 Exivit
2674 5668 2689 5688 ,
2733 5629 2828 5682 sed
2870 5642 2975 5682 non
3024 5628 3337 5683 carnalibus
3393 5629 3671 5698 vestigiis,

2084 5733 2257 5789 neque
2307 5718 2749 5788 corruptibilibus
2792 5718 3113 5788 gressibus,
3158 5721 3251 5773 sed
3309 5721 3673 5789 aequissimis

2083 5810 2525 5883 cogitationibus,
2560 5809 2757 5880 quibus
2785 5808 3049 5866 adversus
3070 5808 3172 5866 Job
3209 5808 3459 5879 nequiter
3489 5810 3675 5865 medi-
