3942 6548
283 296 391 351 465

1382 302 1765 359 ANONYMUS
1803 303 1870 358 IN
1907 303 2050 360 JOB.
2091 335 2156 346 —-
2194 304 2321 361 LlB.
2364 304 2429 358 ll.

3441 305 3553 363 466

282 425 427 470 tatus
454 426 540 471 est
571 424 731 486 atque
765 416 1023 486 cogitavit
1046 419 1351 477 aemulando
1377 434 1542 493 atque
1571 423 1861 479 invidendo
1893 428 1939 484 Α
1965 430 2127 491 atque
2158 423 2580 493 impaenitentes,
2620 419 2713 491 qui
2748 418 2814 473 ad
2849 418 3018 474 Deum
3054 437 3159 476 non
3196 434 3539 492 convertunt,

281 507 561 563 innocenti
595 510 668 563 illi
704 519 869 579 atque
900 511 1067 580 justo.
1112 512 1205 569 Sic
1236 514 1418 583 itaque
1447 516 1867 586 cogitationibus

279 603 434 656 venit
463 611 591 657 ante
622 603 786 657 Demn
812 619 1064 673 quaerens
1088 622 1152 661 ac
1180 607 1515 671 desiderans,
1547 617 1605 661 ut
1635 607 1737 663 Job
1767 623 1864 663 ac-

278 694 489 762 ciperet
514 694 566 748 in
592 706 936 764 potestatem.
963 695 1054 752 Sic
1078 698 1373 754 identidem
1405 700 1864 768 nequissimorum

278 786 641 839 consiliorum
696 788 973 857 accipiens
1012 787 1436 858 perfectionem,
1484 792 1587 847 hoc
1632 801 1719 847 est
1762 790 1865 847 Job

277 885 611 943 potestatem
663 878 731 932 ad
778 879 1120 950 afﬂigendum
1175 897 1397 938 carnem
1447 892 1503 936 et
1556 899 1680 939 ossa
1724 886 1862 955 ejus,

280 982 409 1021 nam
443 968 550 1024 hoc
573 971 866 1027 meditatus
887 975 1161 1044 quaesivit,
1188 974 1367 1029 Exivit
1395 992 1426 1030 a
1458 975 1595 1038 facie
1624 975 1863 1043 Domini,

282 1060 389 1112 huc
426 1068 512 1113 est
558 1060 764 1130 quievit
812 1063 1060 1119 meditari
1092 1079 1157 1121 ac
1184 1066 1461 1136 cogitare,
1510 1067 1602 1137 qui
1654 1068 1861 1137 pridem

281 1150 577 1205 meditatus
622 1150 800 1207 fuerat
837 1162 1001 1225 atque
1046 1156 1403 1225 cogitaverat.
1454 1157 1587 1212 Nam
1617 1159 1858 1229 primum

280 1243 427 1311 apud
456 1243 807 1313 semetipsum
831 1247 1081 1316 nequiter
1105 1248 1374 1303 meditans
1403 1257 1566 1318 atque
1590 1250 1861 1318 cogitans,

280 1334 421 1387 dixit
445 1349 460 1387 :
491 1332 625 1399 Quis
650 1332 780 1388 mihi
798 1335 975 1402 daret,
1000 1345 1060 1391 ut
1079 1352 1295 1407 possem
1313 1339 1499 1394 venire
1519 1350 1646 1394 ante
1670 1339 1860 1406 Deum,

280 1436 337 1482 et
369 1428 612 1483 invenire
660 1437 984 1498 potestatem
1028 1430 1211 1486 carnis
1232 1471 1248 1495 ,
1282 1431 1600 1502 ossiumque
1630 1430 1751 1496 Job,
1805 1443 1863 1485 ut

280 1518 533 1588 afﬂigens
574 1519 721 1575 illum
772 1521 1067 1576 secundum
1121 1522 1360 1578 animum
1392 1538 1571 1579 meum
1614 1539 1860 1594 cogerem

279 1626 407 1667 eum
450 1612 849 1682 reprehendere
887 1613 1034 1666 illum
1077 1628 1238 1682 quem
1280 1631 1423 1670 nunc
1468 1616 1759 1684 praedicat,
1808 1628 1863 1673 et

279 1718 487 1772 negare
518 1703 666 1758 illum
690 1704 777 1757 cui
803 1718 946 1757 nunc
974 1706 1178 1774 gratias
1215 1706 1366 1775 agit?
1398 1705 1523 1763 Istis
1550 1722 1682 1780 ergo
1711 1710 1861 1780 cogi-

1968 516 2058 585 qui
2106 516 2481 586 paenitentiam
2527 528 2630 567 non
2668 511 3029 580 conﬁtentur,
3087 512 3180 583 qui
3221 514 3415 569 faciem
3447 516 3542 569 1)ρί

1968 624 2072 662 ιιοη
2107 610 2409 678 requirunt,
2443 608 2535 678 qui
2576 608 2668 663 Dei
2711 608 2975 678 judicium
3007 622 3112 662 non
3141 615 3411 671 metuunt,
3447 607 3543 676 qui

1967 715 2182 771 pmnam
2233 698 2533 753 inferorum
2585 714 2689 754 non
2756 698 3221 779 contremiscunt,
3263 698 3355 767 qui
3407 712 3541 752 con-

1966 793 2310 848 demnatione
2341 794 2600 861 gehennae
2631 807 2736 846 non
2766 801 3061 847 terrentur.
3096 790 3209 847 lloc
3238 799 3549 847 metuentes

1965 900 2155 941 omnes
2182 884 2316 952 justi
2353 886 2546 940 devote
2575 885 2847 956 deprecati
2883 893 3012 938 sunt
3042 882 3209 939 Deum
3258 880 3501 939 dicentes
3525 901 3545 938 ι

1969 974 2053 1031 Ne
2088 974 2339 1044 projicias
2380 990 2463 1027 me
2497 992 2529 1027 a
2576 974 2712 1044 {acie
2750 984 2843 1028 tua
2879 974 2947 1030 ⁸⁸.
2991 973 3057 1027 Ει
3107 973 3274 1027 alibi:
3326 970 3543 1026 Faciem

1964 1078 2132 1131 luam,
2164 1064 2404 1129 Domine,
2433 1067 2718 1136 requiram.
2762 1064 2845 1119 Ne
2879 1074 3083 1119 avertas
3112 1065 3303 1134 [aciem
3339 1076 3485 1118 tuam
3511 1082 3544 1117 η

1963 1176 2044 1212 me
2070 1157 2139 1225 ⁸⁸,
2167 1168 2223 1213 et
2251 1158 2355 1213 alia
2383 1158 2617 1228 plurima
2644 1158 2730 1212 bis
2755 1157 2979 1212 similia.
3010 1156 3085 1210 Ex
3121 1157 3239 1211 istis
3268 1171 3398 1226 ergo
3426 1172 3544 1210 om-

1964 1251 2123 1304 nibus
2152 1249 2266 1305 cxit
2307 1248 2579 1305 diabolus.
2624 1248 2829 1323 omnes
2878 1249 2972 1318 qui
3017 1249 3086 1303 ab
3114 1263 3180 1304 eo
3213 1251 3264 1301 in
3296 1264 3541 1304 errorem

1963 1340 2240 1395 ducuntur
2271 1349 2432 1409 atque
2459 1337 2820 1401 seducuntttr,
2855 1346 2909 1391 et
2937 1350 3127 1391 omnes
3162 1337 3253 1406 qui
3292 1336 3542 1388 volunta-

1964 1440 2071 1488 tem
2112 1430 2232 1501 ejus
2282 1430 2529 1495 faciunt,
2569 1437 2624 1485 et
2675 1444 2865 1484 omnes
2911 1429 3004 1498 qui
3052 1429 3121 1483 ad
3168 1427 3543 1498 paenitendum

1962 1524 2128 1580 corda
2161 1537 2259 1578 sua
2287 1520 2581 1586 obdurant,
2608 1521 2694 1575 isti
2725 1535 2914 1576 omnes
2945 1518 3310 1590 projiciunlur
3343 1534 3373 1573 a
3406 1518 3547 1573 facie

1964 1618 2082 1685 Dei,
2118 1617 2205 1673 isti
2240 1629 2433 1671 omnes
2460 1613 2804 1683 expelluntur
2841 1612 2894 1666 in
2927 1612 3179 1667 tenebras
3216 1611 3541 1673 exteriores.

1962 1721 2017 1766 et
2051 1711 2227 1781 ignem
2262 1704 2780 1776 inexstinguibilem,
2816 1704 2907 1773 qui
2948 1707 3281 1774 praeparatus
3312 1711 3396 1758 est
3424 1702 3543 1757 dia-

280 1795 583 1850 tationibus
607 1796 816 1865 pridem
843 1797 991 1851 Venit
1016 1803 1141 1852 ante
1171 1774 1476 1854 Dominum.
1503 1774 1708 1855 Deinde
1736 1774 1857 1856 cum
1894 1774 1935 1829 Β
1962 1774 2096 1858 hold
2112 1843 2127 1865 ,
2180 1809 2237 1855 et
2284 1798 2488 1869 angelis
2510 1774 2653 1865 iejus
2672 1836 2688 1861 ,
2723 1806 2891 1866 atque
2918 1796 3171 1851 omnibus
3213 1794 3303 1864 qui
3335 1794 3544 1849 faciunt

278 1886 579 1954 accepisset
609 1895 932 1956 pote5tatem
962 1886 1095 1953 Job,
1129 1903 1193 1943 ac
1226 1890 1531 1960 quiesceret
1570 1892 1683 1947 lucc
1713 1896 1860 1965 cogi-

278 1987 423 2040 tare,
453 1988 736 2047 postquam
760 1979 968 2047 quievit
990 1980 1058 2035 ab
1079 1981 1204 2037 istis
1227 1984 1668 2042 meditationibus
1695 2000 1860 2059 atque

275 2069 549 2135 consiliis,
580 2070 758 2125 exisse
793 2070 996 2125 dicitur
1034 2086 1063 2125 a
1099 2071 1240 2129 facie
1288 2072 1524 2131 Domini.
1556 2078 1696 2150 Ergo
1727 2082 1855 2151 quia

275 2160 574 2215 exierunta
597 2161 733 2216 facie
757 2161 966 2215 Domini
984 2165 1340 2232 cogitationes
1358 2169 1498 2238 ejus,
1522 2173 1719 2228 merito
1744 2174 1859 2245 ipse

274 2252 479 2307 dicitur
497 2254 648 2309 exire
676 2268 705 2308 a
736 2256 874 2310 facie
903 2258 1137 2323 Domini,
1170 2259 1271 2313 hoc
1297 2268 1381 2314 est
1430 2269 1695 2317 tractatus
1717 2264 1859 2332 ejus,

274 2353 333 2401 et
364 2346 649 2416 cogitatio,
698 2348 981 2403 meditatio
1006 2365 1221 2421 quoque
1254 2352 1486 2422 maligna
1529 2363 1692 2422 atque
1721 2356 1863 2427 inju-

275 2448 424 2493 stum
455 2437 811 2494 desiderium.
860 2438 1036 2522 Exivi!
1073 2459 1106 2495 a
1149 2441 1285 2511 facie
1333 2443 1586 2513 Domini,
1645 2448 1745 2502 hoc
1777 2456 1861 2503 est

275 2530 487 2601 quievit
516 2541 680 2601 atque
723 2534 956 2588 cessavit
999 2535 1287 2598 meditari,
1340 2547 1396 2590 et
1438 2541 1680 2608 cogitare
1711 2549 1860 2610 post-

273 2637 441 2693 quam
476 2622 529 2676 id
557 2622 699 2693 quod
726 2625 976 2693 quaesivit
999 2626 1230 2696 accepit.
1252 2626 1389 2681 Nam
1412 2639 1468 2684 et
1484 2645 1614 2687 vere
1636 2632 1860 2688 veniunt

276 2723 407 2768 ante
438 2714 627 2779 Deum,
656 2725 710 2769 et
744 2715 970 2783 justitia:
992 2716 1264 2787 justorum
1292 2760 1308 2785 ,
1342 2727 1398 2775 et
1433 2721 1746 2791 impietates
1774 2723 1859 2779 in-

271 2815 572 2876 justorum.
606 2805 697 2862 Sic
726 2823 960 2878 namque
984 2809 1117 2866 dicit
1146 2813 1370 2884 angelus
1402 2814 1469 2868 ad
1500 2813 1815 2870 Cornelium
1841 2834 1854 2871 :

274 2898 563 2954 Orationes
600 2909 741 2967 tute,
774 2908 824 2954 et
870 2900 1208 2974 eleemosyna:
1258 2914 1365 2958 tua:
1408 2908 1758 2960 ascenderunt
1803 2908 1857 2961 in

276 2992 586 3044 memoriam
614 3001 735 3044 ante
763 2990 929 3044 Deum
956 2993 1024 3048 ⁸³.
1057 2994 1150 3047 Sic
1184 3004 1239 3050 et
1282 2996 1411 3049 olim
1455 2997 1592 3051 dixit
1635 3000 1859 3069 angelus

1960 1894 2297 1948 voluntatem
2347 1889 2486 1959 ejus.
2530 1887 2708 1943 Exivit
2755 1886 3006 1941 diabolus
3049 1900 3079 1939 a
3139 1885 3279 1940 facie
3327 1884 3541 1938 Domini

1958 1985 2209 2042 deferens
2227 1980 2353 2047 Job,
2383 1991 2444 2036 ut
2466 1981 2709 2052 putabat,
2746 1979 3083 2034 interﬁciens
3127 1976 3331 2047 justum
3364 1976 3539 2037 illum,

1959 2088 2018 2132 ut
2048 2073 2377 2131 conﬁdebat.
2414 2072 2507 2127 Sic
2538 2086 2777 2142 namque
2807 2078 2861 2125 et
2890 2070 3098 2138 primus
3146 2068 3540 2137 discipulorum

1958 2170 2079 2239 ejus
2100 2167 2235 2223 Cain
2262 2175 2548 2237 postquam
2577 2173 2795 2235 propter
2819 2162 3079 2217 invidiam
3104 2160 3187 2231 (ut
3208 2158 3412 2214 dictum
3436 2160 3542 2229 εει)

1960 2261 2233 2318 interfecit
2284 2259 2456 2323 Abel,
2491 2258 2659 2313 exivit
2688 2271 2717 2311 a
2758 2254 2896 2311 facie
2944 2254 3180 2309 Domini.
3230 2253 3322 2309 Sic
3352 2253 3543 2322 itaque

1958 2354 2204 2408 diabolus
2234 2361 2387 2423 pater
2414 2361 2468 2406 et
2494 2351 2648 2420 origo
2678 2348 2921 2403 ontnium
2952 2346 3241 2409 malorum,
3272 2347 3543 2400 exsistens

1960 2444 2279 2500 interfector
2322 2454 2586 2513 quantum
2622 2440 2690 2495 ad
2726 2441 2896 2510 ipsum
2927 2436 3066 2504 Job,
3112 2438 3280 2492 exivit
3326 2453 3355 2490 a
3404 2437 3543 2492 facie

1960 2538 2194 2593 Domini.
2218 2537 2437 2592 Certum
2463 2543 2547 2590 est
2569 2534 2717 2605 quod
2744 2534 2994 2603 nequiter
3018 2540 3181 2600 atque
3211 2530 3373 2597 impie
3400 2530 3540 2598 apud

1959 2627 2314 2698 semetipsum
2345 2635 2620 2692 tractans,
2651 2622 2791 2677 dixit
2824 2622 2892 2677 ad
2927 2623 3094 2675 Deum
3121 2638 3133 2674 :
3171 2619 3398 2674 ulterius
3432 2633 3538 2672 non

1960 2720 2173 2792 indigeo
2198 2719 2336 2774 facie
2368 2726 2477 2781 tus,
2505 2716 2630 2787 quia
2654 2714 2838 2784 accepi
2872 2721 3196 2783 potestatem
3225 2709 3344 2779 ejus
3376 2725 3539 2779 quem

1959 2812 2177 2868 zelabar
2218 2807 2305 2863 vel
2351 2805 2682 2877 quaerebam.
2730 2803 2874 2859 Deus
2925 2817 3057 2857 vero
3109 2802 3289 2856 sciens
3332 2798 3541 2854 ﬁrmam

1958 2901 2483 2963 consummationem
2518 2897 2641 2967 Job,
2671 2898 2946 2969 acquievit
2994 2906 3054 2952 ut
3088 2912 3185 2967 per
3213 2896 3541 2951 diabolicum

1960 2996 2136 3067 ignem
2181 2994 2441 3064 probatus
2494 2990 2705 3055 fuisset,
2753 2989 3213 3060 quemadmodum
3265 2988 3310 3041 si
3363 2995 3545 3041 teneat

274 3084 351 3136 ait
375 3082 601 3137 Tobiam
629 3103 641 3137 ε
673 3084 803 3139 Cum
831 3102 1013 3140 orares
1071 3098 1127 3140 tu
1155 3095 1205 3141 et
1252 3086 1391 3142 Sara
1430 3089 1544 3158 ﬁlia
1581 3090 1853 3160 Raguelis,
1882 3115 1930 3179 ο
1962 3089 2015 3144 in
2044 3103 2206 3142 manu
2235 3101 2331 3141 sua
2362 3085 2486 3154 quis
2514 3086 2881 3150 adamantem,
2905 3092 2960 3138 et
2981 3082 3120 3136 alius
3146 3080 3370 3150 quilibet
3394 3079 3544 3133 dicat

270 3192 368 3243 ego
401 3174 565 3229 obtuli
598 3178 906 3231 memoriam
930 3178 1225 3232 orationum
1253 3189 1543 3233 vestrarum
1567 3182 1619 3235 in
1644 3199 1857 3253 conspe-

271 3276 362 3318 ctu
388 3264 483 3318 Dei
504 3264 572 3320 “.
607 3265 736 3320 Item
757 3281 885 3321 vero
916 3269 983 3322 de
1012 3267 1193 3337 impiis
1219 3268 1355 3323 dicit
1380 3270 1673 3327 Dominus:
1699 3271 1858 3326 Num:

270 3357 592 3411 recordabor
624 3357 1012 3427 injustitiarum
1044 3358 1277 3426 illorum,
1299 3370 1350 3414 et
1384 3361 1615 3417 ulciscar
1640 3378 1856 3433 peccata

270 3462 459 3503 eorum
480 3449 548 3507 ⁸⁸.
583 3449 646 3504 Ει
669 3451 936 3507 Jeremias
960 3452 1090 3508 dicit
1114 3454 1181 3507 ad
1215 3454 1503 3524 impiorum
1533 3459 1849 3515 consilium:

275 3538 475 3595 Nonne
515 3544 848 3597 incensorum
898 3556 1193 3615 vestrorum
1235 3548 1542 3603 recordatus
1580 3561 1652 3604 est
1680 3549 1857 3606 Domi-

273 3647 375 3683 nus
417 3631 483 3684 de
513 3631 835 3688 idololatriis
856 3678 871 3700 ,
903 3644 951 3689 et
987 3638 1221 3691 ascendit
1246 3638 1301 3692 in
1346 3654 1437 3692 cor
1455 3641 1569 3706 ejus
1586 3641 1676 3695 5‘?
1703 3642 1855 3699 Sicut

271 3737 403 3793 ergo
432 3723 683 3779 universa
718 3726 833 3781 haec
866 3727 1090 3782 veniunt
1124 3738 1251 3784 ante
1282 3729 1475 3796 Deum,
1500 3730 1573 3785 ita
1607 3730 1857 3789 diabolus

271 3814 489 3870 venisse
513 3817 735 3879 dicitur,
765 3827 821 3873 et
854 3818 1036 3875 exisse
1062 3837 1092 3875 a
1139 3820 1277 3878 facie
1310 3822 1557 3890 Domini,
1594 3840 1696 3879 non
1730 3841 1854 3894 per-

271 3923 405 3962 sona
438 3907 666 3962 veniens
685 3951 700 3975 ,
730 3909 824 3964 sed
855 3910 1281 3981 cogitationibus
1310 3925 1475 3985 atque
1505 3916 1857 3987 malignitatis

272 4012 385 4051 suae
397 3996 860 4065 meditationibus,
880 4013 1000 4068 quae
1014 4000 1308 4071 aliquando
1328 4004 1750 4060 veniebantcum
1768 4006 1856 4061 ille

273 4088 572 4158 cogitabat,
590 4089 886 4159 aliquando
903 4091 1157 4155 exibant,
1179 4108 1301 4149 cum
1316 4094 1405 4149 ille
1420 4096 1659 4166 cogitare
1673 4099 1857 4166 quies-

272 4180 452 4236 cebat.
475 4180 598 4235 llaec
623 4178 805 4250 itaque
821 4182 1207 4239 demonstrans
1220 4183 1353 4239 dicit
1382 4183 1591 4240 :Exivit
1613 4189 1855 4243 diabolus

271 4288 303 4325 a
319 4272 458 4339 [acie
475 4270 709 4325 Domini.
730 4273 905 4327 Exivit
924 4289 1066 4339 vere,
1084 4276 1185 4329 hoc
1198 4287 1282 4331 est
1307 4278 1575 4340 discessit,
1599 4280 1855 4348 deseruit,

270 4360 477 4415 oblitus
512 4371 596 4417 est
635 4402 651 4427 ,
684 4361 824 4417 ultra
866 4378 972 4418 non
1020 4366 1329 4429 aestimavit,
1376 4383 1553 4437 neque
1604 4370 1853 4436 curavit,

1966 3180 2032 3235 ad
2060 3194 2219 3233 eum:
2256 3176 2330 3231 Da
2365 3176 2498 3230 mihi
2548 3176 2693 3230 hunc
2722 3173 3063 3228 adamantem
3104 3172 3157 3226 in
3193 3180 3539 3239 potestatem,

1961 3282 2016 3330 et
2045 3287 2146 3340 ego
2198 3270 2350 3324 illum
2398 3268 2765 3324 comminuam
2802 3266 2855 3319 in
2905 3265 3111 3334 ignem,
3155 3269 3544 3329 conteramque

1961 3364 2197 3425 ictibus;
2226 3360 2313 3415 ille
2335 3374 2466 3414 vero
2494 3358 2586 3427 qui
2617 3372 2742 3412 eum
2772 3356 2824 3409 in
2852 3370 3011 3408 manu
3044 3354 3227 3415 habet,
3260 3350 3548 3405 conﬁdens

1962 3472 2090 3512 vere
2116 3455 2242 3525 quia
2285 3453 2507 3508 adamas
2537 3458 2643 3515 est,
2667 3449 2813 3503 dicat
2840 3466 2853 3503 :
2889 3445 3042 3500 Tolle
3067 3488 3083 3512 ,
3119 3444 3313 3516 proba,
3341 3457 3541 3509 exper-

1963 3544 2237 3615 ire,'quia
2285 3557 2624 3613 nequaquam
2669 3540 2796 3593 huic
2852 3536 3130 3591 adamanti
3197 3532 3539 3618 praevalebis.

1965 3638 2058 3693 Sic
2089 3650 2221 3705 ergo
2246 3643 2301 3691 et
2334 3633 2576 3688 omnium
2620 3626 2869 3701 cognitor
2900 3637 3064 3695 atque
3087 3625 3347 3695 praescius
3374 3623 3542 3688 Deus,

1961 3728 2104 3783 velut
2136 3723 2507 3782 inviolabilem
2535 3723 2878 3778 adamantem
2900 3719 3109 3773 habens
3130 3714 3253 3776 Job.
3278 3715 3541 3786 quaerenti

1960 3821 2177 3877 diabolo
2209 3819 2359 3876 dedit
2405 3833 2530 3873 eum
2583 3817 2635 3869 in
2678 3822 3034 3885 potestatem.
3085 3811 3365 3865 conlidens
3413 3824 3543 3863 vere

1959 3915 2087 3985 quia
2116 3927 2276 3967 verus
2323 3911 2546 3964 adamas
2587 3916 2672 3962 est
2712 3906 2833 3962 Job.
2869 3904 2961 3960 Sic
3011 3920 3247 3973 namque
3277 3913 3331 3958 et
3362 3902 3547 3972 singu-

1960 4007 2092 4060 laris
2124 4003 2237 4069 ille,
2267 4012 2323 4058 et
2357 4000 2576 4056 divinus
2596 4039 2611 4065 ,
2648 3998 2891 4053 ctelestis
2918 4012 3137 4067 quoque
3177 4004 3338 4065 atque
3367 3996 3543 4050 incor-

1959 4095 2231 4166 ruptibilis
2256 4095 2478 4149 adamas
2502 4091 2827 4162 Unigenitus
2855 4090 2995 4145 Deus
3019 4106 3048 4143 a
3072 4089 3236 4144 Patre
3266 4088 3332 4143 ad
3365 4097 3543 4142 terras

1959 4189 2178 4250 missus,
2214 4185 2282 4240 de
2308 4200 2417 4255 quo
2455 4184 2586 4239 dicit
2616 4184 2756 4238 Deus
2803 4182 3001 4238 Pater:
3036 4182 3177 4236 Ecce
3207 4196 3307 4250 ego
3342 4195 3538 4250 ponam

1958 4281 2304 4334 adamantem
2335 4277 2387 4331 in
2417 4276 2594 4331 medio
2621 4276 2801 4346 populi
2838 4276 2939 4328 mei
2973 4292 2986 4329 :
3012 4290 3173 4344 quem
3200 4288 3372 4342 neque
3400 4272 3541 4342 ignis

1960 4370 2316 4427 teutatiunum
2348 4368 2401 4422 in
2430 4368 2647 4423 deserto
2676 4366 3201 4437 comminuit,quem
3233 4382 3339 4419 non
3370 4365 3540 4435 plaga;

272 4468 451 4522 neque
478 4456 798 4511 recordatus
821 4464 902 4510 est
930 4458 1072 4525 quod
1098 4458 1171 4512 sit
1200 4458 1358 4514 Deus.
1378 4459 1474 4514 lllo
1499 4462 1644 4516 enim
1682 4478 1853 4532 usque
1884 4468 1928 4522 D
1958 4464 2248 4535 impiorum
2294 4467 2347 4519 in
2394 4478 2559 4519 cruce
2597 4462 3000 4525 contriverunt,
3035 4475 3197 4529 quem
3253 4474 3428 4528 neque
3459 4472 3543 4514 se-

269 4552 398 4598 ante
426 4544 595 4598 Deum
621 4543 787 4599 fuisse
817 4546 1041 4609 dicitur,
1072 4549 1314 4618 quantliu
1340 4551 1405 4605 de
1434 4551 1543 4605 Deo
1569 4552 1850 4622 cogitavit,

269 4650 393 4688 cum
442 4633 546 4690 Job
588 4645 899 4695 accusaret.
943 4636 1235 4708 Postquam
1275 4654 1406 4695 vero
1450 4642 1661 4710 accepit
1707 4644 1851 4712 quod

270 4726 477 4791 voluit,
516 4736 572 4781 et
616 4728 757 4797 quod
802 4731 1083 4799 quaesivit,
1116 4731 1379 4787 continuo
1409 4732 1725 4803 relinquens
1757 4734 1849 4789 Dei

272 4816 614 4883 memoriam,
652 4833 679 4871 a
712 4818 851 4874 facie
884 4819 975 4875 Dei
1010 4821 1189 4876 exisse
1232 4820 1375 4890 juste
1406 4824 1626 4878 dicitur.
1674 4824 1854 4879 Exivit

271 4912 523 4970 diabolus
548 4929 578 4968 a
606 4914 743 4969 facie
772 4916 1018 4983 Domini,
1053 4926 1199 4972 totus
1238 4918 1441 4983 exivit,
1471 4928 1528 4974 et
1568 4934 1732 4975 sensu
1756 4960 1770 4986 ,
1798 4928 1853 4976 et

270 5004 521 5071 consilio,
553 5016 615 5060 et
644 5006 1017 5071 meditatione,
1046 5017 1102 5062 et
1136 5017 1371 5064 tractatu
1397 5020 1559 5081 atque
1587 5015 1851 5068 memoria

271 5095 438 5151 exivit
466 5112 497 5150 a
540 5095 682 5151 facie
713 5096 945 5151 Domini.
983 5096 1076 5154 Sic
1104 5100 1274 5154 exivit
1314 5100 1443 5155 olim
1490 5102 1545 5156 in
1581 5103 1852 5174 principio

274 5190 470 5246 diaboli
515 5189 816 5259 discipulus
843 5190 1049 5259 primus
1098 5194 1395 5249 adversarii
1434 5194 1650 5250 fructus
1690 5196 1850 5263 Cain,

274 5294 395 5332 cum
427 5279 635 5346 justum
671 5279 1030 5336 interfecisset
1068 5280 1224 5337 Abel.
1259 5281 1353 5339 Sic
1394 5284 1565 5339 exivit
1598 5284 1744 5341 sicut
1769 5286 1852 5340 di-

274 5370 351 5423 cit
397 5368 681 5441 Scriptura
711 5389 724 5425 :
758 5371 935 5425 Ezivit
982 5372 1115 5427 Cain
1160 5390 1193 5427 a
1235 5374 1371 5443 facie
1424 5375 1636 5432 Domini
1660 5377 1727 5435 ⁸⁷.
1758 5376 1850 5433 Sic

272 5471 470 5517 exeunt
492 5462 659 5518 etiam
694 5479 840 5519 nunc
866 5478 896 5517 a
924 5463 1060 5520 facie
1090 5464 1300 5521 Domini
1328 5468 1509 5522 cuncti
1537 5469 1848 5538 pertinaces

345 5674 388 5746 ξ’
416 5677 533 5731 Act.
567 5694 597 5731 κ
626 5716 640 5739 ,
690 5676 743 5732 4.
819 5674 1025 5732 “Tub.
1081 5691 1157 5731 ιιι
1184 5720 1198 5741 ,
1235 5676 1321 5731 12.
1399 5678 1441 5711 ³⁸
1479 5676 1589 5735 Jcr.
1640 5691 1749 5746 xw,
1788 5678 1851 5733 10

284 5742 306 5775 ⁸
338 5743 474 5800 l’sal.
511 5763 561 5816 ι,
594 5747 680 5803 15.
761 5748 807 5784 ’δ’
834 5746 974 5804 Psal.
1010 5764 1159 5816 sui,
1193 5750 1245 5816 8,
1274 5751 1327 5803 υ.

1955 4556 2174 4627 pultura
2204 4555 2462 4627 sepulcri,
2510 4570 2689 4626 neque
2730 4556 2922 4611 mortis
2968 4556 3225 4610 introitus
3268 4553 3352 4609 vel
3402 4551 3543 4607 infe-

1958 4661 2143 4701 rorum
2176 4646 2442 4712 violavit,
2476 4649 2569 4702 sed
2616 4647 2796 4701 omnia
2843 4662 3112 4715 superans
3137 4685 3152 4709 ,
3190 4646 3435 4701 divinum
3486 4653 3543 4698 ct

1957 4738 2427 4808 incorruptibilem
2450 4754 2510 4796 se
2542 4741 2884 4794 adamantem
2925 4739 3097 4795 fuisse
3122 4737 3537 4793 demonstravit.

1957 4831 2199 4884 Adamas
2226 4844 2358 4884 vero
2384 4840 2471 4885 est
2495 4832 2818 4886 naturaliter
2862 4830 2985 4885 talis
3023 4831 3185 4899 lapis,
3230 4830 3319 4883 cui
3368 4842 3541 4896 neque

1965 4920 2131 4990 ignis,
2164 4935 2342 4990 neque
2371 4920 2595 4989 ferrum,
2628 4937 2805 4991 neque
2830 4922 2976 4977 aliud
2997 4922 3297 4990 quidquam
3330 4933 3540 4989 praeva-

1962 5012 2057 5067 let.
2083 5011 2250 5069 Ferro
2270 5015 2415 5068 enim
2441 5016 2488 5070 si
2511 5016 2871 5084 percutiatur,
2896 5014 3232 5084 demergitur
3255 5012 3310 5066 in
3330 5011 3538 5065 ferrum

1960 5115 2215 5176 tanquam
2248 5106 2527 5176 plumbum
2558 5107 2782 5162 missum
2818 5107 2869 5160 in
2916 5107 3122 5176 ignem.
3159 5103 3215 5158 Si
3257 5103 3308 5157 in
3359 5102 3538 5171 ignem

1961 5198 2228 5262 mittatur,
2271 5198 2523 5252 similiter
2565 5205 2849 5269 permanet
2883 5207 2943 5252 ut
2975 5197 3175 5252 missus
3204 5205 3311 5261 est,
3338 5206 3394 5250 et
3426 5211 3537 5250 non

1959 5290 2211 5344 violatur.
2243 5290 2385 5361 Ergo
2410 5292 2538 5361 quia
2582 5292 2718 5347 nihil
2761 5292 2807 5346 ei
2842 5291 3120 5361 praevalet,
3156 5291 3279 5345 ideo
3312 5291 3539 5344 adamas

1959 5380 2284 5450 appellatur.
2322 5381 2559 5437 Adamas
2608 5396 2733 5436 vero
2778 5382 3169 5453 interpretatur
3229 5397 3294 5437 ex
3344 5380 3535 5437 Graeca

1955 5468 2135 5540 lingua
2162 5510 2179 5537 ,
2215 5472 2574 5541 indomabilis,
2602 5472 2931 5541 inﬂexibilis,
2959 5516 2975 5540 ,
3004 5474 3418 5528 incomminutus
3458 5483 3533 5537 et,

1870 5697 1882 5746 ;
1934 5677 2221 5746 Osc.vltt,
2256 5679 2344 5737 l5.
2421 5679 2611 5737 “Jcr.
2668 5696 2832 5749 κων,
2892 5680 2982 5737 2|.
3053 5681 3258 5738 "Gen.
3323 5696 3399 5751 tv,
3445 5680 3535 5739 16.
