3902 6518
491 293 595 350 467

1564 293 1942 351 ANONYMUS
1980 292 2045 349 IN
2087 291 2225 350 JOB.
2268 327 2329 335 ——
2369 295 2499 351 LIB.
2542 295 2608 350 ll.

3618 301 3709 355 Mill

490 414 549 466 ut
578 409 813 465 breviter
844 410 1044 477 dicam,
1074 409 1158 464 cui
1202 425 1298 465 nec
1323 410 1618 481 quidquam
1642 410 1925 479 praevalet,
1962 425 2055 463 nec
2085 416 2130 471 Α
2163 425 2279 464 rum
2314 407 2686 480 fatigationem
2711 451 2724 473 ,
2762 418 2817 465 et
2857 409 3221 465 membrorum
3282 407 3709 480 debilitationem,

488 518 596 572 que
623 503 997 573 percutiendo,
1032 516 1205 570 neque
1252 501 1548 555 adurendo.
1592 499 1725 553 Nam
1767 515 2057 569 percussus

490 610 597 648 non
636 593 1041 657 comminuitur,
1082 582 1309 648 exustus
1356 606 1464 646 non
1500 592 1823 646 conteritur.
1864 590 2057 645 Merito

488 702 622 757 ergo
650 687 872 740 adamas
903 684 1225 755 appellatur,
1248 693 1435 754 utpote
1464 682 1870 753 insuperabilis.
1901 682 2054 749 Quod

490 779 535 833 si
564 778 760 831 dixerit
784 777 981 847 al'rquis
1005 795 1017 830 :
1043 774 1146 831 Ubi
1173 786 1256 832 est
1283 777 1462 839 modo,
1488 774 1569 830 vel
1596 774 1685 829 ubi
1722 776 2058 844 conspicitur

488 864 862 937 hujuscemodi
912 868 1051 937 lapis
1091 866 1508 922 adamantinus?
1535 866 1696 932 Audi,
1724 867 1839 921 hac
1874 868 2055 920 omnia

486 972 645 1029 typus
689 960 910 1013 fuerunt
942 959 1150 1014 Domini
1196 957 1323 1013 Jesu
1354 957 1577 1024 Christi,
1622 957 1750 1027 quia
1790 971 1960 1025 usque
1988 956 2055 1009 ad

485 1051 773 1104 adventum
807 1048 1017 1103 Domini
1051 1058 1228 1115 erant,
1266 1060 1317 1103 et
1343 1049 1458 1103 visa
1496 1058 1646 1111 sunt,
1678 1056 1802 1117 post
1847 1049 2055 1101 adven-

488 1156 597 1195 tum
629 1155 809 1195 autem
843 1142 1052 1195 Domini
1090 1142 1204 1193 visa
1233 1156 1338 1195 non
1366 1147 1513 1193 sunt.
1542 1138 1643 1193 Ubi
1674 1139 1886 1192 videtur
1914 1148 2054 1190 nunc

485 1236 704 1304 phmnix
727 1235 751 1287 ἲ
777 1234 861 1287 tibi
911 1248 1044 1286 urna
1095 1232 1310 1286 Adam?
1354 1231 1441 1283 ubi
1489 1228 1699 1283 videtur
1732 1242 1857 1282 arca
1890 1236 2057 1281 testa-

484 1327 698 1379 menti?
743 1326 830 1379 ubi
880 1340 1012 1378 urna
1065 1323 1319 1377 manna?
1355 1321 1445 1375 Sic
1494 1318 1746 1376 similiter
1789 1335 1932 1374 nunc
1965 1320 2053 1373 ubi

484 1419 697 1469 videtur
726 1415 946 1469 adamas
973 1422 1135 1484 atque
1163 1430 1225 1469 ea
1271 1424 1390 1483 quae
1423 1424 1607 1484 typum
1638 1413 1849 1467 Domini
1896 1424 2055 1481 gere.

483 1509 656 1563 bant?
682 1509 753 1562 Ea
802 1506 1010 1561 scilicet
1048 1522 1219 1576 usque
1258 1508 1325 1559 ad
1358 1506 1648 1560 adventum
1685 1506 1896 1560 Domini
1939 1506 2053 1560 visa

482 1610 608 1654 sunt
641 1612 827 1668 utpote
854 1600 1057 1668 ﬁgura,
1087 1602 1141 1653 et
1173 1597 1298 1653 inde
1325 1598 1641 1653 abscondita
1666 1607 1794 1652 sunt
1824 1598 2055 1653 Domino

482 1692 627 1761 ipsas
667 1690 866 1757 figuras
897 1690 1247 1760 adimplente.
1293 1689 1500 1743 Idcirco
1534 1702 1680 1742 nunc
1720 1701 1896 1757 neque
1926 1701 2051 1741 arca

2160 515 2224 556 ac
2264 504 2428 555 totius
2456 502 3046 573 carnaliseompaginis
3079 502 3382 572 passionem
3422 511 3576 571 atque
3623 510 3710 564 do-

2158 591 2350 647 iorem.
2380 592 2513 645 Nam
2542 596 2683 647 sicut
2712 594 2914 648 nullum
2939 593 3303 648 membrorum
3323 595 3560 662 corporis
3586 614 3711 665 pur-

2159 682 2394 737 termisit
2426 682 2714 751 malignus,
2747 697 2924 753 neque
2955 683 3119 736 ullum
3148 682 3438 752 dereliquit
3474 685 3703 750 illasutn,

2158 770 2251 828 sed
2284 784 2476 828 cuncta
2495 773 2801 828 vehementi
2834 774 3055 829 vulnere
3088 773 3331 842 implevit
3357 784 3516 845 atque
3541 781 3708 834 omnia

2156 866 2451 919 saevissima
2502 864 2655 934 plaga
2701 866 3007 933 percussit,
3062 865 3142 919 sic
3178 865 3467 920 identidem
3522 870 3709 925 nullum

2157 955 2443 1024 dereliquit
2471 956 2790 1025 supplicium
2811 993 2827 1020 ,
2860 970 3036 1024 neque
3082 970 3296 1025 poenam
3320 998 3335 1022 ,
3369 972 3543 1027 neque
3574 960 3711 1015 dolo-

2159 1059 2295 1110 rem,
2329 1045 2473 1114 quod
2505 1046 2628 1101 huic
2652 1046 2823 1117 plaga
2848 1061 2954 1101 non
2986 1046 3456 1101 commiscuisset:
3490 1049 3580 1102 sed
3602 1065 3709 1105 om-

2159 1153 2279 1192 nem
2312 1140 2563 1192 virtutem
2602 1148 2766 1209 atque
2811 1147 3186 1208 argumentum
3235 1139 3490 1208 nequitia
3522 1156 3629 1195 sua
3662 1143 3709 1197 in

2158 1232 2261 1284 hac
2292 1230 2585 1284 savissima
2620 1233 2775 1301 plaga
2806 1232 3099 1286 ostendens
3132 1241 3297 1301 atque
3324 1232 3709 1296 demonstrans,

2157 1320 2502 1373 novissimam
2527 1320 2752 1391 gloriam
2778 1321 3049 1388 patientia
3072 1320 3160 1374 hic
3184 1319 3443 1387 perlicere
3466 1324 3708 1390 speravit,

2156 1412 2236 1467 sic
2265 1408 2471 1467 scilicet
2495 1412 2764 1482 percussit
2786 1410 2886 1466 Job
2912 1412 3071 1481 plaga
3104 1413 3422 1476 savissima,
3444 1428 3473 1467 a
3503 1416 3712 1482 pedibus

2155 1516 2327 1571 usque
2360 1502 2426 1555 ad
2475 1511 2657 1570 caput.
2706 1501 2906 1571 Plaga,
2953 1499 3168 1570 inquit,
3212 1500 3506 1556 savissima
3542 1511 3712 1571 utpote

2155 1604 2281 1651 una.
2315 1594 2381 1648 Et
2411 1610 2511 1649 cur
2541 1609 2646 1648 una
2690 1593 2848 1664 plaga
2882 1604 3215 1648 memoratur
3239 1632 3255 1658 ,
3302 1603 3559 1664 tanquam
3592 1610 3710 1657 una,

2153 1694 2207 1738 et
2253 1698 2359 1737 non
2392 1684 2524 1740 dicit
2566 1684 2753 1753 plagas
2786 1694 3045 1753 tanquam
3090 1684 3392 1754 plurimas?
3435 1684 3709 1755 Propterea

484 1781 821 1847 testamenti,
870 1795 1042 1849 neque
1080 1794 1211 1833 urna
1262 1794 1507 1843 manna,
1555 1782 1730 1848 neque
1771 1779 2052 1832 cinnamo-
2086 1763 2128 1819 Β
2156 1790 2261 1829 una
2289 1776 2440 1845 plaga
2475 1785 2843 1841 memoratur,
2874 1777 3003 1847 quia
3037 1785 3207 1830 totum
3251 1792 3453 1845 corpus
3494 1776 3621 1844 justi
3653 1777 3710 1829 il-

482 1890 652 1937 mum,
678 1888 855 1942 neque
882 1872 1127 1936 adamas,
1158 1886 1332 1940 neque
1364 1872 1588 1940 phtenix
1629 1872 1750 1926 istis
1784 1885 1928 1925 nunc
1955 1870 2055 1924 ho-

482 1965 719 2020 minibus
740 1979 865 2018 vere
894 1964 1163 2027 videntur,
1191 1963 1293 2017 nisi
1326 1962 1466 2017 forte
1491 1963 1612 2031 quis
1642 1956 1821 2017 simile
1845 1962 2051 2029 aliquid
2086 2004 2095 2009 .

481 2055 790 2109 simulatum
835 2054 1163 2117 contendat,
1215 2054 1402 2108 dicens
1438 2067 1563 2109 esse
1604 2052 1746 2123 quod
1798 2068 1901 2106 non
1943 2062 2048 2108 est.

478 2148 613 2202 Cum
638 2162 768 2216 ergo
798 2157 955 2217 typus
984 2155 1127 2201 esset
1157 2145 1367 2200 Domini
1400 2138 1526 2200 Jesu
1554 2145 1760 2201 Christi
1791 2142 1913 2208 Job,
1942 2156 2052 2200 Ira:-

478 2240 616 2294 didit
647 2240 795 2293 illum
823 2238 963 2295 Deus
992 2240 1046 2294 in
1086 2238 1457 2309 probationem
1495 2247 1753 2308 tanquam
1784 2239 2049 2293 adaman-

479 2343 586 2387 tem
604 2330 986 2395 inviolabilem,
1001 2329 1154 2399 cujus
1170 2339 1491 2400 potestatem
1510 2330 1784 2400 accipiens
1803 2331 2047 2385 diabolus

478 2424 645 2478 exivit
669 2440 695 2476 a
723 2424 859 2479 facie
893 2424 1127 2478 Domini.
1149 2422 1324 2478 Exibit
1359 2423 1621 2491 diabolus,
1649 2423 1752 2478 hoc
1773 2433 1878 2488 est,
1900 2424 2049 2479 defe-

477 2529 624 2568 rens.
658 2513 738 2567 Ad
766 2512 1113 2569 deferendum
1148 2514 1293 2569 enim
1322 2514 1646 2569 introierat:
1695 2524 1750 2568 et
1782 2525 2044 2584 quantum

470 2602 623 2673 juxta
660 2604 995 2675 iniquitatem
1025 2616 1179 2659 suam
1229 2604 1282 2657 in
1311 2604 1427 2674 ipsa
1456 2603 1725 2659 delatione
1755 2606 2045 2673 proficiens

477 2712 539 2747 ac
562 2694 722 2747 delati
748 2702 1072 2764 potestatem
1099 2693 1393 2762 accipiens,
1413 2694 1577 2749 exivit
1602 2709 1630 2748 a
1649 2694 1787 2750 facie
1809 2697 2041 2751 Domini.

477 2785 657 2840 Exivit
686 2785 925 2851 gaudens
957 2786 1047 2856 qui
1075 2799 1344 2855 nunquam
1369 2794 1452 2841 est
1480 2786 1719 2857 gavisus,
1749 2788 1921 2842 exivit
1948 2787 2042 2841 la-

473 2887 561 2931 tus
590 2877 681 2930 ille
704 2878 795 2945 qui
822 2892 1093 2946 nunquam
1121 2888 1204 2933 est
1228 2878 1460 2942 latatus,
1488 2888 1672 2948 utpote
1701 2880 1908 2934 habens
1940 2879 2042 2936 Job

474 2967 526 3021 in
558 2974 878 3037 potestatem
908 2967 973 3024 ad
1012 2969 1341 3037 puniendum
1371 2968 1519 3024 illum
1565 2970 1858 3024 secundum
1889 2985 2039 3025 suam

473 3056 836 3128 iniquitatem.
870 3058 1049 3113 Exivit
1077 3060 1323 3116 diabolus
1358 3076 1385 3115 a
1421 3061 1559 3116 facie
1592 3062 1843 3127 Domini,
1873 3063 2041 3117 exivit

474 3160 729 3219 tanquam
757 3149 912 3220 lupus
942 3153 1181 3218 rabiens,
1207 3162 1463 3223 tanquam
1512 3153 1598 3208 leo
1647 3156 1884 3224 rugiens,
1919 3166 2041 3209 tau-

470 3254 630 3311 quam
664 3258 820 3298 ursus
848 3244 1160 3313 sanguinem
1182 3254 1460 3315 appetens,
1484 3254 1741 3315 tanquam
1770 3246 2040 3317 malignus

471 3348 715 3401 serpens,
747 3345 1000 3404 tanquam
1033 3338 1217 3405 vipera
1258 3353 1401 3393 sava
1453 3353 1516 3393 ac
1563 3339 1888 3408 perniciosa.
1927 3339 2038 3392 Ex-

468 3422 560 3477 ivii
597 3425 840 3478 diabolus
871 3443 902 3479 a
930 3425 1064 3494 facie
1090 3425 1323 3480 Domini.
1362 3426 1543 3481 Exivit
1581 3429 1725 3483 omni
1758 3429 2039 3498 iniquitate

468 3523 524 3568 et
553 3514 654 3576 ira,
677 3513 859 3569 furore
884 3528 1096 3584 quoque
1124 3527 1287 3585 atque
1307 3517 1691 3588 indignatione,
1717 3520 2038 3576 crudelitate

470 3604 822 3659 nihilominus
859 3614 1023 3673 atque
1054 3606 1200 3659 omni
1236 3607 1513 3677 impietate
1558 3610 1812 3665 refertus.
1856 3611 2039 3666 Exivit

469 3701 723 3761 tanquam
756 3695 923 3748 bestia
959 3696 1106 3750 ferox
1134 3710 1192 3749 ac
1228 3709 1365 3750 sava
1405 3707 1568 3767 atque
1605 3699 1878 3755 immanis.
1928 3700 2038 3754 Ex-

467 3786 564 3840 ivit
600 3788 844 3857 cogitans
882 3788 1066 3843 infelix
1110 3804 1208 3844 suo
1237 3791 1583 3845 amarissimo
1610 3792 1767 3846 modo
1798 3791 1899 3848 Job
1920 3793 2036 3847 alli-

464 3892 591 3931 cere
622 3879 820 3965 pmnis,
848 3880 991 3949 quod
1026 3889 1079 3934 et
1100 3880 1231 3937 fecit
1254 3882 1437 3937 statim
1465 3883 1581 3937 sine
1611 3898 1785 3938 mora.
1807 3882 2035 3939 Percus-

462 3970 527 4022 sit
556 3969 656 4023 Job
682 3972 839 4040 plaga
865 3973 1151 4026 sanissimo
1190 3991 1222 4027 a
1245 3975 1458 4039 pedibus
1493 3991 1657 4045 usque
1678 3978 1747 4029 ad
1779 3992 1936 4045 caput
1961 3974 2029 4032 “.

461 4059 882 4130 Magnitudinem
914 4066 1085 4133 plaga
1120 4074 1283 4134 atque
1313 4066 1551 4123 vulneris
1590 4068 2031 4138 admirationem,

462 4151 767 4222 dolorisque
812 4152 1180 4211 fortitudinem
1236 4172 1343 4211 non
1381 4158 1566 4213 valens
1610 4158 1769 4214 aliter
1815 4161 2031 4216 edicere

460 4251 623 4312 atque
657 4246 942 4300 ostendere
966 4284 981 4310 ,
1012 4246 1183 4313 dixit,
1218 4249 1490 4315 percussit
1515 4248 1615 4304 Job
1653 4249 1807 4321 plaga
1838 4253 2029 4308 savis-

459 4334 617 4398 sima,
660 4349 766 4389 non
817 4338 989 4391 solum
1035 4338 1223 4409 plaga,
1268 4340 1361 4394 sed
1407 4349 1460 4395 et
1502 4342 1797 4397 savissima
1847 4344 2024 4412 plaga.

2154 1868 2257 1923 lius
2298 1879 2351 1924 et
2393 1870 2573 1923 omnia
2615 1870 2733 1938 ejus
2779 1868 3017 1923 membra
3070 1884 3177 1924 uno
3213 1869 3459 1925 contexit
3485 1870 3710 1934 vulnere,

2153 1970 2315 2027 atque
2352 1962 2417 2013 ad
2447 1977 2613 2015 unum
2656 1961 2927 2015 convertit
2972 1961 3251 2025 dolorem,
3302 1973 3363 2016 ut
3410 1978 3507 2032 per
3550 1970 3710 2017 totum

2149 2066 2348 2121 corpus
2386 2060 2549 2120 atque
2579 2054 2820 2106 membra
2856 2053 2999 2108 beati
3038 2051 3177 2108 illius
3219 2066 3358 2108 unus
3403 2054 3555 2107 dolor
3581 2063 3711 2109 esset

2148 2152 2311 2210 atque
2332 2142 2548 2197 vulnus.
2577 2140 2658 2198 Ob
2691 2143 2795 2198 hoc
2823 2158 2953 2213 ergo
2982 2144 3192 2213 plagam
3220 2146 3371 2209 dicit,
3399 2146 3529 2215 quia
3559 2162 3708 2199 unum

2148 2234 2348 2287 vulnus
2384 2242 2502 2288 erat
2532 2250 2627 2305 per
2658 2243 2826 2288 totum
2858 2246 3075 2303 corpus.
3108 2234 3258 2301 Quod
3293 2251 3426 2290 vero
3460 2253 3596 2291 unus
3622 2238 3709 2291 do-

2150 2326 2231 2381 lor
2252 2336 2417 2396 atque
2444 2327 2623 2395 passio
2648 2336 2768 2381 erat
2788 2342 2883 2396 per
2906 2336 3075 2381 totum
3104 2342 3301 2397 corpus
3318 2327 3441 2397 ejus
3468 2337 3522 2383 et
3554 2344 3707 2383 mem-

2146 2417 2267 2482 bra,
2301 2420 2696 2487 subsequenter
2722 2419 2957 2473 ostendit
2988 2418 3175 2474 dicens
3203 2436 3217 2473 :
3249 2419 3289 2471 Α
3315 2420 3533 2488 pedibus
3557 2438 3705 2488 usque

2145 2511 2217 2562 ad
2247 2520 2421 2574 caput.
2457 2509 2733 2565 Percussit
2768 2508 2868 2564 Job
2910 2511 3063 2582 plaga
3104 2511 3403 2567 savissima
3437 2526 3465 2563 a
3496 2512 3707 2581 pedibus

2144 2616 2318 2671 usque
2344 2601 2412 2655 ad
2449 2611 2630 2670 caput.
2664 2601 2816 2656 Sicut
2855 2616 2884 2655 a
2924 2602 3150 2671 pedibus
3197 2617 3369 2672 usque
3424 2604 3490 2657 ad
3536 2616 3705 2671 caput,

2146 2690 2219 2745 ita
2263 2691 2553 2746 identidem
2582 2708 2609 2745 a
2639 2692 2813 2761 capite
2845 2708 3017 2763 usque
3053 2694 3118 2747 ad
3168 2694 3362 2763 pedum
3397 2696 3649 2765 vestigia,
3678 2710 3706 2749 a

2142 2795 2300 2835 coma
2336 2782 2530 2850 capitis
2561 2798 2733 2852 usque
2765 2784 2832 2838 ad
2879 2798 3087 2855 ungues
3117 2784 3394 2853 pollicum.
3431 2802 3531 2841 nec
3559 2786 3705 2856 quid-

2143 2885 2305 2940 quam
2338 2872 2556 2942 reliquit
2576 2889 2791 2937 sannm,
2822 2890 2997 2945 neque
3028 2878 3325 2943 integrum,
3354 2885 3452 2930 aut
3482 2876 3596 2931 sine
3618 2878 3705 2930 do-

2142 2960 2275 3026 lore,
2297 2965 2391 3019 sed
2423 2964 2673 3019 universa
2701 2981 2806 3019 uno
2836 2969 3082 3022 contexit
3112 2967 3332 3022 vulnere
3363 2978 3531 3037 atque
3567 2968 3705 3038 plaga

2144 3056 2652 3124 coeperuitcuneta,
2675 3066 2730 3112 et
2751 3059 3066 3114 savissima.
3096 3060 3433 3123 Savissima,
3464 3061 3693 3129 inquam,

2140 3146 2246 3201 hoc
2275 3156 2359 3202 est
2403 3148 2773 3217 lamentabili,
2805 3151 3124 3218 insanabili,
3156 3152 3441 3207 incurabili
3468 3194 3484 3217 ,
3518 3153 3569 3207 in
3610 3168 3705 3221 qua

2141 3253 2247 3292 non
2268 3251 2387 3295 erat
2408 3242 2496 3296 ubi
2518 3243 2779 3315 malagma
2808 3247 3199 3314 imponeretur,
3227 3260 3404 3316 neque
3432 3245 3703 3305 medicina,

2142 3345 2318 3400 neque
2352 3332 2709 3402 adjutorium,
2728 3350 2902 3404 neque
2924 3337 3104 3391 oleum
3148 3336 3314 3390 ullum
3336 3376 3352 3400 ,
3386 3352 3564 3407 neque
3597 3336 3703 3390 alli-

2141 3434 2351 3494 gatura.
2380 3425 2435 3480 In
2466 3440 2571 3494 qua
2603 3426 2780 3496 plaga,
2814 3428 3083 3499 superﬂua
3126 3441 3242 3483 erat
3284 3439 3339 3485 et
3383 3444 3703 3499 supervacua

2138 3515 2315 3570 omnis
2358 3517 2687 3572 medicorum
2737 3518 2929 3588 peritia
2982 3528 3145 3591 atque
3208 3519 3503 3589 sapientia.
3563 3519 3703 3573 Sicut

2139 3608 2283 3662 enim
2312 3609 2444 3663 dicit
2466 3610 2611 3679 quod
2636 3610 2839 3664 nullum
2871 3621 3250 3681 argumentum
3282 3612 3593 3666 illuminare
3618 3624 3701 3679 po-

2140 3708 2280 3753 terat
2308 3701 2646 3755 tenebrosam
2678 3710 2845 3771 atque
2891 3703 3292 3758 lamentabilem
3324 3702 3700 3775 [Egyptiorum

2138 3801 2350 3846 noctem
2378 3810 2396 3859 ;
2426 3793 2497 3847 ita
2532 3793 2680 3848 nulla
2705 3796 3060 3850 medicamina
3091 3812 3285 3852 curare
3323 3809 3582 3865 poterant
3612 3812 3701 3849 sa-

2137 3884 2411 3937 vissimam
2449 3884 2594 3939 illam
2624 3887 2822 3942 diaboli
2871 3886 3083 3958 plagam
3105 3928 3120 3953 ,
3149 3888 3323 3943 donec
3373 3889 3593 3958 impleta
3624 3896 3699 3941 est

2138 3976 2426 4031 tolerantia
2474 3988 2529 4033 et
2558 3980 2942 4048 longanimitas
2970 3980 3092 4036 Job.
3121 3980 3463 4047 Tolerantia,
3502 3998 3597 4052 pro
3617 3996 3699 4034 co-

2136 4083 2389 4122 ronarum
2416 4070 2812 4137 redhibitione;
2844 4071 2939 4127 Dei
2970 4073 3377 4142 longanimitas,
3416 4090 3516 4144 pro
3546 4074 3695 4144 justi-

2135 4156 2222 4209 tia
2268 4160 2693 4227 approbatione;
2727 4162 2928 4218 diaboli
2970 4177 3101 4218 vero
3149 4163 3437 4232 iniquitas,
3473 4178 3568 4233 pro
3587 4177 3699 4218 cor-

2134 4250 2377 4319 reptione
2408 4252 2661 4321 nequitia
2697 4252 2813 4320 ejus
2854 4265 3017 4324 atque
3046 4255 3402 4309 damnatione
3423 4294 3438 4319 ,
3466 4268 3621 4324 quam
3647 4253 3694 4305 in

2132 4340 2226 4395 illo
2259 4342 2407 4409 justo
2432 4344 2675 4397 exercuit
2707 4346 2843 4397 viro.
2876 4345 3142 4400 Percussit
3182 4345 3441 4400 verolob
3463 4388 3479 4413 ,
3514 4346 3693 4414 inquit,

458 4422 757 4480 Suﬂ‘ecerat
790 4428 889 4481 hoc
922 4424 1095 4482 solum
1121 4438 1179 4482 ut
1205 4428 1359 4499 plaga
1398 4439 1605 4485 tantunt
1632 4432 1849 4499 fuisset,
1883 4451 2027 4490 nunc
2058 4460 2104 4514 υ
2130 4434 2285 4504 plaga
2313 4436 2599 4489 saevissima
2627 4452 2659 4487 a
2690 4437 2907 4504 pedibus
2939 4453 3100 4507 usque
3143 4438 3212 4490 ad
3236 4449 3420 4506 caput.
3474 4438 3692 4493 Tantum

457 4528 585 4568 vero
608 4518 772 4570 etiam
797 4519 1007 4587 plagam
1033 4520 1383 4575 savissimam
1409 4536 1530 4577 esse
1553 4524 1724 4578 dixit:
1754 4522 2023 4581 Percussit

454 4606 556 4661 Job
581 4608 736 4677 plaga
764 4609 1076 4665 saevissima.
1108 4611 1402 4666 Considera
1432 4615 1596 4667 etiam
1636 4614 1738 4669 hoc
1764 4618 1907 4686 quod
1940 4618 2024 4672 di-

454 4702 565 4760 cit;
606 4699 874 4756 Percussit
899 4702 1021 4756 Job.
1057 4702 1329 4758 Percussit
1353 4744 1368 4768 ,
1412 4705 1619 4775 inquit,
1656 4722 1777 4760 cum
1814 4708 2024 4775 furore,

454 4807 579 4848 cum
608 4793 706 4859 ira,
736 4808 858 4847 cum
891 4794 1561 4864 indiguatione.Pcrcussit
1583 4797 1706 4853 Job.
1742 4799 2023 4866 Quomodo

454 4884 723 4949 percussit
742 4881 765 4936 ?
784 4884 864 4938 sic
888 4890 1159 4954 percussit
1182 4890 1453 4955 quomodo
1482 4902 1610 4958 para
1621 4890 1731 4958 bat,
1753 4896 2022 4962 quomodo

452 4975 695 5043 putabat.
746 4973 1009 5030 Percussit
1046 4976 1185 5042 Job,
1231 4988 1292 5033 ut
1342 4983 1736 5038 comminueret
1770 4985 2020 5054 Spiritum

454 5067 590 5135 ejus,
629 5078 688 5123 ut
726 5081 1029 5126 contereret
1064 5075 1299 5130 animam
1320 5075 1458 5143 ejus,
1493 5086 1550 5133 ut
1584 5078 1844 5150 ainigeret
1880 5096 2021 5148 pne-

456 5160 635 5214 cordia
662 5161 799 5231 ejus.
842 5162 934 5219 Sic
984 5166 1255 5233 percussit
1313 5176 1541 5236 sperans
1572 5170 1713 5238 quod
1782 5172 2019 5227 secunda

453 5250 604 5320 plaga
645 5267 859 5307 omnem
896 5257 1257 5311 constantiam
1301 5265 1466 5326 atque
1502 5260 1875 5316 fortitudinem
1920 5261 2019 5318 Job

452 5344 777 5400 debilitaret.
809 5344 902 5400 Sic
925 5361 1054 5418 ergo
1078 5350 1347 5418 percussit
1368 5348 1469 5405 Job
1498 5350 1652 5422 plaga
1684 5354 2011 5419 savissima,

452 5432 803 5500 lamentabili,
831 5438 1042 5501 urenti,
1075 5436 1354 5507 aﬂligeuti,
1381 5437 1652 5508 ﬂagranti,
1685 5439 2015 5504 incendenti,

451 5522 669 5588 dolenti,
699 5538 860 5579 omne
910 5527 1227 5596 supplicium
1278 5528 1331 5582 in
1373 5544 1432 5583 se
1462 5531 1719 5596 habente,
1748 5540 1803 5583 et
1836 5540 2020 5599 putre-

448 5613 648 5674 tlinetn,
677 5625 732 5668 et
766 5628 980 5672 vermes
1002 5657 1018 5684 ,
1054 5627 1105 5673 et
1128 5619 1328 5675 ossium
1360 5620 1710 5688 divisionem,
1737 5631 1791 5678 et
1825 5637 2018 5678 nervo-

516 5723 560 5753 ’°
610 5720 713 5778 Job
738 5741 801 5791 tt,
837 5725 887 5780 7.

2129 4528 2271 4580 enim
2302 4527 2598 4582 savissima
2627 4528 2726 4581 fuit
2760 4528 2874 4583 hac
2920 4528 3075 4598 plaga
3100 4568 3116 4593 ,
3146 4539 3408 4598 quantam
3444 4531 3690 4599 iniquita-

2129 4627 2236 4671 tem
2285 4617 2471 4672 habuit
2516 4618 2781 4673 diabolus.
2831 4618 2964 4673 Nam
3009 4621 3306 4674 secundum
3352 4622 3691 4690 iniquitatem

2127 4723 2278 4763 suam
2326 4724 2547 4764 mensus
2574 4719 2665 4764 est
2713 4710 2964 4764 diabolus
2999 4711 3136 4765 hanc
3167 4711 3379 4781 plagam
3407 4754 3423 4778 ,
3460 4714 3559 4768 hoc
3590 4711 3692 4765 vulo

2127 4815 2250 4854 nus.
2300 4800 2443 4855 Nihil
2477 4801 2698 4872 reliquit
2746 4806 3033 4869 tormenti,
3084 4821 3258 4875 neque
3290 4804 3687 4867 amaritudinis,

2127 4907 2299 4962 neque
2325 4894 2702 4960 immanitatis,
2729 4910 2902 4965 neque
2949 4896 3269 4961 ferocitatis,
3298 4912 3475 4969 neque
3505 4897 3692 4953 crude-

2126 4984 2317 5049 litatis,
2347 4999 2521 5055 neque
2556 4987 2885 5056 impietatis,
2918 5003 3093 5058 neque
3126 4990 3485 5061 malignitatis
3508 5029 3524 5055 ,
3554 4988 3687 5058 quod

2123 5091 2227 5129 non
2250 5078 2560 5131 exercuerit
2582 5079 2634 5130 In
2665 5078 3031 5133 lamentabilis
3062 5080 3221 5149 hujus
3245 5081 3488 5135 vulneris
3513 5080 3684 5151 plaga.

2121 5165 2541 5222 Consideremus
2589 5184 2752 5238 ergo,
2806 5184 2840 5223 o
2891 5170 3097 5235 amici,
3146 5173 3547 5226 vehementiam
3593 5171 3685 5226 bu-

2116 5256 2206 5325 jus
2258 5259 2457 5315 doloris
2525 5263 2677 5330 juxta
2734 5262 3127 5317 vehementiam
3195 5264 3500 5333 iniquitatis
3572 5265 3683 5319 dia-

2120 5350 2250 5406 boli.
2280 5352 2711 5418 Consideremus,
2744 5370 2777 5408 0
2814 5355 2937 5418 viri,
2974 5354 3187 5409 diversa
3221 5354 3347 5423 justi
3393 5357 3538 5412 illius
3576 5366 3683 5409 tor-

2119 5452 2335 5509 menta,
2378 5458 2583 5500 necnon
2626 5452 2681 5497 et
2736 5446 2871 5509 hoc,
2910 5446 3167 5500 adversus
3201 5456 3436 5516 quantos
3477 5447 3684 5501 dolores

2119 5533 2416 5599 perstiterit
2466 5534 2745 5589 innocens.
2807 5535 2927 5591 Uno
3001 5536 3184 5592 dolore
3246 5537 3529 5593 confectus
3572 5547 3684 5591 erat

2118 5632 2284 5694 totus,
2326 5641 2428 5681 una
2462 5626 2614 5697 plaga
2642 5628 2818 5685 omnis
2859 5630 3107 5685 vesulus.
3144 5629 3308 5685 Facta
3333 5644 3571 5701 namque
3606 5636 3683 5684 est
