3942 6528
220 329 326 388 ἆϋῦ

1316 319 1698 376 mosmos
1734 319 1797 373 IN
1836 316 1974 375 JOB.
2018 354 2082 363 -
2120 320 2251 377 LIB.
2293 288 2358 376 ll.

3367 319 3471 373 470

224 445 298 500 illi
351 444 469 498 haac
520 442 675 511 pl’aga
719 446 977 507 tanquam
1026 439 1196 495 vestis
1264 438 1536 504 amictus,
1580 446 1637 493 et
1684 445 1799 491 tan-
1828 440 1873 496 Δ
1902 438 2259 493 enarrabilem
2310 436 2574 493 dolorem.
2610 436 2816 499 Accepit
2849 444 3029 491 testam
3067 446 3120 487 ut
3154 435 3353 488 raderet
3386 454 3471 490 sa-

221 551 387 605 quam
442 535 809 588 indumentum
847 547 956 601 quo
1002 542 1123 587 erat
1170 530 1393 586 indutus
1420 570 1436 597 ,
1465 540 1519 586 et
1545 540 1799 600 tanquam

220 627 499 696 cingulum
539 641 646 695 quo
679 641 890 694 semper
917 624 1251 696 cingebatur,
1295 622 1390 679 sed
1420 638 1525 677 non
1582 622 1634 676 itt
1671 636 1802 676 con-

222 718 805 780 demnationem,sicut
828 718 901 772 illi
936 717 1097 787 impio
1122 713 1296 780 Judae,
1330 714 1425 770 sed
1458 715 1512 769 in
1546 728 1801 770 coronam

220 811 429 879 gloriae,
471 820 653 878 utpote
698 809 844 877 justo
899 808 1019 864 Job.
1080 809 1251 865 Omne
1304 822 1435 877 ergo
1493 822 1689 877 corpus
1750 816 1805 862 et

222 900 464 954 membra
506 901 639 970 justi
700 900 843 955 illius
877 915 984 955 uno
1033 899 1367 955 circumdata
1423 907 1580 953 erant
1622 898 1805 953 dolore

220 1000 386 1058 atque
434 989 678 1054 vulnere,
734 990 848 1044 sive
884 997 1065 1057 caput,
1121 988 1235 1043 sive
1276 987 1462 1057 pedes,
1493 988 1605 1042 sive
1636 988 1800 1052 oeuli,

220 1081 336 1135 sive
375 1094 560 1144 aures,
598 1080 712 1134 sive
737 1079 925 1143 latera,
950 1079 1065 1134 sive
1092 1078 1349 1146 scapulae,
1393 1093 1564 1149 usque
1595 1079 1661 1134 ad
1689 1080 1802 1149 ipsa

220 1171 421 1239 pedum
450 1171 674 1240 vestigia
706 1185 811 1224 uno
839 1169 1060 1224 vulnere
1100 1168 1452 1231 distillabant,
1481 1184 1583 1223 una
1618 1180 1801 1238 putre-

224 1264 349 1316 dine
387 1264 638 1318 detentus
680 1271 820 1330 erat,
861 1262 1051 1316 iisdem
1090 1260 1364 1316 vermibus
1394 1263 1656 1316 scatebat.
1711 1261 1795 1318 Ja-

221 1368 346 1408 cere
373 1368 479 1407 non
521 1361 755 1419 poterat,
786 1354 977 1407 sedere
1008 1368 1112 1407 non
1144 1352 1381 1417 valebat,
1408 1353 1647 1423 requiem
1693 1370 1801 1409 non

222 1445 480 1507 habebat,
512 1444 931 1514 resumptionem
954 1460 1058 1500 non
1095 1444 1422 1508 inveniebat,
1444 1448 1659 1514 etquod
1686 1456 1802 1501 erat

220 1526 462 1589 omnium
502 1535 813 1599 maximum,
842 1550 1002 1605 super
1028 1535 1143 1590 hzec
1178 1549 1427 1590 universa
1462 1534 1605 1590 fame
1634 1545 1690 1593 et
1712 1537 1799 1592 siti

220 1626 538 1679 necabatur.
584 1624 720 1679 Nam
779 1627 1027 1680 manibus
1096 1627 1276 1682 cibum
1338 1626 1419 1681 vel
1482 1636 1665 1695 potum
1734 1629 1798 1682 ad

217 1728 277 1768 os
318 1715 601 1785 porrigere
635 1730 740 1770 non
789 1723 1022 1784 poterat.
1059 1713 1300 1771 Tametsi
1336 1717 1583 1772 manibus
1623 1718 1690 1771 ad
1739 1734 1803 1774 os

218 1808 503 1877 porrigere
531 1806 756 1872 valeret,
789 1823 883 1863 ore
919 1823 981 1863 ac
1006 1808 1163 1863 labiis
1199 1809 1482 1877 putredine
1511 1824 1573 1865 ac
1599 1810 1801 1865 vermi-

218 1902 320 1956 bus
366 1902 559 1971 plcnus
593 1901 839 1971 recipere
890 1918 997 1957 non
1049 1902 1282 1958 Valebat.
1314 1903 1621 1958 Attestatur
1661 1903 1801 1959 idem

218 1994 333 2062 ipse
389 1994 579 2048 dicens
632 1992 793 2063 paulo
839 2002 963 2063 post
994 2012 1007 2047 :
1039 1992 1252 2049 Scelere
1288 1995 1438 2049 video
1470 2012 1618 2049 escas
1661 2012 1802 2050 meas

216 2092 476 2154 tanquam
503 2085 716 2139 odorem
745 2085 934 2142 leonis.
969 2085 1105 2140 Cum
1142 2086 1260 2141 istis
1288 2101 1522 2157 namque
1556 2086 1805 2143 nefandis

214 2178 502 2232 doloribus
528 2178 939 2232 exsecrabiliter
996 2188 1249 2241 scateret,
1299 2178 1459 2248 hujus
1506 2180 1805 2250 putredinis

215 2270 441 2323 odorem
471 2269 835 2337 nequissimus
852 2268 1001 2324 fecit.
1025 2269 1138 2327 Hoc
1155 2288 1388 2342 namque
1417 2270 1618 2327 deﬂens
1637 2271 1802 2325 dicit:

218 2361 433 2415 Scalere
466 2362 609 2415 uideo
652 2377 799 2414 escas
842 2378 986 2416 meas
1035 2372 1288 2433 tanquam
1341 2366 1554 2419 odorem
1616 2363 1802 2418 leonis.

213 2453 295 2507 Ob
338 2466 507 2520 quam
566 2468 703 2520 rem,
737 2468 771 2509 o
822 2454 980 2533 beate
1008 2452 1152 2508 Job?
1177 2453 1258 2510 Ob
1290 2456 1413 2521 hoc,
1444 2455 1639 2526 inquit,
1679 2455 1806 2524 quia

214 2548 374 2602 bullit
404 2564 604 2616 corpus
631 2564 809 2602 meum
843 2549 895 2602 in
933 2548 1218 2617 putredine
1247 2549 1511 2604 vermium
1541 2566 1555 2615 ;
1588 2550 1657 2603 ob
1680 2549 1803 2614 hoc,

212 2642 339 2710 quia
382 2640 663 2696 doloribus
711 2656 928 2695 macero
968 2640 1150 2696 sulcos
1199 2649 1358 2695 terra:
1407 2656 1473 2695 ex
1521 2640 1804 2696 vulnerum

213 2747 462 2787 meorum
490 2733 751 2798 humore;
783 2734 853 2788 ob
879 2733 1001 2800 hoc,
1029 2732 1153 2802 quia
1183 2732 1464 2788 doloribus
1510 2733 1807 2790 obvolutus

214 2838 359 2889 sum,
387 2833 442 2879 et
471 2823 575 2878 alia
606 2823 836 2893 plurima
870 2825 953 2879 his
974 2824 1189 2880 similia.
1210 2824 1343 2879 Cum
1381 2834 1490 2879 tam
1516 2826 1808 2881 vehemen-

214 2915 451 2971 tioribus
471 2915 750 2972 doloribus
776 2917 1069 2973 restitisset
1100 2926 1264 2987 atque
1295 2928 1652 2987 repugnasset
1675 2917 1799 2984 Job,

212 3008 542 3062 constantia:
564 3023 669 3062 non
710 3009 1062 3072 renuntiavit,
1092 3010 1410 3079 patientiam
1438 3026 1544 3065 non
1580 3009 1802 3080 abjeclt,

1906 525 2061 580 niem.
2084 526 2162 580 Ad
2187 541 2306 596 quae
2336 526 2495 595 digne
2527 525 2758 589 dicatur,
2790 524 2897 588 dic,
2933 540 2966 579 ο
3008 527 3162 580 beate
3188 524 3285 580 Job
3311 535 3473 594 atque

1905 615 2015 671 Deo
2046 617 2260 681 dilecte,
2285 619 2355 673 ob
2391 632 2551 685 quam
2592 597 2702 671 rem
2737 617 2839 671 hoc
2867 616 3035 671 facis?
3059 616 3168 671 Cur
3198 619 3342 673 hu-nc
3375 619 3471 672 do-

1904 701 2073 757 lorem
2119 704 2445 772 exasperas?
2488 720 2587 758 cur
2645 705 2998 774 augmentas!
3038 720 3135 758 cur
3179 721 3475 776 exaggeras

1907 804 2038 849 testa
2067 796 2304 850 radendo
2326 796 2670 852 lamentabile
2707 797 2807 851 hoc
2838 797 3034 853 vulnus
3057 807 3217 866 atque
3244 800 3475 854 saevissi-

1904 902 2048 940 mam
2083 886 2219 941 hanc
2250 887 2483 958 plagam,
2515 903 2635 942 cum
2664 888 2845 958 potius
2867 888 3134 945 debueras
3159 890 3472 956 observare,

1897 977 2109 1048 juvare,
2129 979 2331 1045 levare,
2355 980 2557 1045 fovere,
2587 995 2813 1050 ungere,
2836 980 3123 1046 defricare,
3157 991 3214 1037 ut
3241 998 3334 1055 per
3362 982 3475 1036 lucc

1905 1070 2153 1126 universa
2186 1070 2456 1124 mitiorem
2490 1080 2651 1139 atque
2681 1069 3017 1125 blandiorem
3045 1070 3298 1126 redderes
3331 1072 3475 1125 hunc

1903 1161 2258 1218 saevissimum
2310 1163 2576 1227 dolorem,
2620 1162 2941 1231 plagamque
2985 1163 3323 1218 terribilem?
3367 1163 3474 1218 Sed

1904 1254 2234 1324 raspondens
2255 1255 2434 1324 justus
2462 1253 2586 1320 Job,
2627 1255 2758 1309 dicit
2789 1273 2802 1309 :
2842 1255 2975 1324 Ego,
3006 1270 3038 1308 ο
3064 1255 3189 1322 viri,
3214 1271 3319 1311 non
3348 1272 3473 1312 suc-

1902 1348 2096 1402 cumbo
2124 1346 2209 1401 his
2248 1347 2539 1410 doloribus,
2568 1362 2740 1417 neque
2770 1348 2888 1401 istis
2926 1347 3101 1417 pcenis
3125 1348 3339 1412 deficio,
3371 1365 3474 1404 non

1902 1436 2174 1502 debilitor,
2228 1453 2403 1508 neque
2464 1437 2725 1494 delassor.
2756 1436 2870 1493 Non
2916 1439 3061 1492 enim
3106 1451 3231 1492 sunt
3261 1440 3477 1495 dolores

1902 1529 1990 1585 isti
2044 1529 2301 1585 fortiores
2358 1529 2551 1586 anima:
2578 1545 2710 1585 mea:
2747 1530 3024 1595 firmitate,
3054 1547 3161 1585 non
3199 1542 3326 1586 sunt
3364 1534 3478 1587 haec

1905 1631 2168 1679 tormenta
2188 1623 2405 1678 duriora
2435 1623 2616 1678 cordis
2645 1624 2745 1677 mei
2777 1622 2998 1678 duritia.
3027 1623 3245 1691 Merito,
3276 1625 3476 1695 inquit,

1902 1728 2169 1783 exaggero
2224 1725 2387 1784 atque
2434 1729 2750 1769 commoveo
2800 1716 2945 1785 ipsos
2985 1716 3218 1781 dolores,
3266 1725 3324 1769 ut
3385 1731 3479 1786 per

1905 1814 2101 1859 cuncta
2132 1806 2411 1859 ostendam
2437 1806 2772 1875 nequissimo
2796 1806 3032 1873 diabolo,
3064 1809 3189 1878 quia
3221 1807 3337 1877 ejus
3367 1824 3479 1861 rna-

1903 1897 2073 1953 litiam
2103 1897 2326 1961 irrideo,
2351 1899 2477 1967 quia
2502 1898 2843 1968 iniquitatem
2869 1900 2989 1970 ejus
3022 1911 3337 1962 contemno,
3358 1900 3479 1969 quia

1903 2004 2092 2045 omnes
2120 1990 2237 2061 ejus
2267 1991 2453 2061 plagas
2476 2001 2639 2061 atque
2666 1992 2889 2047 vulnera
2919 1993 2986 2048 ad
3014 1993 3242 2048 nihilum
3270 2004 3478 2063 reputo.

1904 2081 1986 2137 0b
2012 2082 2113 2137 hoc
2133 2096 2261 2152 ergo
2279 2084 2486 2153 accepit
2511 2091 2726 2149 testam,
2754 2090 2812 2137 ut
2836 2083 3049 2139 raderet
3073 2085 3277 2139 saniem
3305 2101 3479 2139 suam.

1906 2173 2068 2238 Ecce,
2100 2174 2295 2244 inquit,
2312 2190 2345 2231 ο
2368 2174 2759 2246 malignissime
2782 2175 3017 2240 diabole,
3047 2176 3187 2231 sicut
3210 2187 3336 2232 tunc
3359 2191 3481 2232 cum

1906 2280 2021 2321 rem
2048 2265 2368 2321 familiarem
2394 2280 2446 2322 et
2466 2268 2607 2322 filios
2636 2267 2767 2322 mihi
2798 2267 3062 2334 auferres,
3095 2277 3223 2325 tunc
3253 2270 3485 2340 denique

1905 2374 2005 2429 ego
2038 2361 2181 2429 quod
2239 2370 2524 2430 supererat
2568 2369 2769 2417 vestem
2824 2371 2986 2431 atque
3032 2376 3245 2417 comam
3293 2363 3484 2432 capitis

1906 2452 2270 2507 conscindens
2305 2462 2468 2522 atque
2496 2452 2723 2509 tondens
2749 2454 2843 2510 tibi
2876 2455 3105 2526 projeci,
3129 2464 3332 2509 vestem
3366 2468 3487 2523 post

1908 2557 2022 2597 rem
2052 2542 2391 2605 familiarem,
2419 2552 2474 2598 et
2498 2558 2707 2600 comam
2738 2553 2857 2613 post
2884 2544 3083 2602 liberos
3109 2564 3122 2598 :
3155 2546 3258 2609 sic,
3287 2546 3482 2615 inquit,

1908 2636 2075 2693 etiam
2122 2650 2265 2691 nunc
2304 2650 2427 2690 cum
2460 2651 2548 2691 me
2597 2637 2893 2693 saevissima
2945 2636 3099 2708 plaga
3151 2647 3484 2708 percuteres,

1909 2730 2052 2800 quod
2095 2729 2189 2785 tibi
2226 2731 2494 2801 superfuit
2527 2729 2688 2798 hujus
2726 2731 2951 2797 doloris,
2977 2731 3077 2787 hoc
3100 2732 3359 2786 nimirum
3411 2732 3484 2786 ita

1909 2823 2127 2894 adjicio,
2164 2825 2265 2880 hac
2302 2834 2441 2881 testa
2469 2825 2683 2882 dolores
2732 2827 3100 2895 provocando,
3149 2835 3205 2882 et
3251 2841 3489 2896 exagge-

1913 2915 2083 2969 rando
2112 2924 2275 2986 atque
2311 2917 2708 2987 exasperanda,
2741 2927 2799 2971 ut
2847 2931 2943 2987 per
2972 2917 3108 2984 haec,
3143 2918 3340 2987 inquit,
3369 2917 3488 2972 uni-

1914 3023 2070 3063 versa
2104 3008 2414 3065 informeris
2436 3012 2502 3065 de
2533 3025 2652 3066 mea
2683 3013 3009 3079 constantia,
3048 3027 3113 3067 ne
3140 3012 3278 3067 ultra
3311 3022 3484 3082 pules,

213 3099 380 3153 ﬁdem
434 3114 543 3153 non
594 3098 865 3168 deposuit,
925 3099 1221 3171 gratiarum
1274 3102 1519 3158 actiones
1564 3118 1671 3158 non
1722 3116 1807 3160 est
1837 3131 1879 3189 ο
1914 3101 2247 3171 nequissime
2278 3101 2512 3165 diabole,
2545 3103 2689 3171 quod
2713 3117 2812 3172 ego
2841 3103 3124 3158 detraham
3158 3102 3485 3173 benignissi-

210 3190 418 3243 nblitus
458 3203 475 3242 :
509 3188 604 3244 sed
662 3200 868 3260 quanto
901 3191 1171 3259 pluriores
1214 3192 1515 3248 sustinebat
1571 3194 1803 3257 dolores,

212 3291 372 3335 tanto
403 3281 636 3350 amplius
668 3280 933 3351 pluriores
964 3281 1475 3353 adjiciebatazterno
1508 3284 1638 3355 Regi
1686 3300 1810 3354 gra-

212 3374 419 3429 tiarum
453 3376 698 3431 actiones
725 3384 890 3445 atque
904 3375 1298 3431 confessiones.
1325 3373 1543 3430 Sciebat
1574 3391 1811 3445 namque

209 3478 441 3522 sanctus
476 3468 586 3532 ille,
616 3468 740 3539 quia
776 3469 1070 3523 secundum
1101 3467 1504 3522 multitudinem
1530 3466 1802 3534 dolorum,

210 3560 509 3615 multitudo
541 3561 589 3613 ei
615 3561 1025 3629 prmparabatur
1047 3575 1399 3615 coronarum.
1425 3558 1469 3615 Ο
1495 3560 1655 3615 beate
1674 3558 1797 3622 Job,

212 3648 492 3714 quomodo
524 3657 574 3702 te
594 3647 953 3713 admiremur,
984 3649 1256 3717 quomodo
1292 3658 1344 3703 te
1381 3648 1684 3714 laudemus,
1719 3649 1809 3704 vel

210 3742 493 3809 quomodo
530 3739 942 3810 magniﬁcemus
970 3741 1061 3809 qui
1100 3739 1249 3795 solus
1292 3749 1417 3795 ante
1451 3738 1806 3809 Evangelium

207 3848 403 3890 eorum
446 3846 569 3900 qua:
596 3831 649 3884 in
685 3830 978 3901 Evangelio
1016 3840 1141 3885 sunt
1167 3829 1462 3900 perfectam
1494 3832 1801 3901 passionem

209 3925 545 3989 sustinuisti,
577 3924 670 3990 qui
701 3922 849 3979 solus
880 3932 1007 3977 ante
1048 3933 1318 3995 martyres
1346 3933 1647 3994 martyrum
1673 3924 1803 3979 tole-

211 4021 449 4074 rantiam
474 4034 597 4073 eum
635 4018 934 4089 gratiarum
971 4016 1280 4071 actionibus
1312 4015 1609 4087 perfecisti.
1665 4016 1800 4071 Nam

208 4114 359 4166 sicut
392 4110 583 4166 omnia
640 4119 913 4166 tormenta
948 4118 1111 4177 atque
1160 4107 1331 4177 ﬂagra
1379 4123 1478 4177 per
1529 4107 1805 4177 principes

211 4204 377 4272 hujus
409 4202 598 4258 mundi
624 4203 855 4273 ingessit
883 4200 1130 4255 diabolus
1150 4201 1484 4270 martyribus
1509 4200 1622 4255 :sic
1651 4202 1807 4254 simi-

210 4295 343 4350 liter
379 4294 639 4348 universa
668 4292 931 4363 supplicia
968 4300 1133 4360 atque
1169 4290 1416 4343 incendia
1460 4291 1674 4346 induxit
1714 4308 1808 4346 su-

210 4402 311 4456 per
337 4384 442 4441 Job
476 4400 574 4454 per
596 4386 949 4453 semetipsum
982 4392 1145 4451 atque
1185 4396 1281 4434 sua
1325 4381 1633 4450 iniquitate,
1696 4383 1801 4437 hoc

1913 3211 2004 3250 mo
2027 3194 2293 3260 Creatori,
2319 3193 2401 3249 vel
2427 3194 2794 3265 blasphemem
2823 3204 3069 3249 sanctum
3085 3194 3486 3250 benefactorem

1912 3303 2090 3343 meum
2128 3288 2439 3356 aliquando.
2464 3287 2544 3343 Ob
2569 3289 2670 3343 hoc
2701 3302 2830 3356 ergo
2868 3289 3075 3358 accepit
3104 3298 3291 3343 testam
3316 3299 3375 3342 ut
3402 3305 3491 3341 ra-

1911 3378 2064 3433 deret
2089 3378 2293 3433 saniem
2322 3393 2497 3433 suam.
2524 3379 2824 3445 Advertite,
2842 3395 2875 3434 ο
2901 3378 3195 3443 viri,va|de
3220 3379 3487 3448 ingentem

1913 3471 2071 3525 [idem
2096 3468 2196 3525 Job
2216 3479 2376 3539 atque
2399 3470 2717 3524 charitatem
2738 3484 2896 3539 quam
2924 3468 3111 3523 habuit
3132 3469 3276 3522 circa
3300 3467 3488 3527 Deum.

1914 3562 2254 3617 tolerantiam
2280 3576 2499 3632 quoque
2524 3570 2689 3630 atque
2713 3560 3094 3616 constantiam.
3127 3560 3259 3615 Nam
3294 3560 3363 3616 ob
3388 3560 3491 3614 hoc

1912 3656 2045 3711 rasit
2087 3654 2190 3710 Job
2242 3656 2465 3710 vulnera
2498 3671 2594 3709 sua
2626 3662 2787 3720 testa,
2816 3670 2921 3709 non
2946 3657 3086 3724 quod
3112 3671 3219 3710 non
3257 3654 3307 3709 ei
3338 3654 3493 3710 valde

1911 3742 2231 3809 doluissent,
2264 3742 2357 3799 sed
2386 3745 2456 3800 ob
2482 3745 2586 3800 hoc
2614 3746 2747 3801 rasit
2772 3754 2930 3813 testa,
2956 3757 3013 3798 ut
3042 3746 3199 3801 nobis
3221 3746 3494 3815 patientiae

1911 3846 2075 3906 atque
2101 3838 2399 3893 tolerantia:
2424 3854 2669 3894 normam
2710 3839 2884 3894 daret.
2913 3838 2995 3894 Ob
3023 3840 3126 3893 hoc
3158 3840 3293 3892 rasit
3326 3847 3488 3901 testa,

1915 3938 1973 3982 ut
1998 3939 2313 3997 sanctorum
2353 3939 2652 4000 martyrum
2684 3930 3087 3985 demonstraret
3112 3929 3362 3999 ﬁguram,
3398 3932 3489 3998 qui

1911 4028 2034 4088 post
2068 4020 2349 4074 universas
2376 4019 2563 4090 plagas
2587 4036 2651 4075 ac
2677 4020 2908 4083 dolores,
2939 4027 3063 4089 post
3092 4020 3342 4076 universa
3372 4035 3494 4088 sup-

1911 4108 2071 4178 plicia
2100 4121 2262 4180 atque
2311 4120 2605 4177 tormenta,
2641 4112 2751 4164 rasi
2787 4120 2948 4180 atque
2992 4110 3208 4182 ungulis
3243 4109 3487 4166 confossi

1910 4210 2039 4254 sunt
2067 4216 2164 4270 pro
2187 4211 2480 4272 augmento
2513 4204 2760 4258 dolorum
2784 4201 3054 4256 omnium.
3090 4201 3182 4256 Sic
3215 4210 3269 4254 et
3301 4201 3494 4255 beatus

1911 4290 2012 4347 Job
2033 4301 2155 4361 post
2176 4292 2374 4349 nimios
2391 4293 2605 4347 dolores
2630 4293 2723 4364 qui
2752 4293 2808 4347 in
2840 4306 3070 4361 corpore
3096 4300 3271 4359 erant,
3335 4300 3490 4345 extra

1911 4398 2110 4453 corpus
2160 4393 2299 4440 testa
2346 4386 2483 4439 rasit
2536 4400 2633 4441 sua
2667 4386 2915 4450 vulnera,
2958 4384 3293 4439 utomnibus
3327 4383 3493 4436 Deum

212 4478 396 4547 ipsum
427 4493 525 4546 per
559 4478 745 4533 omnia
781 4478 1109 4546 deprecante
1147 4470 1269 4538 Job,
1296 4474 1440 4541 quod
1467 4474 1633 4528 etiam
1664 4490 1810 4528 mar-
1845 4470 1888 4525 1)
1920 4475 2235 4531 timentibus
2268 4477 2543 4546 patientia:
2582 4486 2743 4545 atque
2782 4476 3085 4531 tolerantiae
3134 4477 3186 4530 in
3232 4485 3495 4547 perpetuo

213 4580 366 4638 tyres
402 4570 672 4636 fecerunt,
726 4578 785 4624 ut
829 4570 1121 4640 gloriosum
1165 4584 1362 4624 nomen
1416 4566 1509 4621 Dei
1556 4566 1807 4637 blasphe-

211 4677 367 4716 mare
398 4675 508 4715 non
540 4669 850 4728 cogeretur.
878 4659 983 4714 Sed
1010 4659 1474 4714 incontaminatus
1507 4658 1808 4725 permansit

211 4767 450 4822 magnus
469 4750 557 4805 ille
575 4750 959 4805 adamantinus
979 4748 1099 4813 Job,
1114 4750 1265 4817 juxta
1290 4748 1534 4803 dolorum
1566 4747 1808 4801 multitu-

209 4845 401 4900 dinem
423 4852 590 4913 atque
606 4843 966 4905 nimietatem,
988 4840 1353 4910 multiplicans
1366 4850 1531 4909 atque
1552 4839 1812 4908 adjiciens

208 4935 522 5006 gratiarum
551 4935 816 4989 actiones.
862 4932 977 4990 Hoc
1012 4932 1268 4988 nimirum
1307 4946 1403 5001 per
1431 4931 1546 4985 haec
1578 4945 1697 4999 qua:
1727 4946 1813 4985 se-

210 5035 462 5096 quuntur
477 5035 717 5095 apparet,
750 5024 884 5079 dicit
919 5039 1190 5094 namque:
1228 5022 1292 5077 Et
1313 5032 1525 5089 accepta
1546 5019 1649 5074 Job
1672 5030 1813 5075 testa

213 5116 441 5170 radebat
486 5117 687 5170 saniem
718 5132 868 5170 suam
897 5117 965 5169 9‘.
997 5114 1113 5169 Non
1165 5112 1380 5183 accepit
1411 5110 1575 5166 molle
1604 5109 1808 5179 aliquid

213 5219 273 5263 ut
301 5209 653 5279 abstergeret
692 5207 948 5267 molliter.
996 5207 1209 5270 leviter,
1247 5203 1470 5268 leniter,
1506 5201 1807 5257 artificiose

214 5302 557 5357 moderando
600 5311 768 5371 atque
813 5300 1144 5356 relevando:
1196 5300 1291 5355 sed
1351 5297 1561 5366 accepit
1613 5303 1807 5349 testam

215 5394 446 5454 duram,
500 5406 771 5461 asperam,
809 5400 869 5444 ut
910 5390 1129 5446 raderet
1175 5403 1297 5444 cum
1354 5386 1544 5442 dolore
1600 5386 1809 5441 saniem

214 5498 402 5548 suam,
438 5493 493 5537 et
522 5498 631 5539 non
666 5492 974 5552 extergeret
1000 5481 1193 5536 blande
1220 5489 1380 5549 atque
1404 5478 1648 5534 modeste
1668 5476 1812 5530 miti-

219 5591 366 5646 gans
415 5584 579 5644 atque
629 5577 878 5632 relevans
922 5573 1298 5631 vehementem
1342 5569 1492 5629 illum
1536 5580 1697 5640 atque
1727 5569 1810 5625 in-

293 5759 337 5791 "
365 5755 468 5811 Job
510 5771 567 5819 ll,
598 5754 649 5810 8.

1917 4567 2158 4622 traderet
2191 4567 2424 4623 formam
2458 4587 2470 4623 :
2512 4579 2573 4623 ut
2619 4584 2809 4624 omnes
2839 4568 3057 4625 dolores
3096 4579 3258 4638 atque
3308 4568 3495 4636 plagas

1915 4658 2030 4713 sive
2063 4659 2114 4713 in
2145 4672 2397 4729 corpore,
2433 4659 2547 4715 sive
2587 4667 2741 4715 extra
2782 4673 3002 4728 corpus,
3025 4658 3143 4713 sive
3185 4656 3493 4710 detrimenti

1916 4757 2075 4818 atque
2097 4750 2376 4819 languoris
2398 4765 2520 4805 cum
2550 4751 2853 4821 gratiarum
2882 4749 3193 4804 actionibus
3222 4747 3495 4802 sustinen-

1923 4850 2005 4897 tes
2030 4843 2303 4912 accipiant
2323 4858 2353 4897 a
2384 4844 2493 4898 Deo
2525 4852 2742 4898 aeternae
2773 4842 2955 4913 gloria:
2980 4840 3496 4903 remunerationem,

1922 4945 2085 5002 atque
2124 4935 2655 4991 immarcescibilium
2686 4949 3012 4990 coronarum
3062 4937 3381 4998 exspectent
3411 4941 3497 4981 re-

1919 5028 2268 5082 tributionem
2322 5044 2352 5080 a
2406 5029 2539 5083 Deo.
2586 5027 2739 5094 Quod
2780 5036 2959 5082 autem
2994 5025 3289 5080 secundum
3326 5023 3497 5091 ipsam

1917 5117 2203 5172 historiam
2227 5119 2378 5173 testis
2406 5118 2631 5173 lacerati
2661 5126 2823 5188 atque
2845 5116 3120 5186 pernecati
3146 5113 3351 5169 fuerint
3375 5126 3498 5166 san-

1916 5209 1990 5264 cti
2038 5218 2326 5279 martyres,
2400 5209 2742 5265 manifestum
2792 5218 2877 5263 est
2929 5218 3090 5277 atque
3138 5203 3498 5260 irrefutabile.

1917 5297 2051 5352 Nam
2077 5307 2201 5367 post
2234 5298 2489 5353 universa
2525 5306 2793 5354 tormenta
2812 5296 3144 5352 recludentes
3181 5308 3276 5348 eos
3300 5292 3353 5347 in
3380 5305 3500 5347 car-

1918 5403 2095 5453 ceres,
2136 5399 2191 5443 et
2228 5396 2396 5443 testas
2448 5386 2680 5457 pollinas
2731 5387 2784 5441 in
2829 5388 2909 5440 eis
2947 5390 3272 5447 sternentes,
3297 5389 3353 5437 et
3403 5396 3499 5451 per

1920 5490 2157 5549 quatuor
2190 5489 2373 5550 partes
2400 5496 2494 5535 eos
2538 5481 2688 5550 impii
2742 5479 2841 5550 ipsi
2887 5476 3242 5533 extendentes
3292 5471 3497 5529 crudeli

1919 5578 2093 5625 morte
2116 5583 2211 5627 eos
2249 5570 2646 5640 pernecabant.
2666 5566 2743 5625 Ita
2775 5576 3182 5626 consummatus
3202 5570 3287 5621 est
3309 5560 3500 5619 beatus
