3942 6512
529 323 625 377 471

1610 322 1990 378 ANONYMUS
2028 321 2096 376 IN
2133 321 2273 375 JllB.
2317 352 2379 360 —-
2421 322 2545 378 LIB.
2587 324 2651 378 11.

3663 321 3764 375 479.

531 452 691 511 atque
730 441 998 513 gloriosus
1048 441 1337 500 Lucianus.
1375 440 1587 495 lucidus
1625 442 1756 505 vita,
1796 440 2007 495 lucidus
2038 450 2091 492 et
2122 440 2166 495 Α
2197 440 2283 493 bat
2328 456 2485 507 super
2522 455 2763 493 acervum
2797 440 3039 493 stercoris
3081 447 3228 492 extra
3273 439 3551 504 civitatem,
3580 441 3761 493 sedem

532 535 655 598 lide,
708 535 912 588 lucidus
964 534 1125 587 etiam
1176 533 1474 588 tolerantia:
1505 533 1987 590 consummatione.
2012 534 2092 589 Oh

528 626 631 679 hoc
654 624 796 678 enim
828 622 1094 678 Lucianus
1116 623 1527 693 cognominatus
1545 633 1651 687 est,
1684 632 1939 693 tanquam
1971 623 2097 676 luci-

528 717 650 778 dus,
684 725 779 769 aut
831 716 1048 786 proprio
1094 715 1295 770 lumine
1321 715 1420 769 sibi
1454 714 1687 784 fulgens,
1721 724 1814 769 aut
1853 716 1972 771 aliis
2016 716 2090 767 lu-

528 821 677 860 cens.
722 804 821 859 llic
871 820 1104 861 namuue
1146 805 1337 860 beatus
1370 806 1651 860 duodecim
1711 806 1897 861 diebus
1932 822 2092 872 supra

527 905 695 951 testas
723 897 954 967 pollinas
982 908 1238 954 extensus
1291 900 1448 954 tertia
1495 900 1703 954 decima
1740 899 1825 954 die
1853 909 1937 954 est
1964 915 2095 951 ron-

524 1000 847 1056 snmmatus,
884 991 1081 1060 aliique
1112 992 1379 1046 innumeri
1413 992 1585 1047 sancti
1610 1002 1882 1064 martyres
1903 993 2092 1045 eodem

525 1076 685 1131 modo
720 1087 942 1133 mortem
975 1088 1313 1134 transeuntes
1339 1082 1697 1136 consummati
1722 1090 1867 1136 sunt.
1893 1080 2094 1137 Horum

526 1182 759 1236 namque
783 1169 1019 1222 omnium
1063 1179 1243 1241 typum
1275 1186 1468 1240 gerens
1502 1170 1625 1236 Job,
1656 1172 1866 1242 accepit
1897 1180 2094 1228 teSIam

526 1271 586 1313 nt
626 1261 841 1315 raderet
873 1262 1080 1316 saniem
1124 1263 1401 1318 vulnerum
1436 1279 1678 1318 suorum.
1713 1264 1874 1329 Ecce,
1903 1266 2094 1335 inquit,

526 1367 559 1405 ο
582 1352 815 1423 maligne
841 1353 1070 1419 diabole,
1102 1354 1364 1409 conculco
1387 1362 1460 1419 te,
1486 1355 1728 1409 deformo
1756 1365 1806 1410 te
1834 1365 1887 1410 et
1916 1357 2096 1411 humi-

526 1443 617 1509 lio,
649 1454 812 1513 atque
855 1459 1067 1499 omnem
1111 1446 1498 1516 malignitatem
1550 1455 1695 1500 tuam
1729 1456 1783 1502 et
1834 1446 2095 1501 malitiam

524 1537 981 1607 contemptibilem
1012 1539 1263 1594 omnibus
1284 1539 1617 1595 demonstro.
1650 1538 1873 1609 Accepit
1904 1548 2096 1593 testam

525 1639 584 1683 nt
599 1629 813 1684 raderet
836 1631 1038 1686 saniem
1053 1630 1334 1686 vulnerum
1357 1645 1598 1686 suorum.
1618 1631 1803 1697 Testa,
1824 1631 2095 1701 inquiens,

525 1729 662 1775 testa
683 1724 922 1775 radendo
937 1721 1289 1792 corruptibile
1317 1732 1480 1792 atque
1508 1722 1726 1778 carnale
1742 1723 1843 1779 hoc
1864 1724 2095 1787 corium,

526 1822 739 1867 terrena
779 1821 939 1881 atque
973 1828 1163 1882 aspera
1189 1823 1346 1869 testa.
1382 1816 1606 1885 Accepit
1636 1826 1824 1871 testam
1859 1826 1917 1870 ut
1945 1817 2095 1871 rade-

526 1913 611 1957 ret
645 1904 849 1957 saniem
879 1904 1162 1960 vulnerum
1215 1922 1457 1963 suorum.
1493 1909 1694 1979 Typns,
1732 1910 1922 1978 inquit,
1976 1924 2096 1965 sum

526 1996 651 2049 sine
687 2005 908 2064 peccato
956 1997 1053 2051 hos
1086 1998 1400 2053 sustinendo
1428 1999 1666 2064 dolores,
1714 2000 1858 2056 illius
1891 2001 1983 2067 qui
2042 2002 2094 2055 in

527 2088 821 2143 novissimo
844 2100 1084 2159 tempore
1118 2090 1451 2146 descendens
1486 2093 1552 2145 de
1583 2093 1739 2149 oculis
1771 2093 1862 2149 Dei
1888 2093 2095 2166 Unige-

530 2181 673 2234 nitus
711 2181 913 2236 terreni
942 2183 1184 2252 corporis
1216 2192 1354 2239 testa
1398 2200 1463 2238 ex
1513 2183 1733 2257 Virgine
1774 2201 1834 2241 se
1868 2188 2095 2243 induens

528 2274 693 2328 totius
722 2273 902 2327 mundi
926 2275 1153 2339 saniem,
1173 2275 1565 2330 immunditiam
1590 2292 1803 2348 quoque
1820 2294 1882 2334 ac
1911 2289 2098 2349 putre-

529 2367 707 2420 dinem
737 2367 889 2432 rasit,
922 2377 1083 2437 atque
1111 2367 1391 2421 mandavit
1413 2368 1591 2422 omnia
1620 2380 1839 2439 peccata
1871 2386 2098 2441 suppor-

529 2458 713 2512 tando.
742 2455 1090 2513 Postmodum
1133 2472 1231 2528 pro
1258 2458 1622 2526 impietatibus
1656 2477 1842 2517 eorum
1876 2462 1927 2517 in
1953 2478 2095 2518 mor-

530 2555 638 2600 tcm
673 2547 937 2603 deductus
980 2556 1086 2608 est,
1121 2548 1273 2616 cuius
1307 2546 1475 2604 livore
1500 2565 1689 2607 omnes
1727 2554 1901 2607 sanati
1934 2562 2097 2624 atque

527 2636 771 2689 mundati
799 2647 946 2701 sunt,
975 2638 1063 2705 qui
1091 2649 1371 2707 peccatum
1409 2654 1512 2693 nan
1539 2639 1688 2707 fecit,
1713 2657 1811 2697 nec
1849 2643 2098 2699 inventus

527 2738 610 2781 est
647 2727 800 2782 dolus
826 2730 876 2783 in
908 2744 1003 2785 ore
1028 2730 1165 2799 eius.
1203 2730 1465 2787 Omnibus
1505 2732 1685 2801 itaque
1731 2734 1903 2789 modis
1942 2750 2096 2789 acce-

526 2817 842 2888 pit,inquit,
873 2830 1065 2875 testam
1103 2832 1157 2876 ut
1190 2822 1405 2877 raderet
1437 2824 1645 2879 saniem
1675 2840 1853 2881 suam.
1893 2824 1959 2879 Et
1986 2827 2096 2895 ipse

525 2912 734 2966 sedebat
782 2929 938 2981 super
971 2930 1207 2969 acervum
1240 2916 1484 2970 stercoris
1532 2927 1680 2971 extra
1714 2918 1972 2972 civitatem
2003 2921 2093 2973 ⁹¹·.

525 2998 642 3055 Νοη
682 3001 822 3071 quod
870 3003 1257 3058 habitationem
1306 3005 1556 3060 deserere
1594 3006 1843 3071 voluerit,
1897 3007 1992 3062 sed
2031 3008 2096 3062 iis

2194 547 2291 599 pro
2327 532 2455 586 sede
2501 531 2813 595 immutans,
2848 540 2903 586 et
2934 531 3231 586 sessionem
3270 545 3368 599 pro
3396 530 3641 584 sessione
3663 530 3763 582 dif-

2194 623 2392 679 ferens.
2418 624 2553 679 Nam
2582 624 2627 679 is
2657 625 2747 693 qui
2788 624 2948 694 paulo
2986 632 3113 678 ante
3141 636 3302 690 supra
3342 620 3524 690 regale
3546 618 3766 675 sedebat

2194 716 2410 782 solium,
2452 732 2597 771 nunc
2648 717 2798 772 sedet
2848 730 3009 784 super
3044 713 3299 770 stercoris
3339 727 3596 767 acervum
3634 727 3649 763 :
3687 711 3768 763 ille

2195 813 2286 881 qui
2343 820 2469 867 ante
2505 811 2778 880 paululum
2833 811 2983 881 regio
3036 810 3344 864 diademate
3389 818 3557 878 atque
3598 808 3765 877 gloria

2194 911 2313 958 erat
2341 902 2582 965 indutus,
2607 917 2747 956 nunc
2766 904 2918 956 sedet
2943 900 2996 955 in
3025 901 3353 955 abundantia
3387 898 3765 968 putredinum:

2197 993 2287 1047 ille
2325 993 2415 1061 qui
2448 1002 2572 1048 ante
2624 992 2899 1063 paululum
2946 993 3014 1046 ab
3046 991 3347 1047 innumeris
3384 991 3631 1045 catervis
3661 990 3770 1044 circ

2196 1085 2577 1152 cumdabatur,
2614 1100 2757 1139 nunc
2808 1100 2835 1139 a
2873 1083 3217 1139 multitudine
3246 1084 3509 1138 vermium
3534 1080 3771 1137 comedi-

2198 1186 2306 1230 tur.
2356 1178 2591 1233 Sedehat
2637 1190 2799 1245 super
2842 1190 3096 1229 acervum
3130 1174 3407 1235 stercoris,
3443 1173 3769 1242 condignam

2197 1280 2362 1339 atque
2414 1286 2705 1339 congruam
2750 1271 2887 1324 hanc
2920 1270 3102 1324 sedem
3134 1269 3259 1323 huic
3298 1268 3551 1337 judicans
3580 1266 3770 1334 plagae,

2198 1361 2477 1416 vermibus
2514 1372 2744 1428 stercus,
2776 1360 3050 1430 putredini
3081 1359 3441 1431 putredinem.
3471 1358 3771 1425 Suscipiat,

2199 1453 2390 1522 inquit,
2446 1453 2675 1522 putredo
2728 1452 3091 1522 putredinem,
3148 1451 3306 1519 hujus
3368 1449 3635 1505 stercoris
3676 1464 3770 1517 pn-

2198 1545 2372 1607 tredo,
2403 1545 2649 1615 corporis
2700 1542 2859 1614 hujus
2908 1553 3072 1614 atque
3100 1543 3362 1597 vermium
3403 1541 3770 1610 putredinem.

2197 1632 2418 1688 Sedebat
2440 1649 2595 1699 super
2634 1649 2875 1687 acervum
2899 1634 3164 1688 stercoris.
3197 1631 3421 1688 Stercus
3446 1645 3616 1699 supra
3637 1638 3773 1683 ster-

2201 1739 2319 1788 cus,
2376 1723 2607 1793 putredo
2645 1739 2805 1793 supra
2841 1724 3202 1793 putredinem.
3248 1720 3380 1775 Nam
3414 1722 3545 1790 quia
3598 1719 3773 1773 omnis

2205 1814 2366 1868 homo
2400 1814 2650 1883 putredo,
2691 1824 2745 1869 et
2775 1813 2918 1868 ﬁlius
2960 1814 3199 1869 hominis
3241 1813 3463 1880 vermis,
3501 1812 3697 1866 merito
3730 1813 3774 1864 is

2199 1907 2288 1975 qui
2320 1906 2373 1961 in
2404 1907 2747 1976 putredinem
2780 1908 3042 1961 vermium
3070 1916 3151 1963 est
3181 1921 3501 1971 conversus,
3535 1909 3690 1963 sedet
3720 1909 3772 1962 in

2198 1998 2480 2067 putredine
2511 1998 2788 2054 stercoris.
2807 1999 2958 2066 Quod
2976 1997 3280 2054 eiiiciuntur
3310 2013 3499 2055 onmes
3527 1999 3775 2053 homines

2198 2096 2317 2158 post
2349 2088 2550 2142 exitum
2574 2090 2770 2143 anima:
2803 2090 3051 2159 putredo,
3070 2098 3120 2143 et
3148 2103 3377 2151 vermes,
3410 2089 3546 2152 hatc,
3572 2088 3771 2157 inquit,

2197 2182 2531 2251 praeveniens
2589 2182 2765 2236 adhuc
2813 2184 2993 2237 anima
3038 2183 3090 2236 in
3142 2195 3367 2250 corpore
3412 2181 3615 2250 posita,
3673 2196 3773 2249 ego

2197 2272 2422 2329 ellectus
2462 2289 2600 2329 sum.
2645 2273 2848 2329 Idcirco
2877 2285 3133 2343 tanquam
3168 2274 3396 2344 putredo
3446 2283 3503 2328 et
3560 2284 3775 2328 stercus

2196 2366 2447 2430 ell'ectus,
2480 2366 2641 2436 digne
2672 2366 2834 2420 sedeo
2863 2381 3022 2437 super
3048 2375 3277 2432 stercus,
3306 2379 3494 2419 omnes
3524 2363 3778 2419 homines

2199 2457 2493 2521 instruens,
2530 2458 2655 2527 quia
2694 2456 2873 2511 omnis
2914 2466 3124 2512 terrena
3152 2471 3339 2512 eorum
3362 2456 3531 2525 gloria
3568 2456 3625 2508 in
3675 2470 3775 2524 pu-

2199 2549 2485 2608 tredinem,
2504 2557 2559 2600 et
2577 2554 2790 2601 stercus
2808 2555 2969 2616 atque
2992 2562 3206 2602 vermes
3228 2556 3598 2601 convertetur.
3624 2547 3773 2601 Sedit

2197 2652 2360 2707 super
2398 2652 2650 2692 acervum
2678 2640 2955 2694 stercoris.
2984 2636 3269 2701 lntendite,
3291 2639 3561 2707 inquiens,
3582 2654 3776 2693 omnes

2199 2727 2290 2782 lilii
2318 2726 2617 2792 hominum,
2646 2729 2712 2781 ad
2741 2736 3000 2797 quantum
3046 2727 3317 2782 miseriam
3353 2737 3565 2781 terrena
3602 2729 3774 2797 gloria

2198 2818 2525 2884 devolvitur,
2564 2818 2629 2872 ad
2667 2828 2921 2887 quantam
2948 2818 3308 2874 humilitatem
3351 2828 3565 2874 terrena
3600 2820 3773 2874 subli-

2198 2908 2360 2963 mitas
2400 2910 2740 2965 immutatur.
2790 2910 2980 2965 Merito
3035 2911 3317 2981 praesentia
3358 2910 3537 2967 nullus
3570 2912 3775 2981 aliquid

2196 3000 2449 3065 aestimet,
2475 3001 2571 3056 sed
2588 3000 2767 3055 futura
2796 3002 3016 3056 timeat:
3044 3002 3219 3057 nullus
3238 3003 3350 3057 haec
3373 3017 3495 3071 qua:
3522 3004 3776 3058 videntur

526 3088 617 3157 qui
659 3089 710 3143 in
753 3090 972 3146 civitate
997 3102 1151 3147 erant
1185 3105 1348 3164 atque
1382 3095 1753 3151 mansionibus
1787 3098 2090 3153 molestiam
2120 3114 2165 3177 ο
2196 3100 2420 3160 quierat,
2467 3092 2559 3146 sed
2589 3108 2651 3147 ea
2684 3107 2803 3162 quae
2836 3107 2939 3146 non
2976 3092 3223 3146 viden-tur
3269 3094 3553 3149 sustineat.
3585 3092 3781 3149 Omnis

526 3185 774 3254 ingerere
833 3202 935 3242 non
988 3197 1068 3243 est
1118 3204 1326 3258 passus.
1383 3188 1602 3244 Sedebat
1659 3207 1815 3260 super
1852 3208 2093 3247 acervum

523 3278 772 3331 stercoris
823 3289 970 3332 extra
1015 3281 1298 3346 civitatem,
1345 3296 1432 3336 me
1456 3282 1654 3348 solum,
1700 3283 1970 3353 inquiens,
1997 3283 2098 3338 cir-

524 3371 779 3423 cumdant
808 3371 946 3424 mala
984 3387 1123 3437 mea,
1148 3373 1278 3427 mihi
1304 3373 1402 3429 soli
1436 3374 1660 3429 molesta
1688 3388 1810 3431 sunt
1832 3392 1948 3431 mea
1981 3378 2097 3430 vnl-

525 3475 679 3513 nera.
732 3459 844 3514 Non
887 3461 1110 3527 elliciar,
1161 3464 1356 3533 inquit,
1405 3464 1567 3519 etiam
1600 3465 1721 3520 aliis
1767 3467 2094 3532 exsecratio,

530 3564 599 3601 ne
626 3550 726 3603 sim
756 3548 840 3603 his
868 3551 959 3619 qui
1010 3553 1149 3606 intra
1181 3555 1459 3607 civitatem
1490 3563 1615 3608 sunt
1640 3556 1988 3621 abominatio,
2030 3572 2097 3612 ne

528 3640 925 3695 exacerbemur
948 3644 1110 3697 etiam
1142 3645 1290 3699 cives
1314 3645 1549 3699 civitatis
1566 3656 1785 3714 propter
1811 3662 1960 3703 meos
1993 3649 2094 3702 do-

528 3733 693 3789 lores.
724 3732 962 3789 Sedebat
986 3744 1136 3788 extra
1172 3736 1449 3791 civitatem
1484 3736 1595 3801 ille,
1622 3738 1712 3807 qui
1746 3748 1871 3793 ante
1904 3739 2095 3809 paulu-

527 3822 638 3878 lum
684 3824 962 3879 civitatum
1010 3834 1172 3894 atque
1222 3826 1555 3880 mansionum
1596 3825 1773 3882 fuerat
1822 3829 2093 3895 dominus,

528 3925 708 3971 rector
740 3925 900 3985 atque
934 3917 1281 3987 gubernator.
1311 3916 1692 3988 Sedebatergo
1719 3928 1872 3973 extra
1904 3920 2095 3974 civita-

529 4018 659 4061 tem.
713 4006 932 4063 Certum
986 4016 1071 4061 est
1119 4007 1261 4076 quod
1295 4007 1523 4078 plurima
1563 4010 1703 4079 apttd
1744 4010 2093 4079 semetipsum

528 4109 770 4155 tractans
796 4115 859 4154 ac
888 4100 1109 4155 dicens:
1138 4099 1249 4154 Cur
1274 4100 1327 4155 in
1356 4101 1575 4156 civitate
1609 4104 1888 4157 maneant?
1918 4118 2015 4157 cur
2042 4104 2093 4158 in

527 4192 776 4247 domibus
802 4193 1054 4247 sedeam?
1104 4192 1235 4247 Cum
1282 4208 1342 4247 re
1391 4209 1453 4248 ac
1482 4193 1627 4259 ﬁliis,
1667 4204 1719 4249 et
1746 4195 1989 4262 civitate,
2044 4205 2099 4249 et

528 4285 773 4339 domibus
798 4285 969 4346 carui,
996 4300 1118 4339 cum
1155 4300 1212 4339 re
1240 4284 1487 4340 familiari
1523 4301 1586 4340 ac
1616 4286 1800 4341 liberis
1822 4286 1968 4355 regni
2004 4301 2096 4340 co-

527 4389 657 4427 rona
681 4374 857 4427 ablata
903 4383 985 4429 est
1028 4374 1182 4436 mihi.
1213 4390 1336 4427 cum
1364 4390 1421 4428 re
1462 4390 1526 4429 ac
1572 4376 1714 4429 natis
1740 4375 1864 4430 dedi
1925 4376 2091 4429 etiam

525 4475 731 4520 vestem
763 4478 925 4534 atque
952 4482 1160 4520 comam
1186 4467 1397 4536 capitis.
1442 4466 1593 4520 Nunc
1628 4482 1754 4521 vero
1774 4482 1894 4521 cum
1928 4482 2093 4535 regno
2127 4445 2173 4499 θ

528 4559 828 4627 relinquam
852 4559 1015 4614 etiam
1034 4559 1307 4614 civitatem
1338 4574 1400 4613 ac
1421 4560 1659 4613 domum.
1677 4559 1913 4613 Sedebat
1941 4570 2094 4613 extra

528 4653 804 4706 civitatem
824 4653 970 4706 solus
992 4654 1261 4707 sustinens
1283 4652 1521 4707 dolorem
1542 4652 1690 4706 illum
1715 4654 2093 4718 saevissimum,

527 4751 736 4797 certum
777 4750 860 4793 est
897 4742 1036 4809 quod
1066 4757 1271 4795 memor
1299 4740 1443 4795 illius
1476 4750 1636 4809 atque
1677 4740 1918 4795 imitatus
1947 4741 2093 4795 ἰΙΙιιιιι

530 4836 620 4903 qui
667 4834 813 4889 solus
857 4835 1098 4889 dolorem
1148 4834 1387 4889 omnium
1423 4843 1574 4887 extra
1625 4834 1898 4889 civitatem
1930 4836 2094 4889 susti-

531 4926 668 4990 nuit,
709 4925 760 4979 id
789 4935 871 4979 est
917 4924 1005 4979 Dei
1035 4923 1377 4994 Unigenitus,
1409 4933 1463 4978 et
1488 4925 1554 4977 de
1586 4924 1728 4978 illius
1766 4924 1941 4979 futura
1966 4942 2091 4996 pas-

529 5020 684 5072 sione
715 5018 950 5087 seipsum
981 5014 1286 5069 consulatus
1312 5023 1420 5079 est,
1456 5014 1676 5069 dicens:
1722 5014 1862 5081 Quid
1914 5016 2091 5085 magni

529 5124 630 5181 ego
650 5109 890 5163 sustineo
912 5122 1032 5161 cum
1070 5106 1171 5161 sim
1195 5106 1354 5161 homo
1374 5119 1472 5174 pro
1508 5104 1813 5172 nicipso,lsi
1848 5103 1940 5158 Dei
1964 5103 2095 5158 Uni-

530 5201 740 5266 genitus
768 5208 1027 5253 venturus
1056 5207 1137 5251 est
1170 5197 1237 5250 ad
1267 5206 1464 5257 terras,
1492 5206 1545 5250 et
1574 5212 1694 5249 cum
1723 5196 1794 5250 sit.
1838 5195 2094 5249 Dominus

531 5309 628 5362 pro
653 5292 904 5347 omnibus
939 5290 1166 5361 plurima
1212 5288 1512 5358 passurus?
1549 5288 1756 5351 Brevis,
1791 5286 1989 5356 inquit,
2013 5296 2095 5340 est

530 5386 644 5439 inec
674 5398 788 5437 mea
813 5384 1015 5453 passio,
1047 5393 1101 5436 et
1136 5379 1447 5451 temporalis
1483 5380 1585 5434 erit
1611 5380 1697 5433 hic
1738 5393 1887 5432 mens
1920 5378 2092 5433 dolor.

530 5479 636 5530 Aut
661 5476 802 5531 enim
827 5491 1104 5531 morseum
1134 5474 1402 5537 excludet,
1433 5482 1525 5526 aut
1548 5482 1697 5527 certe
1726 5469 2092 5525 sanitasillnm

530 5568 781 5634 expellet,
809 5569 922 5622 sive
951 5568 1029 5622 sic
1054 5567 1175 5623 linis
1210 5564 1683 5637 appropinquabit.
1725 5563 1787 5617 Et
1818 5564 1924 5632 ipse
1949 5563 2094 5616 sede-

602 5746 665 5774 “°
696 5742 791 5796 Job
832 5759 890 5805 ιι,
918 5744 967 5796 8.
1024 5818 1027 5821 ι

2197 3185 2340 3239 enim
2366 3184 2534 3255 gloria
2568 3184 2803 3241 hominis
2835 3195 3088 3254 tanquam
3119 3187 3390 3249 fenum,et
3411 3188 3589 3241 omnis
3612 3189 3776 3242 decor

2196 3275 2628 3346 corruptibilium
2679 3284 2935 3346 tanquam
2977 3276 3125 3332 olera
3157 3276 3448 3332 herbarum
3499 3274 3553 3331 et
3579 3293 3777 3333 omnes

2195 3366 2403 3436 species
2458 3374 2795 3421 terrenornm
2846 3377 3098 3436 tanquam
3145 3366 3245 3423 ﬂos
3306 3368 3583 3425 decidens.
3637 3370 3773 3436 Quid

2195 3456 2473 3526 pulchrius
2502 3457 2655 3513 sole?
2683 3467 2738 3511 et
2766 3459 2853 3512 hic
2879 3457 3112 3516 decidet.
3153 3458 3289 3525 Quid
3311 3460 3533 3515 suavius
3553 3460 3773 3515 ﬂoribus

2196 3548 2405 3618 campi?
2436 3558 2491 3602 et
2516 3548 2567 3603 hi
2607 3559 2856 3604 arescent
2892 3548 3160 3604 similiter.
3204 3550 3342 3617 Quid
3365 3550 3659 3622 gloriosius
3685 3563 3774 3605 aut

2197 3640 2509 3695 decorosius
2566 3640 2735 3710 gloria
2784 3651 2949 3712 atque
3001 3641 3170 3698 forma
3215 3643 3483 3698 humana?
3529 3652 3586 3697 et
3649 3644 3770 3711 quid

2198 3730 2615 3786 abominabilins
2669 3740 2833 3801 atque
2896 3733 3302 3798 exsecrabilius,
3352 3748 3475 3789 cum
3510 3734 3770 3799 aruerint,

2196 3827 2435 3872 exeunte
2464 3818 2687 3873 anima?
2710 3818 2776 3872 Et
2799 3820 2929 3890 quid
2967 3821 3223 3876 humilius
3252 3821 3334 3877 bis
3358 3823 3450 3892 qui
3489 3822 3542 3876 in
3571 3833 3771 3877 sterco-

2198 3924 2277 3974 ra,
2308 3918 2366 3963 et
2414 3925 2628 3966 vermes
2671 3922 2837 3982 atque
2887 3914 3227 3981 putredinem
3275 3915 3770 3970 immutanturllie

2198 4016 2305 4066 me,
2337 4002 2531 4070 inquit,
2574 4022 2608 4057 υ
2659 4003 2928 4069 homines,
2967 4013 3127 4073 atque
3152 4005 3219 4060 de
3252 4020 3366 4059 mea
3398 4006 3771 4061 immutatione

2199 4093 2249 4147 in
2280 4095 2363 4149 his
2391 4096 2643 4149 omnibus
2684 4096 3069 4154 informamini.
3100 4097 3324 4164 Qualem
3362 4114 3446 4154 me
3475 4109 3607 4155 ante
3646 4117 3767 4169 pau-

2198 4184 2366 4237 lulum
2409 4184 2641 4249 vidistis,
2697 4194 2751 4237 et
2809 4185 3023 4253 qualem
3078 4202 3164 4241 me
3220 4201 3363 4243 nunc
3416 4188 3769 4257 conspicitis?

2197 4280 2410 4349 qualem
2442 4296 2527 4335 me
2564 4289 2687 4335 ante
2723 4280 2992 4349 paululum
3028 4280 3436 4351 magniﬁcastis.
3475 4292 3533 4336 et
3560 4283 3767 4352 qualem

2197 4387 2284 4426 me
2313 4387 2455 4427 nunc
2480 4372 2832 4441 conspicitis?
2865 4370 2967 4426 Ubi
3012 4382 3137 4428 sunt
3178 4373 3253 4427 illi
3292 4372 3511 4442 plurimi
3551 4376 3644 4443 qui
3691 4390 3768 4428 me

2200 4465 2645 4520 circumdabant?
2673 4467 2778 4519 Pro
2815 4467 3011 4535 quibus
3051 4466 3303 4522 omnibus
3346 4466 3662 4529 multitudo,
3694 4468 3768 4520 in-

2199 4559 2333 4629 quit,
2360 4558 2643 4621 vermium,
2667 4568 2721 4612 et
2747 4557 2972 4627 putredo
2995 4572 3079 4612 me
3124 4558 3489 4613 circumdant.
3524 4558 3651 4613 ﬂare
3675 4560 3767 4612 ita-

2199 4665 2305 4722 que
2332 4660 2493 4716 atque
2522 4648 2605 4703 his
2623 4648 2821 4704 similia
2844 4648 3182 4703 admirabilis
3210 4647 3308 4703 Job
3327 4649 3393 4703 ad
3418 4659 3649 4704 cunctos
3673 4648 3765 4703 sibi

2200 4740 2638 4809 approximantes
2665 4738 2912 4808 loquens,
2949 4738 3231 4793 evidenter
3254 4739 3509 4795 omnibus
3537 4740 3763 4794 futuram

2201 4831 2606 4886 contestabatur
2635 4831 3086 4886 immutationem.
3111 4830 3177 4884 Et
3215 4831 3327 4900 ipse
3351 4832 3580 4886 sedebat
3614 4845 3766 4900 super

2200 4939 2449 4978 acervum
2468 4923 2747 4988 stercoris,
2780 4922 2896 4991 plus
2914 4922 3020 4976 sibi
3043 4923 3109 4975 de
3144 4921 3275 4990 ipsis
3308 4924 3586 4977 vermibus
3616 4935 3766 4993 atque

2201 5012 2502 5078 putredine,
2537 5028 2698 5081 quam
2754 5012 2880 5067 olim
2910 5012 2975 5066 de
3006 5014 3152 5081 regni
3195 5013 3363 5083 gloria
3402 5022 3569 5083 atque
3596 5014 3764 5069 multi-

2206 5106 2389 5160 tudine
2426 5104 2883 5158 circumdantium
2928 5118 2991 5159 se
3046 5105 3363 5172 populorum
3401 5105 3760 5174 complacens.

2202 5198 2333 5252 Nam
2373 5197 2614 5253 omnium
2675 5196 2887 5250 illnrum
2920 5195 3077 5250 linem
3119 5207 3240 5265 post
3286 5196 3401 5250 ha-c
3435 5198 3619 5251 omnia
3654 5210 3763 5266 qum

2201 5288 2429 5359 gloriosa
2460 5298 2609 5352 sunt,
2632 5288 2974 5342 carnismors
2995 5296 3304 5356 exspectat:
3334 5296 3387 5341 et
3404 5297 3530 5355 post
3556 5303 3760 5342 omnem

2201 5378 2537 5448 putredinem
2581 5386 2742 5447 atque
2776 5391 3036 5440 vermem,
3096 5377 3548 5431 resurrectionem
3585 5378 3762 5431 carnis

2198 5478 2514 5537 exspectat:
2564 5467 2755 5522 mortis
2782 5482 2910 5522 vero
2936 5467 3278 5537 putredinem
3311 5477 3477 5535 atque
3506 5470 3759 5523 vermium

2204 5561 2361 5616 tinem
2394 5561 2721 5617 resurrectio
2745 5574 2776 5614 a
2807 5559 3057 5616 mortuis.
3095 5557 3198 5614 Pro
3240 5559 3324 5614 his
3352 5572 3484 5630 ergo
3515 5560 3762 5622 omnibus
