3942 6508
286 316 394 372 4Ἱ5

1382 332 1766 395 ANONYMUS
1802 340 1871 397 IN
1905 342 2047 401 JOB.
2087 376 2158 387 —
2194 343 2325 402 LIB.
2361 346 2427 403 ll.

3452 366 3559 421 374

285 431 512 551 sedebat
548 448 712 506 super
738 451 992 496 acervum
1050 446 1311 503 stercoris
1351 460 1507 507 extra
1561 456 1864 515 civitatem.
1897 467 1945 523 Α
1972 474 2285 521 monstrans
2318 466 2499 522 omnia
2522 482 2645 538 quae
2665 480 2790 526 sunt
2809 471 3071 542 humana,
3091 491 3156 533 ac
3180 482 3554 551 corruptibilis

282 524 365 579 Ad
414 540 576 595 quem
626 530 789 584 etiam
837 549 981 589 nunc
1007 536 1171 607 digne
1204 539 1454 599 dicitur:
1488 545 1603 613 Dic,
1634 564 1669 603 ο
1712 550 1869 606 beate

278 613 418 683 Job;
456 618 567 682 die,
600 634 633 673 ο
666 631 855 677 sancte
884 623 978 678 Dei
1001 628 1310 696 praeliator;
1345 633 1452 700 dic,
1476 650 1510 690 ο
1533 639 1867 697 admirabilis

279 710 365 760 vir
409 708 625 765 Domini
674 719 1141 787 constantissime,
1191 724 1283 793 qtti
1332 728 1664 785 terribilibus
1699 744 1866 802 atque

277 800 516 857 [ortibus
577 804 795 897 maligni
843 810 1015 881 plagis
1066 813 1118 867 in
1161 817 1308 872 nullo
1354 824 1715 889 succubuisti,
1772 800 1863 897 qui

276 901 473 944 amara
528 893 795 963 supplicia
828 908 994 968 atque
1023 899 1196 961 fortes
1228 906 1446 964 dolores
1488 914 1694 983 absque
1718 893 1867 973 mur-

278 983 589 1039 moratione
617 992 974 1058 supportasti,
994 1008 1094 1049 cur
1113 1006 1269 1053 extra
1291 1001 1565 1059 civitatem
1588 1020 1861 1078 egressus,

276 1083 332 1126 et
356 1090 525 1145 super
573 1094 827 1136 acervum
854 1088 1117 1144 stercoris
1145 1102 1312 1161 atque
1343 1110 1629 1152 muranam
1670 1103 1864 1160 sedens

273 1169 652 1236 spectaculum
679 1176 1023 1248 temetipsum
1052 1184 1268 1239 cunctis
1300 1192 1708 1251 transeuntibus
1734 1210 1866 1265 pra:-

271 1259 487 1317 buisti?
510 1262 712 1321 Omnes
747 1268 893 1325 enim
921 1272 1011 1341 qui
1035 1274 1438 1349 ingrediuntur,
1462 1284 1545 1339 vel
1570 1259 1861 1357 egrediun-

274 1360 389 1419 tur,
410 1370 602 1412 omnes
637 1360 728 1428 qui
758 1370 1039 1419 transeunt
1074 1368 1212 1434 vias,
1253 1380 1307 1426 et
1348 1373 1658 1445 diriguntur
1692 1380 1744 1434 in
1768 1382 1861 1437 iti-

273 1444 501 1501 ueribus
551 1450 688 1511 suis,
720 1465 911 1508 omnes
944 1454 1037 1524 qui
1095 1456 1147 1512 in
1191 1470 1244 1514 te
1272 1444 1711 1534 contemplantur
1740 1470 1862 1526 istic

272 1547 442 1602 super
469 1552 723 1593 acervum
777 1547 1036 1599 stercoris
1063 1557 1228 1618 atque
1268 1568 1547 1610 muranam
1583 1560 1857 1618 sedentem

269 1627 596 1686 absentibus
625 1645 908 1703 enarrant,
967 1648 1132 1709 atque
1174 1642 1240 1697 iis
1284 1645 1374 1714 qui
1418 1645 1577 1717 longe
1608 1660 1733 1707 sunt
1762 1670 1859 1709 an-

270 1722 553 1786 nnntiant,
591 1724 662 1778 ita
689 1734 747 1781 ut
776 1737 1025 1798 penetret
1064 1732 1153 1789 hic
1183 1750 1370 1791 rumor
1409 1747 1533 1794 tuus
1558 1742 1615 1797 in
1648 1742 1859 1815 longin-

1968 564 2134 623 atque
2167 563 2411 624 terrena,
2452 558 2597 615 sicut
2616 568 2671 616 et
2698 564 2954 630 superius
2984 567 3415 626 demonstratum
3449 587 3555 629 est.

1968 644 2100 701 Post
2136 662 2257 715 quae
2302 650 2556 706 universa
2604 652 2783 708 dicit:
2838 654 3080 722 Plurt'nto
3112 669 3289 714 autem
3330 672 3559 732 tempore

1965 738 2276 806 interposito
2297 741 2433 796 dixit
2460 748 2531 796 ad
2551 759 2669 798 eum
2694 762 2830 801 uxor
2850 748 2964 818 ejus
2988 750 3054 807 “.
3082 748 3308 809 Diversa
3336 756 3557 825 plurimi

1967 829 2035 884 de
2071 831 2174 886 hoc
2204 841 2450 901 tempore
2493 837 2637 905 quod
2669 837 2791 892 istic
2837 853 3200 899 memoratum
3238 858 3344 912 est,
3380 862 3436 904 et
3468 850 3555 903 in-

1968 919 2323 987 tellexerunt,
2382 932 2438 979 et
2498 924 2659 981 locuti
2688 937 2839 994 sunt,
2886 931 2976 987 alii
3010 935 3227 1003 quidem
3259 938 3423 994 breve
3451 940 3555 996 hoc

1967 1020 2179 1083 tempus
2217 1012 2388 1070 fuisse
2437 1018 2826 1089 percipientes,
2858 1023 2947 1079 alii
3005 1027 3354 1085 nihilominus
3383 1033 3552 1102 pluri-

1964 1119 2113 1157 mum
2171 1116 2505 1177 astruentes,
2553 1112 2708 1180 quasi
2743 1114 2915 1170 tribus
2961 1121 3196 1175 anniset
3224 1123 3447 1179 dimidio
3498 1127 3551 1180 in

1965 1204 2148 1265 typum
2185 1195 2487 1255 Dominicae
2512 1204 2938 1273 praedicationis,
2965 1210 3128 1264 etiam
3160 1223 3207 1267 et
3238 1215 3397 1285 hujus
3428 1232 3553 1285 pas-

1963 1287 2132 1343 sionis
2180 1299 2399 1359 tempus
2450 1294 2595 1349 sicut
2639 1307 2694 1351 et
2745 1300 2798 1353 in
2832 1302 3047 1357 caeteris
3080 1307 3429 1363 ostenderent
3470 1312 3555 1365 di-

1963 1389 2167 1435 centes.
2218 1380 2457 1453 Ideoque
2493 1386 2584 1455 qni
2630 1387 2906 1445 voluerint
2940 1405 3007 1446 ex
3046 1394 3406 1461 auditoribus.
3476 1398 3551 1453 ita

1962 1473 2282 1540 percipiant.
2307 1472 2417 1530 Nos
2444 1490 2574 1533 vero
2595 1478 2892 1549 Scriptura:
2918 1486 3321 1542 consentientes
3356 1488 3555 1545 intelli-

1960 1577 2175 1630 gamus,
2207 1573 2263 1618 et
2298 1564 2446 1622 sicut
2482 1567 2859 1641 intelligimus,
2890 1572 2962 1627 ita
2994 1583 3051 1630 et
3071 1591 3401 1644 asseramus,
3450 1581 3554 1636 hoc

1960 1653 2195 1721 primum
2233 1654 2480 1712 dicentes
2508 1668 2564 1713 et
2596 1672 2924 1729 quaerentes,
2951 1677 3051 1717 cur
3071 1664 3386 1721 benedictus
3408 1666 3553 1722 Deus

1961 1744 2163 1799 diutius
2185 1756 2329 1801 esset
2365 1759 2761 1817 peruecaturus
2788 1750 2996 1819 justum
3037 1752 3213 1822 illum,
3250 1771 3373 1812 cum
3397 1757 3549 1813 sum-

269 1822 442 1911 quum
484 1810 552 1867 de
590 1814 811 1883 regione
844 1818 896 1871 in
952 1821 1249 1891 regionem.
1288 1825 1424 1883 Nam
1479 1831 1571 1902 qui
1613 1843 1665 1888 te
1714 1810 1862 1891 vide-
1895 1822 1938 1877 Β
1966 1846 2110 1891 ceret
2164 1810 2549 1895 brevissimum
2602 1810 2822 1912 tempus
2854 1845 2923 1898 ad
2972 1810 3344 1917 superandum

267 1900 407 1989 rint,
441 1916 548 1989 non
591 1906 903 1965 videntibus
937 1917 1278 1972 enarrabunt
1321 1935 1337 1974 :
1378 1921 1468 1989 qui
1498 1900 1628 1980 vero
1665 1929 1860 1983 audie-

266 1984 406 2050 rint,
454 1987 519 2044 iis
564 1991 655 2059 qui
685 1992 842 2064 longe
892 2005 1021 2051 sunt
1053 2000 1213 2068 positi
1253 1984 1410 2058 istam
1438 2008 1856 2079 recognitionem

267 2089 423 2133 tuam
458 2079 823 2139 insinuabunt.
880 2086 985 2142 Sed
1015 2093 1299 2161 respondit
1350 2096 1616 2156 mirabilis
1644 2100 1747 2157 Job
1778 2106 1860 2159 di-

266 2183 405 2223 cens
436 2188 451 2223 :
488 2170 619 2239 Ego,
672 2190 707 2230 o
756 2176 861 2240 vir,
902 2192 1022 2234 cum
1060 2182 1163 2236 sim
1208 2185 1355 2253 prior
1389 2197 1553 2259 atque
1582 2194 1859 2264 antiquior

265 2255 381 2311 illis
430 2259 522 2326 qui
577 2259 631 2314 in
676 2264 974 2321 novissimo
1009 2277 1250 2336 tempore
1281 2255 1745 2351 erunt'apostoli,
1774 2286 1858 2341 vel

263 2350 643 2419 evangelista,
676 2369 797 2425 quae
834 2357 907 2411 illi
946 2360 1125 2416 verbis
1158 2363 1435 2434 dixerunt,
1469 2373 1612 2440 quod
1641 2350 1857 2444 specta-

262 2440 455 2495 culum
482 2443 611 2498 l'acti
650 2456 778 2501 sunt
800 2458 855 2503 et
880 2451 1088 2519 angelis
1110 2462 1167 2508 et
1202 2454 1531 2527 hominibus,
1565 2440 1686 2521 haec
1703 2468 1859 2523 uimi-

264 2546 395 2586 rum
439 2548 544 2604 ego
579 2535 711 2606 ipsis
734 2540 994 2608 operibus
1019 2545 1328 2615 anticipans
1359 2559 1611 2622 tanquam
1643 2558 1695 2612 in
1732 2570 1857 2631 typo

262 2625 567 2694 adimpleo,
609 2633 982 2700 spectaculum
1035 2639 1248 2694 cunctis
1287 2641 1532 2711 effectus,
1565 2658 1621 2702 et
1649 2625 1858 2721 angelis

262 2729 321 2774 et
377 2720 733 2780 hominibus:
773 2735 830 2781 ut
878 2739 1123 2796 penetret
1170 2733 1287 2790 hzec
1336 2736 1527 2795 relatio
1580 2757 1698 2798 mea
1732 2720 1853 2802 non

262 2813 447 2867 solum
479 2829 507 2867 a
543 2819 821 2885 provincia
857 2819 907 2872 in
933 2822 1294 2891 provinciam,
1328 2828 1420 2882 sed
1449 2832 1625 2888 adhuc
1649 2834 1856 2907 longius

260 2921 370 2977 per
405 2923 597 2964 omnes
629 2920 817 2980 gentes
842 2923 895 2967 et
932 2929 1030 2983 per
1056 2931 1246 2973 onmes
1296 2919 1432 2978 fines
1472 2933 1652 2992 terra,
1688 2944 1856 3000 usque

260 3002 335 3055 ad
362 3005 887 3061 consummationem
918 3010 1123 3064 saeculi.
1156 3010 1291 3067 Vere
1316 3016 1462 3070 enim
1489 3033 1633 3086 vere,
1660 3036 1693 3075 ο
1719 3025 1856 3078 ami-

260 3095 343 3159 ci,
376 3095 748 3163 spectaculum
780 3097 957 3156 l‘actus
1007 3112 1093 3157 est
1133 3102 1322 3161 beatus
1346 3106 1448 3163 Job
1476 3119 1530 3165 et
1557 3115 1763 3184 angelis
1800 3125 1854 3170 et

261 3188 603 3247 hominibus.
643 3188 778 3244 Nam
830 3207 1022 3249 omnes
1054 3196 1302 3277 homines
1347 3178 1656 3270 stupentes,
1692 3216 1856 3276 atque
1882 3178 1928 3241 ε

259 3281 607 3336 admirantes
640 3282 838 3351 duplici
876 3284 929 3339 in
960 3299 1079 3340 eum
1105 3290 1265 3345 modo
1291 3290 1666 3361 intendebant,
1691 3307 1855 3370 atque

258 3371 544 3441 geminam
596 3374 662 3428 de
700 3374 791 3429 illo
844 3376 1155 3445 opinionem
1189 3379 1453 3437 habentes
1491 3385 1730 3455 undique
1785 3391 1852 3444 ad

258 3478 391 3518 eum
441 3465 847 3533 respiciebant;
885 3471 1103 3538 quidam
1133 3471 1200 3528 de
1236 3476 1472 3543 peccatis
1510 3477 1658 3533 illum
1689 3496 1853 3537 arcu.

258 3557 465 3611 sabant
486 3558 628 3613 sicut
656 3560 903 3630 Eliphaz,
944 3562 1262 3635 similesque
1301 3556 1422 3635 illi;
1457 3570 1547 3627 alii
1583 3573 1854 3631 nihilomi-

258 3662 368 3702 nus
398 3664 508 3701 nott
534 3664 632 3719 pro
660 3654 900 3721 peccatis
929 3654 1079 3711 illum
1108 3660 1603 3729 reprehendebant,
1640 3666 1735 3720 sed
1760 3683 1854 3737 po-

260 3740 373 3795 tius
400 3740 611 3810 justum
644 3742 790 3798 illum
812 3756 1147 3816 reputantes,
1171 3749 1581 3810 mirabanturin
1600 3758 1855 3815 omnibus

258 3846 383 3902 quae
406 3850 438 3887 a
478 3832 711 3892 Domino
727 3837 775 3892 ei
806 3836 955 3894 illata
979 3840 1215 3900 fuerant.
1237 3843 1502 3901 Similiter
1530 3858 1583 3903 et
1609 3851 1852 3906 omnium

258 3925 586 3997 angelorum
613 3934 669 3983 et
701 3930 987 4000 spirituum
1039 3935 1268 4006 geminae
1301 3948 1483 4009 partes
1514 3940 1568 3995 in
1611 3955 1733 3997 eum
1768 3944 1851 3998 in-

261 4021 583 4078 tendebant.
635 4022 819 4079 Sancti
873 4026 1092 4095 quidem
1149 4027 1325 4099 angeli
1377 4028 1472 4084 Dei
1506 4046 1628 4095 cum
1659 4048 1851 4104 magna

257 4114 633 4170 sollicitudine
684 4116 737 4170 in
782 4132 907 4172 eum
945 4119 1338 4190 respiciebant,
1378 4122 1679 4179 tolerantia:
1739 4125 1854 4195 ejus

257 4209 789 4264 consummationem
837 4222 1245 4281 exspectantes,
1276 4222 1336 4270 ut
1362 4216 1428 4271 de
1458 4215 1687 4273 victoria
1739 4217 1856 4289 ejus

258 4300 458 4356 devote
526 4301 800 4357 ctelestem
847 4301 1047 4374 Regem
1114 4306 1507 4373 collaudarent,
1566 4309 1853 4364 victoriam

252 4390 391 4460 justi
427 4392 553 4460 Job,
605 4404 771 4466 atque
825 4398 1039 4454 ruinam
1082 4398 1267 4467 iniussi
1312 4400 1511 4457 diaboli
1538 4413 1850 4458 cernentes.

256 4482 391 4540 Post
419 4486 520 4542 hos
557 4502 747 4543 omnes
776 4488 1030 4544 nimirum
1082 4491 1399 4561 nequissimi
1434 4493 1655 4563 spiritus
1683 4495 1856 4566 respi-

255 4578 483 4633 ciebant
531 4580 583 4634 in
617 4594 740 4636 eum
778 4580 902 4636 lixis
949 4582 1230 4638 obtutibus
1255 4598 1380 4639 eum
1422 4584 1852 4655 considerantes,

1966 1928 2285 1996 gnissimttm
2332 1930 2648 1989 diabolum?
2691 1933 2808 1990 Non
2850 1936 2994 1991 enim
3047 1940 3151 1994 hoc
3176 1939 3554 1996 delectabatur

1966 2017 2129 2088 Deus,
2155 2032 2212 2075 ut
2237 2021 2340 2078 Job
2373 2029 2859 2095 torqueretur;sed
2887 2029 2991 2084 hoc
3011 2030 3191 2101 potius
3217 2040 3277 2086 ut
3301 2033 3552 2093 diabolus

1966 2114 2394 2183 convinceretur,
2424 2127 2478 2171 et
2514 2118 2705 2175 beatus
2730 2118 2832 2175 Job
2854 2121 3035 2189 justus
3065 2125 3543 2192 comprobaretur.

1964 2201 2108 2257 Nihil
2153 2218 2283 2276 ergo
2323 2206 2469 2262 aliud
2509 2212 2843 2280 exspectavit
2877 2212 3039 2278 Deus,
3086 2216 3187 2271 nisi
3222 2216 3327 2272 hoc
3371 2217 3547 2273 solum

1964 2294 2182 2364 quando
2208 2295 2460 2353 diabolus
2497 2300 2805 2356 universam
2831 2302 3172 2374 iniquitatem
3199 2322 3354 2362 suam
3388 2310 3551 2378 perli-

1964 2396 2132 2451 ceret,
2171 2396 2226 2443 et
2264 2389 2480 2458 quando
2511 2388 2614 2446 Job
2654 2394 2963 2449 universam
2996 2395 3342 2452 tolerantiam
3392 2414 3552 2454 suam

1963 2477 2308 2549 adimpleret,
2341 2490 2400 2535 ut
2439 2482 2889 2541 inescusabiliter
2915 2487 3335 2543 convinceretur
3356 2490 3546 2545 diabo-

1962 2566 2066 2630 lus,
2090 2580 2145 2623 et
2162 2571 2344 2637 justus
2375 2586 2505 2626 vere
2538 2582 2830 2642 appareret
2851 2572 2976 2630 Job.
3012 2575 3124 2632 Hoc
3152 2577 3408 2632 nimirum
3439 2594 3546 2634 non

1962 2659 2221 2716 diuturno
2250 2676 2516 2718 annorum
2563 2664 2766 2733 spatio,
2796 2666 2890 2719 sed
2932 2665 3255 2723 brevissimo
3281 2669 3545 2723 mensium

1964 2762 2207 2824 tempore
2264 2755 2686 2813 irrel‘ulabiliter
2742 2770 3181 2816 consummatum
3228 2771 3331 2817 est.
3380 2760 3549 2830 Hujus

1963 2862 2201 2918 namque
2238 2848 2314 2903 rei
2348 2850 2505 2905 testis
2536 2852 2929 2920 comprobatur
2962 2854 3127 2907 etiam
3166 2854 3280 2924 ipse
3310 2852 3433 2921 Job,
3466 2856 3545 2910 di-

1963 2953 2139 2994 cens:
2197 2938 2447 2994 Sustinui
2490 2956 2691 2996 menses
2740 2959 3091 3007 supervacuos
3120 2944 3190 3007 ’⁸,
3236 2958 3341 2998 non
3373 2958 3551 3000 annos

1962 3029 2055 3083 sed
2076 3043 2311 3085 menses.
2340 3028 2476 3084 Nam
2511 3031 2653 3086 sicut
2683 3032 2751 3087 de
2774 3033 3054 3087 mensibus
3090 3047 3197 3087 non
3228 3034 3377 3089 siluit
3421 3034 3543 3101 Job,

1961 3119 2039 3174 sic
2082 3118 2251 3175 multo
2281 3120 2514 3190 amplius
2554 3122 2622 3177 de
2654 3122 2812 3177 annis
2845 3137 2951 3177 non
2981 3121 3224 3179 siluisset
3273 3124 3318 3178 si
3374 3138 3549 3179 annos

1957 3209 2324 3266 sustinuisset.
2351 3211 2505 3267 Nunc
2525 3226 2654 3268 vero
2675 3214 2801 3283 quia
2831 3228 2936 3268 non
2956 3229 3128 3270 annos
3153 3216 3431 3282 sustinuit,
3449 3217 3547 3271 sed

1956 3315 2191 3366 menses,
2214 3302 2407 3358 merito
2422 3317 2555 3358 sane
2581 3318 2758 3359 annos
2777 3319 2881 3359 non
2906 3314 3195 3369 memorat,
3213 3321 3431 3361 menses
3446 3322 3546 3361 au-

1956 3399 2064 3445 tem
2080 3392 2524 3449 nominatdicens
2547 3410 2562 3448 :
2587 3393 2831 3449 Sustinui
2852 3411 3051 3451 menses
3068 3398 3548 3465 supervacuos.De-

1954 3488 2185 3557 buerant
2215 3503 2345 3559 ergo
2383 3489 2438 3544 bl
2484 3490 2576 3560 qui
2619 3498 2733 3545 tres
2767 3505 2939 3547 annos
2972 3500 3029 3546 et
3069 3491 3355 3546 dimidium
3380 3493 3548 3548 fuisse

1954 3581 2226 3651 passionis
2254 3579 2357 3637 Job
2387 3590 2658 3649 astruunt,
2690 3591 2801 3637 tres
2829 3597 3047 3639 menses
3069 3591 3125 3638 et
3145 3582 3430 3637 dimidium
3461 3585 3545 3639 di-

1955 3688 2097 3738 cere,
2120 3683 2181 3728 ut
2210 3683 2361 3729 certe
2389 3674 2471 3729 vel
2491 3689 2557 3729 ex
2591 3686 2747 3745 parte
2770 3674 2988 3730 veritati
3019 3690 3126 3730 non
3145 3674 3549 3741 resisterent,et

1955 3760 2297 3817 Dominicum
2332 3762 2641 3833 exemplum
2692 3763 2824 3819 illud
2869 3764 3303 3820 consimilarent.
3349 3763 3548 3821 Tribus

1957 3870 2192 3926 namque
2244 3856 2406 3911 annis
2450 3864 2507 3911 et
2562 3857 2784 3912 dimidio
2833 3855 3150 3928 praedicavit
3195 3855 3458 3911 Dominus
3514 3873 3545 3910 a

1955 3945 2227 4016 baptismo
2254 3961 2426 4015 usque
2456 3945 2508 4000 in
2544 3945 2877 4015 passionem.
2920 3944 3013 4000 Sic
3056 3956 3113 3999 et
3157 3944 3273 4014 ipsa
3318 3945 3547 4000 historia

1955 4049 2064 4089 non
2102 4044 2213 4090 tres
2241 4049 2413 4090 annos
2444 4034 2737 4105 signiﬁcat,
2768 4035 2863 4090 sed
2903 4035 3069 4090 breve
3106 4035 3370 4088 mensium
3412 4045 3550 4089 tetu-

1955 4141 2078 4197 pus.
2126 4125 2369 4181 Primum
2404 4126 2624 4195 quidem
2674 4142 2771 4196 per
2822 4125 2923 4181 hoc
2962 4125 3104 4195 quod
3151 4126 3377 4195 contigit
3424 4141 3546 4181 cum

1956 4234 2084 4274 suas
2112 4218 2297 4289 plagas
2330 4218 2382 4274 ei
2420 4217 2608 4274 intulit
2637 4219 2927 4290 malignus.
2961 4217 3095 4272 Nam
3130 4232 3346 4289 semper
3372 4218 3548 4273 adhuc

1957 4310 2135 4380 primo
2160 4309 2417 4379 loquente
2449 4309 2592 4366 alius
2622 4311 3042 4381 superveniebat
3074 4311 3317 4365 nuntius.
3346 4310 3548 4365 Deinde

1958 4400 2140 4455 statim
2180 4401 2299 4457 sine
2336 4418 2488 4458 mora
2526 4405 2826 4459 saevissima
2861 4419 2926 4459 ac
2955 4403 3182 4459 terribili
3224 4403 3375 4458 illum
3422 4418 3547 4474 per-

1957 4492 2127 4546 cussit
2152 4491 2331 4562 plaga.
2366 4493 2498 4549 Item
2532 4488 2655 4548 mos
2691 4510 2786 4564 per
2809 4509 3035 4551 uxorem
3066 4494 3306 4557 seduxit,
3352 4493 3550 4549 deinde

1958 4594 2359 4654 consequenter
2402 4587 2457 4640 in
2504 4586 2756 4641 ordinem
2798 4600 2895 4654 per
2941 4587 3146 4642 amicos
3178 4586 3549 4655 reprehendit,

256 4677 495 4733 sollicite
569 4686 874 4746 sperantes,
949 4689 1117 4748 atque
1179 4688 1584 4748 exspectantes.
1639 4683 1857 4751 quando
1955 4690 2077 4745 qua:
2108 4676 2359 4731 universa
2385 4677 2438 4731 in
2472 4678 2662 4747 paucis
2697 4679 2975 4733 mensibus
3007 4678 3256 4748 perfecit.
3290 4677 3549 4732 Protinus
3630 4674 3633 4678 ’

253 4769 618 4839 blasphemia:
647 4770 872 4826 verbum
901 4775 970 4825 ab
1006 4756 1073 4827 eo
1106 4773 1389 4837 audirent,
1435 4775 1656 4841 quando
1686 4775 1855 4829 male-
1952 4765 2349 4835 subsequenler
2382 4769 2645 4824 Dominus
2677 4768 2745 4821 ad
2774 4784 2896 4822 eum
2951 4769 3167 4823 locutus
3214 4777 3298 4822 est
3338 4769 3546 4837 justum

255 4864 556 4920 dictionem
588 4863 858 4919 sermonis
873 4864 946 4918 ab
976 4879 1040 4919 eo
1066 4866 1430 4934 susciperent.
1466 4862 1571 4919 Sed
1609 4867 1854 4922 infelices
1953 4857 2101 4913 illum
2142 4861 2395 4916 omnibus
2456 4863 2856 4924 demonstrans,
2897 4871 3059 4932 atque
3096 4875 3341 4918 sanctum
3394 4861 3543 4914 illum

254 4973 285 5013 a
315 4976 415 5030 spe
440 4975 535 5015 sua
566 4960 905 5026 deciderunt,
952 4975 1074 5016 cum
1107 4960 1209 5017 Job
1248 4961 1678 5017 benedictionem
1727 4976 1850 5017 cum

1960 4953 2167 5009 cunctis
2232 4954 2577 5020 testiﬁcaris,
2625 4962 2682 5010 et
2722 4954 2827 5008 illis
2884 4954 2975 5023 qui
3038 4963 3164 5007 tunc
3206 4955 3441 5015 l‘nerunt,
3493 4959 3547 5002 et

257 5068 561 5136 gratiarum
608 5065 921 5122 actionibus
967 5067 1115 5123 omni
1165 5077 1409 5140 tempore
1447 5068 1559 5125 Deo
1602 5068 1849 5127 referret.

258 5172 353 5227 Sic
386 5173 573 5246 itaqge
605 5173 737 5243 ipsis
784 5173 950 5230 rebus
995 5175 1310 5245 aditnplevit
1343 5177 1539 5232 beatus
1565 5175 1666 5233 Job
1707 5178 1847 5233 idem

257 5280 405 5348 quod
434 5289 559 5349 post
598 5279 701 5335 hoc
744 5294 773 5334 a
811 5282 1016 5336 sanctis
1054 5282 1260 5336 dictum
1304 5292 1433 5338 est:
1479 5282 1847 5354 Spectaculum

258 5383 398 5451 [acti
432 5399 614 5439 sumus
632 5385 850 5450 munda,
877 5395 927 5440 et
949 5386 1151 5456 angelis
1175 5397 1220 5440 et
1235 5387 1532 5441 hominibus
1552 5388 1620 5442 ".
1641 5386 1721 5443 0b
1742 5389 1844 5446 hoc

258 5499 315 5544 et
338 5505 504 5560 super
526 5504 780 5545 acervum
815 5492 1075 5547 stercoris
1106 5502 1259 5546 extra
1284 5493 1555 5548 civitatem
1588 5495 1726 5550 sedit
1754 5496 1842 5552 hic

256 5597 463 5666 justus,
504 5607 720 5654 stercus
745 5613 808 5655 ac
837 5598 1178 5668 putredinem
1208 5599 1530 5657 existimans
1552 5612 1713 5673 atque
1741 5601 1843 5661 de-

334 5780 384 5826 ἰ
422 5779 438 5835 l
469 5778 597 5836 Cor.
636 5796 711 5848 tv,
745 5780 798 5836 9.
874 5781 920 5815 ”
947 5779 1047 5838 Job
1084 5796 1140 5851 ll,
1169 5781 1222 5838 9.
1301 5780 1341 5813 ’³
1368 5779 1466 5839 Job
1499 5797 1595 5846 νυ,
1625 5780 1677 5836 3.

1958 5044 2081 5100 istis
2122 5045 2216 5115 qui
2289 5056 2452 5101 erunt
2520 5059 2694 5116 usque
2755 5045 2809 5099 in
2852 5054 3194 5114 perpetuum.
3230 5041 3355 5096 Haec
3387 5055 3544 5094 nam-

1962 5153 2069 5208 que
2113 5138 2256 5192 intra
2308 5152 2512 5207 paucos
2558 5152 2775 5192 menses
2824 5136 3011 5206 perlici
3058 5140 3371 5204 potuerunt.
3425 5128 3542 5185 Non

1957 5230 2100 5285 enim
2134 5238 2254 5284 erat
2287 5227 2495 5300 justum
2521 5268 2537 5295 ,
2571 5244 2750 5299 neque
2784 5227 3029 5297 amplexa
3061 5236 3144 5280 est
3174 5225 3263 5279 Dei
3307 5222 3542 5285 bonitas,

1955 5335 2014 5377 ut
2061 5322 2311 5393 plurimis
2368 5321 2529 5376 anuis
2572 5320 2973 5375 lamentabilem
3022 5319 3168 5373 illam
3219 5316 3533 5386 passionem

1945 5412 2123 5485 justus
2162 5412 2560 5470 sull‘erretlob.
2594 5412 2862 5469 Omnibus
2900 5413 3080 5480 itaque
3113 5408 3286 5463 modis
3323 5406 3545 5460 demon-

1950 5508 2112 5563 strari
2151 5516 2349 5576 potest,
2391 5505 2515 5575 quia
2562 5520 2669 5560 non
2716 5502 2963 5574 plurimis
2994 5500 3154 5555 annis
3176 5538 3192 5563 ,
3225 5496 3318 5552 sed
3349 5494 3538 5563 paucis

1949 5601 2248 5671 mensibus,
2298 5601 2416 5659 haec.
2470 5601 2727 5660 universa
2777 5597 2994 5669 impleta
3049 5601 3197 5652 sunt.
3249 5590 3537 5663 Quomodo
