3942 6514
521 331 592 387 75
1582 334 1965 391 ANO‘SYJIUS
2003 335 2067 390 ΙΝ
2107 334 2247 391 JOB.
2288 369 2355 379 -—
2395 337 2524 394 LIB.
2566 338 2631 391 ll.
3424 288 3441 305 ο
3620 346 3703 400 liti

487 448 633 502 enim
665 446 895 503 sufferre
920 458 1171 519 poterant
1196 464 1391 505 carnes
1416 450 1539 515 Job,
1574 453 1657 507 vel
1688 455 1929 507 membra
1954 493 1969 517 ,
2011 463 2070 505 01
2100 457 2142 514 Α
2177 454 2355 509 minus
2403 452 2598 509 efﬁciet
2644 453 2918 508 suasionis
2962 451 3232 508 seductto.
3271 452 3603 524 Confogiam,
3639 462 3707 513 in-

487 542 663 596 tribus
696 544 852 597 anuis
876 554 930 598 et
953 534 1179 597 diiuidio
1202 557 1229 596 a
1258 546 1537 600 vermibus
1567 560 1629 599 ac
1663 546 1947 614 putredine
1978 560 2070 599 es-

486 644 611 688 sent
655 636 942 688 comesta?
987 635 1269 701 Quomodo
1308 647 1559 706 poterant
1608 637 1839 691 sutl'erre
1874 652 2070 694 carnes

489 726 609 793 ejus
635 742 698 781 ac
723 742 867 791 ossa,
903 739 959 781 ut
993 727 1168 783 tribus
1197 730 1356 785 annis
1387 739 1442 784 et
1470 730 1699 785 dimidio
1728 732 2071 786 amarissimo

486 817 674 872 dolore
720 817 914 872 fuisset
961 820 1199 873 vexata?
1242 820 1297 874 111
1339 836 1446 891 qua
1493 822 1840 875 amarissima
1883 836 2067 890 paena,

483 908 663 963 omnis
705 909 856 963 furor
893 919 949 963 et
994 911 1300 981 indignatio
1344 911 1563 983 maligni
1610 912 1808 968 diaboli
1856 924 1940 969 est
1973 915 2068 970 de-

483 1011 808 1056 monstrata.
857 1001 989 1056 Post
1031 1004 1221 1057 horum
1265 1017 1496 1074 namque
1527 1005 1768 1059 omnium
1798 1004 2067 1075 approba-

483 1097 692 1150 tionem
719 1096 888 1152 dicit:
924 1097 1166 1151 Plurima
1196 1108 1369 1151 autem
1407 1107 1636 1166 tempore
1671 1098 1979 1167 interposito
1995 1099 2064 1152 ’³.

482 1187 550 1243 Et
573 1204 715 1243 unus
744 1190 949 1243 mensis
981 1199 1195 1258 tempus
1219 1198 1319 1254 est,
1363 1198 1418 1243 et
1448 1189 1555 1243 duo
1582 1188 1665 1244 vel
1706 1202 1820 1243 tres
1853 1205 2068 1245 menses

482 1280 777 1353 plurimum
825 1292 1040 1348 tempus
1083 1291 1207 1335 est:
1269 1280 1475 1334 idcirco
1509 1296 1615 1334 non
1649 1281 1785 1336 dicit
1816 1282 2066 1351 plurimis

482 1380 609 1423 aute
637 1372 824 1434 annis,
862 1372 958 1424 sed
990 1370 1260 1437 plurimo,
1292 1369 1504 1438 inquit,
1536 1378 1797 1440 tempore.
1844 1370 1978 1424 Nam
2013 1383 2068 1427 et

483 1462 805 1532 frequenter
843 1463 1095 1532 proximo
1124 1462 1307 1530 aliquo
1335 1461 1636 1530 quemlibet
1677 1464 1985 1529 mittentes,
2020 1463 2067 1518 si

483 1554 834 1623 tardigradus
874 1552 1040 1607 fuerit
1075 1553 1122 1607 is
1151 1554 1242 1623 qui
1274 1554 1469 1608 missos
1492 1563 1613 1618 est,
1660 1566 2066 1610 murmurantes

480 1644 623 1699 soliti
653 1653 781 1698 sunt
810 1644 1029 1699 dicere:
1060 1645 1197 1711 Quid
1244 1644 1426 1699 fecisti
1473 1654 1624 1700 tanto
1669 1649 1953 1715 tempore?
2008 1649 2064 1704 Si

481 1752 609 1805 ergo
655 1738 770 1792 dies
810 1746 1023 1807 tempus
1068 1738 1270 1793 dicitur
1318 1737 1587 1807 prolixum
1616 1780 1631 1805 ,
1674 1740 1844 1795 multo
1894 1744 2066 1810 magis

2173 544 2313 613 quit,
2364 546 2433 599 ad
2479 544 2703 614 antiqua
2747 559 2865 599 mea
2917 559 3090 609 arma,
3141 559 3241 614 per
3279 560 3396 614 quae
3438 547 3591 602 Adam
3632 565 3706 604 se-

2172 638 2394 690 ductum
2434 636 2799 706 supplantavi.
2851 635 2966 690 11110
3000 646 3255 705 serpente
3294 652 3380 690 me
3424 638 3630 695 indoens
3654 645 3707 696 ad

2173 726 2338 781 Evam
2369 726 2580 780 locutus
2614 741 2755 791 sum,
2792 724 2987 778 deinde
3015 740 3111 794 per
3142 725 3306 779 Evam
3339 724 3541 780 loeutus
3564 727 3707 784 Adam

2170 820 2384 876 seduxi.
2428 818 2598 874 Habet
2632 820 2797 873 etiam
2830 816 2931 872 Job
2964 831 3192 872 uxorem
3215 856 3231 879 ,
3261 831 3365 886 qua
3398 834 3482 872 me
3512 818 3714 877 inducas

2170 910 2446 967 subtiliter
2469 926 2568 982 per
2594 910 2740 965 illam
2774 924 2896 964 00111
2934 910 3210 975 sedocam,
3246 919 3408 980 atque
3438 911 3710 967 fraudulen-

2172 1016 2254 1059 ter
2283 1005 2663 1074 persuadeam.
2694 1001 2830 1058 Cum
2863 1002 2979 1057 haec
3011 1002 3150 1072 apud
3176 1016 3236 1057 se
3263 1004 3548 1072 cogitaret,
3576 1013 3712 1075 atque

2171 1098 2529 1152 meditaretur
2572 1095 2958 1165 nequissimus.
2999 1096 3182 1151 statim
3226 1110 3364 1149 uxor
3399 1110 3461 1151 os
3505 1097 3568 1149 ad
3606 1113 3711 1165 per-

2167 1188 2502 1242 suadeudum
2550 1188 2768 1257 aperire
2812 1188 3143 1258 properavit.
3174 1186 3329 1254 Quod
3364 1188 3713 1243 demonstrans

2170 1280 2284 1334 11010
2318 1278 2600 1349 Scriptura
2633 1280 2761 1334 dicit
2789 1296 2804 1333 :
2846 1279 3081 1334 Plurima
3114 1292 3289 1333 autem
3322 1291 3543 1348 tempore
3572 1279 3712 1332 inter-

2167 1371 2373 1439 posito,
2435 1371 2572 1423 dixit
2617 1371 2690 1423 ad
2743 1386 2861 1424 eum
2928 1386 3066 1424 uxor
3120 1370 3234 1439 ejus
3258 1370 3325 1424 ’⁷.
3372 1369 3599 1424 Pluritno
3635 1387 3716 1423 au-

2168 1471 2274 1516 tem
2327 1470 2571 1530 tempore
2632 1464 2986 1533 interposito,
3024 1478 3145 1517 eum
3206 1461 3307 1517 Job
3349 1472 3713 1532 perseveraret,

2168 1564 2225 1607 (οι
2271 1569 2377 1608 11011
2426 1554 2833 1619 1111111010101111,
2879 1570 3002 1610 00111
3032 1552 3133 1609 101)
3169 1554 3220 1608 111
3271 1554 3375 1609 fide
3419 1555 3713 1618 firmaretur,

2168 1652 2226 1698 et
2279 1645 2332 1697 in
2369 1645 2599 1699 veritate
2634 1645 3020 1709 roboraretur,
3068 1647 3389 1701 fundaretur
3426 1646 3479 1700 in
3525 1647 3714 1716 pietate,

2172 1745 2334 1805 atque
2379 1736 2431 1789 in
2478 1736 2689 1806 justitia
2737 1737 3213 1803 constabiliretur,
3254 1740 3307 1793 in
3350 1739 3609 1793 eharitate
3650 1738 3718 1794 in-

481 1830 749 1884 mensium
814 1805 1028 1901 tempus
1086 1805 1355 1901 prolixum
1409 1841 1571 1899 atque
1617 1831 1907 1899 plurimum
1962 1805 2065 1888 dici
2099 1805 2142 1859 Β
2170 1805 2501 1892 διτυετθῑυΐέ
2545 1837 2601 1883 ει
2644 1828 2699 1882 in
2745 1829 3045 1898 gratiarum
3090 1829 3397 1886 actionibus
3434 1831 3719 1901 Ρθΐδίειθηι

478 1932 681 1992 potest.
727 1924 809 1978 Ob
859 1925 961 1978 hoc
1005 1940 1135 1993 ergo
1182 1924 1315 1978 dicit
1352 1924 1585 1995 plurimo
1625 1934 1867 1994 tempore
1898 1926 2069 1980 inter-

479 2014 679 2085 posito.
722 2014 1018 2068 Plurimum
1053 2031 1288 2087 namque
1316 2025 1654 2070 memoratur
1691 2016 1795 2071 hoc
1832 2024 2067 2085 tempus,

480 2122 587 2161 non
618 2108 685 2161 ob
716 2108 816 2162 hoc
842 2107 1013 2161 solum
1042 2109 1184 2175 quod
1211 2107 1500 2177 plurimum
1529 2106 1698 2161 fuerit
1728 2106 2068 2177 longitudine

482 2200 765 2267 temporis,
810 2200 893 2254 vel
932 2201 1094 2268 spatii
1135 2200 1481 2269 prolixitate,
1517 2200 1611 2254 sed
1656 2202 1893 2255 maxime
1939 2217 2068 2271 pro-

479 2304 600 2363 pter
639 2293 930 2362 plurimum
972 2293 1233 2357 dolorem,
1275 2293 1569 2363 plurimum
1613 2292 1810 2348 dicitur
1836 2306 1889 2348 et
1922 2296 2066 2350 acsti-

478 2396 661 2441 matur
693 2386 796 2441 hoc
837 2394 1050 2455 tempus
1081 2385 1271 2439 luisse.
1300 2385 1561 2451 Plorimo,
1589 2387 1787 2457 inquit,
1822 2397 2066 2456 tempore

478 2477 822 2547 interposito,
863 2487 1085 2545 prepter
1132 2475 1423 2546 plurimam
1464 2477 1798 2544 passionem,
1844 2488 2067 2547 propter

477 2571 811 2625 acerrimum
836 2570 1110 2634 dolorem,
1135 2577 1360 2638 propter
1389 2568 1932 2624 vehementissimom
1958 2570 2067 2624 vul-

475 2679 598 2726 nus,
637 2674 857 2733 propter
889 2662 1288 2716 amarissitnatn
1321 2675 1565 2732 pmnant.
1607 2660 1852 2717 Plorimo
1884 2673 2061 2717 autem

474 2766 719 2824 tempore
751 2755 1094 2822 interpOsito,
1130 2764 1353 2823 propter
1383 2754 1670 2824 plagarum
1701 2754 2062 2822 nimietatem,

474 2857 700 2917 propter
752 2847 1037 2900 humorem
1089 2860 1285 2914 corpus
1332 2857 1496 2914 atque
1541 2847 1785 2901 membra
1834 2846 2064 2913 liquefa-

473 2940 746 3000 cieotem,
798 2952 895 3006 pro
947 2936 1251 2990 innumeris
1306 2936 1585 2991 vermibus
1644 2952 1843 2992 nervos
1898 2948 2063 3007 atque

471 3046 595 3085 ossa
642 3030 1051 3085 devorantibus.
1117 3026 1224 3082 Pro
1289 3027 1372 3081 his
1422 3027 1678 3082 omnibus
1730 3028 1941 3097 magnis
1998 3042 2062 3081 ac

470 3122 723 3192 plurimis
778 3122 1035 3193 gravibus
1095 3128 1257 3191 atque
1292 3118 1626 3174 terribilibus
1666 3119 2060 3174 exsistentibus
2087 3149 2129 3205 ρ

469 3215 763 3286 plurimum
812 3213 984 3269 fuisse
1026 3213 1128 3268 hoc
1156 3219 1368 3281 tempus
1409 3220 1766 3264 memoratur.
1811 3208 2055 3264 Plorimo

469 3317 653 3361 autem
688 3318 930 3376 tempore
963 3305 1287 3375 interposito
1309 3344 1324 3369 ,
1367 3317 1491 3358 com
1529 3301 1630 3356 Job
1664 3318 1770 3356 non
1804 3317 2059 3357 succum-

469 3397 646 3463 beret,
676 3412 849 3465 neque
886 3395 1286 3460 debilitaretur,
1325 3409 1499 3462 neque
1529 3393 1935 3457 delassaretor,
1967 3408 2060 3448 ne-

469 3503 576 3559 que
621 3488 914 3549 deficeret,
948 3486 1041 3541 sed
1077 3487 1131 3541 in
1175 3486 1380 3541 eisdem
1424 3486 1724 3556 gratiarum
1757 3486 2063 3541 actionibus

469 3588 635 3648 atque
668 3577 1107 3633 confessionibus
1137 3586 1507 3646 permaneret.
1536 3577 1689 3633 Unde
1711 3578 1855 3632 enim
1871 3579 2058 3646 coepit,

470 3671 582 3727 illic
613 3678 668 3723 et
703 3669 1097 3739 perseveravit,
1132 3668 1183 3721 in
1220 3669 1523 3737 gratiarum
1559 3668 1869 3723 actionibus
1899 3679 2062 3736 atque

467 3751 964 3819 benedictionibus.
1004 3758 1122 3824 Sit,
1172 3761 1382 3830 inquit,
1421 3776 1611 3813 nomen
1648 3760 1859 3813 Domini
1905 3759 2056 3812 bene-

466 3854 668 3909 dictum
713 3855 768 3906 in
798 3851 995 3906 sarcula
1017 3851 1087 3906 ".
1120 3850 1254 3905 Cum
1282 3851 1335 3904 itt
1365 3850 1486 3904 iStis
1521 3864 1652 3920 ergo
1688 3859 2062 3920 perseveraret

465 3947 591 4013 101),
627 3947 995 4018 nequissimos
1032 3943 1283 3999 diabolus
1326 3943 1630 4013 obstupuit,
1679 3944 1920 4011 expavit,
1968 3942 2062 3997 de‘

468 4042 740 4109 speravit,
779 4051 944 4110 atque
983 4037 1341 4107 semetipsum
1384 4050 1712 4091 consumens
1749 4035 1921 4089 dixit:
1951 4035 2053 4091 Ubi

466 4142 548 4187 est
604 4135 954 4203 praesumptio
1026 4132 1187 4187 mea?
1241 4131 1334 4185 ubi
1389 4139 1474 4185 est
1524 4130 1798 4184 audacia?
1836 4129 1930 4183 ubi
1976 4138 2062 4183 est

464 4230 620 4286 labor
658 4233 845 4285 meus?
878 4231 1104 4286 Omnem
1134 4228 1557 4283 sollicitudinem
1599 4229 1857 4294 exercui,
1900 4238 1955 4282 et
2000 4228 2055 4282 itt

464 4323 567 4377 101)
594 4323 724 4376 1111111
758 4323 881 4389 feci;
911 4322 1093 4376 omnia
1128 4330 1448 4390 argumenta
1478 4320 1713 4387 ostendi,
1747 4330 1802 4375 et
1837 4319 2059 4374 fortitu-

466 4414 648 4469 dinem
678 4414 778 4469 101)
802 4431 907 4469 non
946 4414 1158 4481 dejeci;
1196 4428 1390 4468 omnes
1433 4411 1665 4480 sagittas
1706 4412 2057 4481 nequissima:

2170 1920 2397 1975 devotos
2441 1930 2601 1991 atque
2642 1922 2933 1987 sollicitos,
2968 1939 3089 1977 cum
3121 1924 3176 1978 in
3213 1924 3519 1994 hojosmodi
3552 1940 3718 1980 conso-

2170 2012 2355 2066 nantia
2392 2012 2494 2068 Job
2527 2014 2869 2083 persisteret,
2910 2017 3045 2072 dixit
3076 2018 3141 2071 ad
3184 2030 3306 2071 eum
3343 2033 3478 2071 uxor
3507 2017 3629 2087 ejus.
3666 2017 3718 2071 Et

2170 2120 2362 2161 revera
2390 2122 2493 2160 non
2529 2123 2667 2162 uxor
2693 2108 2863 2175 dixit,
2900 2110 2994 2164 sed
3028 2109 3279 2165 diabolus
3302 2112 3395 2179 qui
3426 2124 3518 2180 per
3544 2124 3600 2165 os
3622 2109 3718 2177 ejus

2167 2205 2251 2251 est
2280 2195 2513 2262 loeutus,
2543 2198 2633 2267 (ιυί
2675 2196 2991 2268 frequenter
3023 2200 3305 2254 consuevit
3336 2199 3481 2269 loqui
3510 2200 3571 2253 ad
3597 2203 3718 2254 viros

2167 2302 2266 2358 per
2305 2303 2367 2344 os
2406 2289 2716 2353 mulierum,
2762 2291 2853 2361 qui
2900 2306 3043 2361 saepe
3083 2291 3277 2346 solitos
3316 2302 3403 2346 est
3434 2292 3717 2346 subvertere

2168 2382 2314 2437 viros
2350 2398 2448 2453 per
2473 2398 2534 2438 os
2561 2384 2853 2455 conjugum
2878 2424 2894 2451 ,
2922 2396 3085 2454 atque
3116 2385 3182 2439 ad
3215 2385 3356 2438 mala
3389 2386 3645 2441 concitare
3673 2396 3716 2438 et

2168 2473 2308 2527 tuala
2338 2475 2556 2540 docere,
2601 2477 2844 2544 rapinas,
2886 2476 3208 2542 calumnias,
3238 2476 3570 2541 violentiam,
3599 2476 3717 2546 cupi-

2167 2568 2416 2632 ditatem,
2447 2568 2747 2623 alienernm
2782 2569 3172 2638 appetentiam,
3200 2579 3366 2639 atque
3389 2570 3565 2624 odium
3594 2570 3716 2623 circa

2166 2661 2464 2728 proximos.
2524 2660 2869 2730 Frequenter
2921 2661 3066 2715 enim
3132 2661 3396 2715 invidiam
3449 2660 3717 2716 accendunt

2166 2753 2311 2807 inter
2362 2754 2544 2818 viros,
2597 2753 2743 2808 sicut
2793 2753 3027 2808 invicem
3085 2766 3307 2823 propter
3352 2753 3714 2823 improbitatem

2165 2861 2318 2899 suam
2349 2846 2723 2916 litigaveront.
2767 2846 3041 2901 Continuo
3078 2845 3180 2900 11101
3212 2846 3265 2899 111
3302 2845 3550 2902 infelices
3593 2843 3715 2896 viros

2164 2937 2287 2992 odia
2315 2946 2481 3005 atque
2510 2935 2892 2990 contentiones
2919 2933 3225 2987 adinvicem
3257 2935 3500 2988 excitare
3527 2939 3717 2986 conten-

2164 3028 2317 3081 dunt.
2354 3028 2504 3094 Quos
2547 3042 2669 3081 cum
2701 3028 2810 3081 sint
2844 3026 3057 3096 pacifici
3101 3037 3263 3095 atque
3291 3026 3589 3089 unanimes,
3614 3036 3713 3077 cum

2164 3120 2490 3174 adversariis
2533 3120 2647 3174 suis
2687 3118 2803 3173 sive
2845 3119 2930 3173 bis
2972 3119 3063 3188 qui
3099 3119 3249 3173 intus
3289 3127 3453 3181 sunt,
3494 3116 3601 3171 sive
3640 3114 3713 3183 qui

2163 3211 2296 3266 foris
2343 3222 2469 3267 sunt
2494 3252 2509 3277 ,
2546 3212 2843 3267 concordes
2886 3220 3033 3267 stare
3067 3219 3389 3281 oportuerat
3419 3220 3474 3265 et
3512 3222 3567 3265 se
3601 3206 3714 3262 invi-

2162 3320 2279 3359 cem
2309 3304 2604 3361 defendere
2627 3345 2641 3370 ,
2677 3315 2842 3374 atque
2873 3304 3107 3358 invicem
3144 3303 3405 3372 adjuvare
3424 3343 3438 3368 ,
3468 3302 3554 3357 isti
3579 3298 3715 3354 nimi-

2163 3414 2281 3452 rum
2312 3397 2721 3468 compelluntor
2755 3408 2979 3467 propter
3008 3397 3279 3465 nequitias
3303 3411 3531 3450 uxorum
3555 3395 3717 3446 adver-

2162 3505 2280 3543 sum
2312 3489 2544 3543 invicem
2576 3491 2863 3559 insurgere
2899 3497 2953 3543 et
2995 3504 3054 3543 se
3097 3488 3326 3542 invicem
3371 3488 3496 3543 odio
3524 3485 3716 3546 habere,

2161 3597 2269 3653 quo
2298 3582 2513 3651 possint
2549 3581 2861 3650 iniquarum
2893 3596 3124 3634 uxorum
3155 3578 3378 3633 malitia:
3410 3574 3713 3632 satisfacere.

2161 3672 2505 3741 Frequenter
2528 3673 2673 3726 enim
2700 3686 2798 3742 per
2820 3671 3109 3742 conjugum
3135 3685 3199 3725 os
3222 3671 3338 3725 lucc
3366 3669 3492 3724 talia
3512 3666 3718 3736 loquitur

2161 3764 2407 3819 diabolus
2442 3764 2509 3818 ad
2550 3764 2722 3827 viros,
2761 3763 3076 3832 frequenter
3106 3762 3241 3817 dicit
3279 3762 3347 3815 ad
3377 3762 3521 3815 viros
3559 3772 3644 3829 per
3668 3770 3718 3806 os

2160 3856 2449 3926 conjugum
2486 3856 2693 3911 :Existi
2724 3854 2873 3911 foras
2896 3896 2911 3921 ,
2952 3866 3004 3910 et
3040 3855 3175 3910 nihil
3205 3858 3350 3909 intro
3377 3854 3619 3909 attulisti.
3659 3850 3718 3903 De

2160 3948 2247 4002 via
2280 3949 2499 4014 venisti,
2523 3959 2580 4003 et
2605 3949 2790 4003 vacuis
2816 3949 3067 4003 manibus
3097 3950 3317 4003 domum
3354 3946 3605 4002 introisti.
3630 3942 3716 3996 Alii

2159 4049 2311 4107 eunt,
2341 4050 2396 4095 et
2430 4042 2639 4095 reversi
2666 4039 2941 4094 aﬂ‘crout:
2979 4039 3070 4094 alii
3113 4038 3536 4107 proficiscuntur
3565 4046 3616 4089 et
3638 4048 3715 4085 ve-

2160 4132 2374 4185 nientes
2414 4131 2810 4201 perducuntur.
2856 4130 2938 4184 Tu
2984 4146 3112 4185 vero
3137 4132 3377 4191 deterior
3408 4130 3644 4192 czcteris,
3670 4136 3716 4178 tu

2159 4233 2339 4278 autem
2365 4223 2597 4278 debilior
2624 4223 2776 4290 viris,
2819 4222 3067 4277 1110111101·
3109 4225 3344 4287 cunctis,
3382 4225 3589 4292 aliaque
3618 4220 3717 4289 plu-

2162 4314 2296 4369 rima
2338 4330 2458 4385 qua:
2502 4317 2677 4371 solitae
2718 4317 2902 4386 impia:
2947 4315 3206 4371 mulieres
3257 4315 3408 4387 loqui
3452 4318 3579 4373 viris
3622 4312 3717 4369 suis

2160 4418 2418 4474 cogentes
2466 4422 2560 4462 eos
2605 4408 2671 4461 ad
2721 4406 2894 4472 mala,
2938 4415 3103 4476 atque
3145 4410 3360 4464 animas
3415 4410 3641 4463 virorum
3668 4405 3714 4458 in

467 4507 739 4579 pbaretrq:
788 4522 921 4559 mea:
972 4507 1255 4569 evacnavi,
1307 4514 1364 4559 et
1395 4502 1634 4556 animam
1666 4502 1767 4558 Job
1801 4518 1907 4557 non
1938 4504 2056 4557 vul-
2085 4503 2133 4562 D
2162 4500 2429 4555 modicum
2466 4511 2733 4571 quaestum
2771 4502 3168 4565 venundantes,
3200 4502 3286 4556 vel
3311 4505 3489 4571 potius
3513 4500 3719 4572 perdeao

468 4599 679 4652 tteravi.
710 4597 901 4663 Filios,
932 4597 1129 4666 inquit,
1160 4598 1276 4667 ejus
1306 4597 1517 4667 perdidi
1548 4607 1603 4651 et
1629 4609 1846 4650 sensum
1876 4595 1991 4663 ejus
2022 4610 2053 4649 a

468 4690 580 4744 1)οο
611 4706 716 4744 11011
755 4689 1133 4758 praevaricavi.
1174 4687 1309 4742 Rem
1356 4688 1683 4743 familiarem
1728 4688 1846 4755 ejus
1876 4698 2056 4742 exter-

467 4776 702 4843 minavi,
736 4777 829 4830 sed
860 4776 1182 4831 charitatem
1214 4776 1333 4844 ejus
1363 4792 1524 4846 quam
1568 4779 1733 4831 habet
1772 4778 1919 4831 circa
1952 4778 2054 4831 Do-

466 4869 673 4923 minum
701 4868 869 4922 Deum
921 4884 1027 4922 non
1077 4868 1335 4923 exstinxi.
1374 4868 1609 4923 Carnem
1661 4879 1717 4922 et
1761 4882 1886 4922 ossa
1935 4866 2052 4935 ejus

463 4962 743 5016 vermibus
783 4970 946 5030 atque
974 4961 1261 5028 putredine
1284 4962 1624 5030 consumpsi,
1658 4961 1751 5015 sed
1777 4962 1937 5017 ﬁdem
1970 4973 2054 5016 at-

464 5071 571 5127 que
602 5055 974 5111 sinceritatem
1009 5054 1206 5108 1111111110
1235 5052 1351 5121 eius
1381 5070 1489 5108 non
1524 5054 1747 5108 violavi.
1781 5054 1920 5121 Quid
1950 5057 2054 5124 igi-

466 5163 554 5206 tur
592 5148 786 5205 faciam
830 5150 907 5203 illi
948 5148 1129 5203 adhoc
1170 5147 1314 5216 quod
1359 5163 1467 5202 non
1512 5147 1657 5203 ieci?
1707 5148 1847 5216 Quid
1896 5150 1951 5204 in
1989 5165 2055 5205 eo

464 5258 753 5298 exerceam
784 5243 962 5296 adhuc
992 5240 1137 5310 quod
1168 5252 1273 5291 non
1316 5239 1583 5294 exercui?
1617 5239 1759 5310 Ergo
1797 5240 1923 5309 quia
1959 5256 2056 5310 per

464 5338 720 5392 universa
755 5335 1022 5406 supplicia
1072 5345 1238 5404 atque
1286 5341 1559 5388 tormenta
1606 5348 1805 5404 cogere
1834 5348 1960 5387 eum
1996 5344 2055 5388 01

465 5432 635 5486 Deum
666 5428 1001 5500 relinqueret
1036 5443 1142 5482 non
1172 5427 1355 5497 potui,
1387 5426 1668 5481 conferam
1693 5465 1708 5490 ,
1742 5425 1937 5496 inquit,
1963 5440 2049 5480 me

464 5518 531 5571 ad
555 5517 953 5584 seductionem,
984 5515 1265 5572 conferam
1302 5515 1369 5569 ad
1406 5514 1839 5585 persuasionem.
1866 5514 2051 5570 110101⁴

466 5621 560 5667 tan
586 5609 731 5667 enim
755 5612 895 5679 quod
925 5627 1031 5667 non
1059 5608 1228 5664 valuit
1253 5622 1430 5677 ptume
1452 5608 1687 5673 coactio,
1717 5606 1819 5662 1100
1849 5606 2050 5663 nihilo-

535 5794 579 5825 9'
606 5790 703 5847 Job
734 5808 789 5857 tt,
832 5793 885 5849 9.

964 5792 1009 5825 ’³⁸
1039 5791 1136 5849 101)
1173 5808 1209 5859 1,
1238 5793 1327 5848 21.
1408 5793 1450 5826 ’⁷
1483 5791 1583 5849 Job
1614 5808 1671 5861 11,
1709 5796 1761 5850 ‘J.

2158 4602 2275 4648 tes:
2308 4593 2506 4663 quibus
2542 4608 2687 4647 cura:
2722 4609 2827 4648 non
2866 4602 2948 4648 est
2976 4596 3119 4650 unde
3159 4597 3451 4666 acquirant
3490 4596 3587 4650 viri
3624 4603 3714 4643 tam

2156 4700 2223 4739 ex
2263 4684 2467 4752 rapinis
2514 4700 2679 4754 quam
2733 4686 2899 4739 etiam
2939 4700 3005 4739 ex
3036 4686 3256 4755 praedis,
3294 4697 3405 4742 tam
3432 4703 3498 4743 ex
3538 4684 3717 4738 violen—

2157 4778 2246 4833 tiis
2299 4792 2464 4846 quam
2525 4792 2593 4830 ex
2637 4777 2831 4843 furtis,
2875 4788 3085 4832 tantum
3116 4787 3175 4833 ut
3218 4779 3271 4833 in
3313 4796 3481 4833 unum
3530 4789 3716 4832 coacer-

2156 4878 2353 4924 vantes
2396 4868 2502 4923 illis
2549 4867 2799 4924 afferant.
2850 4869 2970 4923 Istae
3013 4885 3156 4925 verte
3188 4881 3317 4926 sunt
3357 4870 3716 4927 subversioucs

2156 4960 2417 5015 virorum.
2458 4958 2581 5014 Ista:
2613 4970 2739 5015 sont
2770 4962 3104 5030 perditiones
3148 4963 3390 5016 virorum
3412 5005 3428 5029 ,
3475 4976 3569 5030 per
3599 4971 3714 5026 qua-

2152 5068 2269 5106 rttm
2298 5068 2362 5108 os
2393 5052 2463 5108 ad
2492 5051 2754 5122 plurimos
2784 5052 3027 5122 loquitor
3054 5054 3323 5121 diabolus,
3356 5062 3479 5124 post
3507 5063 3713 5122 quarum

2150 5146 2312 5199 verba
2354 5144 2603 5199 conversi
2640 5145 2877 5214 plorinti,
2923 5146 3107 5201 miseri
3150 5145 3329 5201 effecti
3378 5157 3506 5200 sunt
3538 5153 3589 5199 et
3620 5138 3714 5195 elli-

2148 5235 2392 5300 ciuntur,
2424 5245 2478 5289 et
2497 5249 2662 5304 super
2694 5243 2894 5287 terram
2926 5245 2979 5288 et
3012 5236 3239 5306 1111οω10
3265 5246 3315 5289 et
3344 5238 3486 5305 apud
3514 5243 3711 5301 superos

2150 5340 2205 5386 et
2239 5332 2381 5399 apud
2427 5328 2659 5384 inferos.
2706 5326 2799 5382 Sic
2840 5327 3017 5382 locuta
3055 5340 3139 5384 est
3168 5329 3423 5393 Jezahel,
3463 5338 3518 5382 et
3545 5322 3711 5379 Achab

2156 5421 2413 5490 perdidit.
2467 5418 2559 5474 Sic
2603 5418 2780 5472 locuta
2825 5428 2911 5473 est
2941 5418 3207 5475 Herodias
3238 5431 3293 5476 et
3322 5420 3585 5475 Herodem
3619 5416 3711 5468 fra-

2159 5528 2295 5571 trem
2333 5512 2566 5584 Philippi
2603 5510 2903 5568 interfecit.
2949 5513 3043 5569 Sic
3082 5513 3279 5570 10011110
3324 5525 3448 5569 sunt
3490 5510 3707 5584 [1101111110

2157 5623 2279 5678 qua:
2314 5606 2499 5664 multis
2539 5603 2680 5661 mala
2713 5602 3078 5674 ingesserunt.
3111 5604 3204 5662 Sic
3231 5606 3416 5676 otique
3453 5616 3507 5663 et
3535 5603 3595 5659 ad
3618 5597 3705 5654 Job
