3942 6506
252 325 320 379 77
576 286 591 301 ’
1326 325 1708 383 ANONYML‘S
1745 326 1781 381 li

1886 325 1995 381 OB.
2031 354 2101 366 —
2138 324 2268 380 LIB.
2307 322 2374 379 ll.

3362 333 3471 390 4⁸18

210 448 357 519 loqui
386 448 555 519 cmpit
574 458 713 505 uxor
736 449 876 517 ejus,
902 457 959 505 et
983 448 1229 507 diabolus
1252 466 1351 522 per
1372 466 1435 507 os
1458 452 1623 516 illius,
1651 451 1792 506 sicut
1819 456 1868 514 Α
1896 448 2076 502 tierent
2106 448 2145 503 ⁸.
2180 448 2503 518 Serpentem
2538 449 2675 506 dixit
2708 451 2933 521 dixisse,
2977 454 3071 512 sed
3108 471 3214 511 non
3246 470 3472 527 serpens

203 549 265 595 et
297 555 398 610 per
433 540 569 597 alias
616 542 684 596 ad
724 542 861 597 alios
905 542 1116 597 locutus
1157 552 1242 599 est
1282 554 1338 598 et
1374 545 1633 614 loquitur.
1682 545 1790 601 Sed

204 645 316 685 non
346 634 580 686 audiunt
623 633 742 688 illas
791 634 1141 690 rationabiles
1178 634 1349 691 Deum
1386 636 1659 703 timentes,
1696 636 1789 708 qui

202 723 403 777 etet-ni
446 722 635 793 judicii
667 725 989 779 metuendas
1026 738 1217 793 poenas
1257 723 1549 780 formidant
1585 740 1793 781 memo-

206 827 334 877 res,
392 815 537 867 sicut
576 824 631 869 et
662 811 765 869 Job
804 830 909 869 non
947 816 1173 871 audivit.
1214 816 1330 873 Cur
1372 826 1553 873 autem
1605 833 1791 888 repre-

202 903 401 957 hendit
441 917 669 959 uxorem
708 904 809 960 Job
840 916 1097 976 tanquam
1136 909 1532 963 deservientem
1570 910 1786 979 nequis-

201 996 348 1050 simo
384 997 545 1066 angui
576 997 833 1053 diabolo?
876 998 1253 1068 Reprehensio
1293 1016 1532 1072 namque
1560 1012 1641 1055 est
1676 1002 1791 1058 haec

202 1084 423 1154 ingens,
462 1096 627 1157 atque
679 1087 996 1158 increpatio.
1039 1089 1283 1145 Primum
1323 1092 1539 1161 quidem
1580 1092 1650 1147 ob
1691 1093 1792 1147 hoc

198 1191 327 1230 eam
380 1178 731 1246 reprehendit
768 1188 934 1249 atque
973 1180 1249 1252 objurgat,
1288 1194 1348 1237 ut
1390 1183 1573 1238 norint
1603 1198 1792 1239 omnes

200 1268 486 1331 viventes,
528 1268 657 1338 quia
702 1284 810 1324 non
847 1280 933 1326 est
966 1286 1317 1341 personarum
1348 1284 1601 1343 acceptor
1626 1273 1787 1337 Deus,

196 1369 257 1413 et
278 1359 410 1430 quia
440 1374 545 1414 non
573 1362 824 1431 despicit,
854 1378 1028 1432 neque
1053 1366 1179 1419 silet
1205 1381 1304 1436 pro
1328 1381 1551 1421 suorum
1575 1368 1791 1422 deiiCtis

198 1461 369 1519 atque
411 1451 752 1521 ignorantiis,
788 1470 960 1523 neque
994 1457 1207 1525 magnis
1236 1470 1408 1526 neque
1438 1458 1663 1525 pusillis,
1695 1473 1791 1511 ne-

194 1556 306 1614 que
331 1544 389 1598 in
423 1545 626 1609 verbis,
664 1560 841 1615 neque
873 1548 926 1600 in
953 1548 1135 1602 factis.
1173 1548 1255 1603 Oh
1284 1549 1387 1603 hoc
1421 1550 1565 1603 enim
1607 1559 1661 1603 et
1690 1548 1791 1603 Sa-

198 1653 320 1691 ram
366 1638 499 1691 olim
541 1638 816 1693 ridentem
863 1656 925 1695 ac
959 1642 1374 1712 promissionem
1408 1659 1561 1698 suam
1604 1659 1789 1714 asper-

194 1737 431 1784 nantem
459 1730 761 1801 redarguit.
800 1733 881 1787 Ob
913 1733 1016 1787 hoc
1041 1734 1206 1788 etiam
1234 1749 1379 1789 nunc
1409 1735 1533 1790 istic
1562 1751 1785 1791 uxorem

191 1821 299 1877 Job
349 1824 536 1892 arguit
566 1833 732 1893 atque
771 1825 1155 1892 reprehendit,
1194 1833 1252 1879 ut
1288 1836 1497 1881 cuncta
1529 1826 1785 1882 mulieres

192 1926 439 1969 caveant
486 1930 556 1971 ne
592 1914 897 1984 cujuspiam
943 1931 1129 1971 earum
1173 1918 1339 1972 corda
1377 1916 1626 1972 diabolus
1660 1922 1786 1972 sub-

190 2016 405 2071 vcrtat,
437 2021 506 2061 ne
538 2022 601 2062 os
638 2022 827 2062 earum
860 2008 1095 2063 Satanas
1142 2009 1375 2078 aperiat,
1416 2025 1483 2064 ne
1520 2010 1787 2087 malignus

191 2100 425 2167 spiritus
468 2114 566 2169 per
607 2100 749 2154 labia
796 2114 985 2154 earnm
1034 2100 1327 2169 loquatur,
1374 2117 1439 2155 ne
1476 2099 1787 2157 deserviant

191 2189 418 2244 diabolo
459 2207 557 2261 pro
612 2192 972 2248 subversione
1026 2193 1332 2247 animarum
1379 2196 1617 2249 virorum
1660 2210 1787 2251 suo-

192 2296 343 2335 rum.
379 2282 447 2335 Et
489 2282 556 2336 ad
595 2283 696 2338 hoc
725 2282 1079 2353 reprehendit
1106 2299 1332 2338 uxorem
1361 2283 1483 2352 Job,
1515 2301 1634 2355 qua:
1668 2287 1785 2340 dia-

190 2371 320 2426 bolo
357 2374 653 2429 deservivit
683 2387 782 2445 pro
815 2376 1171 2430 subversione
1202 2376 1339 2445 ejus,
1372 2388 1430 2432 ut
1470 2378 1785 2434 noverimus

190 2479 297 2519 nos
343 2465 636 2532 plurimam
671 2477 835 2537 atque
879 2467 1234 2537 multiplicem
1290 2470 1489 2523 diaboli
1538 2470 1784 2539 maligni-

189 2565 366 2611 tatem
398 2567 453 2611 et
487 2559 764 2613 astutiam.
798 2559 901 2613 Per
939 2561 1122 2614 omnia
1156 2560 1299 2615 enim
1333 2562 1657 2625 insidiatur,
1688 2577 1785 2632 per

185 2649 380 2701 Omnia
412 2649 735 2703 subvertere
762 2659 1019 2717 conatur,
1043 2659 1098 2704 et
1124 2665 1220 2720 per
1241 2652 1469 2719 amicos,
1499 2662 1553 2707 et
1579 2667 1675 2722 per
1694 2666 1783 2706 so-

187 2740 371 2805 dales,
409 2750 468 2793 et
507 2755 604 2811 per
635 2756 870 2797 uxores:
908 2756 1028 2811 quae
1070 2742 1123 2796 in
1153 2741 1254 2797 Job
1297 2740 1590 2813 adimpleta
1632 2754 1778 2809 sunt,

184 2847 356 2900 quem
386 2833 549 2885 amici
584 2832 1087 2900 reprehenderunt,
1124 2849 1263 2888 uxor
1298 2848 1428 2888 vero
1460 2837 1782 2890 subvertere

184 2926 310 2979 nisa
351 2932 457 2977 est.
487 2922 689 2976 Horum
719 2924 929 2979 scilicet
948 2926 1109 2980 etiam
1136 2927 1470 2995 posteriores
1498 2929 1779 2998 prophetre

187 3026 472 3070 meinOres
520 3016 812 3070 dixerunt:
876 3016 1061 3071 Nolite
1111 3019 1321 3072 credere
1367 3020 1677 3085 sodalibus,
1730 3031 1778 3074 et

186 3124 310 3162 cum
348 3109 538 3162 amicis
574 3108 654 3162 vel
680 3109 936 3177 fratribus
964 3110 1128 3164 nolite
1152 3112 1435 3165 consilinre
1454 3151 1469 3176 ,
1495 3129 1527 3165 α
1558 3114 1778 3181 conjuge

185 3208 281 3252 tua
311 3211 367 3250 te
392 3200 605 3252 observo
631 3200 697 3252 ’⁸.
742 3199 847 3253 Pro
901 3199 986 3254 his
1025 3215 1155 3270 ergo
1191 3204 1444 3257 omnibus
1486 3218 1772 3266 accusans,

184 3299 361 3360 atque
395 3292 799 3359 reprehendens
827 3306 1052 3346 uxorem
1093 3308 1247 3347 suam
1277 3292 1396 3357 Job,
1430 3296 1586 3350 dixit.
1630 3294 1776 3347 Dixit

184 3395 375 3438 autem
410 3399 549 3437 uxor
572 3383 691 3451 ejus
721 3398 933 3449 vecors,
956 3385 1247 3450 vertihilis,
1287 3384 1577 3451 instabilis,
1611 3401 1774 3456 quam

184 3477 353 3530 facile
396 3476 597 3529 diaboli
640 3474 833 3530 ﬂuctus
881 3478 1179 3540 subvertit,
1226 3478 1278 3531 in
1328 3478 1484 3547 cujus
1529 3478 1765 3532 animam

183 3568 518 3637 nequissimi
564 3567 820 3624 illecebra
860 3567 1021 3623 facile
1064 3569 1303 3639 irrepsit.
1360 3568 1486 3624 llam
1528 3569 1776 3625 videlicet

181 3671 328 3712 uxor
359 3657 481 3726 ejus
509 3658 649 3710 dixit
671 3659 739 3711 ad
769 3672 918 3722 eum,
946 3672 1110 3727 quam
1143 3660 1263 3713 ideo
1305 3658 1476 3712 solam
1505 3659 1571 3715 de
1598 3660 1775 3714 omni-

181 3750 289 3804 bus
329 3748 707 3817 nequissimus
743 3748 989 3803 diabolus
1029 3764 1316 3818 superesse
1348 3749 1537 3816 voluit,
1577 3762 1635 3805 ut
1675 3752 1778 3807 hac

180 3840 496 3895 novissima
524 3848 773 3893 uteretur
798 3854 897 3908 pro
911 3837 1013 3894 Job
1037 3840 1376 3905 seductione,
1398 3850 1562 3911 atque
1586 3843 1779 3897 animm

176 3935 303 4005 ejus
330 3934 716 3990 subversione.
748 3932 875 3986 Sive
897 3934 1041 3986 enim
1069 3933 1211 3987 Deus
1238 3935 1495 4003 praecepit
1522 3936 1663 3990 hanc
1695 3952 1779 3990 re-

182 4028 428 4091 servari,
459 4028 604 4081 sicut
633 4038 687 4080 et
714 4026 992 4097 praecepit,
1023 4026 1094 4080 ob
1122 4027 1227 4082 hoc
1252 4037 1314 4082 ut
1341 4028 1458 4098 ejus
1486 4032 1777 4084 secundam

174 4132 418 4173 uxorem
447 4118 630 4186 justus
658 4118 750 4173 ille
775 4116 878 4173 Job
910 4119 1162 4187 accipere
1189 4134 1329 4189 opus
1356 4134 1461 4175 non
1509 4120 1735 4176 haberet
1762 4140 1774 4175 :

180 4210 303 4263 sive
337 4208 426 4261 ille
455 4209 703 4264 diabolus
737 4210 879 4264 hanc
908 4211 1261 4264 conservavit
1289 4220 1530 4280 tractans
1554 4221 1612 4266 ut
1642 4212 1780 4267 hanc

180 4302 502 4356 ministram
538 4300 844 4370 iniquitatis
875 4317 989 4357 sua:
1014 4302 1273 4368 haberet,
1311 4313 1368 4358 ut
1397 4304 1538 4358 hanc
1554 4304 1779 4359 haberet

181 4409 284 4463 pro
309 4393 617 4448 novissimo
647 4393 751 4449 Joh
780 4395 1009 4465 laqueo,
1038 4404 1097 4448 ut
1126 4405 1411 4464 postquam
1445 4412 1540 4465 per
1563 4410 1777 4450 omnem

1892 541 2055 605 dixit,
2092 544 2187 597 sed
2219 542 2469 599 diabolus
2501 545 2592 612 qui
2625 560 2723 614 per
2764 558 3072 618 serpentem
3115 550 3327 606 locutus
3362 562 3468 605 est.

1894 634 1988 692 Sic
2014 647 2066 692 et
2098 652 2243 691 nunc
2282 637 2404 692 istic
2427 652 2653 693 uxorem
2688 640 2818 693 dicit
2844 642 3069 707 dixisse,
3094 644 3187 698 sed
3212 659 3339 699 vere
3365 661 3470 699 non

1894 745 2036 783 uxor
2073 730 2230 791 dixit,
2265 730 2360 784 sed
2395 729 2743 786 adversarius
2779 734 2869 801 qui
2902 749 3000 802 per
3031 751 3252 789 uxorem
3279 746 3364 790 est
3396 738 3471 789 Io-

1892 826 2071 871 cutus.
2102 817 2251 871 Dixit
2278 819 2347 872 ad
2369 836 2487 872 eum
2514 836 2648 874 uxor
2676 823 2826 891 ejus:
2859 822 3138 894 Quousque
3166 829 3392 881 sustines
3411 827 3471 882 ’?

1894 907 2035 975 Quid
2062 912 2434 979 superamus?
2470 912 2600 981 quid
2641 915 3027 983 suspicamur?
3059 919 3186 987 quid
3230 920 3471 973 aestima-

1892 1002 2063 1056 mus?
2097 1018 2208 1073 quo
2244 1012 2465 1073 aspectu
2494 1047 2511 1070 ,
2560 1020 2593 1059 ο
2623 1006 2723 1059 viri
2757 1047 2770 1069 ,
2813 1008 2898 1061 vel
2945 1025 3049 1079 qua
3100 1010 3239 1064 facie
3288 1010 3467 1070 locuta

1891 1104 1977 1150 est
1998 1094 2065 1151 ad
2087 1094 2190 1151 Job
2214 1112 2352 1153 uxor
2379 1097 2544 1167 ejus?
2570 1097 2921 1155 Manifestum
2946 1113 3030 1157 est
3059 1113 3222 1171 atque
3244 1104 3470 1160 evidens

1891 1187 2190 1251 omnibus,
2245 1190 2387 1257 quod
2439 1188 2526 1244 illa
2576 1207 2682 1245 non
2740 1191 2915 1246 locuta
2961 1202 3045 1246 est
3090 1194 3252 1249 hilari
3294 1195 3467 1259 vultu,

1893 1291 2069 1346 neque
2122 1277 2245 1332 laeto
2298 1289 2543 1348 aspectu,
2592 1281 2686 1335 sed
2734 1282 2913 1345 tristi,
2955 1283 3212 1347 imbrido,
3262 1284 3467 1347 nubilo,

1889 1366 2067 1432 ﬂenti,
2111 1371 2261 1424 omni
2308 1372 2665 1429 nihilominus
2706 1376 2927 1429 miseria
2967 1376 3209 1431 referto:
3255 1385 3310 1430 et
3351 1377 3467 1444 ipsa

1891 1475 2026 1516 voce
2056 1460 2392 1528 lacrymabili
2423 1467 2707 1521 commista
2737 1467 3145 1524 lamentatione.
3177 1469 3266 1524 Sic
3290 1469 3471 1537 itaque

1890 1551 2256 1607 miserabilem
2282 1569 2343 1608 se
2368 1555 2636 1610 exhibens
2663 1557 2883 1626 iniquus
2909 1568 3074 1628 atque
3100 1558 3328 1614 callidus
3354 1560 3471 1612 dia-

1890 1638 2046 1695 bolus
2068 1644 2425 1713 aperiensque
2459 1660 2520 1701 os
2543 1662 2724 1710 suum,
2760 1649 2891 1703 dicit
2922 1650 2985 1703 ad
3007 1648 3109 1704 Job
3135 1668 3149 1704 :
3186 1649 3470 1718 Quousque

1890 1732 2117 1784 sustines
2142 1733 2167 1785 ?
2201 1733 2243 1784 Ο
2278 1734 2611 1801 nequissime
2639 1734 2865 1800 Satana,
2897 1741 3166 1806 quomodo
3197 1740 3470 1793 subtiliter

1886 1821 2138 1885 seducis,
2172 1825 2444 1891 quomodo
2486 1825 2683 1880 callide
2726 1826 2994 1895 loqueris.
3043 1844 3075 1881 ο
3115 1828 3469 1882 callidissime

1887 1912 2121 1967 diabole.
2166 1915 2492 1985 Quousque,
2540 1917 2829 1987 inquiens,
2864 1919 3144 1972 sustines?
3188 1932 3470 1987 quousque

1885 2003 2126 2059 suﬂ'ers?
2172 2020 2456 2076 quousque
2498 2010 2783 2078 protelas?
2831 2025 3117 2080 quousque
3150 2020 3470 2066 constanter

1886 2100 2144 2167 perstas?
2190 2099 2462 2167 Quandiu,
2509 2103 2705 2170 inquit,
2749 2104 2861 2158 eris
2890 2104 3161 2173 lapidibus
3195 2104 3469 2157 robustior

1885 2202 1941 2242 et
1964 2192 2111 2245 saxis
2136 2192 2343 2268 durior,
2373 2203 2427 2248 et
2454 2195 2601 2248 omni
2637 2194 2781 2251 ferro
2815 2195 3057 2250 firmior?
3082 2196 3307 2251 Ferrum
3342 2213 3464 2251 cum

1886 2276 1940 2332 in
1981 2280 2159 2349 ignem
2201 2282 2425 2337 missum
2473 2282 2638 2339 fuerit
2670 2285 2944 2354 liquescit,
2989 2298 3045 2340 tu
3081 2302 3211 2342 vero
3253 2288 3304 2341 in
3344 2289 3466 2357 igne

1884 2371 2194 2439 putredinis
2223 2382 2387 2441 atque
2417 2375 2682 2429 vermium
2724 2377 2969 2444 positus,
3014 2377 3201 2430 animo
3247 2394 3350 2431 non
3400 2379 3466 2429 li-

1884 2462 2148 2529 quescis?
2178 2462 2461 2533 Quousque
2482 2467 2709 2520 sustines
2729 2467 2754 2519 ?
2782 2466 3096 2538 Quousque,
3126 2468 3323 2536 inquit,
3359 2483 3465 2521 non

1883 2550 2139 2619 ﬂecteris,
2176 2570 2460 2625 quousque
2495 2572 2598 2611 non
2634 2557 2841 2622 delicis,
2872 2574 3156 2628 quousque
3185 2576 3289 2612 non
3318 2560 3467 2612 debi-

1883 2646 2101 2701 litaris?
2133 2648 2210 2700 Ac
2240 2646 2283 2700 si
2309 2648 2515 2702 diceret
2541 2666 2554 2701 :
2590 2649 2705 2719 Ego
2730 2650 2944 2713 delicio,
2977 2666 3012 2704 ο
3037 2648 3157 2713 Job,
3191 2660 3246 2705 et
3275 2660 3328 2702 tu
3358 2666 3464 2704 non

1883 2735 2114 2802 deficis;
2155 2751 2254 2805 ego
2296 2736 2557 2808 fatigatus
2596 2754 2737 2805 sum,
2766 2749 2819 2793 et
2860 2747 2912 2793 tu
2952 2755 3056 2794 non
3097 2754 3157 2794 es
3189 2738 3463 2809 fatigatus.

1883 2825 2217 2882 Defecerunt
2239 2844 2267 2881 a
2300 2843 2385 2883 me
2415 2829 2598 2884 omnia
2626 2840 2967 2900 argumenta,
2995 2846 3025 2885 a
3058 2841 3113 2887 te
3141 2842 3325 2887 autem
3355 2848 3463 2887 non

1883 2916 2065 2969 deficit
2090 2916 2327 2985 devotio,
2360 2927 2521 2987 atque
2568 2920 2852 2988 patientia.
2886 2921 3168 2992 Quousque
3199 2921 3467 2980 sustines?

1884 3005 2133 3073 Quandiu
2158 3017 2211 3061 tu
2231 3008 2801 3079 ﬂagellaris?quandiu
2819 3028 2849 3065 a
2870 3029 2955 3067 me.
2973 3016 3244 3084 torqueris
3261 3026 3311 3068 et
3332 3031 3467 3069 cun-

1882 3110 1969 3152 cta
1986 3099 2247 3166 sustines,
2264 3109 2319 3154 et
2336 3110 2626 3169 supportas
2658 3102 2932 3166 universa,
2952 3114 3006 3158 et
3023 3119 3128 3159 non
3162 3104 3331 3159 solum
3356 3116 3466 3159 tor-

1879 3201 2055 3244 menta
2069 3200 2229 3260 atque
2246 3192 2529 3262 supplicia,
2546 3193 2638 3246 sed
2655 3196 3064 3249 etseductiones
3089 3212 3152 3250 ac
3175 3198 3463 3251 verborum

1878 3283 2228 3351 snbtilitates,
2249 3295 2441 3340 cuncta
2457 3286 2713 3351 sustines,
2726 3299 2919 3343 cuncta
2933 3288 3147 3357 suffers,
3164 3291 3258 3346 sed
3272 3307 3301 3344 a
3319 3292 3465 3345 nullo

1878 3373 2160 3429 ﬂecteris?
2194 3376 2505 3445 Quousque,
2554 3377 2753 3446 inquit,
2802 3378 3063 3444 sustines,
3100 3394 3134 3433 o
3164 3378 3312 3434 Job?
3359 3380 3463 3447 Qui

1878 3466 2220 3533 sustinebat,
2265 3468 2360 3537 qui
2407 3469 2790 3539 torquebatur,
2841 3487 2946 3525 non
3003 3482 3085 3527 est
3134 3472 3462 3532 debilitatus.

1879 3570 2054 3627 neque
2090 3558 2158 3612 ad
2204 3559 2576 3613 sustinendum
2635 3571 3021 3616 consternatus
3058 3580 3073 3617 ε
3120 3571 3294 3617 tortor
3339 3578 3466 3617 vero

1877 3647 1994 3716 ejus
2034 3649 2286 3705 diabolus
2314 3651 2643 3717 delassatns,
2696 3666 2761 3707 ac
2806 3653 3082 3719 deficiens,
3115 3654 3246 3709 dicit
3275 3674 3287 3708 :
3319 3653 3460 3719 Quo-

1878 3756 2042 3809 usque
2068 3742 2339 3796 sustines?
2369 3742 2489 3797 Non
2525 3743 2777 3800 dicitJob
2800 3746 2891 3812 qui
2923 3747 3300 3816 torquebatur,
3330 3763 3466 3815 quo-

1881 3848 2050 3902 usque
2080 3835 2400 3901 sustineam,
2424 3851 2706 3905 quousque
2739 3839 3034 3907 torquear?
3059 3839 3312 3893 Diabolus
3337 3856 3465 3895 vero

1878 3926 1969 3992 qni
2004 3939 2108 3977 non
2141 3926 2449 3981 sustinebat
2487 3926 2701 3982 dolores
2723 3968 2737 3991 ,
2764 3928 2859 3981 sed
2889 3927 3286 3992 confusionem,
3319 3930 3465 3984 dice-

1877 4015 1971 4070 bat
2007 4017 2073 4069 ad
2109 4017 2405 4083 patientem
2439 4026 2604 4088 atque
2633 4018 2991 4073 sustinentem
3017 4037 3031 4073 :
3059 4020 3341 4089 Quousque
3368 4036 3463 4073 su-

1878 4108 2084 4163 stiues?
2115 4106 2216 4163 Job
2252 4108 2342 4177 qui
2377 4110 2702 4173 sustinebat,
2748 4126 2853 4163 non
2888 4110 3314 4165 succumbebat:
3353 4112 3465 4165 dia-

1880 4200 2039 4255 bolus
2084 4215 2215 4255 vero
2259 4201 2351 4269 qui
2415 4216 2520 4255 non
2570 4202 2913 4268 sustinebat,
2979 4202 3288 4257 deficiebat.
3344 4200 3463 4258 Non

1880 4293 2028 4346 enim
2068 4294 2169 4348 hoc
2199 4296 2342 4363 quod
2370 4294 2523 4358 dicit,
2556 4295 2840 4365 Quousque
2879 4297 3153 4351 sustines?
3191 4295 3463 4350 fortitudi-

1882 4399 2003 4438 nem
2034 4385 2375 4441 demonstrat
2408 4387 2734 4441 sustinentis
2753 4428 2768 4451 ,
2798 4388 2893 4443 sed
2929 4386 3198 4443 defectum
3229 4389 3466 4443 ostendit

180 4500 300 4539 rem
335 4486 685 4555 desperaret,
716 4495 846 4541 ωηο
884 4502 981 4555 per
1007 4500 1228 4541 uxorem
1266 4486 1472 4555 justum
1501 4488 1776 4557 perderet,
1812 4494 1855 4548 ι)
1883 4478 2259 4548 percutientis.
2306 4480 2672 4551 Conqueritur
2712 4482 2803 4550 qui
2843 4481 3039 4546 οωάἰι,
3086 4490 3141 4536 et
3180 4494 3288 4535 non
3334 4495 3467 4534 con-

176 4577 333 4632 sicut
363 4577 482 4645 ipse
506 4577 884 4633 arbitrabatur
912 4578 1114 4645 infelix,
1138 4579 1444 4634 mStimabat
1470 4589 1634 4650 atque
1656 4594 1781 4649 spe-

180 4671 366 4725 rabat.
420 4669 496 4722 De
548 4669 707 4739 longe
749 4670 894 4724 enim
937 4671 1076 4724 oculi
1128 4671 1245 4740 ejus
1291 4671 1665 4736 considerant,
1712 4674 1779 4725 de

177 4757 351 4827 longe
384 4758 655 4828 iniquitas
694 4757 809 4826 ejus
846 4760 1190 4827 prospiciens
1220 4761 1609 4827 circumvenit,
1651 4762 1784 4815 insi-

174 4850 303 4905 dias
331 4864 529 4904 omnes
551 4860 755 4917 captat,
780 4851 1237 4919 quemadmodum
1263 4851 1629 4917 suliintroeat,
1654 4866 1783 4919 quo~

175 4943 353 4995 modo
384 4940 946 5012 dejiciat,quomodo
973 4942 1101 4996 Adae
1146 4941 1524 4997 familiaritate
1567 4957 1777 5011 pratva-

176 5036 412 5089 ricaret.
456 5032 539 5088 0b
575 5033 678 5089 hoc
714 5049 843 5103 ergo
868 5034 1176 5089 reservavit
1205 5042 1370 5104 atque
1400 5034 1619 5104 reliquit
1646 5050 1778 5089 uxo-

177 5142 298 5181 rem
324 5124 466 5190 Job,
496 5125 640 5179 sicut
677 5135 733 5179 et
769 5126 890 5180 illos
927 5125 1145 5179 nuntios
1183 5126 1273 5192 qui
1317 5125 1570 5180 dicebant
1612 5143 1626 5179 :
1662 5124 1777 5194 Ego

178 5218 424 5270 remansi
466 5216 637 5278 solus,
676 5226 732 5269 ut
772 5218 1073 5270 nuntiarem
1108 5216 1204 5269 tibi
1226 5218 1292 5270 ”.
1339 5217 1421 5272 0b
1460 5218 1562 5271 hoc
1600 5216 1774 5270 solum

178 5308 311 5361 illos
349 5308 679 5371 reservavit,
710 5317 770 5361 ut
807 5320 1216 5377 consequenter
1248 5308 1467 5365 dolores
1508 5310 1778 5363 subenar-

179 5408 398 5452 rarent.
423 5397 538 5453 Hoc
559 5399 770 5454 scilicet
789 5399 1177 5456 demonstrans
1197 5401 1361 5456 dicit:
1391 5400 1535 5455 Dixit
1558 5399 1627 5453 ad
1652 5416 1773 5454 eum

178 5506 329 5544 uxor
358 5490 495 5560 ejus.
532 5491 768 5548 Uxorem
797 5494 934 5548 dixit
962 5494 1170 5549 dixisse
1190 5535 1206 5559 ,
1250 5496 1343 5549 sed
1373 5510 1499 5549 vere
1528 5494 1775 5549 diabolus

180 5584 349 5636 dixit.
379 5583 473 5637 Sic
507 5598 743 5654 namque
767 5594 824 5639 et
850 5585 980 5642 olim
1007 5586 1115 5642 ait:
1150 5585 1297 5641 Dixit
1322 5602 1536 5656 serpens
1565 5586 1635 5640 ad
1661 5601 1781 5639 mu-

256 5831 309 5863 "
331 5831 492 5888 inlicit.
534 5848 631 5903 vn,
787 5834 829 5867 "
862 5833 960 5892 Job
995 5850 1033 5904 ι,
1067 5835 1149 5892 15.
1233 5836 1408 5893 ‘Gcn.
1450 5852 1532 5905 :n,
1570 5837 1615 5892 1.

1883 4572 2129 4639 queritur
2175 4572 2267 4641 qui
2313 4574 2557 4641 vapulat.
2600 4574 2890 4639 Quandiu,
2941 4572 3150 4642 inquit,
3190 4573 3477 4625 sustines?

1884 4662 2219 4732 Liqnefactae
2254 4674 2403 4729 sunt,
2442 4666 2641 4735 inquit,
2689 4680 2883 4719 carnes
2926 4675 3048 4728 tute,
3093 4679 3126 4717 ο
3164 4663 3295 4727 Job,
3334 4679 3454 4717 con-
3494 4670 3501 4677 '

1883 4765 2097 4823 sumpta
2134 4765 2261 4809 sunt
2296 4771 2424 4810 ossa
2454 4766 2542 4809 tua
2565 4765 2617 4811 et
2651 4756 2822 4820 nervi,
2856 4754 3155 4825 putrefacta
3192 4764 3275 4808 est
3297 4754 3465 4807 etiam

1886 4853 2031 4898 terra
2064 4845 2175 4914 ipsa
2208 4846 2308 4900 sub
2337 4856 2407 4909 te,
2435 4856 2489 4903 et
2516 4846 2693 4900 adhuc
2718 4847 2980 4909 sustines,
3007 4862 3039 4900 ο
3071 4845 3214 4900 Job?
3240 4844 3465 4899 Locutio

1887 4936 2219 5005 linguarum,
2246 4947 2300 4992 et
2326 4952 2509 4991 sermo
2528 4937 2823 5001 viatorum,
2847 4948 2905 4991 et
2929 4938 3152 4991 nuntius
3177 4947 3460 4989 transeun-

1887 5030 2045 5093 tium,
2076 5038 2132 5082 et
2155 5028 2522 5097 spectaculum
2568 5029 2653 5083 his
2683 5030 2772 5099 qui
2814 5029 2970 5100 longe
3015 5041 3162 5095 sunt,
3200 5039 3255 5083 et
3294 5025 3457 5081 decli-

1890 5122 2038 5176 natio
2082 5122 2167 5175 ltis
2198 5120 2289 5188 qtti
2334 5136 2503 5190 prope
2545 5131 2668 5176 Sttttl
2708 5121 2885 5175 factus
2923 5136 3016 5187 es,
3062 5131 3116 5175 et
3157 5121 3331 5173 adhuc
3373 5134 3468 5172 sn.

1886 5215 2089 5279 stines,
2126 5229 2159 5266 ο
2189 5210 2331 5267 Job?
2360 5211 2716 5268 Transierunt
2759 5223 2945 5267 noctes
2982 5221 3037 5266 et
3075 5213 3189 5267 dies
3221 5221 3275 5265 et
3314 5226 3465 5264 tuen-

1882 5321 1971 5361 ses
2012 5307 2066 5360 in
2104 5304 2383 5361 doloribus
2416 5305 2558 5370 tuis,
2592 5306 2773 5359 adhuc
2807 5302 3091 5357 sustines?
3124 5301 3344 5367 Defeci,
3378 5303 3465 5355 in-

1888 5399 2029 5468 quit,
2071 5399 2236 5451 etiam
2276 5405 2333 5451 et
2370 5410 2471 5465 ego
2496 5397 2755 5450 assistens
2787 5395 2903 5458 tibi,
2946 5394 3229 5464 invigilans
3258 5405 3311 5447 et
3335 5406 3462 5460 spe-

1886 5505 2016 5545 rans
2066 5490 2113 5544 si
2163 5503 2271 5559 quo
2310 5488 2469 5543 modo
2510 5487 2766 5543 deficiens
2812 5487 3238 5557 blaspltemares,
3288 5484 3371 5539 vel
3415 5484 3463 5541 si

1885 5579 2156 5649 quomodo
2186 5580 2552 5638 succumbens
2579 5578 2897 5636 detraheres
2929 5596 2944 5633 :
2981 5586 3036 5635 et
3070 5587 3126 5633 tu
3169 5592 3276 5633 non
3308 5574 3464 5634 defe-

1694 5835 1711 5867 ²
1746 5831 1844 5891 Job
1882 5849 1942 5899 ιι,
1969 5835 2021 5888 9.
