3902 6522
510 322 616 380 479

1625 322 2008 382 ᾹΝΟΝΥΜυὸ
2047 321 2111 378 ΙΝ
2149 323 2289 380 JOB.
2329 352 2397 366 —-
2434 320 2566 380 LIB.
2602 319 2667 378 ll.

3658 332 3768 387 480

509 443 657 509 cisti,
708 455 884 512 neque
935 440 1302 507 succubuisti,
1359 442 1453 496 sed
1504 441 1679 497 adhuc
1728 453 1966 499 sustines
1992 483 2006 504 ,
2053 458 2087 497 ο
2115 450 2161 506 Α
2191 440 2370 511 magni
2389 440 2654 494 fuerunta
2685 437 2906 504 saeculo,
2924 447 2978 494 et
3001 439 3315 511 plerumque
3343 456 3530 499 eorum
3560 461 3767 503 mento-

510 532 655 591 Job?
705 534 1033 591 Defecerunt
1060 533 1284 599 divitiae,
1333 533 1652 589 defecerunt
1691 535 1812 599 ﬁlii,
1862 551 2085 604 compu-

514 629 765 683 truerunt
791 638 1007 685 carnes,
1049 621 1329 689 liquefacti
1367 635 1494 677 sunt
1542 626 1717 691 nervi,
1758 637 1812 679 et
1855 640 1977 681 ossa
2030 629 2082 680 in

510 722 752 764 stercora
798 712 1017 766 redacta
1057 721 1210 775 sunt,
1251 722 1394 766 terra
1424 714 1923 772 concalescentibus
1959 732 2081 770 car-

509 801 670 855 nibus
710 802 816 856 tuis
845 803 1129 858 commista
1156 843 1171 868 ,
1200 812 1255 859 et
1280 806 1458 861 adhuc
1484 806 1764 862 sustines?
1791 807 1942 874 Quod
1970 808 2085 863 eﬁi-

508 891 727 945 ciuntur
762 893 960 947 mortui
1008 894 1061 948 in
1104 897 1358 964 sepulcro
1403 908 1522 967 post
1552 906 1805 965 mortem,
1854 900 2084 967 putredo

504 990 561 1035 et
590 996 800 1035 vermes
834 992 999 1053 atque
1044 994 1205 1040 terra:
1244 988 1553 1054 commisti,
1601 989 1705 1043 hoc
1737 990 1988 1045 videlicet
2026 1001 2081 1045 tu

505 1068 733 1126 etii-ctus
778 1073 955 1128 adhuc
988 1076 1174 1130 vivens
1223 1077 1442 1143 videris,
1477 1088 1533 1133 et
1560 1094 1723 1148 super
1752 1079 1865 1134 haec
1900 1084 2081 1134 omnia

505 1160 683 1215 adhuc
698 1164 959 1229 sustines,
980 1181 1014 1220 ο
1035 1164 1138 1221 Job
1153 1206 1169 1231 ,
1198 1166 1392 1223 suﬁ‘ers
1411 1169 1717 1238 hujusmodi
1749 1172 2079 1240 passionem,

504 1252 721 1321 qualem
752 1271 859 1310 non
886 1260 1149 1313 sustinuit
1179 1262 1330 1330 prior
1362 1270 1413 1315 te
1440 1264 1613 1327 alter,
1650 1278 1825 1333 neque
1852 1266 2081 1318 sustineo

504 1343 584 1399 bit
610 1345 748 1401 alius
774 1364 944 1419 usque
980 1352 1032 1404 in
1062 1354 1453 1422 sempiternum
1484 1365 1605 1424 post
1641 1356 1734 1409 te?
1771 1357 2078 1428 Quousque,

504 1436 703 1507 inquit,
738 1444 965 1496 sustines
990 1446 1015 1496 2
1050 1443 1318 1501 Deﬁciens
1340 1447 1453 1516 jam
1490 1448 1796 1518 requiesce,
1829 1457 1887 1504 ut
1917 1451 2080 1505 etiam

503 1544 593 1584 me
629 1532 971 1599 requiescere
1008 1537 1179 1593 facias
1216 1554 1244 1591 a
1286 1540 1427 1595 bello
1456 1550 1513 1595 et
1550 1542 1887 1609 certamine,
1918 1554 2083 1615 atque

502 1622 887 1682 colluctatione
913 1644 1076 1698 quam
1103 1630 1279 1685 habeo
1301 1632 1447 1687 circa
1479 1643 1549 1688 te.
1590 1632 1697 1689 Sed
1726 1634 1793 1688 ad
1823 1635 1937 1690 haec
1962 1637 2083 1689 uui—

502 1728 659 1769 versa
707 1732 818 1771 uno
858 1719 1026 1774 verbo
1072 1722 1353 1790 respondit
1392 1724 1620 1779 dicens:
1664 1725 1721 1779 Si
1779 1726 2080 1797 interrogas

2188 531 2267 586 ria
2287 539 2585 601 permanet,
2598 539 2690 584 aut
2707 532 2761 584 iu
2779 530 2975 594 verbis,
2993 540 3086 585 aut
3103 532 3154 585 in
3174 531 3352 597 factis,
3369 543 3459 587 aut
3477 535 3529 588 iu
3549 534 3734 593 liberis
3750 559 3767 593 :

2188 632 2275 678 tua
2300 631 2478 676 autem
2513 623 2773 676 memoria
2810 624 2988 678 omnis
3017 623 3198 678 subito
3230 628 3588 681 exterminata
3623 641 3708 685 est
3735 649 3767 684 at

2186 721 2349 773 terra,
2374 725 2567 781 neque,
2589 711 2785 782 inquit,
2804 713 3022 767 verbum
3041 722 3159 781 post
3177 724 3248 778 te,
3275 729 3451 784 neque
3475 716 3617 771 lilius
3636 760 3651 783 ,
3680 736 3773 772 ne-

2183 816 2288 871 que
2310 800 2438 865 lilia,
2458 816 2633 870 neque
2656 803 2876 863 factum,
2900 815 2995 871 per
3014 816 3133 870 qua:
3154 803 3321 870 possit
3356 814 3504 859 stare
3536 821 3769 877 praster-

2187 894 2304 948 iens
2323 892 2583 948 memoria
2609 903 2726 949 tua.
2754 893 2893 964 Ergo
2913 894 3034 963 quia
3063 894 3266 949 nullum
3290 896 3354 951 de
3381 896 3467 952 bis
3489 908 3613 967 post
3642 909 3693 953 te
3712 900 3769 952 in

2184 985 2442 1040 memoria
2455 986 2869 1051 remansit,ialeo
2896 988 3254 1042 exterminata
3281 991 3650 1059 estmemoria
3677 1003 3770 1046 tua

2183 1096 2213 1134 a
2253 1090 2414 1135 terra.
2446 1077 2564 1134 Non
2593 1079 2764 1134 solum
2799 1078 3130 1144 oblitterata,
3161 1094 3253 1135 seu
3290 1080 3520 1146 sublata,
3541 1083 3638 1137 sed
3667 1098 3770 1137 ex-

2198 1168 2504 1236 terminata,
2536 1178 2791 1239 tanquam
2815 1168 3060 1223 delavata
3087 1177 3249 1240 atque
3270 1181 3486 1226 extersa
3506 1182 3769 1241 tauquam

2185 1262 2324 1317 ultra
2357 1276 2462 1318 nun
2488 1262 2560 1317 sit
2602 1262 2689 1316 cui
2723 1262 2887 1333 digne
2926 1262 3363 1333 respondeatur:
3406 1261 3471 1315 In
3505 1264 3770 1315 memoria

2182 1365 2379 1409 interna
2415 1356 2514 1409 erit
2554 1354 2739 1425 justus
2761 1354 2805 1419 ',
2861 1362 2917 1409 et
2952 1356 3214 1408 memoria
3260 1354 3393 1424 justi
3426 1369 3553 1409 cum
3584 1354 3768 1408 laude.

2188 1445 2388 1500 Deinde
2414 1446 2703 1501 identidem
2737 1444 3081 1500 abscondens
3110 1445 3363 1500 diabolus
3390 1453 3555 1514 atque
3577 1453 3775 1513 tegens

2186 1537 2523 1608 iniquitatem
2580 1553 2767 1602 suam,
2820 1537 3095 1591 convertit
3146 1537 3291 1591 hunc
3339 1549 3651 1591 sermonem
3699 1534 3771 1587 ad

2186 1631 2370 1685 uxoris
2396 1645 2679 1701 personam
2709 1646 2725 1683 :
2761 1638 2816 1683 et
2844 1639 3099 1699 tanquam
3134 1644 3202 1685 ex
3236 1628 3380 1684 illius
3412 1642 3651 1697 persona
3686 1626 3773 1682 lo-

2183 1738 2355 1793 quens
2382 1761 2399 1787 ,
2436 1724 2568 1777 dicit
2599 1742 2614 1779 :
2649 1722 2772 1777 Filii
2807 1723 2879 1778 tui
2914 1736 3051 1791 quos
3092 1722 3254 1777 ﬁdem
3296 1721 3579 1785 docuisti,
3631 1735 3775 1790 quos

501 1821 613 1870 me,
637 1823 671 1861 o
705 1809 940 1874 inimice,
969 1827 1254 1883 quousque
1292 1816 1615 1880 sustineam,
1647 1818 1793 1873 audi.
1830 1796 2076 1885 Quandiu
2111 1796 2155 1855 Β
2184 1817 2438 1883 pietatem
2470 1814 2714 1877 induisti,
2745 1830 2883 1884 quos
2909 1815 3234 1869 charitatem
3276 1814 3591 1869 adinvicem
3620 1815 3773 1869 circa

501 1900 767 1964 percutis,
812 1900 905 1954 illo
951 1916 1121 1971 usque
1161 1918 1262 1972 ego
1303 1907 1575 1973 sustineo;
1607 1908 1845 1976 quandiu
1884 1919 1937 1963 tu
1968 1921 2078 1964 tor.-

500 2003 655 2055 ques,
696 1990 785 2044 illo
812 2007 983 2061 usque
1020 2009 1120 2065 ego
1158 1995 1393 2062 suffero;
1440 2000 1677 2066 quandiu
1716 2009 1769 2053 tu
1815 1999 2077 2071 ﬂagellas,

502 2079 596 2134 illo
623 2096 794 2151 usque
816 2098 917 2153 ego
947 2098 1237 2153 exspecto;
1277 2091 1513 2158 quandiu
1543 2106 1650 2145 non
1682 2091 1939 2147 defecerit
1969 2110 2082 2147 ma-

499 2172 722 2242 lignitas
754 2192 916 2244 quam
948 2179 1117 2234 habes
1144 2180 1289 2234 circa
1320 2196 1427 2246 me,
1468 2182 1558 2237 illo
1596 2199 1769 2253 usque
1806 2200 1912 2240 non
1938 2186 2077 2240 deﬁ-

498 2265 609 2319 ciet
646 2266 933 2321 tolerantia
960 2284 1124 2339 quam
1161 2270 1333 2325 habeo
1371 2272 1515 2327 circa
1551 2284 1626 2328 te.
1676 2274 1951 2341 Delusisti,
1992 2276 2076 2329 iu-

497 2356 660 2425 quit,
711 2359 1100 2429 temetipsum,
1150 2378 1183 2417 ο
1244 2364 1497 2432 diabole,
1541 2382 1663 2422 cum
1718 2377 1877 2438 putas
1932 2372 2077 2439 quod

496 2448 669 2503 Adam
706 2451 987 2507 incautum
1021 2454 1317 2521 inveneris,
1353 2467 1409 2512 et
1443 2460 1664 2514 nescisti
1694 2461 1838 2531 quod
1882 2464 2076 2517 adver-

497 2557 618 2596 sum
646 2541 749 2598 Job
794 2558 1138 2603 constantem
1180 2551 1282 2605 hoc
1325 2551 1606 2610 habueris.
1645 2553 1752 2609 Sed
1789 2555 1967 2611 adlmc
2010 2561 2075 2610 ad

497 2632 736 2702 priorem
758 2650 979 2692 sensum
1003 2648 1166 2707 atque
1188 2655 1491 2697 sermonem
1520 2656 1876 2703 revertamur.
1902 2645 2080 2714 Quan-

494 2726 616 2794 diu,
654 2729 849 2799 inquit,
888 2733 1113 2787 sustines
1138 2734 1163 2786 .’
1203 2733 1413 2788 Deinde
1447 2744 1704 2807 tanquam
1738 2740 2078 2809 cogitationi-

498 2816 601 2872 bus
640 2818 760 2887 ejus
802 2830 967 2891 atque
1006 2824 1207 2893 spebus
1251 2828 1631 2896 compendium
1674 2829 1883 2886 faciens
1915 2841 2079 2902 atque

499 2912 868 2979 respondens,
920 2913 1183 2982 adjiciens
1225 2918 1358 2973 dicit
1396 2938 1410 2973 :
1449 2918 1586 2973 Ecce
1627 2931 1869 2988 exspecto
1905 2925 2078 2978 adhuc

494 3018 721 3068 paucam
756 3015 973 3074 tempus,
1008 3025 1223 3077 sperans
1272 3028 1413 3080 spem
1462 3015 1654 3069 salutis
1694 3032 1822 3071 mete
1846 3018 1886 3071 ³.
1934 3016 2076 3072 Tan-

493 3108 658 3163 quam
704 3096 751 3151 si
802 3098 1052 3155 diceret:
1091 3101 1340 3169 Quandiu
1387 3107 1629 3163 sustines
1676 3108 1782 3164 hoc
1830 3118 2077 3166 tractans

493 3195 550 3239 et
604 3186 708 3241 hoc
748 3190 1018 3259 cogitans,
1066 3204 1232 3263 atque
1272 3196 1431 3252 istam
1482 3214 1633 3269 spem
1684 3201 1882 3268 habes,
1930 3205 2076 3274 quod

490 3278 672 3334 adhuc
703 3282 975 3337 modicum
1010 3295 1223 3355 tempus
1268 3292 1541 3359 sustines,
1578 3293 1809 3349 salutem
1845 3305 1900 3350 et
1944 3296 2078 3351 libe-

492 3369 786 3436 rationem,
829 3386 990 3443 atque
1027 3378 1271 3445 requiem
1317 3394 1675 3450 exSpectans,
1714 3386 1943 3455 teipsum
1983 3385 2077 3441 de-

492 3459 655 3525 ludis,
686 3476 718 3515 o
742 3460 864 3518 Job.
906 3463 1023 3520 Non
1057 3469 1202 3522 enim
1245 3470 1315 3523 ita
1350 3487 1411 3528 es
1440 3475 1835 3544 deprehensus,
1878 3488 1935 3531 ut
1962 3495 2077 3533 mo-

492 3550 617 3607 dico
649 3556 926 3611 sustinens
969 3567 1213 3628 tempore
1251 3564 1467 3620 evadas.
1518 3567 1634 3621 Non
1686 3570 1837 3637 talia,
1874 3571 2072 3642 inquit,

492 3648 548 3695 te
598 3645 739 3696 mala
775 3645 1153 3715 circumdant,
1199 3667 1231 3706 o
1271 3653 1467 3721 homo,
1518 3666 1577 3712 ut
1626 3674 1748 3713 cum
1805 3662 2073 3716 modicum

493 3735 757 3824 temporis
801 3737 914 3792 hac
952 3746 1401 3813 supportaveris,
1435 3747 1665 3803 salutem
1697 3765 1920 3819 sperare
1946 3769 2073 3824 pos-

490 3822 609 3876 sis:
651 3825 746 3879 sed
802 3829 1101 3898 sustinens,
1155 3832 1354 3903 inquit,
1404 3841 1723 3909 sustinebis,
1766 3850 1820 3897 et
1861 3822 2074 3914 patiens

489 3916 745 3984 patieris,
803 3930 859 3974 et
903 3922 1025 3978 ﬁnis
1072 3928 1340 3994 passionis
1381 3941 1547 4000 atque
1598 3934 1799 3990 doloris
1850 3939 1921 3991 tui
1965 3955 2072 3995 non

488 4008 616 4062 erit.
643 4009 798 4078 Quod
836 4016 981 4069 enim
1012 4016 1255 4075 facturus
1281 4036 1342 4077 es
1364 4022 1415 4077 in
1448 4024 1657 4091 ultimo,
1686 4043 1807 4082 cum
1840 4030 2070 4099 plurima

488 4113 683 4167 passus
715 4103 917 4172 fueris,
961 4123 1024 4163 ac
1057 4112 1412 4178 sustinueris,
1456 4125 1516 4170 ut
1547 4116 1899 4187 blasphemes
1923 4160 1939 4184 ,
1970 4121 2073 4177 hoc

488 4206 619 4247 sane
665 4210 762 4249 cur
797 4215 903 4253 non
946 4200 1081 4258 facis
1120 4206 1393 4273 celeriter,
1440 4220 1498 4263 ut
1535 4210 1727 4265 saltem
1777 4192 1860 4267 'vel
1905 4229 2069 4268 unum

485 4298 553 4341 ex
599 4288 731 4358 ipsis
766 4291 1045 4350 doloribus
1074 4296 1340 4369 eﬁugiens
1372 4304 1703 4373 requiescas.
1739 4304 1867 4361 Haec
1892 4307 2072 4377 itaque

488 4380 742 4435 universa
783 4394 945 4454 atque
978 4389 1064 4444 his
1090 4390 1241 4459 plura
1272 4395 1640 4464 nequissimus
1664 4397 1914 4452 diabolus
1944 4399 2070 4454 licet

489 4484 594 4523 non
642 4473 1071 4534 evidentiorihus
1115 4484 1294 4538 verbis
1331 4488 1730 4542 sermocinatus
1776 4486 1879 4556 sit,
1926 4499 2065 4543 atta-

485 4575 608 4615 men
646 4565 873 4621 occultis
897 4571 1325 4640 cogitationibus
1356 4578 1421 4630 ad
1445 4577 1547 4633 Job
1580 4577 1792 4634 locutus
1824 4591 1907 4634 est
1938 4583 2066 4636 sub-

486 4654 654 4709 tiliter
692 4659 947 4715 seducere
987 4665 1175 4721 volens
1217 4668 1479 4725 famulum
1520 4670 1619 4726 Dei
1670 4670 2061 4728 inviolabilem.

484 4743 661 4812 Super
701 4763 821 4816 quae
877 4752 1126 4810 universa
1190 4759 1455 4829 adjiciens
1517 4761 1650 4816 dicit
1685 4783 1697 4817 :
1739 4760 1875 4816 Ecce
1925 4768 2065 4818 enim

480 4838 829 4895 exterminata
872 4855 947 4897 est
984 4851 1233 4903 memoria
1264 4861 1356 4904 tua
1388 4869 1419 4905 a
1452 4863 1593 4906 terra
1612 4854 1653 4907 δ.
1698 4853 1838 4920 Quid
1866 4870 2065 4925 exspe—

480 4930 639 4983 ctas?
668 4934 795 5000 quid
824 4938 1099 4993 sustines?
1127 4942 1256 5011 quid
1287 4944 1509 5013 speras?
1551 4945 1681 5016 quid
1732 4956 1945 5017 tempus
1972 4963 2064 5001 sa—

480 5018 609 5075 lutis
665 5029 989 5094 exspectas?
1052 5031 1419 5088 Exterminata
1467 5045 1542 5088 est
1590 5036 1844 5090 memoria
1894 5049 1986 5091 tua
2032 5055 2065 5091 a

485 5120 645 5167 terra.
696 5114 1064 5175 Exterminata
1091 5134 1174 5178 est
1204 5126 1349 5180 enim
1371 5167 1387 5194 ,
1424 5126 1675 5195 sublata,
1710 5128 1884 5183 ﬁnita.
1930 5128 2065 5182 Prn-

478 5204 661 5274 jeclus
690 5223 835 5275 esse,
875 5212 1069 5283 inquit,
1107 5218 1327 5285 videris,
1364 5229 1419 5274 ct
1458 5229 1719 5289 tanquam
1754 5236 1861 5276 non
1888 5222 1965 5277 sis
1994 5220 2063 5275 ab

482 5297 733 5353 Omnibus
766 5305 1059 5373 reputaris.
1105 5306 1465 5363 Deseruerant
1503 5326 1736 5381 namque
1769 5320 1821 5366 te
1851 5326 2061 5378 omnes,

482 5388 851 5449 discesserunt
880 5396 1084 5461 cuncti,
1113 5398 1265 5454 obliti
1292 5409 1419 5455 sunt
1460 5402 1722 5468 universi,
1743 5401 2065 5472 desperave-

487 5496 613 5539 runt
646 5497 697 5541 te
737 5488 859 5555 toti,
888 5498 943 5544 et
970 5490 1063 5559 qui
1096 5506 1283 5562 prope,
1323 5503 1377 5549 et
1414 5495 1502 5561 qui
1543 5495 1703 5567 longe
1742 5506 1892 5560 sunt,
1932 5496 2063 5567 quia

488 5575 665 5631 deleta
710 5588 795 5634 est
847 5581 1107 5636 memoria
1156 5591 1243 5637 tua
1286 5600 1316 5638 a
1374 5594 1543 5640 terra.
1592 5585 1813 5653 Quanti,
1862 5587 2061 5657 inquit,

558 5752 577 5783 ³
606 5749 705 5807 Job
740 5768 798 5818 ιι,
832 5753 884 5809 9.
962 5753 983 5785 ⁸
1012 5755 1141 5811 ibid.

1225 5757 1243 5787 '
1276 5756 1419 5813 Psal.
1452 5773 1560 5826 εει,
1594 5757 1645 5813 7.
1738 5761 1755 5791 ⁶
1796 5757 1893 5816 Job
1920 5742 1957 5825 ἑ,
1983 5760 2035 5815 5.

2103 3150 2147 3208 C

2098 4496 2143 4555 Ι)

2180 1922 2371 1962 omnes
2400 1906 2599 1961 habere
2622 1907 2930 1963 instruxisti
2966 1927 2979 1962 :
3021 1908 3113 1963 ﬁlii
3147 1907 3221 1963 tui
3251 1922 3349 1978 pro
3376 1908 3580 1978 quibus
3605 1906 3776 1962 corde

2183 1997 2329 2050 fuisti
2344 1997 2608 2052 sollicitus
2625 2007 2680 2051 et
2698 1998 2879 2052 animo
2897 1998 3148 2068 cogitasti
3167 2006 3222 2053 et
3241 1997 3543 2068 singularia
3562 1999 3779 2052 sacrili-

2181 2087 2262 2140 cia
2285 2086 2678 2149 immolasti,de
2697 2086 2896 2157 quibus
2913 2089 3053 2158 apud
3078 2090 3421 2158 temetipsum
3441 2087 3628 2142 dixisti
3651 2106 3664 2143 :
3689 2088 3779 2142 Ne

2182 2177 2318 2246 forte
2336 2177 2435 2245 ﬁlii
2457 2179 2557 2231 mei
2578 2179 2633 2231 in
2658 2179 2968 2247 praecordiis
2989 2180 3129 2232 mala
3150 2181 3495 2249 cogitaverim
3514 2182 3777 2232 adversus

2181 2268 2348 2324 Deum
2378 2270 2418 2323 ⁸.
2451 2269 2543 2324 Isti
2576 2285 2705 2340 ergo
2737 2270 2829 2325 ﬁlii
2864 2286 3002 2341 quos
3052 2271 3129 2325 tui
3181 2272 3425 2327 ltaaredes
3479 2271 3602 2327 fore
3636 2286 3764 2341 spe-

2183 2360 2336 2427 rasti,
2368 2376 2398 2415 a
2425 2362 2623 2431 quibus
2650 2361 2987 2431 sepulturam
3010 2371 3357 2433 accepturum
3388 2371 3444 2417 te
3475 2372 3779 2432 exspecta-

2180 2454 2271 2519 Sli,
2306 2468 2403 2522 per
2445 2468 2581 2522 quos
2631 2470 2830 2509 nomen
2866 2463 3017 2509 tuum
3070 2469 3134 2510 ac
3185 2455 3509 2510 memoriam
3545 2464 3673 2524 post
3718 2465 3777 2509 te

2182 2560 2402 2601 manere
2441 2546 2747 2601 credidisti.
2781 2546 2875 2601 lsti
2904 2561 3035 2617 ergo
3063 2546 3156 2601 ﬁlii
3190 2547 3388 2617 quibus
3414 2546 3563 2601 inter
3597 2546 3781 2601 Ιιοιιιίο

2181 2654 2278 2693 nes
2310 2638 2443 2693 nihil
2461 2645 2545 2694 est
2570 2638 2805 2704 dulcius,
2834 2640 3035 2709 quibus
3062 2639 3197 2694 nihil
3238 2648 3323 2694 est
3351 2639 3496 2694 inter
3517 2639 3778 2695 carnales

2180 2730 2419 2785 cbarius.
2452 2728 2543 2785 Isti
2563 2730 2665 2785 ﬁlii.
2688 2732 2764 2785 tui
2795 2745 3027 2801 quorum
3051 2731 3315 2787 visionem
3346 2746 3454 2786 non
3481 2740 3776 2801 exspecta—

2179 2822 2263 2877 bis
2310 2822 2565 2893 amplius,
2598 2838 2831 2894 quorum
2867 2823 3059 2878 faciem
3110 2838 3217 2879 non
3268 2821 3478 2879 videbis
3512 2824 3774 2887 ulterius,

2180 2928 2417 2983 quorum
2456 2915 2825 2969 reversionem
2857 2928 2960 2983 non
2989 2927 3178 2983 speras
3196 2911 3451 2981 amplius.
3477 2910 3599 2967 Non
3622 2912 3775 2964 enim

2178 3005 2234 3058 in
2274 3004 2670 3075 profectionem
2705 3015 2989 3061 terrenam
3024 3010 3421 3076 perrexerunt,
3474 3011 3538 3057 ut
3587 3002 3778 3057 denuo

2184 3098 2554 3152 reversionem
2591 3111 2778 3166 speres
2813 3111 3029 3162 eorum,
3055 3110 3231 3166 neque
3263 3095 3317 3149 in
3343 3093 3583 3149 navibus
3615 3094 3777 3148 navi-

2179 3198 2369 3262 gantes
2408 3190 2477 3244 ad
2513 3198 2734 3245 exteras
2759 3188 3070 3259 provincias
3093 3188 3456 3252 transierunt,
3485 3196 3547 3241 ut
3586 3186 3777 3245 denuo

2178 3283 2245 3337 ad
2273 3292 2487 3353 tempus
2521 3291 2831 3338 remeantes
2878 3281 3179 3352 suscipere,
3234 3292 3398 3351 atque
3430 3282 3624 3337 videre
3678 3295 3776 3336 eos

2178 3374 2378 3446 possis.
2408 3374 2578 3429 Terra
2622 3374 2743 3430 illos
2798 3374 2981 3430 subito
3022 3374 3328 3445 cooperuit,
3369 3383 3426 3428 et
3457 3388 3614 3429 mors
3650 3373 3778 3430 illos

2177 3475 2405 3523 cunctos
2450 3468 2655 3539 pariter
2688 3468 2961 3538 perdidit;
2999 3467 3195 3522 domus
3255 3466 3414 3521 ruina
3473 3482 3775 3522 commune

2177 3560 2489 3629 sepulcrum
2517 3560 2624 3614 illis
2645 3560 2858 3615 cunctis
2889 3558 3089 3616 elfecit.
3145 3556 3261 3625 Isti,
3300 3557 3502 3629 inquit,
3537 3558 3642 3613 ﬁlii
3691 3557 3774 3612 tui

2175 3658 2230 3706 cl
2262 3668 2367 3707 non
2388 3652 2559 3706 solum
2584 3652 2678 3707 ﬁlii
2709 3653 2874 3708 sedet
2901 3652 3041 3705 ﬁliae.
3073 3650 3132 3705 Si
3152 3652 3297 3705 enim
3320 3652 3495 3705 solum
3519 3651 3617 3703 lilii
3652 3666 3776 3720 pcr-

2177 3744 2399 3808 iissent,
2457 3744 2580 3798 lilia:
2622 3758 2754 3800 vero
2807 3754 3189 3814 superessent,
3246 3741 3517 3796 diminuta
3575 3741 3774 3797 fuisset

2175 3836 2416 3901 miseria,
2464 3838 2876 3907 diminutusque
2925 3836 3190 3891 nefandus
3244 3834 3425 3891 dolor.
3490 3833 3769 3889 Filiarutu

2176 3944 2413 3999 namque
2446 3928 2868 4000 prosperitatem
2911 3943 3008 3997 pro
3041 3926 3349 3982 haeredibus
3379 3936 3771 3997 exspectares.

2178 4019 2420 4073 ﬁliarum
2462 4020 2783 4088 progeniem
2832 4034 2931 4087 pro
2975 4019 3345 4073 consolatione
3384 4020 3646 4084 duceres,
3683 4034 3777 4073 rec

2182 4112 2480 4166 stituerent
2524 4113 2624 4167 tibi
2677 4112 2909 4167 liliarum
2943 4112 3056 4166 nati
3106 4111 3338 4167 ﬁliorum
3371 4112 3770 4181 direptionem.

2174 4202 2325 4259 Nunc
2351 4219 2480 4258 vero
2510 4215 2565 4259 et
2607 4205 2701 4259 ﬁlii
2746 4206 2825 4259 tui
2870 4213 2925 4260 et
2961 4206 3084 4260 lilia:
3116 4219 3307 4260 omnes
3363 4207 3580 4275 pariter
3640 4222 3774 4277 pere

2173 4294 2576 4363 ierunt,onmes
2607 4298 2710 4352 sub
2736 4313 2844 4351 uua
2878 4298 3015 4352 hora
3052 4297 3215 4353 deleti
3240 4306 3392 4361 sunt,
3423 4312 3625 4353 omnes
3660 4313 3772 4351 uno

2174 4397 2417 4457 tempore
2449 4387 2502 4442 in
2532 4398 2710 4443 morte
2737 4398 2994 4460 tanquam
3028 4389 3079 4443 in
3111 4389 3303 4460 pelago
3330 4390 3577 4444 demersi
3605 4399 3772 4446 sunt:

2170 4494 2362 4535 omnes
2383 4479 2436 4533 in
2475 4496 2581 4534 una
2616 4481 2779 4536 domo
2830 4491 3087 4551 tanquam
3144 4481 3199 4535 in
3252 4496 3357 4535 una
3385 4481 3516 4535 navi
3545 4498 3577 4535 a
3608 4491 3776 4537 terra:

2175 4572 2366 4642 pelago
2395 4572 2639 4643 absorpti
2673 4582 2801 4627 sunt
2828 4593 2843 4629 :
2876 4582 2930 4629 et
2961 4578 3105 4630 sicut
3137 4573 3204 4629 iis
3227 4574 3318 4642 qui
3350 4574 3405 4627 in
3440 4575 3643 4645 pelago
3676 4577 3776 4629 de-

2174 4666 2337 4721 mersi
2389 4664 2595 4721 fuerint
2631 4667 2976 4722 ascensionis
3015 4667 3099 4722 vel
3148 4666 3340 4722 salutis
3370 4681 3499 4738 spes
3531 4668 3775 4721 ulterius

2176 4772 2284 4812 non
2320 4766 2425 4826 est,
2473 4759 2555 4814 sic
2598 4759 2854 4826 ﬁliorum,
2890 4759 3089 4830 inquit,
3127 4768 3341 4813 tuorum
3369 4768 3425 4814 et
3459 4759 3705 4813 liliarum
3743 4774 3775 4812 a

2174 4852 2406 4908 mortuis
2451 4851 2788 4909 lamentabili
2821 4854 3094 4924 profundo
3140 4854 3529 4922 absorptorum
3580 4867 3777 4907 rever-

2172 4943 2348 4999 sionis
2382 4943 2467 5000 vel
2519 4946 2879 5015 reparationis
2926 4960 3049 5014 spes
3108 4943 3340 5012 amplius
3391 4958 3506 4997 non
3549 4951 3658 5007 est,
3713 4950 3777 4997 ut

2172 5033 2314 5088 diem
2348 5038 2621 5091 memoriae
2650 5044 2757 5091 ture
2792 5038 3105 5105 celebrent,
3144 5045 3205 5091 ut
3245 5045 3468 5108 tempus
3500 5042 3776 5093 recorda-

2173 5128 2341 5184 tionis
2368 5138 2473 5185 tuaa
2495 5139 2679 5201 agant.
2711 5131 2823 5193 Sic,
2853 5131 3096 5200 inquam,
3136 5131 3230 5185 ﬁlii
3268 5131 3345 5185 tui
3387 5141 3445 5186 et
3476 5130 3606 5185 ﬁliae
3638 5139 3778 5185 ante

2170 5229 2383 5289 tempus
2411 5222 2716 5291 perierunt,
2751 5237 2942 5277 omnes
2988 5230 3116 5278 ante
3147 5230 3362 5292 tempus
3389 5236 3419 5275 a
3456 5229 3641 5277 morte
3681 5223 3777 5277 di-

2171 5314 2309 5383 repti
2338 5323 2503 5381 sunt,
2547 5324 2605 5370 ut
2644 5332 2748 5371 non
2782 5317 3229 5386 deri-linquerent
3257 5314 3673 5386 posteritatem,
3710 5323 3777 5370 ut

2171 5422 2296 5460 cutn
2330 5417 2557 5477 nepotes
2587 5424 2694 5463 non
2732 5420 3051 5479 supersunt,
3088 5408 3174 5463 avi
3202 5422 3233 5461 a
3280 5408 3432 5463 nullo
3466 5409 3778 5463 nominen-

2172 5507 2281 5554 tur.
2313 5498 2418 5555 Sed
2454 5500 2561 5555 noli
2585 5508 2797 5571 putare,
2831 5498 2998 5567 oJob,
3021 5500 3167 5571 quod
3196 5498 3289 5554 tibi
3320 5498 3423 5554 soli
3451 5497 3597 5553 ﬁlios
3631 5499 3777 5553 istos

2170 5590 2445 5661 deputem,
2472 5593 2564 5649 sed
2600 5593 2731 5649 mihi
2757 5592 2936 5664 potius
2971 5591 3195 5664 deputo,
3246 5589 3343 5648 sed
3390 5592 3529 5646 mihi
3583 5593 3777 5663 magis
