3942 6550
239 514 343 569 681
1353 507 1735 565 ANONYMUS
1772 510 1792 564 ι

1956 508 2017 563 Β.
2058 539 2126 551 —-
2164 508 2289 563 LIB.
2337 508 2400 564 ll.
3404 514 3511 569 482

234 647 571 695 succenseo,
601 632 727 694 Mei,
761 630 955 701 inquit,
978 630 1114 684 uteri
1144 637 1272 684 sunt
1296 631 1516 701 gemitus
1546 640 1595 685 et
1623 630 1832 686 dolores
1860 636 1903 693 Α
1938 640 2197 700 provocet
2226 645 2471 692 sensum,
2504 634 2563 681 ut
2615 635 2813 684 atterat
2839 638 3097 694 mentem,
3130 637 3191 684 ut
3221 643 3513 703 cxaggerct

233 742 375 797 quos
406 727 463 779 in
492 740 716 779 vacuum
746 722 1017 789 portari",
1044 722 1291 775 laborum
1322 736 1445 775 cum
1495 722 1699 792 gemitu
1738 738 1828 777 re-
1933 723 2199 788 animum,
2230 731 2287 777 ut
2306 722 2591 794 perturbet
2629 719 2952 790 praecordia,
2990 729 3049 774 ut
3096 720 3348 775 immutet
3375 737 3514 778 con-

238 817 601 873 tributionem
633 816 701 871 ab
733 814 842 870 illis
865 830 970 870 non
996 814 1206 885 accepi.
1247 814 1736 869 remunerationem
1760 831 1826 870 ex
1931 815 2239 878 scientiam,
2275 825 2335 868 ut
2360 815 2687 869 delassando
2741 821 2903 883 atque
2940 813 3239 883 fatigando,
3272 823 3328 870 et
3356 814 3514 869 debi-

238 906 327 961 eis
358 920 469 960 non
506 904 697 959 habeo.
739 901 916 969 Uteri,
953 903 1148 973 inquit,
1177 903 1279 956 mei
1311 905 1542 972 gemitus
1583 912 1637 959 et
1678 903 1831 957 dolo-
1930 906 2035 961 lem
2068 917 2230 978 atque
2252 907 2635 976 desperantem
2680 904 2981 971 efﬁciendo,
3015 906 3080 958 ad
3109 906 3508 976 blasphemiam

238 1014 357 1060 res,
407 1012 533 1052 cum
580 996 780 1066 gemitu
811 1002 866 1049 et
908 993 1095 1049 dolore
1122 1009 1152 1047 a
1190 1008 1277 1048 me
1325 994 1517 1048 nutriti
1573 995 1826 1050 miseram
1930 1015 2053 1055 eum
2079 1009 2406 1070 provocaret
2458 1011 2622 1069 atque
2656 1006 3020 1053 converteret.
3049 998 3182 1052 Nam
3213 999 3261 1053 is
3288 999 3381 1068 qui
3405 999 3509 1052 ali-

238 1098 411 1158 atque
440 1088 740 1143 solitariam
772 1087 1109 1158 reliquerunt
1138 1102 1241 1153 me,
1268 1086 1319 1140 itt
1348 1086 1628 1143 doloribus
1663 1097 1829 1160 atque
1929 1107 2090 1162 quem
2120 1107 2316 1162 passus
2342 1091 2498 1146 fuerit
2524 1091 2790 1153 dolorem,
2812 1106 2935 1145 cum
2966 1093 3368 1160 tonsumpserit
3389 1091 3512 1159 ejus

238 1182 537 1252 gemitibus
568 1194 656 1234 me
683 1180 1025 1236 dimiserunt.
1056 1178 1190 1234 Cum
1215 1178 1512 1243 doloribus,
1536 1180 1730 1250 inquit.
1763 1194 1827 1234 ac
1930 1184 2194 1245 dolorem,
2230 1185 2518 1238 verborum
2548 1182 2722 1253 magis
2767 1193 3090 1253 provocatur
3140 1182 3511 1239 admonitione

234 1275 449 1344 gemitu
478 1271 688 1342 peperi,
724 1270 941 1326 dolores
967 1286 1030 1327 ac
1058 1271 1300 1340 pericula
1326 1272 1378 1326 in
1407 1272 1495 1326 die
1524 1273 1827 1328 nativitatis
1929 1290 2092 1345 quam
2136 1274 2483 1345 improperiis
2510 1292 2524 1329 :
2562 1283 2616 1330 et
2640 1276 3048 1343 increpationes
3077 1274 3322 1329 minores
3348 1283 3511 1343 atque

235 1379 436 1419 eor-tim
469 1362 781 1419 suﬁerendo
816 1380 833 1417 :
875 1378 997 1417 cum
1049 1362 1235 1417 dolore
1275 1377 1340 1417 ac
1380 1363 1672 1433 gemitibus
1718 1381 1826 1419 nu-
1931 1367 2177 1422 mitiores
2207 1381 2329 1422 esse
2358 1366 2611 1422 videntur
2642 1366 2816 1436 magis
2846 1381 3009 1436 quam
3035 1382 3160 1421 cum
3207 1382 3511 1437 provocan-

238 1457 393 1519 lrivi,
438 1471 720 1526 compassa
775 1455 1021 1512 infantia:
1063 1470 1252 1511 eorum
1288 1465 1451 1527 atque
1501 1459 1825 1526 inﬁrtnitati,
1931 1464 2019 1512 tur
2049 1459 2253 1522 verbis,
2289 1470 2450 1529 atque
2480 1460 2845 1513 admonentur
2874 1458 3129 1528 eloquiis,
3187 1468 3243 1514 et
3297 1459 3511 1513 subtili-

239 1549 669 1618 congemiscens
698 1547 1053 1619 languoribus
1082 1560 1245 1619 atque
1294 1549 1585 1619 gemitibus
1613 1565 1822 1605 eorum.
1930 1558 2039 1604 tate
2074 1552 2363 1605 verborum
2416 1551 2767 1605 exulceratur
2824 1550 3005 1605 anima
3056 1550 3341 1622 patientis.
3394 1550 3510 1607 Hoc

235 1641 377 1727 Diam
415 1657 539 1696 cum
574 1642 994 1713 ingemiscerent
1024 1643 1187 1699 simul
1228 1643 1648 1715 ingemiscebam
1702 1660 1824 1699 cum
1926 1643 2136 1721 scil'cet
2190 1644 2371 1698 sciens
2424 1643 2794 1714 nequissimus
2847 1644 3114 1708 diabolus,
3168 1656 3392 1700 versute
3443 1658 3509 1699 ac

219 1736 321 1808 ,εἰς
351 1753 368 1802 ;
400 1751 523 1790 cum
555 1736 992 1800 inﬁrmarentur,
1023 1751 1123 1806 ego
1160 1738 1212 1791 in
1246 1752 1330 1792 me
1358 1735 1718 1807 suscipiebam
1743 1736 1827 1790 in-
1925 1728 2120 1788 callide
2138 1748 2234 1804 per
2254 1750 2317 1789 os
2337 1735 2522 1790 uxoris
2554 1736 2803 1806 loquens.
2832 1737 3075 1790 omnium
3101 1752 3225 1790 eum
3253 1738 3321 1792 ab
3353 1736 3507 1791 initio

235 1827 561 1883 ﬁrmitatem
587 1836 752 1897 atque
776 1828 1019 1884 dolorem
1053 1829 1290 1884 illorum.
1344 1829 1500 1896 Quis,
1531 1829 1725 1897 inquit,
1758 1844 1825 1883 ex
1925 1823 2347 1879 commonefecit
2373 1825 2647 1879 dolorum.
2682 1824 2885 1880 Uxoris
2916 1840 3114 1880 nomen
3177 1841 3303 1882 cum
3346 1826 3506 1881 audi-

232 1919 323 1974 bis
350 1920 449 1989 qui
480 1930 747 1989 generant
778 1920 941 1986 ﬁlios,
964 1920 1199 1991 ignorat.
1240 1936 1273 1975 ο
1306 1918 1427 1985 Job,
1462 1920 1694 1975 ﬁliorum
1727 1920 1824 1974 do-
1929 1917 2063 1982 eris,
2087 1916 2194 1971 noli
2218 1926 2411 1987 putare
2434 1918 2578 1986 quod
2603 1932 2739 1970 uxor
2755 1916 2869 1971 haec
2893 1917 3068 1971 locuta
3094 1916 3393 1981 fuerit,sed
3411 1934 3510 1974 ore

231 2013 411 2066 lorem
434 2010 458 2051 9
486 2010 623 2078 Quis
647 2026 713 2066 ex
768 2012 854 2068 his
904 2012 996 2082 qui
1050 2023 1208 2066 natos
1236 2020 1551 2083 procreant,
1583 2027 1823 2067 amorem
1856 1996 1898 2052 Β
1930 2009 2469 2063 usorisdeserviente
2498 2008 2711 2063 locutus
2739 2017 2822 2064 est
2844 2025 2943 2079 per
2963 2024 3025 2063 os
3048 2010 3168 2078 ejus
3189 2008 3511 2080 malignissi-

227 2108 405 2171 atque
426 2100 683 2156 aﬁ‘eclum
717 2101 956 2156 ﬁliorum
989 2102 1197 2156 nesciat
1218 2101 1241 2154 ?
1261 2100 1397 2167 Quia
1424 2114 1642 2154 onmem
1673 2100 1827 2153 dolo-
1927 2116 2073 2164 ntus,
2108 2102 2199 2171 qui
2228 2101 2394 2156 etiam
2424 2110 2476 2156 et
2510 2101 2707 2172 impias
2733 2101 3094 2171 cogitationes
3126 2102 3418 2155 seminavit
3454 2102 3507 2156 in

230 2208 353 2247 rem
386 2202 552 2262 atque
584 2191 957 2247 inﬁrmitatem
983 2200 1238 2246 natorum
1274 2192 1507 2245 libenter
1546 2191 1598 2245 in
1641 2204 1701 2244 se
1727 2204 1824 2259 pa-
1927 2196 2105 2248 anima
2136 2194 2302 2250 illius.
2327 2194 2760 2248 Animadvertite
2788 2194 3066 2263 quomodo
3110 2208 3302 2248 omnes
3353 2192 3507 2263 ipsos

228 2292 427 2340 rentes
469 2284 799 2353 suscipiunt,
851 2293 1059 2339 tantum
1095 2298 1162 2338 ne
1207 2283 1412 2352 aliquid
1469 2283 1696 2339 moleste
1744 2284 1825 2338 eis
1924 2293 2210 2341 enumerat
2233 2286 2472 2349 dolores,
2522 2287 2797 2356 quomodo
2828 2286 2896 2340 de
2925 2286 3180 2341 omnibus
3208 2301 3330 2339 eum
3353 2301 3505 2340 como

229 2376 473 2430 accidat.
511 2374 625 2430 Hoc
679 2385 735 2431 et
781 2390 895 2446 prae
946 2375 1204 2430 omnibus
1261 2374 1583 2430 muneribus
1633 2374 1825 2430 devote
1926 2373 2241 2430 munt-facit.
2284 2375 2578 2446 Quousque
2638 2377 2876 2432 susﬁnes
2930 2384 3329 2445 paupertatem,
3381 2375 3508 2429 ino-

228 2468 480 2540 itnpendi
514 2469 656 2523 natis
682 2484 749 2523 ex
781 2482 869 2523 me
898 2466 1198 2538 procreatis
1227 2467 1352 2522 ﬁliis
1377 2465 1485 2520 tuis
1507 2475 1562 2521 et
1585 2465 1825 2532 ﬁliabus,
1925 2468 2094 2540 piam,
2120 2470 2447 2535 nuditatem,
2480 2469 2907 2532 deformitatem,
2946 2469 3300 2539 improperia,
3333 2469 3506 2523 male-

227 2561 380 2615 uteri
437 2561 544 2615 mei
602 2559 883 2615 doloribus
954 2570 1118 2628 atque
1174 2559 1489 2628 gemitibus.
1549 2557 1657 2615 Sed
1709 2559 1824 2613 haec
1924 2558 2457 2615 dictiones?Deinde
2487 2559 2582 2614 ﬁlii
2616 2560 2689 2615 tui
2725 2569 2780 2615 et
2816 2560 2940 2614 ﬁliae
2971 2560 3274 2630 perierunt,
3332 2560 3505 2614 inter-

225 2660 442 2705 cuncta
478 2664 601 2704 cum
633 2664 795 2720 passa
848 2650 1040 2703 fuerim
1093 2657 1257 2717 atque
1308 2649 1665 2705 sustinuerim
1691 2688 1707 2714 ,
1768 2650 1822 2703 in
1925 2652 2123 2716 ierunt,
2166 2652 2453 2723 intercepti
2512 2660 2679 2719 sunt,
2722 2652 2880 2707 deleti
2925 2661 3074 2708 sunt.
3118 2650 3254 2706 Item
3284 2667 3414 2706 vero
3447 2661 3502 2706 tu

230 2757 474 2797 vacuum
502 2758 640 2797 vane
670 2743 1002 2812 exspectavi,
1033 2757 1157 2797 cum
1189 2743 1523 2811 sepulturam
1565 2744 1822 2798 mundam
1922 2746 2081 2802 sedes
2123 2746 2176 2801 itt
2213 2748 2499 2815 putredine
2526 2746 2793 2801 vermium
2814 2746 3071 2803 omnibus
3120 2745 3503 2810 exsecrabilis,

229 2834 316 2891 eis
350 2835 539 2890 facere
569 2834 791 2890 minime
820 2834 992 2902 valui,
1024 2835 1133 2890 illis
1170 2850 1199 2889 a
1230 2836 1430 2904 quibus
1474 2837 1607 2889 mihi
1658 2836 1824 2892 bono-
1921 2838 2176 2894 omnibus
2213 2837 2621 2901 ahomiuahilis,
2653 2838 2907 2893 omnibus
2936 2837 3275 2893 detestabilis
3308 2837 3376 2891 ad
3418 2840 3504 2891 vi—

227 2929 471 2985 rabilem
528 2928 865 3000 sepulturam
920 2926 1158 2999 speravi.
1213 2927 1345 2984 Post
1398 2928 1515 2983 haec
1566 2929 1820 2984 universa
1920 2931 2180 2997 dendum,
2211 2931 2695 3001 approximandmn
2748 2940 2912 3001 atque
2959 2930 3311 2995 audiendum,
3353 2940 3409 2985 et
3433 2928 3503 2985 ad

227 3022 398 3087 nihil,
436 3022 639 3093 inquit,
672 3021 956 3087 dixissem,
990 3020 1123 3074 nihil
1157 3028 1457 3090 conquesta
1492 3018 1742 3084 fuissem,
1772 3019 1820 3076 si
1922 3021 2094 3089 ipsam
2125 3022 2468 3093 putredinem
2509 3022 2764 3077 omnibus
2804 3023 3046 3076 odiosam
3088 3022 3497 3077 moderandam.

227 3124 305 3175 to,
344 3129 381 3167 ο
407 3111 531 3179 Job,
566 3128 668 3168 non
699 3112 977 3167 inﬁrmum
1006 3112 1269 3178 viderem,
1305 3112 1351 3167 si
1388 3122 1439 3167 te
1485 3128 1676 3167 sanum
1723 3112 1819 3167 lia-1
1921 3112 2125 3167 Deinde
2158 3123 2278 3182 post
2312 3114 2426 3167 hmo
2455 3113 2701 3168 universa
2733 3133 2745 3167 :
2772 3113 2841 3167 Et
2885 3131 3007 3184 ego,
3044 3116 3239 3183 inquit,
3281 3124 3339 3168 ut
3367 3131 3501 3185 vaga

226 3206 476 3261 buissem
509 3221 522 3256 :
559 3206 653 3261 sed
688 3205 827 3260 levia
878 3205 1010 3259 mihi
1075 3205 1308 3260 fuissent
1355 3205 1538 3261 omnia
1594 3221 1716 3277 quae
1768 3213 1821 3262 te.
1920 3212 1971 3257 et
2000 3203 2181 3256 habitu
2215 3203 2425 3258 oncillw
2457 3205 2771 3257 circumiens
2801 3204 2867 3257 de
2897 3204 3010 3258 loco
3057 3206 3111 3259 in
3151 3205 3323 3259 locum
3357 3214 3406 3259 et
3434 3206 3502 3259 de

235 3297 511 3353 incolumi
565 3298 969 3354 sustinuissem.
1030 3297 1185 3354 Sicut
1232 3298 1376 3355 enim
1411 3299 1487 3354 rei
1532 3299 1817 3355 familiaris
1845 3345 1885 3365 η
1920 3294 2155 3348 domoin
2178 3294 2413 3357 domum.
2442 3303 2497 3348 et
2525 3303 2717 3348 caetera
2751 3313 2764 3349 :
2798 3296 2996 3364 quibus
3022 3295 3307 3349 subtiliora
3336 3305 3502 3365 atque

236 3345 511 3353 -.πη-η-.
565 3345 969 3354 --------.-.,-.--.
1030 3345 1185 3354 νη-
1412 3345 1487 3354 .-.
1532 3345 1816 3355 -_.......--.-
2184 3345 2191 3347 ἡ
2452 3345 2494 3348 ρ
2636 3345 2671 3348 -ν
2752 3345 2764 3349 -
2805 3345 2993 3364 τη--
3338 3345 3499 3365 _-,---

220 3390 458 3459 jactura
486 3404 695 3444 memor
731 3404 836 3443 non
872 3405 1049 3445 essem
1082 3389 1127 3444 si
1185 3390 1386 3446 liberos
1437 3405 1546 3445 non
1600 3392 1818 3447 amisis-
1843 3345 1886 3403 ϐ
1918 3386 2198 3443 callidiora
2223 3386 2276 3441 in
2306 3387 2663 3443 subversione
2689 3387 2830 3456 loqui
2853 3402 2956 3443 non
2979 3395 3206 3455 poterat.
3241 3386 3499 3457 Postqntt

224 3498 370 3548 sem,
399 3481 655 3537 similiter
687 3498 794 3537 non
822 3498 998 3538 essem
1021 3484 1330 3549 recordata,
1376 3499 1478 3540 nec
1530 3486 1606 3540 rei
1660 3485 1817 3540 fami-
1920 3481 2174 3535 universa
2207 3494 2305 3547 pro
2336 3480 2580 3534 omnium
2613 3480 2985 3545 conclusione,
3027 3487 3312 3549 postquam
3370 3494 3497 3550 per-

226 3575 407 3641 liaris,
446 3590 551 3631 nec
584 3575 844 3637 ﬁliorum,
875 3576 919 3631 si
957 3574 1051 3629 tibi
1089 3575 1346 3631 incolumi
1377 3576 1644 3647 gratulata
1675 3576 1813 3633 fuis-
1920 3570 2191 3624 lurballlm
2212 3579 2265 3625 et
2280 3580 2831 3641 provocatum.alque
2847 3571 2989 3626 circa
3008 3569 3174 3625 Deum
3200 3570 3495 3625 excitatum

224 3683 368 3724 sem.
392 3667 550 3722 Nunc
573 3682 704 3723 vero
729 3677 779 3721 et
803 3677 857 3721 tu
877 3666 1141 3737 ipse,.lob,
1168 3671 1311 3723 sedes
1329 3668 1386 3722 in
1410 3670 1686 3736 putredine
1709 3685 1817 3723 ucr—
1918 3664 2128 3732 putavit
2155 3678 2278 3719 esse
2310 3679 2405 3718 cor
2423 3662 2561 3731 ejus,
2588 3664 2640 3717 in
2659 3664 3034 3734 supplemento
3056 3665 3298 3719 omnium
3325 3664 3497 3722 dixit:

224 3761 397 3813 mimis
446 3770 759 3828 pernoctans
790 3761 812 3791 ⁸
838 3769 891 3813 et
931 3757 1283 3828 pervigilans,
1343 3772 1467 3812 cum
1520 3757 1815 3813 vehemens
1922 3754 2016 3808 Dic
2068 3755 2288 3826 aliquod
2329 3759 2539 3809 uerbum
2586 3755 2642 3808 in
2689 3754 2972 3810 Dominum
3002 3766 3050 3810 et
3079 3773 3281 3811 morere
3314 3756 3379 3812 ιθ.
3413 3756 3496 3811 Ad

225 3851 389 3905 dolor
420 3859 566 3917 tuus,
597 3859 761 3922 atque
789 3850 1113 3905 miserabilis
1151 3860 1239 3903 tua
1265 3849 1447 3919 passio
1498 3847 1753 3904 auferens
1782 3862 1813 3902 a
1917 3848 2023 3901 hoc
2058 3849 2206 3903 enim
2234 3847 2383 3902 illum
2426 3848 2730 3903 adducebat
2760 3859 2923 3918 atque
2955 3849 3285 3915 attrabebat,
3330 3857 3387 3904 et
3427 3850 3496 3905 ad

224 3949 278 3995 te
315 3939 563 4010 requiem
593 3950 651 3994 et
689 3940 902 4011 vigilias
949 3939 1045 3994 tibi
1086 3953 1388 4008 procurans
1442 3936 1657 3994 dolores
1686 3949 1814 3994 tuos
1918 3938 2024 3992 hoc
2049 3937 2358 4008 ﬂagellabat
2386 3953 2509 3992 cum
2547 3937 2666 3993 haec
2702 3938 2955 3993 universa
2993 3939 3308 4007 loqueretur
3336 3938 3496 3993 mali-

223 4031 391 4086 ellicit
415 4032 742 4086 amariores.
786 4031 862 4085 Tu
892 4032 1024 4099 ipse,
1056 4031 1252 4100 inquit,
1279 4031 1337 4085 in
1380 4030 1660 4100 putredine
1704 4046 1815 4084 ver—
1914 4030 2204 4096 gnissitntts
2223 4028 2635 4085 diabolus.Nam
2655 4045 2777 4085 cum
2797 4044 2903 4084 non
2923 4029 3121 4085 valeret
3136 4045 3232 4099 per
3253 4030 3492 4096 dolores,

223 4126 393 4176 mium
440 4124 615 4178 sedes.
667 4123 824 4190 Quod
871 4122 1017 4178 enim
1078 4121 1389 4177 eﬁiciuntur
1446 4136 1637 4177 omnes
1691 4130 1814 4192 post
1914 4121 2706 4192 nisusestatqueputavitquod
2726 4121 3205 4190 perseductionem
3225 4125 3496 4175 eumsub-

226 4227 487 4279 mortem,
526 4214 631 4269 hoc
676 4215 934 4269 nimirum
966 4211 1192 4267 effectus
1239 4228 1299 4269 es
1370 4221 1424 4266 tu
1486 4212 1638 4267 solus
1685 4222 1813 4266 ante
1914 4226 2172 4271 verteret.
2197 4215 2302 4271 Sed
2325 4215 2432 4269 illic
2459 4229 2585 4269 vere
2604 4214 2954 4283 adimpletum
2981 4223 3065 4269 est
3087 4214 3228 4283 quod
3246 4223 3370 4283 post
3388 4214 3495 4269 hoc

225 4319 487 4363 mortem.
528 4307 681 4375 Quod
708 4308 851 4362 enim
878 4304 1189 4360 elliciuntur
1214 4319 1405 4359 omnes
1437 4305 1532 4374 qui
1565 4303 1809 4358 tnoriun-
1912 4310 2112 4364 dictum
2146 4319 2230 4364 est
2259 4325 2275 4365 :
2311 4306 2554 4362 Firmum
2589 4307 2991 4377 fundamentum
3035 4306 3133 4362 Dei
3166 4306 3349 4361 stabit.
3382 4306 3496 4362 Illic

224 4411 315 4456 tur
345 4402 403 4455 in
434 4399 708 4470 sepulcro,
738 4399 843 4454 hoc
866 4398 1123 4453 videlicet
1155 4396 1378 4452 eﬁ'ectus
1406 4410 1464 4451 es
1500 4406 1553 4449 tu
1585 4394 1737 4450 solus
1756 4394 1809 4448 in
1913 4418 2041 4457 vero
2071 4402 2359 4470 adimplela
2389 4410 2445 4457 et
2467 4399 2721 4470 parabola
2748 4399 2860 4463 illa,
2880 4414 3003 4471 qua:
3027 4415 3057 4454 a
3086 4399 3316 4455 Domino
3347 4399 3492 4455 dicta

226 4508 485 4548 murana.
512 4492 653 4559 Quid
688 4492 742 4547 in
772 4491 1118 4546 multitudine
1165 4488 1418 4559 gloriaris
1460 4486 1812 4558 justilicatio-
1912 4504 1995 4548 est
2016 4494 2081 4548 de
2105 4495 2265 4549 domo
2287 4493 2371 4547 illa
2391 4493 2570 4557 ﬁrma,
2599 4507 2718 4561 quae
2736 4506 2899 4561 super
2921 4501 3126 4562 petram
3154 4492 3374 4546 fundata
3404 4500 3491 4545 at-

221 4602 355 4642 num
378 4586 404 4640 7
441 4584 526 4639 Tu
553 4595 734 4640 autem
773 4586 971 4641 sedens
1005 4584 1061 4638 in
1087 4581 1371 4651 putredine
1392 4580 1655 4636 vermium
1682 4595 1809 4647 per-
1912 4599 2017 4655 que
2053 4583 2317 4638 atdiﬁcata
2363 4592 2471 4646 est,
2516 4596 2679 4651 quam
2710 4595 2900 4634 omnes
2938 4579 3083 4634 venti
3132 4586 3187 4633 et
3226 4592 3403 4646 aquae,
3437 4586 3493 4633 et

220 4691 464 4735 noctans
498 4692 563 4732 ac
588 4676 916 4748 pervigilans
951 4675 1217 4742 plurimos
1264 4673 1436 4728 habes
1495 4672 1589 4742 qui
1629 4679 1684 4727 te
1716 4687 1812 4727 ex-
1841 4683 1889 4741 ι)
1915 4690 2106 4733 omnes
2146 4678 2377 4745 impetus
2411 4674 2608 4729 diaboli
2641 4686 2985 4728 commovere
3022 4687 3128 4726 non
3173 4679 3486 4741 potuerunt.

221 4772 401 4825 citent
445 4784 680 4824 vermes-
721 4767 838 4822 Νοιι
881 4767 1027 4822 enim
1066 4766 1239 4834 Baulis
1294 4765 1383 4820 ille
1409 4764 1501 4834 (ιιιί
1533 4772 1656 4835 PDS!
1707 4764 1809 4818 hoc
1907 4770 2195 4829 Talisvero
2217 4764 2974 4835 fuitadmirahilisiob.quem
2992 4762 3488 4832 omnesupplicium

221 4866 447 4918 Petrum
479 4861 714 4925 vacabit,
754 4859 828 4914 ita
863 4859 1108 4914 excitare
1141 4858 1292 4912 illum
1327 4857 1552 4928 poterit,
1594 4857 1776 4912 sicutt

1929 4862 2126 4920 diaboli
2155 4857 2417 4929 compulit
2446 4856 2615 4911 Deum
2643 4856 3026 4925 derelinquere
3059 4869 3073 4905 :
3107 4866 3268 4921 quem
3300 4849 3486 4905 omnia

219 4958 468 5011 excitant
525 4968 758 5020 vermes,
816 4953 908 5023 qui
962 4953 1219 5007 devorant
1269 4965 1463 5005 carnes
1512 4958 1657 5004 tuas.
1689 4948 1776 5003 No:

1928 4961 2235 5024 trgumenta
2255 4949 2550 5005 adversarii
2585 4964 2690 5004 non
2722 4948 3078 5008 seduxerunt,
3095 4953 3199 4998 uta
3222 4942 3485 4998 Creatore

222 5057 439 5101 tantum
474 5043 762 5115 Egyptios
795 5042 900 5097 illa:
931 5041 1178 5113 plurimae
1206 5041 1586 5095 excitaverunt
1616 5038 1809 5109 plagae,
1909 5046 2235 5103 discederet.
2256 5045 2364 5098 Sed
2395 5042 2574 5096 adhuc
2602 5040 2747 5093 velut
2766 5054 2831 5093 ex
2856 5051 3085 5107 persona
3110 5035 3294 5089 uxoris
3323 5032 3486 5103 hujus

219 5142 368 5197 sicut
397 5151 452 5195 te
492 5137 775 5206 multiplex
825 5136 1057 5192 suscitat
1092 5135 1341 5205 putredo.
1374 5133 1504 5189 Post
1531 5148 1653 5203 qua:
1686 5132 1806 5186 uni-
1913 5139 2060 5194 verbi
2095 5136 2422 5191 mentionem
2453 5132 2749 5187 faciamus:
2782 5130 2845 5184 Et
2876 5146 2991 5200 ego,
3023 5128 3218 5198 inquit,
3258 5136 3315 5180 ut
3351 5141 3486 5195 uaga

220 5248 406 5298 versa,
436 5244 481 5286 et
513 5247 627 5301 ego,
653 5230 853 5302 inquit,
885 5239 940 5283 ut
970 5245 1119 5299 vaga,
1146 5236 1194 5282 et
1220 5228 1402 5281 habitu
1444 5223 1655 5279 ancillte
1690 5241 1805 5278 am-
1908 5238 1956 5282 et
1988 5227 2168 5281 habitu
2201 5225 2432 5279 αηεὶιιω.
2482 5224 2547 5278 Et
2575 5238 2676 5293 ego
2704 5221 2846 5276 mala
2895 5230 2985 5273 tua
3005 5259 3021 5284 ,
3066 5218 3269 5286 inquit,
3307 5226 3483 5271 tecum

223 5329 412 5381 bulans
442 5327 507 5379 de
534 5326 649 5379 loco
671 5325 727 5377 in
755 5324 928 5377 locum
951 5332 998 5377 et
1030 5322 1095 5376 de
1113 5322 1266 5375 domo
1307 5322 1363 5374 in
1398 5321 1608 5374 domum
1634 5318 1804 5387 operis
1910 5320 2119 5389 bajulo,‘
2153 5326 2275 5373 tuos
2321 5315 2535 5371 dolores
2567 5326 2743 5369 tecum
2768 5319 3033 5374 sustineo,
3081 5319 3204 5364 tuas
3234 5308 3485 5364 miserias

222 5437 408 5485 causa,
438 5428 745 5486 exspectans
769 5416 984 5488 quando
1012 5414 1092 5470 sol
1131 5414 1314 5469 subeat
1354 5423 1401 5467 et
1444 5411 1671 5481 requiem
1700 5410 1803 5464 Im-
1910 5423 2085 5467 tecum
2112 5410 2307 5481 patior,
2338 5418 2395 5464 et
2427 5422 2550 5476 ego,
2577 5406 2773 5474 inquit,
2801 5404 3078 5457 discedere
3108 5415 3214 5455 non
3240 5414 3481 5469 possum,

223 5513 370 5565 beam
403 5509 644 5562 laborum
686 5517 733 5562 et
762 5508 1070 5578 gemituum,
1104 5505 1193 5576 qui
1226 5519 1364 5558 nunc
1408 5518 1488 5556 me
1512 5500 1803 5570 apprehen-
1910 5499 2292 5569 derelinquere
2317 5505 2370 5551 te
2398 5510 2505 5551 non
2537 5494 2731 5549 tolero.
2773 5492 2842 5546 Et
2867 5508 2960 5563 ego
2990 5502 3045 5544 ut
3069 5507 3199 5559 saga
3217 5499 3264 5543 et
3294 5488 3480 5543 habitu

222 5600 484 5656 derunt’.
514 5600 559 5654 0
594 5600 905 5669 malignitas
954 5596 1276 5662 adversarii,
1307 5592 1636 5650 ocalliditas
1683 5592 1799 5646 dia-
1905 5590 2139 5645 ancillis.
2189 5591 2333 5659 Vaga
2386 5586 2532 5643 velut
2578 5584 2880 5657 peregrina,
2945 5583 3190 5646 latitans,
3254 5581 3478 5642 misera.

222 5693 352 5752 buli.
390 5705 424 5746 0
458 5686 675 5745 fallacia
704 5687 1057 5760 nequissimi,
1113 5702 1273 5760 quam
1309 5684 1506 5739 blande
1535 5682 1795 5753 loquitur,
1906 5681 2171 5748 solitaria,
2224 5679 2440 5744 infelix,
2498 5679 2672 5749 inops.
2706 5677 2773 5732 Et
2802 5690 2903 5747 ego
2949 5689 3105 5745 vaga,
3138 5673 3305 5727 Veluti
3331 5685 3462 5727 erro

223 5801 386 5855 quam
421 5783 627 5840 callide
659 5780 895 5851 decipit,
931 5793 1094 5850 quam
1130 5775 1518 5833 miserabiliter
1545 5772 1708 5837 fatur,
1740 5778 1797 5827 ut
1907 5785 2035 5840 nea,
2074 5779 2329 5826 lanuuam
2366 5769 2576 5825 viarum
2618 5776 2675 5825 et
2727 5778 3067 5840 egressuum,
3102 5772 3264 5833 atque
3315 5763 3479 5819 totius

317 5991 334 6003 -
369 5968 438 6021 ob
472 5980 529 6034 tt,
562 5963 613 6017 9.
691 5961 863 6018 'ibid.
957 5960 977 5992 ’
1007 5958 1134 6015 ibid.
1214 5956 1256 5987 ¹⁰
1284 5952 1411 6010 ibid.
