3942 6520
499 470 505 476 ’
525 462 631 516 ᾶδῦ
1611 462 1990 519 ANONYMUS
2032 461 2097 516 iN

526 583 769 638 civitatis
799 582 1059 638 transitus
1081 583 1286 653 ignara.
1317 582 1449 638 Nam
1479 583 1621 639 intra
1644 584 1843 655 palatia
1873 584 2099 653 nutrita,

527 681 585 728 et
609 673 661 727 in
692 687 859 744 regno
884 673 1095 738 vivens,
1123 681 1178 727 et
1206 675 1257 728 in
1289 674 1595 744 principatu
1633 685 1795 745 atque
1824 675 2099 745 opulentia

530 766 754 834 degens,
807 766 1046 819 omnium
1080 765 1211 819 foris
1257 781 1409 820 eram
1449 767 1659 836 ignara.
1720 766 1799 822 0b
1834 768 1935 822 hoc
1975 781 2097 837 ego,

528 855 724 921 inquit,
756 865 813 909 ut
843 871 973 925 vaga
1034 857 1329 923 circumeo,
1382 866 1545 926 atque
1586 873 1732 923 erro,
1765 868 1951 927 utpote
1981 874 2100 913 om-

528 949 675 1003 nium
706 949 876 1003 inscia
908 959 961 1004 et
996 950 1207 1004 viarum
1237 959 1292 1005 et
1329 952 1578 1005 itinerum
1608 961 1659 1006 et
1704 952 2013 1006 incessuum
2044 960 2099 1005 et

527 1040 944 1109 colloquiorum,
979 1050 1033 1095 et
1068 1059 1171 1096 non
1204 1043 1375 1096 solum
1422 1059 1584 1114 vaga,
1627 1046 1719 1097 sed
1757 1045 1941 1097 habitu
1996 1060 2097 1098 an-

528 1131 668 1185 cilla:
716 1142 972 1201 tauquam
1035 1134 1401 1200 mercenaria,
1462 1146 1624 1203 atque
1656 1134 1779 1189 aliis
1828 1135 2094 1202 indigens,

527 1233 784 1291 tanquam
868 1224 1052 1278 infelix
1120 1233 1176 1278 et
1250 1227 1560 1281 omnimode
1632 1226 1808 1295 inops.
1899 1226 2094 1281 Habitu

525 1316 756 1379 ancilltc,
790 1327 972 1385 utpote
994 1332 1225 1386 operans
1264 1332 1329 1372 ac
1378 1318 1627 1372 laborans
1660 1328 1713 1372 et
1747 1334 2092 1374 mercennum

527 1407 767 1473 iaciens;
824 1420 879 1463 et
929 1410 1182 1464 omnibus
1234 1411 1569 1480 supplicans,
1621 1421 1787 1481 atque
1844 1414 2095 1469 omnibus

525 1499 767 1564 humilis,
803 1510 987 1569 utpote
1039 1503 1294 1557 omnibus
1344 1504 1609 1573 subjecta,
1672 1505 1752 1559 sic
1801 1505 1981 1574 itaque
2035 1514 2097 1560 ut

522 1603 680 1657 vaga,
725 1591 938 1660 inquit,
984 1600 1038 1646 et
1086 1592 1274 1649 habitu
1328 1595 1565 1650 ancillae.
1607 1594 1878 1653 luuumeri
1928 1599 2094 1681 servi,

523 1694 684 1751 atque
737 1682 1039 1739 innumera:
1086 1685 1297 1739 ancilla!
1348 1686 1475 1739 olim
1518 1689 1830 1743 Servierunt
1865 1689 1996 1743 milii
2042 1699 2097 1744 et

522 1774 966 1829 ministraverunt
1005 1784 1061 1829 et
1095 1777 1402 1831 detulerunt
1443 1787 1496 1832 et
1534 1780 1771 1845 requiem
1805 1781 2094 1845 dederunt,

521 1879 572 1921 et
603 1868 844 1937 undique
875 1885 1000 1923 cum
1032 1870 1343 1925 reverentia
1392 1871 1757 1927 adoraverunt
1784 1888 1868 1928 me
1902 1889 1915 1927 :
1952 1890 2094 1930 nunc

520 1978 650 2015 vero
680 1962 746 2014 ad
783 1970 984 2015 tantam
1019 1961 1392 2018 infelicitatem
1422 1965 1670 2019 devoluta
1706 1980 1850 2031 sum,
1882 1966 1949 2021 ad
1973 1975 2093 2021 tan-

520 2060 628 2103 tam
674 2051 946 2105 miseriam
986 2053 1231 2121 perveni,
1268 2059 1327 2106 ut
1359 2054 1475 2121 ipsa
1520 2068 1621 2122 ego
1664 2068 1794 2122 vaga
1830 2053 1950 2109 aliis
1982 2070 2096 2110 ser-

518 2141 737 2204 vierim,
776 2141 1027 2197 omnibus
1065 2143 1333 2213 indigens,
1361 2144 1611 2201 omnibus
1638 2145 1906 2216 subjecta.
1954 2147 2089 2219 Ego,

521 2234 717 2303 inquit,
740 2250 860 2303 quae
883 2236 1203 2292 immensum
1224 2253 1507 2293 numerum
1534 2239 1751 2309 inopum
1784 2249 1946 2310 atque
1960 2256 2093 2310 pau-

518 2341 729 2395 perum,
754 2326 1047 2382 infelicium
1062 2343 1301 2399 quoque,
1321 2344 1385 2384 ac
1403 2331 1665 2386 nudorum
1688 2332 2094 2403 sitientiumque

517 2418 645 2471 olim
673 2433 737 2473 ex
780 2419 885 2473 tuis
928 2428 983 2472 et
1012 2420 1148 2475 meis
1191 2420 1469 2476 laboribus
1513 2430 1679 2492 atque
1731 2421 2089 2481 facultatibus

519 2508 779 2570 saturavi,
798 2508 1011 2572 vestivi,
1039 2507 1303 2575 beneleci,
1328 2510 1589 2578 requievi,
1613 2510 1953 2582 refrigeravi,
1971 2527 2093 2580 ego,

520 2598 718 2667 inquit,
745 2600 812 2653 ad
850 2609 1027 2654 tantos
1058 2600 1273 2655 dolores
1301 2609 1355 2654 et
1403 2601 1672 2665 miserias,
1710 2613 1870 2672 atque
1918 2604 2096 2659 infelio

521 2690 739 2745 citatem
765 2692 1010 2759 perveni,
1054 2701 1111 2746 ut
1139 2701 1395 2762 tanquam
1431 2708 1567 2763 vaga
1599 2694 1947 2762 circumiens,
1973 2696 2093 2752 aliis

519 2792 743 2851 propter
791 2783 1026 2852 in0piam
1072 2784 1329 2851 serviam,
1358 2792 1419 2837 tit
1464 2784 1590 2848 tibi,
1645 2785 1841 2856 inquit,
1887 2802 1921 2842 ο
1970 2786 2092 2853 Job,

524 2872 899 2940 quotidianam
951 2889 1133 2930 escam
1187 2890 1479 2931 mercenno
1534 2877 1834 2946 acquiram,
1887 2888 1945 2935 ttt
2000 2879 2092 2935 tibi

520 2965 898 3035 quotidianum
938 2966 1141 3021 victum
1181 2967 1477 3022 inveniam.
1510 2967 1589 3024 0b
1631 2970 1760 3033 hoc,
1808 2970 2002 3040 inquit,
2037 2979 2095 3026 ut

522 3072 655 3127 vaga
678 3066 733 3111 et
763 3056 949 3115 habitu
978 3057 1191 3113 ancillae
1219 3058 1287 3115 de
1322 3059 1443 3114 loco
1477 3061 1544 3115 ad
1586 3059 1759 3115 locmn
1794 3061 2093 3129 circumeo,

520 3155 575 3201 et
607 3149 673 3203 de
695 3149 856 3203 domo
898 3148 950 3203 in
985 3148 1225 3215 domum,
1258 3150 1427 3206 sicubi
1458 3165 1772 3221 exposcam,
1800 3161 1855 3207 et
1886 3152 2095 3208 mendi—

519 3256 662 3306 rem,
708 3249 985 3309 expetam,
1023 3241 1107 3294 vel
1138 3251 1195 3296 ttt
1228 3242 1393 3301 etiam
1440 3256 1730 3300 mercenno
1759 3244 1993 3314 exigam,
2031 3244 2096 3299 de

520 3332 639 3386 loco
674 3334 737 3385 ad
770 3334 970 3396 locum,
1021 3333 1088 3388 de
1116 3336 1276 3387 domo
1318 3334 1372 3391 itt
1402 3335 1618 3389 domum
1656 3336 1951 3391 circumeo.
1981 3334 2089 3388 Ali-

518 3424 665 3487 cuhi,
689 3424 883 3493 inquit,
903 3424 1195 3494 suscipior,
1228 3425 1425 3480 alicubi
1463 3437 1643 3481 autem
1671 3442 1777 3482 non
1802 3428 2093 3498 suscipior,

518 3514 716 3569 alicubi
750 3515 991 3570 defertur
1039 3514 1195 3581 mihi,
1224 3513 1421 3569 alicubi
1454 3524 1637 3569 autem
1666 3530 1776 3569 non
1826 3516 2093 3571 defertur.

517 3606 731 3659 Alicuhi
777 3606 1134 3667 honoriﬁcor,
1182 3605 1380 3659 alicubi
1428 3606 1784 3663 nihilominus
1824 3622 2096 3663 exsecror.

518 3692 656 3745 Nam
687 3703 882 3760 praeter
918 3693 968 3747 id
1007 3693 1150 3763 quod
1199 3709 1303 3748 non
1330 3695 1656 3765 suscipiunt,
1691 3698 1911 3765 insuper
1938 3712 2096 3753 exse-

517 3795 775 3848 crantur,
807 3784 1105 3849 declinant,
1137 3786 1523 3841 abominantur
1545 3798 1786 3843 nostram
1813 3790 2096 3845 infelicita-

526 3888 659 3938 tem,
696 3876 1068 3945 unusquisque
1097 3877 1200 3935 sibi
1229 3888 1496 3947 metuens,
1531 3891 1585 3935 et
1616 3889 1872 3951 tanquam
1909 3884 1975 3937 ab
2002 3901 2099 3938 au-

523 3966 679 4035 gurio
710 3982 887 4025 meum
919 3982 1195 4025 accessum
1221 3978 1385 4039 atque
1430 3972 1704 4027 introitum
1760 3988 1869 4042 pra:
1903 3973 2099 4029 timore

517 4057 773 4124 declinat,
808 4072 876 4111 ne
901 4056 1042 4112 forte
1077 4072 1200 4113 cum
1226 4072 1415 4117 n05tra
1456 4061 1676 4117 miseria
1707 4071 1981 4134 tangatur.
2016 4062 2097 4119 Ob

517 4147 643 4214 hoc,
680 4150 876 4219 inquit,
911 4166 945 4203 ο
987 4150 1109 4219 Job,
1140 4153 1205 4207 de
1248 4153 1371 4209 loco
1398 4151 1452 4206 in
1485 4152 1662 4209 locum
1701 4153 1998 4218 circumeo,
2045 4165 2099 4209 et

516 4242 584 4294 de
638 4242 878 4298 domoin
908 4245 1146 4302 domum.
1172 4246 1302 4314 Ego,
1340 4246 1436 4310 ait,
1469 4261 1587 4315 qua:
1626 4245 1753 4300 olim
1779 4244 1924 4301 foras
1960 4262 2099 4301 nun-

517 4349 684 4402 quam
719 4337 886 4401 evivi,
912 4352 1031 4405 quae
1060 4338 1208 4393 foras
1238 4355 1511 4408 nunquam
1537 4342 1775 4410 respexi,
1802 4358 1944 4397 nunc
1971 4358 2098 4398 vero

517 4427 585 4479 de
611 4426 727 4479 loco
760 4430 813 4481 in
845 4429 1022 4484 locum
1056 4431 1405 4498 circumiens,
1433 4442 1488 4486 et
1520 4433 1585 4488 de
1614 4435 1775 4489 domo
1807 4434 1855 4489 in
1880 4435 2095 4491 domum

516 4515 585 4569 ab
618 4518 867 4575 omnibus
904 4521 1231 4589 conspicior,
1262 4522 1329 4575 ab
1351 4523 1606 4581 omnibus
1650 4527 2005 4597 contemplor,
2045 4538 2098 4583 ct

516 4622 545 4661 a
573 4608 729 4663 malis
754 4617 858 4663 cta
886 4610 1062 4675 bouis,
1088 4614 1434 4682 etacoguitis
1457 4623 1511 4667 et
1526 4614 1593 4668 ab
1624 4616 1929 4685 incognitis.
1965 4617 2096 4672 Nam

518 4699 576 4764 ii,
622 4701 820 4771 inquit,
865 4703 956 4770 qui
991 4704 1119 4758 olim
1167 4720 1270 4760 nec
1320 4705 1569 4760 viderunt
1618 4723 1724 4773 me,
1766 4723 1866 4763 nec
1904 4709 2094 4765 videre

515 4802 834 4864 potuerunt,
894 4795 985 4851 isti
1029 4811 1179 4851 nunc
1210 4808 1268 4851 ιιι
1301 4813 1488 4866 vagam
1540 4814 1627 4853 me
1659 4799 2089 4854 circumeuntem

515 4901 638 4939 cum
671 4886 973 4953 ignominia
1008 4888 1213 4951 vident,
1273 4896 1437 4959 atque
1475 4896 1788 4960 contemptu
1846 4902 2091 4947 contem-

516 4975 752 5046 plantur.
795 4975 878 5032 0b
913 4977 1035 5047 hoc,
1074 4979 1269 5047 inquit,
1308 4981 1374 5033 de
1406 4980 1522 5036 loco
1545 4981 1610 5033 ad
1639 4981 1821 5035 locum
1851 4982 2088 5035 circum-

515 5086 581 5125 eo
623 5076 681 5118 et
729 5069 801 5123 de
843 5069 1002 5124 domo
1043 5072 1095 5124 in
1126 5070 1340 5123 domum
1368 5071 1549 5139 cperis
1579 5072 1780 5140 gratia,
1818 5083 1871 5127 et
1895 5086 2085 5140 exspe-

516 5175 671 5219 ctans
700 5164 918 5234 quando
957 5160 1036 5221 sol
1082 5163 1293 5227 subeat,
1326 5172 1383 5217 ut
1412 5162 1651 5233 requiem
1685 5163 1911 5219 habeam
1946 5162 2090 5218 labo-

516 5274 636 5312 rum
662 5268 825 5328 atque
841 5256 1158 5327 gemituum,
1181 5256 1271 5325 qui
1301 5271 1441 5310 nunc
1463 5271 1551 5310 me
1569 5256 2040 5325 apprehenderuut
2071 5274 2084 5309 :

516 5353 605 5421 qui
641 5368 784 5405 nunc
807 5357 1214 5419 occupaverunt
1245 5358 1354 5403 tam
1387 5365 1484 5419 pro
1508 5358 1601 5403 tua.
1627 5350 1903 5418 passione,
1926 5365 2086 5418 quam

514 5443 683 5496 etiam.
710 5457 806 5513 pro
847 5456 969 5496 mea
1016 5441 1323 5511 vagatione,
1376 5450 1483 5495 tam
1517 5455 1613 5510 pro
1654 5440 1762 5495 tuis
1813 5440 2089 5495 laboribus

516 5548 675 5602 quam
719 5535 883 5589 etiam
930 5548 1026 5603 pro
1056 5533 1192 5587 meis
1245 5531 1709 5596 tribulationibus,
1762 5541 2085 5601 exspectans

516 5628 729 5694 quando
756 5628 835 5681 sol
864 5629 1072 5681 subeat.
1104 5625 1187 5682 Ob
1228 5641 1391 5696 quam
1417 5641 1529 5681 rem
1554 5626 1581 5679 ἲ
1610 5625 1693 5683 0b
1727 5627 1852 5689 hoc,
1886 5627 2080 5694 inquit,

516 5730 573 5773 ut
631 5718 871 5788 requiem
929 5720 1153 5775 habeam
1211 5718 1455 5775 laborum
1534 5734 1597 5775 ac
1676 5717 2082 5775 tribulationum

588 5897 627 5927 ¹¹
660 5894 846 5950 Matth.
877 5907 977 5956 xu,
1011 5891 1100 5947 45.

2135 463 2272 519 JOB.
2306 492 2373 503 —
2410 462 2539 519 LIB.
2580 465 2648 519 11.
3629 475 3706 531 iiii

2128 588 2175 649 Α
2204 597 2467 640 mearum.
2500 582 2635 639 Nam
2668 599 2794 639 cum
2844 583 2943 645 sol.
2992 584 3188 657 inquit,
3216 586 3485 651 ceciderit,
3506 603 3595 643 nox
3643 603 3703 661 δυ·

2201 673 2544 743 prepinquat,
2561 683 2615 727 et
2652 674 2889 729 tenebrae
2912 674 3187 741 oriuntur,
3213 686 3268 730 et
3292 680 3710 745 supet-veuitsom-

2199 780 2322 826 nus,
2360 766 2452 835 qui
2484 781 2672 822 omnes
2718 766 2932 821 dolores
2966 767 3199 838 mitigat,
3246 769 3338 839 qui
3369 784 3521 825 omne
3555 772 3713 828 vulnus

2199 858 2372 920 sedat,
2418 856 2509 927 qui
2545 874 2759 910 omnem
2820 858 3094 912 tristitiam
3129 859 3289 927 sortit.
3326 858 3404 914 Ob
3450 862 3543 916 hoc
3578 877 3715 933 ergo,

2198 948 2292 1011 ait,
2326 958 2582 1017 tanquam
2616 949 2857 1018 requiem
2885 959 2940 1002 et
2968 950 3209 1003 omnium
3243 952 3621 1007 tribulationum
3640 956 3715 1011 de-

2198 1039 2519 1106 positiouem
2546 1041 2624 1094 sic
2639 1049 2896 1108 exspecto
2920 1041 3134 1110 quando
3158 1041 3239 1096 sol
3266 1044 3472 1109 subeat,
3494 1051 3544 1096 ttt
3560 1045 3715 1099 saltem

2196 1126 2280 1181 vel
2317 1127 2467 1181 brevi
2492 1128 2668 1181 noctis
2698 1139 2940 1197 tempore
2975 1144 3005 1182 a
3044 1129 3494 1192 tribulationibus,
3518 1148 3622 1202 qua:
3650 1151 3715 1190 tne

2198 1233 2343 1270 nunc
2372 1219 2847 1287 apprehenderunt
2878 1220 3234 1290 requiescam.
3268 1222 3565 1278 Sicutenim
3597 1225 3716 1282 locus

2198 1310 2315 1367 loco
2333 1326 2417 1366 me
2446 1310 2643 1375 reddit,
2675 1319 2729 1366 et
2755 1311 2950 1368 domus
2987 1312 3194 1376 domui,
3216 1314 3407 1383 stipem
3434 1328 3716 1385 quazrentetu

2196 1412 2246 1456 et
2297 1403 2725 1472 eleemosynatn,
2758 1410 2921 1473 atque
2974 1404 3373 1460 humanitatem
3420 1422 3593 1473 vagam
3639 1409 3719 1462 cir-

2198 1502 2565 1556 cumeuntem,
2594 1494 2674 1547 sic
2713 1492 2965 1549 similiter
2986 1494 3100 1549 dies
3137 1495 3242 1552 diei
3270 1510 3358 1550 me
3389 1498 3541 1551 tradit
3569 1508 3616 1553 et
3636 1516 3718 1553 nox

2201 1587 2366 1650 nocti,
2399 1586 2638 1656 requiem
2666 1587 3081 1643 tribulationum
3115 1598 3277 1658 atque
3303 1589 3541 1644 dolorum
3557 1606 3717 1645 censeo

2198 1677 2450 1733 lationem
2475 1689 2808 1749 quzercntem
2827 1681 3193 1749 exspectando
3209 1682 3427 1750 quando
3454 1681 3528 1736 sol
3546 1683 3716 1746 subeat;

2199 1781 2257 1825 ut
2290 1772 2530 1841 requiem
2587 1774 2815 1827 habeam
2873 1773 3284 1828 tribulationum
3317 1788 3436 1844 quae
3485 1790 3564 1829 me
3605 1769 3734 1828 nunc'

2200 1864 2687 1933 apprehenderuut.
2716 1864 2850 1918 Nam
2882 1865 3012 1920 solis
3038 1880 3264 1920 occasus
3292 1865 3536 1921 omnibus
3565 1865 3717 1919 buma-

2206 1957 2290 2011 nis
2316 1955 2588 2009 laboribus
2612 1971 2676 2009 ac
2717 1956 3129 2024 fatigatiouibus
3160 1957 3321 2011 linem
3356 1957 3586 2027 imponit,
3616 1956 3720 2012 solis

2199 2063 2427 2102 occasus
2450 2048 2719 2103 universis
2749 2049 2997 2104 humanis
3020 2048 3227 2104 naturis
3257 2048 3491 2121 requiem
3520 2060 3719 2119 praestat,

2198 2145 2254 2193 et
2282 2139 2631 2207 pauperibus,
2664 2149 2717 2193 et
2748 2154 2854 2194 nou
2892 2138 3238 2202 habentibus,
3261 2149 3318 2194 et
3343 2139 3509 2194 servis
3540 2151 3583 2193 et
3611 2139 3717 2193 libe-

2203 2230 2279 2287 ris
2309 2247 2321 2283 :
2353 2240 2406 2286 et
2443 2245 2631 2286 omnes
2659 2247 2945 2300 vesperum
2971 2239 3134 2301 atque
3168 2231 3298 2286 solis
3322 2246 3581 2296 occasum,
3608 2231 3720 2285 velut

2202 2322 2509 2377 libertatem
2551 2332 2602 2377 et
2646 2324 3037 2394 indulgentiam
3091 2333 3255 2394 atque
3291 2324 3524 2392 requiem
3565 2338 3719 2391 exspe-

2201 2424 2371 2471 ctant.
2401 2415 2533 2469 Cum
2562 2415 2755 2485 quibus
2784 2416 3038 2471 omnibus
3063 2455 3078 2480 ,
3117 2415 3314 2484 inquit,
3348 2430 3443 2486 ego
3476 2414 3621 2470 etiam
3645 2429 3719 2468 ex-

2206 2519 2394 2578 specto
2426 2510 2647 2578 quando
2682 2507 2760 2561 sol
2791 2510 3006 2572 subeat,
3044 2519 3104 2562 ttt
3146 2509 3392 2578 requiem
3421 2504 3625 2561 habeam
3647 2505 3723 2558 tri-

2202 2599 2571 2662 bulationum,
2609 2614 2729 2668 qua:
2771 2614 2858 2653 me
2909 2614 3055 2654 nunc
3112 2598 3592 2669 apprehcttderunt.
3639 2597 3721 2650 Vo-

2201 2691 2422 2744 luerunt
2474 2690 2697 2760 quidam
2749 2700 2803 2744 et
2857 2689 3015 2744 aliter
3058 2690 3171 2745 haec
3218 2690 3424 2755 dicere,
3457 2688 3601 2760 quasi
3639 2703 3720 2742 n0u

2202 2782 2375 2851 possit
2408 2796 2503 2850 per
2533 2782 2675 2836 diem
2714 2797 2823 2852 pra:
2878 2782 3200 2837 verecundia
3244 2793 3408 2851 atque
3448 2780 3723 2835 confusione

2203 2889 2300 2944 per
2322 2874 2511 2928 domos
2544 2874 2645 2939 ire,
2681 2884 2735 2929 et
2768 2875 2963 2945 stipem
2998 2876 3242 2944 recipere
3286 2891 3384 2947 pro
3414 2872 3721 2929 cernentibus

2201 2977 2256 3023 et
2305 2966 2703 3021 declinantibus
2744 2974 2965 3035 propter
3003 2966 3294 3033 augurium
3344 2981 3411 3021 ne
3438 2964 3487 3019 ei
3513 2974 3722 3018 occurre-

2204 3064 2344 3123 rent,
2364 3058 2445 3112 vel
2465 3059 2516 3111 in
2539 3056 2756 3112 domum
2783 3057 3141 3126 susciperent,
3157 3066 3463 3112 metuentes
3492 3070 3551 3109 ne
3572 3052 3722 3108 eadem

2204 3158 2517 3219 paterentur
2563 3148 2727 3203 etiam
2761 3161 2951 3207 omnes
2976 3148 3043 3201 ad
3074 3164 3213 3217 quos
3257 3148 3599 3210 accessisset,
3651 3142 3716 3197 vel

2122 3282 2164 3340 Ο
2205 3239 2398 3310 quibus
2415 3238 2864 3308 approximasset.
2895 3238 2975 3293 Ob
2996 3239 3099 3293 hoc
3122 3254 3250 3309 ergo
3276 3240 3427 3303 dicit,
3450 3247 3723 3306 exspectans

2198 3333 2413 3403 quando
2444 3331 2522 3386 sol
2556 3334 2765 3397 subeat,
2793 3342 2853 3389 ut
2881 3335 2932 3387 in
2966 3333 3200 3388 tenebris
3224 3336 3501 3388 nocturnis
3526 3330 3718 3399 requieta;

2128 1927 2170 1983 B

2200 3424 2488 3477 inveniam.
2528 3421 2633 3483 Sed
2666 3439 2793 3479 vere
2849 3424 3098 3493 superior
3130 3423 3405 3492 expositio
3449 3437 3567 3477 vera
3595 3430 3723 3488 atque

2198 3514 2550 3569 irrcl‘utabilis
2578 3524 2678 3571 est.
2731 3515 2837 3572 Sed
2875 3525 2996 3586 post
3034 3515 3148 3570 haec
3202 3515 3455 3570 universa
3501 3513 3561 3567 ad
3602 3510 3720 3565 illum

2198 3620 2500 3661 sermonem
2552 3618 2934 3662 convertamus
2964 3648 2980 3674 ,
3030 3606 3185 3676 cujus
3234 3607 3398 3661 etiam
3450 3606 3554 3660 bzec
3593 3602 3722 3657 verba

2198 3696 2439 3763 fuerunt,
2469 3698 2521 3755 id
2548 3704 2630 3752 est
2661 3698 2726 3752 ad
2757 3698 3050 3753 diabolum.
3082 3696 3214 3751 Nam
3238 3698 3329 3753 hic
3349 3697 3592 3769 gloriatur
3611 3689 3723 3761 quod

2198 3791 2263 3843 de
2289 3790 2411 3843 loco
2440 3790 2494 3843 in
2526 3790 2701 3845 locum
2731 3790 3028 3844 circumeat
3059 3800 3114 3844 et
3143 3792 3210 3845 de
3243 3790 3408 3845 domo
3438 3790 3488 3843 in
3523 3788 3720 3843 domum,

2198 3891 2249 3935 ut
2285 3882 2524 3945 seducat,
2549 3890 2605 3934 ut
2630 3882 2927 3951 perturbet,
2958 3890 3017 3936 ut
3043 3883 3416 3947 commisceat,
3436 3889 3491 3934 ut
3511 3876 3721 3946 decipiat,

2198 3983 2335 4027 utea
2363 3988 2482 4040 qua:
2514 3973 2790 4031 contraria
2817 3985 2946 4027 sunt
2975 3982 3202 4028 cunctos
3228 3975 3445 4035 doceat,
3485 3980 3534 4024 ct
3566 3980 3719 4035 exspe-

2198 4074 2307 4120 ctat
2332 4065 2546 4134 quando
2576 4065 2658 4119 sol
2681 4066 2891 4133 subeat,
2925 4076 2982 4120 ut
3016 4065 3253 4131 requiem
3287 4066 3484 4120 habeat
3516 4062 3717 4115 laborum

2198 4174 2261 4213 ac
2290 4158 2718 4214 tribulationum.
2756 4158 2891 4212 Nam
2913 4159 3000 4214 ubi
3025 4157 3363 4227 Soljustitia:
3394 4171 3494 4212 non
3516 4150 3719 4211 subierit,

2199 4250 2286 4304 ubi
2326 4250 2412 4305 lux
2441 4251 2687 4307 veritatis
2719 4266 2825 4305 non
2857 4250 3074 4317 luxerit,
3112 4251 3201 4305 ubi
3255 4249 3552 4306 obscuritas
3581 4240 3723 4300 infeli-

2199 4343 2379 4398 citatis
2405 4352 2458 4397 et
2504 4344 2709 4399 erroris
2739 4355 2901 4412 atque
2952 4343 3251 4413 impietatis
3281 4342 3467 4409 fuerit,
3500 4340 3597 4395 illic
3627 4347 3719 4389 ma-

2204 4431 2381 4523 lignus
2414 4433 2724 4501 requiescit,
2768 4434 2878 4487 illic
2918 4448 3135 4488 omnem
3176 4432 3395 4503 iniquus
3425 4444 3567 4486 suum
3607 4423 3723 4479 labo-

2200 4518 2595 4594 rem'deponit.
2625 4525 2833 4580 Idcirco
2868 4527 2934 4580 de
2964 4526 3079 4580 loco
3130 4524 3182 4579 in
3232 4525 3413 4581 locum
3444 4518 3638 4581 circuit,
3682 4522 3722 4567 et

2130 4625 2175 4683 ι)
2205 4617 2268 4672 de
2297 4617 2455 4671 domo
2482 4617 2533 4671 in
2570 4617 2815 4682 domum,
2847 4627 3033 4686 tttp0te
3079 4632 3272 4673 aereus
3304 4616 3525 4687 spiritus
3562 4616 3719 4665 Cuncta

2202 4719 2494 4777 penetrans
2519 4719 2679 4780 atque
2697 4711 3001 4781 pervolans,
3024 4720 3079 4765 et
3099 4711 3282 4765 omnia
3305 4702 3721 4773 circumspiciens.

2202 4809 2255 4853 et
2288 4799 2488 4869 ubique
2521 4801 2702 4855 omnia
2732 4801 3037 4870 inquirens,
3075 4799 3253 4855 sicubi
3295 4814 3403 4854 sua:
3433 4793 3630 4851 malitia:
3654 4799 3724 4841 nc-

2198 4892 2425 4962 qmtiant
2485 4894 2835 4956 requiescere
2888 4894 3074 4948 iaciat.
3108 4892 3259 4958 Quod
3319 4901 3495 4945 autem
3543 4886 3606 4939 ita
3648 4879 3721 4939 sit.

2194 4986 2358 5039 etiam
2385 4986 2497 5055 ipse
2520 4984 2779 5039 Dominus
2804 4986 2857 5039 in
2886 4984 3195 5054 Evangeiiis
3215 4984 3576 5040 demonstrans
3595 4970 3716 5027 dicit.

2196 5076 2326 5135 Cum
2366 5078 2665 5130 immundus
2719 5076 2936 5145 spiritus
2990 5076 3175 5128 exierit
3211 5075 3274 5128 ab
3324 5072 3524 5125 homine
3569 5061 3717 5119 circuit

2196 5186 2436 5239 quaerens
2469 5170 2695 5240 requiem
2723 5169 2787 5222 ¹¹.
2822 5166 2913 5223 Sic
2946 5167 3128 5237 itaque
3184 5177 3238 5222 et
3283 5167 3402 5221 istic
3448 5159 3623 5217 circuit
3668 5156 3719 5206 de

2194 5261 2382 5316 locoin
2412 5260 2676 5323 locttm,et
2697 5260 2763 5313 de
2792 5258 2956 5313 domo
2977 5256 3027 5310 in
3057 5257 3300 5322 domum,
3325 5252 3493 5310 sicubi
3520 5250 3717 5302 subeun-

2199 5361 2306 5405 tem
2342 5349 2578 5403 inveniat
2607 5347 2776 5405 solem
2806 5353 2860 5400 ct
2900 5345 3155 5399 tenebras
3186 5354 3239 5399 et
3286 5344 3649 5401 obscuritatem
3675 5341 3717 5385 et

2197 5450 2432 5504 noctem,
2466 5436 2855 5507 itnpudicitias,
2912 5442 2966 5489 et
3010 5434 3279 5490 adulteria
3322 5446 3376 5490 et
3406 5428 3711 5504 pertinacias.

2195 5540 2253 5586 ttt
2285 5532 2393 5587 illic
2418 5530 2760 5600 requiescere
2783 5527 3028 5598 perﬁciat
3049 5526 3356 5582 universam
3380 5539 3524 5581 suam
3552 5515 3714 5586 iniqui-

2194 5633 2380 5690 tatem,
2416 5634 2576 5693 atque
2616 5635 2832 5676 omnem
2878 5619 3123 5675 laborem
3152 5634 3328 5674 suum.
3387 5617 3473 5671 Sic
3521 5616 3713 5674 namque

2195 5716 2487 5788 requiescit
2522 5723 2685 5786 caput
2719 5713 3026 5783 hujusmodi
3060 5722 3119 5768 ut
3146 5713 3284 5768 ultra
3316 5725 3448 5782 opus
3491 5718 3584 5760 non
3631 5697 3703 5751 hn-
