  <div class='ocr_page' id='page_1' title='image "/cluster/home/n/w/nwhite01/storage/ocr_20150623/17/hvd.32044051719607/254.png"; bbox 0 0 3942 6542; ppageno 0'>
   <div class='ocr_carea' id='block_1_1' title="bbox 272 481 384 535">
    <p class='ocr_par' dir='ltr' id='par_1_1' title="bbox 272 481 384 535">
     <span class='ocr_line' id='line_1_1' title="bbox 272 481 384 535; baseline 0.009 -1"><span class='ocrx_word' id='word_1_1' title='bbox 272 481 384 535; x_wconf 64' lang='grc'><strong>435</strong></span> 
     </span>
    </p>
   </div>
   <div class='ocr_carea' id='block_1_2' title="bbox 1378 475 2409 533">
    <p class='ocr_par' dir='ltr' id='par_1_2' title="bbox 1378 475 2409 533">
     <span class='ocr_line' id='line_1_2' title="bbox 1378 475 2409 533; baseline 0.001 -2"><span class='ocrx_word' id='word_1_2' title='bbox 1378 476 1759 532; x_wconf 76' lang='lat' dir='ltr'><strong>ANONI&#39;MUS</strong></span> <span class='ocrx_word' id='word_1_3' title='bbox 1799 475 1862 530; x_wconf 76' lang='lat' dir='ltr'><strong>IN</strong></span> <span class='ocrx_word' id='word_1_4' title='bbox 1904 475 2043 531; x_wconf 79' lang='lat' dir='ltr'><strong>JOII.</strong></span> <span class='ocrx_word' id='word_1_5' title='bbox 2069 508 2136 517; x_wconf 91' lang='lat'><strong>——</strong></span> <span class='ocrx_word' id='word_1_6' title='bbox 2175 475 2302 532; x_wconf 85' lang='lat' dir='ltr'><strong>LIB.</strong></span> <span class='ocrx_word' id='word_1_7' title='bbox 2346 475 2409 533; x_wconf 83' lang='lat' dir='ltr'><strong>II.</strong></span> 
     </span>
    </p>
   </div>
   <div class='ocr_carea' id='block_1_3' title="bbox 3445 480 3550 533">
    <p class='ocr_par' dir='ltr' id='par_1_3' title="bbox 3445 480 3550 533">
     <span class='ocr_line' id='line_1_3' title="bbox 3445 480 3550 533; baseline 0 0"><span class='ocrx_word' id='word_1_8' title='bbox 3445 480 3550 533; x_wconf 65' lang='lat' dir='ltr'><strong>L86</strong></span> 
     </span>
    </p>
   </div>
   <div class='ocr_carea' id='block_1_4' title="bbox 270 590 3550 665">
    <p class='ocr_par' dir='ltr' id='par_1_4' title="bbox 270 590 3550 665">
     <span class='ocr_line' id='line_1_4' title="bbox 270 590 3550 665; baseline 0 -18"><span class='ocrx_word' id='word_1_9' title='bbox 270 594 401 647; x_wconf 71' lang='lat' dir='ltr'><strong>beat</strong></span> <span class='ocrx_word' id='word_1_10' title='bbox 454 591 706 646; x_wconf 80' lang='lat' dir='ltr'><strong>laborare</strong></span> <span class='ocrx_word' id='word_1_11' title='bbox 755 599 815 645; x_wconf 91' lang='lat' dir='ltr'><strong>ut</strong></span> <span class='ocrx_word' id='word_1_12' title='bbox 863 604 962 645; x_wconf 89' lang='lat' dir='ltr'><strong>eos</strong></span> <span class='ocrx_word' id='word_1_13' title='bbox 1012 590 1262 646; x_wconf 89' lang='lat' dir='ltr'><strong>seducat.</strong></span> <span class='ocrx_word' id='word_1_14' title='bbox 1292 590 1584 662; x_wconf 88' lang='lat' dir='ltr'><strong>-Proprios</strong></span> <span class='ocrx_word' id='word_1_15' title='bbox 1631 608 1863 660; x_wconf 83' lang='lat' dir='ltr'><strong>namque</strong></span> <span class='ocrx_word' id='word_1_16' title='bbox 1892 596 1939 652; x_wconf 82' lang='grc' dir='ltr'>Α</span> <span class='ocrx_word' id='word_1_17' title='bbox 1968 591 2280 646; x_wconf 73' lang='lat' dir='ltr'><strong>mutabilem</strong></span> <span class='ocrx_word' id='word_1_18' title='bbox 2324 600 2470 646; x_wconf 92' lang='lat' dir='ltr'><strong>tuam</strong></span> <span class='ocrx_word' id='word_1_19' title='bbox 2514 592 2819 661; x_wconf 81' lang='lat' dir='ltr'><strong>passionem</strong></span> <span class='ocrx_word' id='word_1_20' title='bbox 2847 601 2903 647; x_wconf 92' lang='lat' dir='ltr'><strong>et</strong></span> <span class='ocrx_word' id='word_1_21' title='bbox 2934 601 3122 648; x_wconf 77' lang='lat' dir='ltr'><strong>noctes</strong></span> <span class='ocrx_word' id='word_1_22' title='bbox 3157 593 3404 647; x_wconf 90' lang='lat' dir='ltr'><strong>dolorum</strong></span> <span class='ocrx_word' id='word_1_23' title='bbox 3432 609 3550 665; x_wconf 81' lang='lat' dir='ltr'><strong>per-</strong></span> 
     </span>
    </p>
   </div>
   <div class='ocr_carea' id='block_1_5' title="bbox 270 680 1863 752">
    <p class='ocr_par' dir='ltr' id='par_1_5' title="bbox 270 680 1863 752">
     <span class='ocr_line' id='line_1_5' title="bbox 270 680 1863 752; baseline -0.001 -15"><span class='ocrx_word' id='word_1_24' title='bbox 270 683 440 737; x_wconf 83' lang='lat' dir='ltr'><strong>babet</strong></span> <span class='ocrx_word' id='word_1_25' title='bbox 471 681 615 745; x_wconf 90' lang='lat' dir='ltr'><strong>illos,</strong></span> <span class='ocrx_word' id='word_1_26' title='bbox 647 690 700 735; x_wconf 90' lang='lat' dir='ltr'><strong>et</strong></span> <span class='ocrx_word' id='word_1_27' title='bbox 724 681 775 735; x_wconf 93' lang='lat' dir='ltr'><strong>in</strong></span> <span class='ocrx_word' id='word_1_28' title='bbox 800 680 905 737; x_wconf 85' lang='lat' dir='ltr'><strong>illis</strong></span> <span class='ocrx_word' id='word_1_29' title='bbox 929 681 1248 751; x_wconf 89' lang='lat' dir='ltr'><strong>requiescit.</strong></span> <span class='ocrx_word' id='word_1_30' title='bbox 1286 681 1430 736; x_wconf 85' lang='lat' dir='ltr'><strong>Idem</strong></span> <span class='ocrx_word' id='word_1_31' title='bbox 1462 697 1595 752; x_wconf 87' lang='lat' dir='ltr'><strong>ergo</strong></span> <span class='ocrx_word' id='word_1_32' title='bbox 1617 682 1863 737; x_wconf 84' lang='lat' dir='ltr'><strong>diabolus</strong></span> 
     </span>
    </p>
   </div>
   <div class='ocr_carea' id='block_1_6' title="bbox 268 769 1862 843">
    <p class='ocr_par' dir='ltr' id='par_1_6' title="bbox 268 769 1862 843">
     <span class='ocr_line' id='line_1_6' title="bbox 268 769 1862 843; baseline -0.001 -17"><span class='ocrx_word' id='word_1_33' title='bbox 268 787 410 826; x_wconf 77' lang='lat' dir='ltr'><strong>sane</strong></span> <span class='ocrx_word' id='word_1_34' title='bbox 443 772 619 825; x_wconf 84' lang='lat' dir='ltr'><strong>dixit:</strong></span> <span class='ocrx_word' id='word_1_35' title='bbox 648 769 883 826; x_wconf 86' lang='lat' dir='ltr'><strong>Circuivi</strong></span> <span class='ocrx_word' id='word_1_36' title='bbox 906 788 1112 824; x_wconf 83' lang='lat' dir='ltr'><strong>omnem</strong></span> <span class='ocrx_word' id='word_1_37' title='bbox 1145 782 1364 837; x_wconf 84' lang='lat' dir='ltr'><strong>terram,</strong></span> <span class='ocrx_word' id='word_1_38' title='bbox 1394 782 1444 825; x_wconf 85' lang='lat' dir='ltr'><strong>et</strong></span> <span class='ocrx_word' id='word_1_39' title='bbox 1479 773 1759 843; x_wconf 68' lang='grc' dir='ltr'><strong>ρει-αρταυὶ</strong></span> <span class='ocrx_word' id='word_1_40' title='bbox 1798 789 1862 826; x_wconf 86' lang='lat' dir='ltr'><strong>ea</strong></span> 
     </span>
    </p>
   </div>
   <div class='ocr_carea' id='block_1_7' title="bbox 267 860 1859 932">
    <p class='ocr_par' dir='ltr' id='par_1_7' title="bbox 267 860 1859 932">
     <span class='ocr_line' id='line_1_7' title="bbox 267 860 1859 932; baseline 0.003 -19"><span class='ocrx_word' id='word_1_41' title='bbox 267 879 393 932; x_wconf 67' lang='lat' dir='ltr'><strong>quia</strong></span> <span class='ocrx_word' id='word_1_42' title='bbox 426 862 523 915; x_wconf 77' lang='lat' dir='ltr'><strong>sub</strong></span> <span class='ocrx_word' id='word_1_43' title='bbox 554 862 682 914; x_wconf 74' lang='lat' dir='ltr'><strong>caelo</strong></span> <span class='ocrx_word' id='word_1_44' title='bbox 712 871 833 915; x_wconf 79' lang='lat' dir='ltr'><strong>sunt</strong></span> <span class='ocrx_word' id='word_1_45' title='bbox 855 862 921 917; x_wconf 84' lang='grc'><strong>¹’.</strong></span> <span class='ocrx_word' id='word_1_46' title='bbox 976 860 1121 917; x_wconf 87' lang='lat' dir='ltr'><strong>Idem</strong></span> <span class='ocrx_word' id='word_1_47' title='bbox 1154 862 1271 930; x_wconf 91' lang='lat' dir='ltr'><strong>ipse</strong></span> <span class='ocrx_word' id='word_1_48' title='bbox 1297 862 1462 916; x_wconf 88' lang='lat' dir='ltr'><strong>etiam</strong></span> <span class='ocrx_word' id='word_1_49' title='bbox 1514 878 1658 917; x_wconf 91' lang='lat' dir='ltr'><strong>nunc</strong></span> <span class='ocrx_word' id='word_1_50' title='bbox 1698 863 1859 928; x_wconf 78' lang='lat' dir='ltr'><strong>dixit,</strong></span> 
     </span>
    </p>
   </div>
   <div class='ocr_carea' id='block_1_8' title="bbox 267 952 1861 1022">
    <p class='ocr_par' dir='ltr' id='par_1_8' title="bbox 267 952 1861 1022">
     <span class='ocr_line' id='line_1_8' title="bbox 267 952 1861 1022; baseline 0.001 -17"><span class='ocrx_word' id='word_1_51' title='bbox 267 955 419 1022; x_wconf 91' lang='lat' dir='ltr'><strong>quod</strong></span> <span class='ocrx_word' id='word_1_52' title='bbox 442 954 508 1006; x_wconf 93' lang='lat' dir='ltr'><strong>de</strong></span> <span class='ocrx_word' id='word_1_53' title='bbox 530 952 647 1007; x_wconf 93' lang='lat' dir='ltr'><strong>loco</strong></span> <span class='ocrx_word' id='word_1_54' title='bbox 664 952 717 1005; x_wconf 92' lang='lat' dir='ltr'><strong>in</strong></span> <span class='ocrx_word' id='word_1_55' title='bbox 740 954 943 1016; x_wconf 92' lang='lat' dir='ltr'><strong>locum,</strong></span> <span class='ocrx_word' id='word_1_56' title='bbox 965 954 1107 1007; x_wconf 89' lang='lat' dir='ltr'><strong>etde</strong></span> <span class='ocrx_word' id='word_1_57' title='bbox 1133 952 1295 1008; x_wconf 89' lang='lat' dir='ltr'><strong>domo</strong></span> <span class='ocrx_word' id='word_1_58' title='bbox 1318 954 1369 1008; x_wconf 94' lang='lat' dir='ltr'><strong>in</strong></span> <span class='ocrx_word' id='word_1_59' title='bbox 1390 956 1605 1009; x_wconf 90' lang='lat' dir='ltr'><strong>domum</strong></span> <span class='ocrx_word' id='word_1_60' title='bbox 1625 954 1861 1008; x_wconf 88' lang='lat' dir='ltr'><strong>circum-</strong></span> 
     </span>
    </p>
   </div>
   <div class='ocr_carea' id='block_1_9' title="bbox 270 1043 1862 1117">
    <p class='ocr_par' dir='ltr' id='par_1_9' title="bbox 270 1043 1862 1117">
     <span class='ocr_line' id='line_1_9' title="bbox 270 1043 1862 1117; baseline 0.002 -20"><span class='ocrx_word' id='word_1_61' title='bbox 270 1044 418 1097; x_wconf 88' lang='lat' dir='ltr'><strong>ierit.</strong></span> <span class='ocrx_word' id='word_1_62' title='bbox 483 1043 627 1097; x_wconf 91' lang='lat' dir='ltr'><strong>Idem</strong></span> <span class='ocrx_word' id='word_1_63' title='bbox 676 1043 793 1113; x_wconf 88' lang='lat' dir='ltr'><strong>ipse</strong></span> <span class='ocrx_word' id='word_1_64' title='bbox 826 1044 992 1097; x_wconf 89' lang='lat' dir='ltr'><strong>etiam</strong></span> <span class='ocrx_word' id='word_1_65' title='bbox 1047 1043 1226 1099; x_wconf 88' lang='lat' dir='ltr'><strong>adhuc</strong></span> <span class='ocrx_word' id='word_1_66' title='bbox 1291 1045 1621 1100; x_wconf 86' lang='lat' dir='ltr'><strong>circumiens</strong></span> <span class='ocrx_word' id='word_1_67' title='bbox 1665 1046 1862 1117; x_wconf 69' lang='lat' dir='ltr'><strong>quaerit</strong></span> 
     </span>
    </p>
   </div>
   <div class='ocr_carea' id='block_1_10' title="bbox 274 1135 1860 1206">
    <p class='ocr_par' dir='ltr' id='par_1_10' title="bbox 274 1135 1860 1206">
     <span class='ocr_line' id='line_1_10' title="bbox 274 1135 1860 1206; baseline 0.002 -18"><span class='ocrx_word' id='word_1_68' title='bbox 274 1136 547 1205; x_wconf 87' lang='lat' dir='ltr'><strong>requiem.</strong></span> <span class='ocrx_word' id='word_1_69' title='bbox 583 1135 689 1189; x_wconf 88' lang='lat' dir='ltr'><strong>Sed</strong></span> <span class='ocrx_word' id='word_1_70' title='bbox 720 1150 843 1190; x_wconf 91' lang='lat' dir='ltr'><strong>cum</strong></span> <span class='ocrx_word' id='word_1_71' title='bbox 874 1136 1183 1191; x_wconf 91' lang='lat' dir='ltr'><strong>universam</strong></span> <span class='ocrx_word' id='word_1_72' title='bbox 1214 1136 1475 1191; x_wconf 85' lang='lat' dir='ltr'><strong>malitiam</strong></span> <span class='ocrx_word' id='word_1_73' title='bbox 1499 1152 1652 1192; x_wconf 89' lang='lat' dir='ltr'><strong>suam</strong></span> <span class='ocrx_word' id='word_1_74' title='bbox 1681 1137 1860 1206; x_wconf 74' lang='lat' dir='ltr'><strong>perle-</strong></span> 
     </span>
    </p>
   </div>
   <div class='ocr_carea' id='block_1_11' title="bbox 266 1227 1858 1298">
    <p class='ocr_par' dir='ltr' id='par_1_11' title="bbox 266 1227 1858 1298">
     <span class='ocr_line' id='line_1_11' title="bbox 266 1227 1858 1298; baseline 0.001 -17"><span class='ocrx_word' id='word_1_75' title='bbox 266 1228 411 1281; x_wconf 90' lang='lat' dir='ltr'><strong>cerit</strong></span> <span class='ocrx_word' id='word_1_76' title='bbox 440 1227 716 1293; x_wconf 86' lang='lat' dir='ltr'><strong>diabolus,</strong></span> <span class='ocrx_word' id='word_1_77' title='bbox 739 1238 904 1297; x_wconf 90' lang='lat' dir='ltr'><strong>atque</strong></span> <span class='ocrx_word' id='word_1_78' title='bbox 947 1244 1163 1284; x_wconf 89' lang='lat' dir='ltr'><strong>omnem</strong></span> <span class='ocrx_word' id='word_1_79' title='bbox 1198 1229 1539 1298; x_wconf 83' lang='lat' dir='ltr'><strong>iniquitatem</strong></span> <span class='ocrx_word' id='word_1_80' title='bbox 1574 1246 1726 1285; x_wconf 91' lang='lat' dir='ltr'><strong>suam</strong></span> <span class='ocrx_word' id='word_1_81' title='bbox 1763 1229 1858 1284; x_wconf 85' lang='lat' dir='ltr'><strong>de-</strong></span> 
     </span>
    </p>
   </div>
   <div class='ocr_carea' id='block_1_12' title="bbox 265 1318 1856 1391">
    <p class='ocr_par' dir='ltr' id='par_1_12' title="bbox 265 1318 1856 1391">
     <span class='ocr_line' id='line_1_12' title="bbox 265 1318 1856 1391; baseline 0.002 -19"><span class='ocrx_word' id='word_1_82' title='bbox 265 1320 683 1383; x_wconf 88' lang='lat' dir='ltr'><strong>monstraverit,</strong></span> <span class='ocrx_word' id='word_1_83' title='bbox 719 1318 955 1374; x_wconf 81' lang='lat' dir='ltr'><strong>ostendit</strong></span> <span class='ocrx_word' id='word_1_84' title='bbox 987 1320 1039 1374; x_wconf 91' lang='lat' dir='ltr'><strong>in</strong></span> <span class='ocrx_word' id='word_1_85' title='bbox 1065 1319 1171 1374; x_wconf 86' lang='lat' dir='ltr'><strong>line</strong></span> <span class='ocrx_word' id='word_1_86' title='bbox 1196 1320 1325 1389; x_wconf 90' lang='lat' dir='ltr'><strong>quid</strong></span> <span class='ocrx_word' id='word_1_87' title='bbox 1360 1322 1701 1390; x_wconf 90' lang='lat' dir='ltr'><strong>cogitaverit,</strong></span> <span class='ocrx_word' id='word_1_88' title='bbox 1724 1322 1856 1391; x_wconf 90' lang='lat' dir='ltr'><strong>quid</strong></span> 
     </span>
    </p>
   </div>
   <div class='ocr_carea' id='block_1_13' title="bbox 264 1413 1859 1484">
    <p class='ocr_par' dir='ltr' id='par_1_13' title="bbox 264 1413 1859 1484">
     <span class='ocr_line' id='line_1_13' title="bbox 264 1413 1859 1484; baseline 0.003 -20"><span class='ocrx_word' id='word_1_89' title='bbox 264 1414 576 1480; x_wconf 62' lang='lat' dir='ltr'><strong>quaesierit,</strong></span> <span class='ocrx_word' id='word_1_90' title='bbox 613 1413 811 1482; x_wconf 80' lang='lat' dir='ltr'><strong>quidve</strong></span> <span class='ocrx_word' id='word_1_91' title='bbox 851 1413 1084 1483; x_wconf 86' lang='lat' dir='ltr'><strong>cupierit</strong></span> <span class='ocrx_word' id='word_1_92' title='bbox 1117 1414 1309 1468; x_wconf 90' lang='lat' dir='ltr'><strong>dicens</strong></span> <span class='ocrx_word' id='word_1_93' title='bbox 1339 1432 1351 1467; x_wconf 95' lang='lat'>:</span> <span class='ocrx_word' id='word_1_94' title='bbox 1397 1414 1493 1467; x_wconf 86' lang='lat' dir='ltr'><strong>Dic</strong></span> <span class='ocrx_word' id='word_1_95' title='bbox 1515 1415 1729 1484; x_wconf 82' lang='lat' dir='ltr'><strong>aliquod</strong></span> <span class='ocrx_word' id='word_1_96' title='bbox 1752 1433 1859 1470; x_wconf 79' lang='lat' dir='ltr'><strong>ver-</strong></span> 
     </span>
    </p>
   </div>
   <div class='ocr_carea' id='block_1_14' title="bbox 264 1503 1858 1575">
    <p class='ocr_par' dir='ltr' id='par_1_14' title="bbox 264 1503 1858 1575">
     <span class='ocr_line' id='line_1_14' title="bbox 264 1503 1858 1575; baseline 0.003 -18"><span class='ocrx_word' id='word_1_97' title='bbox 264 1506 391 1557; x_wconf 87' lang='lat' dir='ltr'><strong>bum</strong></span> <span class='ocrx_word' id='word_1_98' title='bbox 429 1505 486 1558; x_wconf 91' lang='lat' dir='ltr'><strong>in</strong></span> <span class='ocrx_word' id='word_1_99' title='bbox 528 1504 811 1559; x_wconf 87' lang='lat' dir='ltr'><strong>Dominum</strong></span> <span class='ocrx_word' id='word_1_100' title='bbox 855 1517 902 1560; x_wconf 88' lang='lat' dir='ltr'><strong>et</strong></span> <span class='ocrx_word' id='word_1_101' title='bbox 941 1506 1224 1560; x_wconf 82' lang='lat' dir='ltr'><strong>morere&quot;.</strong></span> <span class='ocrx_word' id='word_1_102' title='bbox 1258 1503 1302 1560; x_wconf 93' lang='grc' dir='ltr'><strong>Ο</strong></span> <span class='ocrx_word' id='word_1_103' title='bbox 1333 1507 1594 1575; x_wconf 81' lang='lat' dir='ltr'><strong>iniquitas</strong></span> <span class='ocrx_word' id='word_1_104' title='bbox 1621 1518 1675 1562; x_wconf 91' lang='lat' dir='ltr'><strong>et</strong></span> <span class='ocrx_word' id='word_1_105' title='bbox 1702 1508 1858 1561; x_wconf 77' lang='lat' dir='ltr'><strong>mali-</strong></span> 
     </span>
    </p>
   </div>
   <div class='ocr_carea' id='block_1_15' title="bbox 264 1597 1856 1670">
    <p class='ocr_par' dir='ltr' id='par_1_15' title="bbox 264 1597 1856 1670">
     <span class='ocr_line' id='line_1_15' title="bbox 264 1597 1856 1670; baseline 0.004 -20"><span class='ocrx_word' id='word_1_106' title='bbox 264 1599 367 1661; x_wconf 85' lang='lat' dir='ltr'><strong>tia,</strong></span> <span class='ocrx_word' id='word_1_107' title='bbox 395 1597 613 1653; x_wconf 83' lang='lat' dir='ltr'><strong>fallacia</strong></span> <span class='ocrx_word' id='word_1_108' title='bbox 649 1613 866 1670; x_wconf 89' lang='lat' dir='ltr'><strong>quoque</strong></span> <span class='ocrx_word' id='word_1_109' title='bbox 902 1615 966 1654; x_wconf 92' lang='lat' dir='ltr'><strong>ac</strong></span> <span class='ocrx_word' id='word_1_110' title='bbox 997 1599 1239 1653; x_wconf 83' lang='lat' dir='ltr'><strong>versutia</strong></span> <span class='ocrx_word' id='word_1_111' title='bbox 1272 1609 1384 1665; x_wconf 92' lang='lat' dir='ltr'><strong>tua,</strong></span> <span class='ocrx_word' id='word_1_112' title='bbox 1417 1599 1652 1663; x_wconf 90' lang='lat' dir='ltr'><strong>diabole,</strong></span> <span class='ocrx_word' id='word_1_113' title='bbox 1683 1617 1856 1670; x_wconf 87' lang='lat' dir='ltr'><strong>quan-</strong></span> 
     </span>
    </p>
   </div>
   <div class='ocr_carea' id='block_1_16' title="bbox 267 1689 1852 1762">
    <p class='ocr_par' dir='ltr' id='par_1_16' title="bbox 267 1689 1852 1762">
     <span class='ocr_line' id='line_1_16' title="bbox 267 1689 1852 1762; baseline 0.003 -19"><span class='ocrx_word' id='word_1_114' title='bbox 267 1700 387 1744; x_wconf 89' lang='lat' dir='ltr'><strong>tum</strong></span> <span class='ocrx_word' id='word_1_115' title='bbox 422 1690 768 1760; x_wconf 86' lang='lat' dir='ltr'><strong>pereurristi,</strong></span> <span class='ocrx_word' id='word_1_116' title='bbox 819 1700 872 1745; x_wconf 91' lang='lat' dir='ltr'><strong>et</strong></span> <span class='ocrx_word' id='word_1_117' title='bbox 904 1700 1170 1761; x_wconf 91' lang='lat' dir='ltr'><strong>quantum</strong></span> <span class='ocrx_word' id='word_1_118' title='bbox 1206 1689 1472 1756; x_wconf 91' lang='lat' dir='ltr'><strong>circuisti,</strong></span> <span class='ocrx_word' id='word_1_119' title='bbox 1509 1702 1564 1747; x_wconf 84' lang='lat' dir='ltr'><strong>et</strong></span> <span class='ocrx_word' id='word_1_120' title='bbox 1589 1702 1852 1762; x_wconf 87' lang='lat' dir='ltr'><strong>quantum</strong></span> 
     </span>
    </p>
   </div>
   <div class='ocr_carea' id='block_1_17' title="bbox 275 1781 1853 1852">
    <p class='ocr_par' dir='ltr' id='par_1_17' title="bbox 275 1781 1853 1852">
     <span class='ocr_line' id='line_1_17' title="bbox 275 1781 1853 1852; baseline 0.004 -19"><span class='ocrx_word' id='word_1_121' title='bbox 275 1781 391 1836; x_wconf 84' lang='lat' dir='ltr'><strong>tuis</strong></span> <span class='ocrx_word' id='word_1_122' title='bbox 441 1781 787 1836; x_wconf 85' lang='lat' dir='ltr'><strong>sermonibus</strong></span> <span class='ocrx_word' id='word_1_123' title='bbox 834 1790 999 1852; x_wconf 84' lang='lat' dir='ltr'><strong>atque</strong></span> <span class='ocrx_word' id='word_1_124' title='bbox 1029 1782 1241 1839; x_wconf 88' lang='lat' dir='ltr'><strong>callidis</strong></span> <span class='ocrx_word' id='word_1_125' title='bbox 1291 1783 1655 1841; x_wconf 90' lang='lat' dir='ltr'><strong>locutionibus</strong></span> <span class='ocrx_word' id='word_1_126' title='bbox 1701 1800 1853 1839; x_wconf 88' lang='lat' dir='ltr'><strong>com-</strong></span> 
     </span>
    </p>
   </div>
   <div class='ocr_carea' id='block_1_18' title="bbox 260 1873 1854 1947">
    <p class='ocr_par' dir='ltr' id='par_1_18' title="bbox 260 1873 1854 1947">
     <span class='ocr_line' id='line_1_18' title="bbox 260 1873 1854 1947; baseline 0.004 -22"><span class='ocrx_word' id='word_1_127' title='bbox 260 1873 459 1940; x_wconf 85' lang='lat' dir='ltr'><strong>plexus</strong></span> <span class='ocrx_word' id='word_1_128' title='bbox 488 1888 569 1938; x_wconf 89' lang='lat' dir='ltr'><strong>es,</strong></span> <span class='ocrx_word' id='word_1_129' title='bbox 605 1889 729 1928; x_wconf 90' lang='lat' dir='ltr'><strong>cum</strong></span> <span class='ocrx_word' id='word_1_130' title='bbox 755 1875 1182 1931; x_wconf 81' lang='lat' dir='ltr'><strong>commonefacis</strong></span> <span class='ocrx_word' id='word_1_131' title='bbox 1216 1892 1339 1930; x_wconf 91' lang='lat' dir='ltr'><strong>eum</strong></span> <span class='ocrx_word' id='word_1_132' title='bbox 1373 1875 1642 1942; x_wconf 91' lang='lat' dir='ltr'><strong>dolorum,</strong></span> <span class='ocrx_word' id='word_1_133' title='bbox 1672 1878 1854 1947; x_wconf 84' lang='lat' dir='ltr'><strong>plaga-</strong></span> 
     </span>
    </p>
   </div>
   <div class='ocr_carea' id='block_1_19' title="bbox 262 1963 1851 2032">
    <p class='ocr_par' dir='ltr' id='par_1_19' title="bbox 262 1963 1851 2032">
     <span class='ocr_line' id='line_1_19' title="bbox 262 1963 1851 2032; baseline 0.005 -18"><span class='ocrx_word' id='word_1_134' title='bbox 262 1978 411 2027; x_wconf 88' lang='lat' dir='ltr'><strong>rum,</strong></span> <span class='ocrx_word' id='word_1_135' title='bbox 440 1963 736 2029; x_wconf 79' lang='lat' dir='ltr'><strong>vermium,</strong></span> <span class='ocrx_word' id='word_1_136' title='bbox 776 1964 1147 2032; x_wconf 89' lang='lat' dir='ltr'><strong>putrediuum,</strong></span> <span class='ocrx_word' id='word_1_137' title='bbox 1200 1966 1433 2019; x_wconf 91' lang='lat' dir='ltr'><strong>liliorum</strong></span> <span class='ocrx_word' id='word_1_138' title='bbox 1465 1974 1631 2031; x_wconf 89' lang='lat' dir='ltr'><strong>atque</strong></span> <span class='ocrx_word' id='word_1_139' title='bbox 1663 1967 1851 2022; x_wconf 80' lang='lat' dir='ltr'><strong>uxoris</strong></span> 
     </span>
    </p>
   </div>
   <div class='ocr_carea' id='block_1_20' title="bbox 258 2054 1849 2128">
    <p class='ocr_par' dir='ltr' id='par_1_20' title="bbox 258 2054 1849 2128">
     <span class='ocr_line' id='line_1_20' title="bbox 258 2054 1849 2128; baseline 0.004 -23"><span class='ocrx_word' id='word_1_140' title='bbox 258 2054 597 2124; x_wconf 84' lang='lat' dir='ltr'><strong>vagationis.</strong></span> <span class='ocrx_word' id='word_1_141' title='bbox 651 2054 718 2107; x_wconf 87' lang='lat' dir='ltr'><strong>Et</strong></span> <span class='ocrx_word' id='word_1_142' title='bbox 756 2063 1045 2124; x_wconf 87' lang='lat' dir='ltr'><strong>postquam</strong></span> <span class='ocrx_word' id='word_1_143' title='bbox 1080 2070 1178 2125; x_wconf 91' lang='lat' dir='ltr'><strong>per</strong></span> <span class='ocrx_word' id='word_1_144' title='bbox 1206 2056 1319 2111; x_wconf 71' lang='lat' dir='ltr'><strong>haec</strong></span> <span class='ocrx_word' id='word_1_145' title='bbox 1352 2056 1607 2112; x_wconf 91' lang='lat' dir='ltr'><strong>universa</strong></span> <span class='ocrx_word' id='word_1_146' title='bbox 1637 2066 1849 2128; x_wconf 88' lang='lat' dir='ltr'><strong>raptum</strong></span> 
     </span>
    </p>
   </div>
   <div class='ocr_carea' id='block_1_21' title="bbox 258 2146 1851 2219">
    <p class='ocr_par' dir='ltr' id='par_1_21' title="bbox 258 2146 1851 2219">
     <span class='ocr_line' id='line_1_21' title="bbox 258 2146 1851 2219; baseline 0.005 -21"><span class='ocrx_word' id='word_1_147' title='bbox 258 2146 441 2212; x_wconf 75' lang='lat' dir='ltr'><strong>.ilum,</strong></span> <span class='ocrx_word' id='word_1_148' title='bbox 464 2155 633 2215; x_wconf 85' lang='lat' dir='ltr'><strong>atque</strong></span> <span class='ocrx_word' id='word_1_149' title='bbox 661 2154 781 2215; x_wconf 89' lang='lat' dir='ltr'><strong>post</strong></span> <span class='ocrx_word' id='word_1_150' title='bbox 813 2159 874 2202; x_wconf 90' lang='lat' dir='ltr'><strong>se</strong></span> <span class='ocrx_word' id='word_1_151' title='bbox 913 2162 1236 2202; x_wconf 90' lang='lat' dir='ltr'><strong>conversum</strong></span> <span class='ocrx_word' id='word_1_152' title='bbox 1266 2148 1471 2204; x_wconf 84' lang='lat' dir='ltr'><strong>habere</strong></span> <span class='ocrx_word' id='word_1_153' title='bbox 1497 2159 1675 2219; x_wconf 90' lang='lat' dir='ltr'><strong>putat,</strong></span> <span class='ocrx_word' id='word_1_154' title='bbox 1730 2162 1851 2219; x_wconf 89' lang='lat' dir='ltr'><strong>post</strong></span> 
     </span>
    </p>
   </div>
   <div class='ocr_carea' id='block_1_22' title="bbox 258 2237 1850 2311">
    <p class='ocr_par' dir='ltr' id='par_1_22' title="bbox 258 2237 1850 2311">
     <span class='ocr_line' id='line_1_22' title="bbox 258 2237 1850 2311; baseline 0.004 -21"><span class='ocrx_word' id='word_1_155' title='bbox 258 2237 381 2290; x_wconf 66' lang='lat' dir='ltr'><strong>haec</strong></span> <span class='ocrx_word' id='word_1_156' title='bbox 408 2237 765 2292; x_wconf 88' lang='lat' dir='ltr'><strong>nihilominus</strong></span> <span class='ocrx_word' id='word_1_157' title='bbox 791 2238 973 2292; x_wconf 90' lang='lat' dir='ltr'><strong>omnia</strong></span> <span class='ocrx_word' id='word_1_158' title='bbox 1007 2239 1160 2310; x_wconf 88' lang='lat' dir='ltr'><strong>quasi</strong></span> <span class='ocrx_word' id='word_1_159' title='bbox 1197 2241 1430 2308; x_wconf 82' lang='lat' dir='ltr'><strong>gratiam</strong></span> <span class='ocrx_word' id='word_1_160' title='bbox 1463 2251 1628 2311; x_wconf 90' lang='lat' dir='ltr'><strong>atque</strong></span> <span class='ocrx_word' id='word_1_161' title='bbox 1671 2242 1850 2296; x_wconf 86' lang='lat' dir='ltr'><strong>since-</strong></span> 
     </span>
    </p>
   </div>
   <div class='ocr_carea' id='block_1_23' title="bbox 257 2328 1846 2401">
    <p class='ocr_par' dir='ltr' id='par_1_23' title="bbox 257 2328 1846 2401">
     <span class='ocr_line' id='line_1_23' title="bbox 257 2328 1846 2401; baseline 0.004 -20"><span class='ocrx_word' id='word_1_162' title='bbox 257 2328 488 2382; x_wconf 89' lang='lat' dir='ltr'><strong>ritatem</strong></span> <span class='ocrx_word' id='word_1_163' title='bbox 552 2328 627 2382; x_wconf 92' lang='lat' dir='ltr'><strong>illi</strong></span> <span class='ocrx_word' id='word_1_164' title='bbox 679 2330 1040 2401; x_wconf 58' lang='lat' dir='ltr'><strong>demonstret,</strong></span> <span class='ocrx_word' id='word_1_165' title='bbox 1093 2340 1148 2384; x_wconf 93' lang='lat' dir='ltr'><strong>et</strong></span> <span class='ocrx_word' id='word_1_166' title='bbox 1197 2339 1454 2401; x_wconf 86' lang='lat' dir='ltr'><strong>tanquam</strong></span> <span class='ocrx_word' id='word_1_167' title='bbox 1488 2332 1722 2387; x_wconf 89' lang='lat' dir='ltr'><strong>sollicite</strong></span> <span class='ocrx_word' id='word_1_168' title='bbox 1773 2334 1846 2389; x_wconf 92' lang='lat' dir='ltr'><strong>illi</strong></span> 
     </span>
    </p>
   </div>
   <div class='ocr_carea' id='block_1_24' title="bbox 254 2418 1850 2492">
    <p class='ocr_par' dir='ltr' id='par_1_24' title="bbox 254 2418 1850 2492">
     <span class='ocr_line' id='line_1_24' title="bbox 254 2418 1850 2492; baseline 0.004 -19"><span class='ocrx_word' id='word_1_169' title='bbox 254 2418 553 2473; x_wconf 87' lang='lat' dir='ltr'><strong>consilium</strong></span> <span class='ocrx_word' id='word_1_170' title='bbox 583 2419 846 2488; x_wconf 59' lang='lat' dir='ltr'><strong>praibeat,</strong></span> <span class='ocrx_word' id='word_1_171' title='bbox 879 2421 958 2474; x_wconf 88' lang='lat' dir='ltr'><strong>ait</strong></span> <span class='ocrx_word' id='word_1_172' title='bbox 987 2420 1121 2475; x_wconf 85' lang='lat' dir='ltr'><strong>:Dic</strong></span> <span class='ocrx_word' id='word_1_173' title='bbox 1161 2422 1380 2492; x_wconf 82' lang='lat' dir='ltr'><strong>aliquod</strong></span> <span class='ocrx_word' id='word_1_174' title='bbox 1412 2426 1621 2477; x_wconf 84' lang='lat' dir='ltr'><strong>uerbum</strong></span> <span class='ocrx_word' id='word_1_175' title='bbox 1658 2427 1711 2479; x_wconf 87' lang='lat' dir='ltr'><strong>in</strong></span> <span class='ocrx_word' id='word_1_176' title='bbox 1742 2426 1850 2481; x_wconf 86' lang='lat' dir='ltr'><strong>Do-</strong></span> 
     </span>
    </p>
   </div>
   <div class='ocr_carea' id='block_1_25' title="bbox 252 2510 1845 2583">
    <p class='ocr_par' dir='ltr' id='par_1_25' title="bbox 252 2510 1845 2583">
     <span class='ocr_line' id='line_1_25' title="bbox 252 2510 1845 2583; baseline 0.008 -22"><span class='ocrx_word' id='word_1_177' title='bbox 252 2510 463 2563; x_wconf 86' lang='lat' dir='ltr'><strong>minum</strong></span> <span class='ocrx_word' id='word_1_178' title='bbox 512 2521 561 2564; x_wconf 85' lang='lat' dir='ltr'><strong>et</strong></span> <span class='ocrx_word' id='word_1_179' title='bbox 597 2527 822 2566; x_wconf 81' lang='lat' dir='ltr'><strong>morere.</strong></span> <span class='ocrx_word' id='word_1_180' title='bbox 864 2510 1077 2578; x_wconf 80' lang='lat' dir='ltr'><strong>Melior,</strong></span> <span class='ocrx_word' id='word_1_181' title='bbox 1104 2512 1301 2583; x_wconf 85' lang='lat' dir='ltr'><strong>inquit,</strong></span> <span class='ocrx_word' id='word_1_182' title='bbox 1330 2523 1416 2568; x_wconf 88' lang='lat' dir='ltr'><strong>est</strong></span> <span class='ocrx_word' id='word_1_183' title='bbox 1462 2530 1631 2580; x_wconf 89' lang='lat' dir='ltr'><strong>mors,</strong></span> <span class='ocrx_word' id='word_1_184' title='bbox 1664 2532 1697 2570; x_wconf 94' lang='lat' dir='ltr'><strong>o</strong></span> <span class='ocrx_word' id='word_1_185' title='bbox 1721 2516 1845 2583; x_wconf 90' lang='lat' dir='ltr'><strong>Job,</strong></span> 
     </span>
    </p>
   </div>
   <div class='ocr_carea' id='block_1_26' title="bbox 252 2602 1850 2677">
    <p class='ocr_par' dir='ltr' id='par_1_26' title="bbox 252 2602 1850 2677">
     <span class='ocr_line' id='line_1_26' title="bbox 252 2602 1850 2677; baseline 0.008 -26"><span class='ocrx_word' id='word_1_186' title='bbox 252 2615 421 2669; x_wconf 88' lang='lat' dir='ltr'><strong>quam</strong></span> <span class='ocrx_word' id='word_1_187' title='bbox 452 2602 563 2656; x_wconf 85' lang='lat' dir='ltr'><strong>vita</strong></span> <span class='ocrx_word' id='word_1_188' title='bbox 594 2617 805 2668; x_wconf 87' lang='lat' dir='ltr'><strong>amara,</strong></span> <span class='ocrx_word' id='word_1_189' title='bbox 835 2610 889 2657; x_wconf 89' lang='lat' dir='ltr'><strong>et</strong></span> <span class='ocrx_word' id='word_1_190' title='bbox 927 2603 1145 2672; x_wconf 87' lang='lat' dir='ltr'><strong>requies</strong></span> <span class='ocrx_word' id='word_1_191' title='bbox 1174 2614 1381 2659; x_wconf 66' lang='lat' dir='ltr'><strong>aeterna</strong></span> <span class='ocrx_word' id='word_1_192' title='bbox 1408 2622 1569 2675; x_wconf 87' lang='lat' dir='ltr'><strong>quam</strong></span> <span class='ocrx_word' id='word_1_193' title='bbox 1596 2623 1850 2677; x_wconf 82' lang='lat' dir='ltr'><strong>perseve-</strong></span> 
     </span>
    </p>
   </div>
   <div class='ocr_carea' id='block_1_27' title="bbox 254 2695 1846 2770">
    <p class='ocr_par' dir='ltr' id='par_1_27' title="bbox 254 2695 1846 2770">
     <span class='ocr_line' id='line_1_27' title="bbox 254 2695 1846 2770; baseline 0.008 -24"><span class='ocrx_word' id='word_1_194' title='bbox 254 2709 386 2747; x_wconf 85' lang='lat' dir='ltr'><strong>rans</strong></span> <span class='ocrx_word' id='word_1_195' title='bbox 414 2695 721 2751; x_wconf 89' lang='lat' dir='ltr'><strong>inlirmitas.</strong></span> <span class='ocrx_word' id='word_1_196' title='bbox 749 2696 872 2752; x_wconf 90' lang='lat' dir='ltr'><strong>Ideo</strong></span> <span class='ocrx_word' id='word_1_197' title='bbox 888 2700 974 2752; x_wconf 84' lang='lat' dir='ltr'><strong>die</strong></span> <span class='ocrx_word' id='word_1_198' title='bbox 1004 2700 1219 2770; x_wconf 81' lang='lat' dir='ltr'><strong>aliquod</strong></span> <span class='ocrx_word' id='word_1_199' title='bbox 1251 2702 1460 2755; x_wconf 74' lang='lat' dir='ltr'><strong>uerbum</strong></span> <span class='ocrx_word' id='word_1_200' title='bbox 1480 2703 1537 2755; x_wconf 89' lang='lat' dir='ltr'><strong>in</strong></span> <span class='ocrx_word' id='word_1_201' title='bbox 1562 2702 1846 2758; x_wconf 82' lang='lat' dir='ltr'><strong>Dominum</strong></span> 
     </span>
    </p>
   </div>
   <div class='ocr_carea' id='block_1_28' title="bbox 252 2787 1844 2858">
    <p class='ocr_par' dir='ltr' id='par_1_28' title="bbox 252 2787 1844 2858">
     <span class='ocr_line' id='line_1_28' title="bbox 252 2787 1844 2858; baseline 0.007 -20"><span class='ocrx_word' id='word_1_202' title='bbox 252 2794 300 2838; x_wconf 86' lang='lat' dir='ltr'><strong>et</strong></span> <span class='ocrx_word' id='word_1_203' title='bbox 326 2802 556 2851; x_wconf 82' lang='lat' dir='ltr'><strong>morere,</strong></span> <span class='ocrx_word' id='word_1_204' title='bbox 583 2796 641 2841; x_wconf 92' lang='lat' dir='ltr'><strong>ut</strong></span> <span class='ocrx_word' id='word_1_205' title='bbox 666 2787 883 2843; x_wconf 90' lang='lat' dir='ltr'><strong>inanem</strong></span> <span class='ocrx_word' id='word_1_206' title='bbox 904 2790 1068 2844; x_wconf 86' lang='lat' dir='ltr'><strong>vitam</strong></span> <span class='ocrx_word' id='word_1_207' title='bbox 1084 2792 1224 2847; x_wconf 86' lang='lat' dir='ltr'><strong>hanc</strong></span> <span class='ocrx_word' id='word_1_208' title='bbox 1250 2791 1427 2858; x_wconf 81' lang='lat' dir='ltr'><strong>ﬁnias,</strong></span> <span class='ocrx_word' id='word_1_209' title='bbox 1445 2802 1504 2847; x_wconf 93' lang='lat' dir='ltr'><strong>ut</strong></span> <span class='ocrx_word' id='word_1_210' title='bbox 1534 2794 1646 2848; x_wconf 64' lang='lat' dir='ltr'><strong>haec</strong></span> <span class='ocrx_word' id='word_1_211' title='bbox 1659 2810 1844 2848; x_wconf 88' lang='lat' dir='ltr'><strong>amara</strong></span> 
     </span>
    </p>
   </div>
   <div class='ocr_carea' id='block_1_29' title="bbox 254 2879 1840 2950">
    <p class='ocr_par' dir='ltr' id='par_1_29' title="bbox 254 2879 1840 2950">
     <span class='ocr_line' id='line_1_29' title="bbox 254 2879 1840 2950; baseline 0.004 -20"><span class='ocrx_word' id='word_1_212' title='bbox 254 2888 532 2932; x_wconf 89' lang='lat' dir='ltr'><strong>tormenta</strong></span> <span class='ocrx_word' id='word_1_213' title='bbox 562 2879 858 2950; x_wconf 86' lang='lat' dir='ltr'><strong>relinquas,</strong></span> <span class='ocrx_word' id='word_1_214' title='bbox 893 2890 951 2935; x_wconf 92' lang='lat' dir='ltr'><strong>ut</strong></span> <span class='ocrx_word' id='word_1_215' title='bbox 972 2882 1041 2937; x_wconf 90' lang='lat' dir='ltr'><strong>ab</strong></span> <span class='ocrx_word' id='word_1_216' title='bbox 1075 2881 1196 2938; x_wconf 90' lang='lat' dir='ltr'><strong>istis</strong></span> <span class='ocrx_word' id='word_1_217' title='bbox 1219 2883 1719 2939; x_wconf 82' lang='lat' dir='ltr'><strong>vehementioribus</strong></span> <span class='ocrx_word' id='word_1_218' title='bbox 1742 2886 1840 2937; x_wconf 85' lang='lat' dir='ltr'><strong>do-</strong></span> 
     </span>
    </p>
   </div>
   <div class='ocr_carea' id='block_1_30' title="bbox 253 2966 1843 3044">
    <p class='ocr_par' dir='ltr' id='par_1_30' title="bbox 253 2966 1843 3044">
     <span class='ocr_line' id='line_1_30' title="bbox 253 2966 1843 3044; baseline 0.007 -24"><span class='ocrx_word' id='word_1_219' title='bbox 253 2966 470 3023; x_wconf 90' lang='lat' dir='ltr'><strong>loribus</strong></span> <span class='ocrx_word' id='word_1_220' title='bbox 513 2978 779 3025; x_wconf 87' lang='lat' dir='ltr'><strong>transeas.</strong></span> <span class='ocrx_word' id='word_1_221' title='bbox 814 2969 896 3025; x_wconf 89' lang='lat' dir='ltr'><strong>0b</strong></span> <span class='ocrx_word' id='word_1_222' title='bbox 923 2971 1025 3026; x_wconf 92' lang='lat' dir='ltr'><strong>boc</strong></span> <span class='ocrx_word' id='word_1_223' title='bbox 1058 2984 1189 3041; x_wconf 88' lang='lat' dir='ltr'><strong>ergo</strong></span> <span class='ocrx_word' id='word_1_224' title='bbox 1226 2972 1316 3027; x_wconf 88' lang='lat' dir='ltr'><strong>die</strong></span> <span class='ocrx_word' id='word_1_225' title='bbox 1365 2973 1588 3044; x_wconf 90' lang='lat' dir='ltr'><strong>aliquod</strong></span> <span class='ocrx_word' id='word_1_226' title='bbox 1618 2975 1843 3031; x_wconf 88' lang='lat' dir='ltr'><strong>verbum</strong></span> 
     </span>
    </p>
   </div>
   <div class='ocr_carea' id='block_1_31' title="bbox 252 3058 1843 3136">
    <p class='ocr_par' dir='ltr' id='par_1_31' title="bbox 252 3058 1843 3136">
     <span class='ocr_line' id='line_1_31' title="bbox 252 3058 1843 3136; baseline 0.006 -24"><span class='ocrx_word' id='word_1_227' title='bbox 252 3058 305 3112; x_wconf 87' lang='lat' dir='ltr'><strong>in</strong></span> <span class='ocrx_word' id='word_1_228' title='bbox 341 3059 636 3115; x_wconf 88' lang='lat' dir='ltr'><strong>Dominum</strong></span> <span class='ocrx_word' id='word_1_229' title='bbox 664 3070 720 3116; x_wconf 89' lang='lat' dir='ltr'><strong>et</strong></span> <span class='ocrx_word' id='word_1_230' title='bbox 770 3076 1004 3117; x_wconf 90' lang='lat' dir='ltr'><strong>morere.</strong></span> <span class='ocrx_word' id='word_1_231' title='bbox 1045 3061 1141 3118; x_wconf 87' lang='lat' dir='ltr'><strong>Dic</strong></span> <span class='ocrx_word' id='word_1_232' title='bbox 1164 3063 1385 3135; x_wconf 89' lang='lat' dir='ltr'><strong>aliquod</strong></span> <span class='ocrx_word' id='word_1_233' title='bbox 1417 3066 1644 3121; x_wconf 85' lang='lat' dir='ltr'><strong>verbum</strong></span> <span class='ocrx_word' id='word_1_234' title='bbox 1696 3070 1843 3136; x_wconf 91' lang='lat' dir='ltr'><strong>quod</strong></span> 
     </span>
    </p>
   </div>
   <div class='ocr_carea' id='block_1_32' title="bbox 250 3152 1842 3227">
    <p class='ocr_par' dir='ltr' id='par_1_32' title="bbox 250 3152 1842 3227">
     <span class='ocr_line' id='line_1_32' title="bbox 250 3152 1842 3227; baseline 0.004 -21"><span class='ocrx_word' id='word_1_235' title='bbox 250 3152 458 3217; x_wconf 87' lang='lat' dir='ltr'><strong>irritet,</strong></span> <span class='ocrx_word' id='word_1_236' title='bbox 478 3154 622 3221; x_wconf 92' lang='lat' dir='ltr'><strong>quod</strong></span> <span class='ocrx_word' id='word_1_237' title='bbox 647 3155 960 3219; x_wconf 88' lang='lat' dir='ltr'><strong>exacerbet,</strong></span> <span class='ocrx_word' id='word_1_238' title='bbox 992 3155 1138 3225; x_wconf 92' lang='lat' dir='ltr'><strong>quod</strong></span> <span class='ocrx_word' id='word_1_239' title='bbox 1162 3166 1470 3227; x_wconf 80' lang='lat' dir='ltr'><strong>exasperet.</strong></span> <span class='ocrx_word' id='word_1_240' title='bbox 1503 3158 1599 3213; x_wconf 92' lang='lat' dir='ltr'><strong>Dic</strong></span> <span class='ocrx_word' id='word_1_241' title='bbox 1626 3158 1842 3227; x_wconf 86' lang='lat' dir='ltr'><strong>aliquod</strong></span> 
     </span>
    </p>
   </div>
   <div class='ocr_carea' id='block_1_33' title="bbox 249 3244 1911 3337">
    <p class='ocr_par' dir='ltr' id='par_1_33' title="bbox 249 3244 1911 3337">
     <span class='ocr_line' id='line_1_33' title="bbox 249 3244 1911 3337; baseline 0.007 -42"><span class='ocrx_word' id='word_1_242' title='bbox 249 3245 487 3298; x_wconf 70' lang='lat' dir='ltr'><strong>verbum</strong></span> <span class='ocrx_word' id='word_1_243' title='bbox 520 3244 574 3299; x_wconf 90' lang='lat' dir='ltr'><strong>in</strong></span> <span class='ocrx_word' id='word_1_244' title='bbox 621 3245 930 3299; x_wconf 90' lang='lat' dir='ltr'><strong>Dominum.</strong></span> <span class='ocrx_word' id='word_1_245' title='bbox 961 3247 1173 3301; x_wconf 82' lang='lat' dir='ltr'><strong>Accusa</strong></span> <span class='ocrx_word' id='word_1_246' title='bbox 1220 3248 1286 3304; x_wconf 90' lang='lat' dir='ltr'><strong>de</strong></span> <span class='ocrx_word' id='word_1_247' title='bbox 1314 3247 1599 3317; x_wconf 88' lang='lat' dir='ltr'><strong>injustitia,</strong></span> <span class='ocrx_word' id='word_1_248' title='bbox 1647 3251 1839 3305; x_wconf 90' lang='lat' dir='ltr'><strong>critni-</strong></span> <span class='ocrx_word' id='word_1_249' title='bbox 1868 3280 1911 3337; x_wconf 66' lang='grc' dir='ltr'>ο</span> 
     </span>
    </p>
   </div>
   <div class='ocr_carea' id='block_1_34' title="bbox 252 3340 1838 3415">
    <p class='ocr_par' dir='ltr' id='par_1_34' title="bbox 252 3340 1838 3415">
     <span class='ocr_line' id='line_1_34' title="bbox 252 3340 1838 3415; baseline 0.003 -20"><span class='ocrx_word' id='word_1_250' title='bbox 252 3356 412 3403; x_wconf 88' lang='lat' dir='ltr'><strong>nare,</strong></span> <span class='ocrx_word' id='word_1_251' title='bbox 444 3340 613 3395; x_wconf 90' lang='lat' dir='ltr'><strong>irride</strong></span> <span class='ocrx_word' id='word_1_252' title='bbox 647 3342 712 3396; x_wconf 87' lang='lat' dir='ltr'><strong>de</strong></span> <span class='ocrx_word' id='word_1_253' title='bbox 761 3341 986 3407; x_wconf 89' lang='lat' dir='ltr'><strong>malitia,</strong></span> <span class='ocrx_word' id='word_1_254' title='bbox 1029 3343 1370 3413; x_wconf 88' lang='lat' dir='ltr'><strong>reprehende</strong></span> <span class='ocrx_word' id='word_1_255' title='bbox 1417 3344 1487 3398; x_wconf 90' lang='lat' dir='ltr'><strong>de</strong></span> <span class='ocrx_word' id='word_1_256' title='bbox 1540 3345 1838 3415; x_wconf 90' lang='lat' dir='ltr'><strong>impietate.</strong></span> 
     </span>
    </p>
   </div>
   <div class='ocr_carea' id='block_1_35' title="bbox 254 3432 1834 3506">
    <p class='ocr_par' dir='ltr' id='par_1_35' title="bbox 254 3432 1834 3506">
     <span class='ocr_line' id='line_1_35' title="bbox 254 3432 1834 3506; baseline 0.004 -21"><span class='ocrx_word' id='word_1_257' title='bbox 254 3433 357 3486; x_wconf 88' lang='lat' dir='ltr'><strong>Dic</strong></span> <span class='ocrx_word' id='word_1_258' title='bbox 384 3432 608 3502; x_wconf 76' lang='lat' dir='ltr'><strong>aliquod</strong></span> <span class='ocrx_word' id='word_1_259' title='bbox 638 3432 864 3487; x_wconf 87' lang='lat' dir='ltr'><strong>verbum</strong></span> <span class='ocrx_word' id='word_1_260' title='bbox 893 3435 1037 3502; x_wconf 89' lang='lat' dir='ltr'><strong>quod</strong></span> <span class='ocrx_word' id='word_1_261' title='bbox 1066 3444 1231 3503; x_wconf 80' lang='lat' dir='ltr'><strong>neget</strong></span> <span class='ocrx_word' id='word_1_262' title='bbox 1262 3433 1436 3499; x_wconf 89' lang='lat' dir='ltr'><strong>illum,</strong></span> <span class='ocrx_word' id='word_1_263' title='bbox 1468 3444 1523 3489; x_wconf 91' lang='lat' dir='ltr'><strong>et</strong></span> <span class='ocrx_word' id='word_1_264' title='bbox 1548 3437 1834 3506; x_wconf 87' lang='lat' dir='ltr'><strong>providen-</strong></span> 
     </span>
    </p>
   </div>
   <div class='ocr_carea' id='block_1_36' title="bbox 253 3525 1841 3599">
    <p class='ocr_par' dir='ltr' id='par_1_36' title="bbox 253 3525 1841 3599">
     <span class='ocr_line' id='line_1_36' title="bbox 253 3525 1841 3599; baseline 0.005 -22"><span class='ocrx_word' id='word_1_265' title='bbox 253 3525 388 3578; x_wconf 84' lang='lat' dir='ltr'><strong>tiam</strong></span> <span class='ocrx_word' id='word_1_266' title='bbox 411 3525 533 3595; x_wconf 87' lang='lat' dir='ltr'><strong>ejus</strong></span> <span class='ocrx_word' id='word_1_267' title='bbox 566 3533 732 3594; x_wconf 90' lang='lat' dir='ltr'><strong>atque</strong></span> <span class='ocrx_word' id='word_1_268' title='bbox 767 3526 1161 3591; x_wconf 88' lang='lat' dir='ltr'><strong>provisionem,</strong></span> <span class='ocrx_word' id='word_1_269' title='bbox 1191 3527 1594 3597; x_wconf 59' lang='lat' dir='ltr'><strong>praescientiam</strong></span> <span class='ocrx_word' id='word_1_270' title='bbox 1626 3543 1841 3599; x_wconf 79' lang='lat' dir='ltr'><strong>quoque</strong></span> 
     </span>
    </p>
   </div>
   <div class='ocr_carea' id='block_1_37' title="bbox 250 3618 1839 3691">
    <p class='ocr_par' dir='ltr' id='par_1_37' title="bbox 250 3618 1839 3691">
     <span class='ocr_line' id='line_1_37' title="bbox 250 3618 1839 3691; baseline 0.003 -20"><span class='ocrx_word' id='word_1_271' title='bbox 250 3633 318 3673; x_wconf 88' lang='lat' dir='ltr'><strong>ac</strong></span> <span class='ocrx_word' id='word_1_272' title='bbox 357 3619 616 3671; x_wconf 81' lang='lat' dir='ltr'><strong>virtutem</strong></span> <span class='ocrx_word' id='word_1_273' title='bbox 641 3628 804 3687; x_wconf 89' lang='lat' dir='ltr'><strong>atque</strong></span> <span class='ocrx_word' id='word_1_274' title='bbox 827 3618 1251 3687; x_wconf 86' lang='lat' dir='ltr'><strong>magnitudinem</strong></span> <span class='ocrx_word' id='word_1_275' title='bbox 1285 3618 1450 3673; x_wconf 92' lang='lat' dir='ltr'><strong>illius.</strong></span> <span class='ocrx_word' id='word_1_276' title='bbox 1485 3620 1573 3675; x_wconf 88' lang='lat' dir='ltr'><strong>Sic</strong></span> <span class='ocrx_word' id='word_1_277' title='bbox 1593 3637 1723 3691; x_wconf 81' lang='lat' dir='ltr'><strong>ergo</strong></span> <span class='ocrx_word' id='word_1_278' title='bbox 1754 3622 1839 3676; x_wconf 85' lang='lat' dir='ltr'><strong>dic</strong></span> 
     </span>
    </p>
   </div>
   <div class='ocr_carea' id='block_1_38' title="bbox 251 3708 1839 3777">
    <p class='ocr_par' dir='ltr' id='par_1_38' title="bbox 251 3708 1839 3777">
     <span class='ocr_line' id='line_1_38' title="bbox 251 3708 1839 3777; baseline 0.002 -15"><span class='ocrx_word' id='word_1_279' title='bbox 251 3709 475 3777; x_wconf 87' lang='lat' dir='ltr'><strong>aliquod</strong></span> <span class='ocrx_word' id='word_1_280' title='bbox 524 3710 745 3763; x_wconf 83' lang='lat' dir='ltr'><strong>verbum</strong></span> <span class='ocrx_word' id='word_1_281' title='bbox 793 3709 845 3763; x_wconf 91' lang='lat' dir='ltr'><strong>in</strong></span> <span class='ocrx_word' id='word_1_282' title='bbox 894 3708 1180 3764; x_wconf 83' lang='lat' dir='ltr'><strong>Dominum</strong></span> <span class='ocrx_word' id='word_1_283' title='bbox 1232 3720 1286 3765; x_wconf 85' lang='lat' dir='ltr'><strong>et</strong></span> <span class='ocrx_word' id='word_1_284' title='bbox 1314 3726 1545 3767; x_wconf 89' lang='lat' dir='ltr'><strong>morere.</strong></span> <span class='ocrx_word' id='word_1_285' title='bbox 1595 3712 1653 3767; x_wconf 89' lang='lat' dir='ltr'><strong>Si</strong></span> <span class='ocrx_word' id='word_1_286' title='bbox 1692 3712 1839 3767; x_wconf 78' lang='lat' dir='ltr'><strong>enim</strong></span> 
     </span>
    </p>
   </div>
   <div class='ocr_carea' id='block_1_39' title="bbox 251 3800 1840 3870">
    <p class='ocr_par' dir='ltr' id='par_1_39' title="bbox 251 3800 1840 3870">
     <span class='ocr_line' id='line_1_39' title="bbox 251 3800 1840 3870; baseline 0.002 -16"><span class='ocrx_word' id='word_1_287' title='bbox 251 3800 461 3870; x_wconf 83' lang='lat' dir='ltr'><strong>aliquid</strong></span> <span class='ocrx_word' id='word_1_288' title='bbox 492 3800 800 3870; x_wconf 87' lang='lat' dir='ltr'><strong>bujusmodi</strong></span> <span class='ocrx_word' id='word_1_289' title='bbox 835 3802 1062 3865; x_wconf 75' lang='lat' dir='ltr'><strong>dixeris,</strong></span> <span class='ocrx_word' id='word_1_290' title='bbox 1098 3802 1359 3856; x_wconf 91' lang='lat' dir='ltr'><strong>continuo</strong></span> <span class='ocrx_word' id='word_1_291' title='bbox 1389 3803 1661 3870; x_wconf 88' lang='lat' dir='ltr'><strong>morieris,</strong></span> <span class='ocrx_word' id='word_1_292' title='bbox 1706 3820 1840 3859; x_wconf 82' lang='lat' dir='ltr'><strong>cun-</strong></span> 
     </span>
    </p>
   </div>
   <div class='ocr_carea' id='block_1_40' title="bbox 255 3892 1838 3962">
    <p class='ocr_par' dir='ltr' id='par_1_40' title="bbox 255 3892 1838 3962">
     <span class='ocr_line' id='line_1_40' title="bbox 255 3892 1838 3962; baseline 0.004 -16"><span class='ocrx_word' id='word_1_293' title='bbox 255 3893 415 3946; x_wconf 92' lang='lat' dir='ltr'><strong>tinuo</strong></span> <span class='ocrx_word' id='word_1_294' title='bbox 452 3893 519 3946; x_wconf 91' lang='lat' dir='ltr'><strong>de</strong></span> <span class='ocrx_word' id='word_1_295' title='bbox 570 3892 824 3947; x_wconf 90' lang='lat' dir='ltr'><strong>omnibus</strong></span> <span class='ocrx_word' id='word_1_296' title='bbox 874 3894 1238 3962; x_wconf 54' lang='lat' dir='ltr'><strong>praesentibus</strong></span> <span class='ocrx_word' id='word_1_297' title='bbox 1280 3894 1563 3950; x_wconf 89' lang='lat' dir='ltr'><strong>laboribus</strong></span> <span class='ocrx_word' id='word_1_298' title='bbox 1610 3911 1838 3953; x_wconf 82' lang='lat' dir='ltr'><strong>securus</strong></span> 
     </span>
    </p>
   </div>
   <div class='ocr_carea' id='block_1_41' title="bbox 251 3980 1839 4055">
    <p class='ocr_par' dir='ltr' id='par_1_41' title="bbox 251 3980 1839 4055">
     <span class='ocr_line' id='line_1_41' title="bbox 251 3980 1839 4055; baseline 0.004 -20"><span class='ocrx_word' id='word_1_299' title='bbox 251 3992 421 4050; x_wconf 86' lang='lat' dir='ltr'><strong>atque</strong></span> <span class='ocrx_word' id='word_1_300' title='bbox 466 3980 676 4035; x_wconf 78' lang='lat' dir='ltr'><strong>alienus</strong></span> <span class='ocrx_word' id='word_1_301' title='bbox 728 3981 993 4046; x_wconf 87' lang='lat' dir='ltr'><strong>redderis,</strong></span> <span class='ocrx_word' id='word_1_302' title='bbox 1045 3983 1302 4037; x_wconf 86' lang='lat' dir='ltr'><strong>continuo</strong></span> <span class='ocrx_word' id='word_1_303' title='bbox 1352 4000 1529 4055; x_wconf 89' lang='lat' dir='ltr'><strong>neque</strong></span> <span class='ocrx_word' id='word_1_304' title='bbox 1558 3985 1839 4042; x_wconf 80' lang='lat' dir='ltr'><strong>conlusio-</strong></span> 
     </span>
    </p>
   </div>
   <div class='ocr_carea' id='block_1_42' title="bbox 254 4073 1835 4146">
    <p class='ocr_par' dir='ltr' id='par_1_42' title="bbox 254 4073 1835 4146">
     <span class='ocr_line' id='line_1_42' title="bbox 254 4073 1835 4146; baseline 0.004 -19"><span class='ocrx_word' id='word_1_305' title='bbox 254 4089 407 4137; x_wconf 89' lang='lat' dir='ltr'><strong>nem,</strong></span> <span class='ocrx_word' id='word_1_306' title='bbox 442 4073 639 4142; x_wconf 89' lang='lat' dir='ltr'><strong>inquit,</strong></span> <span class='ocrx_word' id='word_1_307' title='bbox 692 4073 1008 4137; x_wconf 88' lang='lat' dir='ltr'><strong>sustinebis,</strong></span> <span class='ocrx_word' id='word_1_308' title='bbox 1040 4089 1216 4144; x_wconf 88' lang='lat' dir='ltr'><strong>neque</strong></span> <span class='ocrx_word' id='word_1_309' title='bbox 1251 4075 1576 4146; x_wconf 91' lang='lat' dir='ltr'><strong>improperia</strong></span> <span class='ocrx_word' id='word_1_310' title='bbox 1622 4080 1835 4144; x_wconf 85' lang='lat' dir='ltr'><strong>audies,</strong></span> 
     </span>
    </p>
   </div>
   <div class='ocr_carea' id='block_1_43' title="bbox 254 4163 1835 4234">
    <p class='ocr_par' dir='ltr' id='par_1_43' title="bbox 254 4163 1835 4234">
     <span class='ocr_line' id='line_1_43' title="bbox 254 4163 1835 4234; baseline 0.004 -17"><span class='ocrx_word' id='word_1_311' title='bbox 254 4178 436 4234; x_wconf 89' lang='lat' dir='ltr'><strong>neque</strong></span> <span class='ocrx_word' id='word_1_312' title='bbox 484 4163 727 4218; x_wconf 89' lang='lat' dir='ltr'><strong>dolorem</strong></span> <span class='ocrx_word' id='word_1_313' title='bbox 785 4163 1035 4232; x_wconf 87' lang='lat' dir='ltr'><strong>patieris,</strong></span> <span class='ocrx_word' id='word_1_314' title='bbox 1092 4180 1270 4234; x_wconf 88' lang='lat' dir='ltr'><strong>neque</strong></span> <span class='ocrx_word' id='word_1_315' title='bbox 1309 4180 1525 4234; x_wconf 71' lang='lat' dir='ltr'><strong>poenam</strong></span> <span class='ocrx_word' id='word_1_316' title='bbox 1581 4166 1835 4230; x_wconf 78' lang='lat' dir='ltr'><strong>sul&#39;l‘eres.</strong></span> 
     </span>
    </p>
   </div>
   <div class='ocr_carea' id='block_1_44' title="bbox 253 4254 1838 4324">
    <p class='ocr_par' dir='ltr' id='par_1_44' title="bbox 253 4254 1838 4324">
     <span class='ocr_line' id='line_1_44' title="bbox 253 4254 1838 4324; baseline 0.002 -15"><span class='ocrx_word' id='word_1_317' title='bbox 253 4260 349 4311; x_wconf 82' lang='lat' dir='ltr'><strong>sed</strong></span> <span class='ocrx_word' id='word_1_318' title='bbox 394 4263 595 4309; x_wconf 88' lang='lat' dir='ltr'><strong>cuncta</strong></span> <span class='ocrx_word' id='word_1_319' title='bbox 649 4255 894 4324; x_wconf 89' lang='lat' dir='ltr'><strong>protinus</strong></span> <span class='ocrx_word' id='word_1_320' title='bbox 944 4254 1226 4322; x_wconf 89' lang='lat' dir='ltr'><strong>deponens</strong></span> <span class='ocrx_word' id='word_1_321' title='bbox 1287 4256 1429 4309; x_wconf 91' lang='lat' dir='ltr'><strong>inter</strong></span> <span class='ocrx_word' id='word_1_322' title='bbox 1478 4268 1723 4313; x_wconf 90' lang='lat' dir='ltr'><strong>mortuos</strong></span> <span class='ocrx_word' id='word_1_323' title='bbox 1752 4274 1838 4312; x_wconf 87' lang='lat' dir='ltr'><strong>re-</strong></span> 
     </span>
    </p>
   </div>
   <div class='ocr_carea' id='block_1_45' title="bbox 251 4346 1833 4418">
    <p class='ocr_par' dir='ltr' id='par_1_45' title="bbox 251 4346 1833 4418">
     <span class='ocr_line' id='line_1_45' title="bbox 251 4346 1833 4418; baseline -0.001 -17"><span class='ocrx_word' id='word_1_324' title='bbox 251 4350 529 4418; x_wconf 86' lang='lat' dir='ltr'><strong>quiesces.</strong></span> <span class='ocrx_word' id='word_1_325' title='bbox 574 4346 694 4411; x_wconf 88' lang='lat' dir='ltr'><strong>Dic,</strong></span> <span class='ocrx_word' id='word_1_326' title='bbox 720 4346 918 4414; x_wconf 87' lang='lat' dir='ltr'><strong>inquit,</strong></span> <span class='ocrx_word' id='word_1_327' title='bbox 951 4346 1173 4409; x_wconf 84' lang='lat' dir='ltr'><strong>aliquod</strong></span> <span class='ocrx_word' id='word_1_328' title='bbox 1197 4348 1407 4401; x_wconf 76' lang='lat' dir='ltr'><strong>uerbum</strong></span> <span class='ocrx_word' id='word_1_329' title='bbox 1440 4348 1493 4401; x_wconf 86' lang='lat' dir='ltr'><strong>in</strong></span> <span class='ocrx_word' id='word_1_330' title='bbox 1528 4346 1833 4414; x_wconf 85' lang='lat' dir='ltr'><strong>Dominum,</strong></span> 
     </span>
    </p>
   </div>
   <div class='ocr_carea' id='block_1_46' title="bbox 251 4436 1837 4507">
    <p class='ocr_par' dir='ltr' id='par_1_46' title="bbox 251 4436 1837 4507">
     <span class='ocr_line' id='line_1_46' title="bbox 251 4436 1837 4507; baseline 0.001 -14"><span class='ocrx_word' id='word_1_331' title='bbox 251 4450 299 4493; x_wconf 89' lang='lat' dir='ltr'><strong>et</strong></span> <span class='ocrx_word' id='word_1_332' title='bbox 325 4454 550 4493; x_wconf 85' lang='lat' dir='ltr'><strong>morere.</strong></span> <span class='ocrx_word' id='word_1_333' title='bbox 579 4436 714 4501; x_wconf 83' lang='lat' dir='ltr'><strong>Hoc.</strong></span> <span class='ocrx_word' id='word_1_334' title='bbox 746 4438 943 4507; x_wconf 90' lang='lat' dir='ltr'><strong>inquit,</strong></span> <span class='ocrx_word' id='word_1_335' title='bbox 966 4446 1246 4507; x_wconf 89' lang='lat' dir='ltr'><strong>exspecto,</strong></span> <span class='ocrx_word' id='word_1_336' title='bbox 1283 4439 1385 4493; x_wconf 83' lang='lat' dir='ltr'><strong>hoc</strong></span> <span class='ocrx_word' id='word_1_337' title='bbox 1418 4441 1681 4503; x_wconf 90' lang='lat' dir='ltr'><strong>sustineo,</strong></span> <span class='ocrx_word' id='word_1_338' title='bbox 1734 4440 1837 4496; x_wconf 86' lang='lat' dir='ltr'><strong>hoc</strong></span> 
     </span>
    </p>
   </div>
   <div class='ocr_carea' id='block_1_47' title="bbox 252 4531 1833 4602">
    <p class='ocr_par' dir='ltr' id='par_1_47' title="bbox 252 4531 1833 4602">
     <span class='ocr_line' id='line_1_47' title="bbox 252 4531 1833 4602; baseline 0.004 -21"><span class='ocrx_word' id='word_1_339' title='bbox 252 4532 530 4599; x_wconf 86' lang='lat' dir='ltr'><strong>desidero,</strong></span> <span class='ocrx_word' id='word_1_340' title='bbox 563 4531 667 4585; x_wconf 81' lang='lat' dir='ltr'><strong>hoc</strong></span> <span class='ocrx_word' id='word_1_341' title='bbox 711 4545 917 4600; x_wconf 69' lang='lat' dir='ltr'><strong>quaero,</strong></span> <span class='ocrx_word' id='word_1_342' title='bbox 954 4538 1012 4585; x_wconf 90' lang='lat' dir='ltr'><strong>ut</strong></span> <span class='ocrx_word' id='word_1_343' title='bbox 1043 4531 1195 4587; x_wconf 88' lang='lat' dir='ltr'><strong>dicas</strong></span> <span class='ocrx_word' id='word_1_344' title='bbox 1239 4532 1459 4602; x_wconf 88' lang='lat' dir='ltr'><strong>aliquod</strong></span> <span class='ocrx_word' id='word_1_345' title='bbox 1508 4531 1733 4587; x_wconf 86' lang='lat' dir='ltr'><strong>verbum</strong></span> <span class='ocrx_word' id='word_1_346' title='bbox 1781 4533 1833 4587; x_wconf 90' lang='lat' dir='ltr'><strong>in</strong></span> 
     </span>
    </p>
   </div>
   <div class='ocr_carea' id='block_1_48' title="bbox 1963 682 3549 752">
    <p class='ocr_par' dir='ltr' id='par_1_48' title="bbox 1963 682 3549 752">
     <span class='ocr_line' id='line_1_48' title="bbox 1963 682 3549 752; baseline 0.003 -17"><span class='ocrx_word' id='word_1_347' title='bbox 1963 697 2130 750; x_wconf 82' lang='lat' dir='ltr'><strong>agens</strong></span> <span class='ocrx_word' id='word_1_348' title='bbox 2168 692 2393 752; x_wconf 86' lang='lat' dir='ltr'><strong>propter</strong></span> <span class='ocrx_word' id='word_1_349' title='bbox 2424 682 2665 737; x_wconf 89' lang='lat' dir='ltr'><strong>animam</strong></span> <span class='ocrx_word' id='word_1_350' title='bbox 2708 693 2854 738; x_wconf 90' lang='lat' dir='ltr'><strong>tuam</strong></span> <span class='ocrx_word' id='word_1_351' title='bbox 2888 683 2941 737; x_wconf 94' lang='lat' dir='ltr'><strong>in</strong></span> <span class='ocrx_word' id='word_1_352' title='bbox 2974 682 3250 738; x_wconf 88' lang='lat' dir='ltr'><strong>doloribus</strong></span> <span class='ocrx_word' id='word_1_353' title='bbox 3280 700 3386 738; x_wconf 91' lang='lat' dir='ltr'><strong>non</strong></span> <span class='ocrx_word' id='word_1_354' title='bbox 3423 702 3549 741; x_wconf 90' lang='lat' dir='ltr'><strong>suc-</strong></span> 
     </span>
    </p>
   </div>
   <div class='ocr_carea' id='block_1_49' title="bbox 1961 773 3549 843">
    <p class='ocr_par' dir='ltr' id='par_1_49' title="bbox 1961 773 3549 843">
     <span class='ocr_line' id='line_1_49' title="bbox 1961 773 3549 843; baseline 0.004 -17"><span class='ocrx_word' id='word_1_355' title='bbox 1961 774 2328 828; x_wconf 90' lang='lat' dir='ltr'><strong>cumbentem.</strong></span> <span class='ocrx_word' id='word_1_356' title='bbox 2356 774 2473 829; x_wconf 86' lang='lat' dir='ltr'><strong>Non</strong></span> <span class='ocrx_word' id='word_1_357' title='bbox 2523 776 2667 830; x_wconf 91' lang='lat' dir='ltr'><strong>enim</strong></span> <span class='ocrx_word' id='word_1_358' title='bbox 2724 785 2775 830; x_wconf 90' lang='lat' dir='ltr'><strong>te</strong></span> <span class='ocrx_word' id='word_1_359' title='bbox 2824 775 2919 843; x_wconf 89' lang='lat' dir='ltr'><strong>ita,</strong></span> <span class='ocrx_word' id='word_1_360' title='bbox 2961 791 2994 829; x_wconf 89' lang='grc' dir='ltr'>ο</span> <span class='ocrx_word' id='word_1_361' title='bbox 3027 773 3162 839; x_wconf 90' lang='lat' dir='ltr'><strong>Job,</strong></span> <span class='ocrx_word' id='word_1_362' title='bbox 3208 776 3295 830; x_wconf 89' lang='lat' dir='ltr'><strong>isti</strong></span> <span class='ocrx_word' id='word_1_363' title='bbox 3333 777 3549 832; x_wconf 89' lang='lat' dir='ltr'><strong>dolores</strong></span> 
     </span>
    </p>
   </div>
   <div class='ocr_carea' id='block_1_50' title="bbox 1962 863 3549 938">
    <p class='ocr_par' dir='ltr' id='par_1_50' title="bbox 1962 863 3549 938">
     <span class='ocr_line' id='line_1_50' title="bbox 1962 863 3549 938; baseline 0.004 -21"><span class='ocrx_word' id='word_1_364' title='bbox 1962 863 2237 934; x_wconf 83' lang='lat' dir='ltr'><strong>aﬂligunt,</strong></span> <span class='ocrx_word' id='word_1_365' title='bbox 2285 866 2428 920; x_wconf 90' lang='lat' dir='ltr'><strong>sicut</strong></span> <span class='ocrx_word' id='word_1_366' title='bbox 2479 882 2566 921; x_wconf 91' lang='lat' dir='ltr'><strong>me</strong></span> <span class='ocrx_word' id='word_1_367' title='bbox 2620 877 2708 920; x_wconf 91' lang='lat' dir='ltr'><strong>tua</strong></span> <span class='ocrx_word' id='word_1_368' title='bbox 2765 866 3053 921; x_wconf 88' lang='lat' dir='ltr'><strong>tolerantia</strong></span> <span class='ocrx_word' id='word_1_369' title='bbox 3119 877 3399 938; x_wconf 90' lang='lat' dir='ltr'><strong>pernecat.</strong></span> <span class='ocrx_word' id='word_1_370' title='bbox 3444 868 3549 923; x_wconf 86' lang='lat' dir='ltr'><strong>Pro</strong></span> 
     </span>
    </p>
   </div>
   <div class='ocr_carea' id='block_1_51' title="bbox 1963 956 3545 1027">
    <p class='ocr_par' dir='ltr' id='par_1_51' title="bbox 1963 956 3545 1027">
     <span class='ocr_line' id='line_1_51' title="bbox 1963 956 3545 1027; baseline 0.002 -18"><span class='ocrx_word' id='word_1_371' title='bbox 1963 956 2048 1012; x_wconf 89' lang='lat' dir='ltr'><strong>bis</strong></span> <span class='ocrx_word' id='word_1_372' title='bbox 2076 972 2207 1027; x_wconf 92' lang='lat' dir='ltr'><strong>ergo</strong></span> <span class='ocrx_word' id='word_1_373' title='bbox 2232 957 2483 1012; x_wconf 88' lang='lat' dir='ltr'><strong>omnibus</strong></span> <span class='ocrx_word' id='word_1_374' title='bbox 2513 957 2602 1012; x_wconf 88' lang='lat' dir='ltr'><strong>dic</strong></span> <span class='ocrx_word' id='word_1_375' title='bbox 2633 957 2851 1025; x_wconf 90' lang='lat' dir='ltr'><strong>aliquod</strong></span> <span class='ocrx_word' id='word_1_376' title='bbox 2883 959 3107 1012; x_wconf 87' lang='lat' dir='ltr'><strong>verbum</strong></span> <span class='ocrx_word' id='word_1_377' title='bbox 3142 959 3194 1013; x_wconf 94' lang='lat' dir='ltr'><strong>in</strong></span> <span class='ocrx_word' id='word_1_378' title='bbox 3232 958 3545 1024; x_wconf 87' lang='lat' dir='ltr'><strong>Dominum,</strong></span> 
     </span>
    </p>
   </div>
   <div class='ocr_carea' id='block_1_52' title="bbox 1960 1049 3542 1112">
    <p class='ocr_par' dir='ltr' id='par_1_52' title="bbox 1960 1049 3542 1112">
     <span class='ocr_line' id='line_1_52' title="bbox 1960 1049 3542 1112; baseline 0.003 -10"><span class='ocrx_word' id='word_1_379' title='bbox 1960 1059 2014 1102; x_wconf 88' lang='lat' dir='ltr'><strong>et</strong></span> <span class='ocrx_word' id='word_1_380' title='bbox 2048 1063 2280 1102; x_wconf 87' lang='lat' dir='ltr'><strong>morere.</strong></span> <span class='ocrx_word' id='word_1_381' title='bbox 2328 1049 2433 1103; x_wconf 87' lang='lat' dir='ltr'><strong>Sed</strong></span> <span class='ocrx_word' id='word_1_382' title='bbox 2478 1049 2583 1102; x_wconf 87' lang='lat' dir='ltr'><strong>tale</strong></span> <span class='ocrx_word' id='word_1_383' title='bbox 2618 1049 2842 1103; x_wconf 85' lang='lat' dir='ltr'><strong>verbum</strong></span> <span class='ocrx_word' id='word_1_384' title='bbox 2879 1050 2986 1112; x_wconf 88' lang='lat' dir='ltr'><strong>dic,</strong></span> <span class='ocrx_word' id='word_1_385' title='bbox 3040 1060 3099 1103; x_wconf 90' lang='lat' dir='ltr'><strong>ut</strong></span> <span class='ocrx_word' id='word_1_386' title='bbox 3131 1051 3393 1104; x_wconf 85' lang='lat' dir='ltr'><strong>continuo</strong></span> <span class='ocrx_word' id='word_1_387' title='bbox 3448 1053 3542 1106; x_wconf 90' lang='lat' dir='ltr'><strong>tibi</strong></span> 
     </span>
    </p>
   </div>
   <div class='ocr_carea' id='block_1_53' title="bbox 1959 1141 3545 1212">
    <p class='ocr_par' dir='ltr' id='par_1_53' title="bbox 1959 1141 3545 1212">
     <span class='ocr_line' id='line_1_53' title="bbox 1959 1141 3545 1212; baseline 0.003 -20"><span class='ocrx_word' id='word_1_388' title='bbox 1959 1148 2186 1194; x_wconf 90' lang='lat' dir='ltr'><strong>mortem</strong></span> <span class='ocrx_word' id='word_1_389' title='bbox 2222 1151 2501 1210; x_wconf 86' lang='lat' dir='ltr'><strong>procuret,</strong></span> <span class='ocrx_word' id='word_1_390' title='bbox 2533 1143 2629 1195; x_wconf 91' lang='lat' dir='ltr'><strong>sed</strong></span> <span class='ocrx_word' id='word_1_391' title='bbox 2662 1141 2800 1195; x_wconf 90' lang='lat' dir='ltr'><strong>bene</strong></span> <span class='ocrx_word' id='word_1_392' title='bbox 2829 1141 2967 1195; x_wconf 83' lang='lat' dir='ltr'><strong>dixit</strong></span> <span class='ocrx_word' id='word_1_393' title='bbox 3001 1143 3346 1210; x_wconf 88' lang='lat' dir='ltr'><strong>postmodum</strong></span> <span class='ocrx_word' id='word_1_394' title='bbox 3379 1144 3424 1196; x_wconf 88' lang='lat' dir='ltr'><strong>is</strong></span> <span class='ocrx_word' id='word_1_395' title='bbox 3450 1142 3545 1212; x_wconf 87' lang='lat' dir='ltr'><strong>qui</strong></span> 
     </span>
    </p>
   </div>
   <div class='ocr_carea' id='block_1_54' title="bbox 1960 1231 3545 1302">
    <p class='ocr_par' dir='ltr' id='par_1_54' title="bbox 1960 1231 3545 1302">
     <span class='ocr_line' id='line_1_54' title="bbox 1960 1231 3545 1302; baseline 0.002 -18"><span class='ocrx_word' id='word_1_396' title='bbox 1960 1231 2034 1284; x_wconf 86' lang='lat' dir='ltr'><strong>ait</strong></span> <span class='ocrx_word' id='word_1_397' title='bbox 2066 1245 2081 1284; x_wconf 90' lang='lat'><strong>:</strong></span> <span class='ocrx_word' id='word_1_398' title='bbox 2118 1233 2266 1301; x_wconf 75' lang='lat' dir='ltr'><strong>Aqua</strong></span> <span class='ocrx_word' id='word_1_399' title='bbox 2309 1233 2475 1286; x_wconf 85' lang='lat' dir='ltr'><strong>multa</strong></span> <span class='ocrx_word' id='word_1_400' title='bbox 2507 1250 2612 1286; x_wconf 89' lang='lat' dir='ltr'><strong>non</strong></span> <span class='ocrx_word' id='word_1_401' title='bbox 2651 1236 2948 1302; x_wconf 75' lang='lat' dir='ltr'><strong>exstinguet</strong></span> <span class='ocrx_word' id='word_1_402' title='bbox 2985 1233 3323 1295; x_wconf 81' lang='lat' dir='ltr'><strong>rharilatem,</strong></span> <span class='ocrx_word' id='word_1_403' title='bbox 3355 1242 3405 1285; x_wconf 85' lang='lat' dir='ltr'><strong>et</strong></span> <span class='ocrx_word' id='word_1_404' title='bbox 3437 1234 3545 1302; x_wconf 79' lang='lat' dir='ltr'><strong>[lu-</strong></span> 
     </span>
    </p>
   </div>
   <div class='ocr_carea' id='block_1_55' title="bbox 1959 1324 3545 1381">
    <p class='ocr_par' dir='ltr' id='par_1_55' title="bbox 1959 1324 3545 1381">
     <span class='ocr_line' id='line_1_55' title="bbox 1959 1324 3545 1381; baseline 0.003 -5"><span class='ocrx_word' id='word_1_405' title='bbox 1959 1324 2102 1377; x_wconf 86' lang='lat' dir='ltr'><strong>mina</strong></span> <span class='ocrx_word' id='word_1_406' title='bbox 2135 1340 2239 1377; x_wconf 87' lang='lat' dir='ltr'><strong>non</strong></span> <span class='ocrx_word' id='word_1_407' title='bbox 2289 1324 2622 1379; x_wconf 84' lang='lat' dir='ltr'><strong>inundabunt</strong></span> <span class='ocrx_word' id='word_1_408' title='bbox 2655 1342 2794 1379; x_wconf 89' lang='lat' dir='ltr'><strong>eam.</strong></span> <span class='ocrx_word' id='word_1_409' title='bbox 2828 1325 2869 1356; x_wconf 73' lang='lat'><strong>&quot;‘</strong></span> <span class='ocrx_word' id='word_1_410' title='bbox 2908 1324 3103 1379; x_wconf 82' lang='lat' dir='ltr'><strong>Omnia</strong></span> <span class='ocrx_word' id='word_1_411' title='bbox 3144 1325 3287 1379; x_wconf 89' lang='lat' dir='ltr'><strong>enim</strong></span> <span class='ocrx_word' id='word_1_412' title='bbox 3320 1324 3545 1381; x_wconf 85' lang='lat' dir='ltr'><strong>ﬂumina</strong></span> 
     </span>
    </p>
   </div>
   <div class='ocr_carea' id='block_1_56' title="bbox 1955 1416 3546 1485">
    <p class='ocr_par' dir='ltr' id='par_1_56' title="bbox 1955 1416 3546 1485">
     <span class='ocr_line' id='line_1_56' title="bbox 1955 1416 3546 1485; baseline 0.002 -17"><span class='ocrx_word' id='word_1_413' title='bbox 1955 1424 2010 1468; x_wconf 87' lang='lat' dir='ltr'><strong>et</strong></span> <span class='ocrx_word' id='word_1_414' title='bbox 2035 1416 2215 1471; x_wconf 86' lang='lat' dir='ltr'><strong>omnis</strong></span> <span class='ocrx_word' id='word_1_415' title='bbox 2242 1418 2496 1485; x_wconf 85' lang='lat' dir='ltr'><strong>impetus,</strong></span> <span class='ocrx_word' id='word_1_416' title='bbox 2524 1427 2579 1471; x_wconf 88' lang='lat' dir='ltr'><strong>et</strong></span> <span class='ocrx_word' id='word_1_417' title='bbox 2603 1418 2781 1471; x_wconf 88' lang='lat' dir='ltr'><strong>omnis</strong></span> <span class='ocrx_word' id='word_1_418' title='bbox 2813 1417 3095 1471; x_wconf 89' lang='lat' dir='ltr'><strong>inundatio</strong></span> <span class='ocrx_word' id='word_1_419' title='bbox 3122 1416 3343 1485; x_wconf 79' lang='lat' dir='ltr'><strong>maligni</strong></span> <span class='ocrx_word' id='word_1_420' title='bbox 3381 1428 3546 1485; x_wconf 86' lang='lat' dir='ltr'><strong>atque</strong></span> 
     </span>
    </p>
   </div>
   <div class='ocr_carea' id='block_1_57' title="bbox 1956 1506 3540 1576">
    <p class='ocr_par' dir='ltr' id='par_1_57' title="bbox 1956 1506 3540 1576">
     <span class='ocr_line' id='line_1_57' title="bbox 1956 1506 3540 1576; baseline 0.003 -18"><span class='ocrx_word' id='word_1_421' title='bbox 1956 1506 2161 1561; x_wconf 91' lang='lat' dir='ltr'><strong>malitia</strong></span> <span class='ocrx_word' id='word_1_422' title='bbox 2208 1507 2444 1572; x_wconf 90' lang='lat' dir='ltr'><strong>diaboli,</strong></span> <span class='ocrx_word' id='word_1_423' title='bbox 2490 1508 2834 1576; x_wconf 82' lang='lat' dir='ltr'><strong>exstinguere</strong></span> <span class='ocrx_word' id='word_1_424' title='bbox 2884 1508 2970 1560; x_wconf 87' lang='lat' dir='ltr'><strong>vel</strong></span> <span class='ocrx_word' id='word_1_425' title='bbox 3021 1508 3291 1562; x_wconf 87' lang='lat' dir='ltr'><strong>inundare</strong></span> <span class='ocrx_word' id='word_1_426' title='bbox 3347 1523 3540 1574; x_wconf 88' lang='lat' dir='ltr'><strong>puram</strong></span> 
     </span>
    </p>
   </div>
   <div class='ocr_carea' id='block_1_58' title="bbox 1955 1595 3541 1669">
    <p class='ocr_par' dir='ltr' id='par_1_58' title="bbox 1955 1595 3541 1669">
     <span class='ocr_line' id='line_1_58' title="bbox 1955 1595 3541 1669; baseline 0.003 -19"><span class='ocrx_word' id='word_1_427' title='bbox 1955 1595 2099 1652; x_wconf 90' lang='lat' dir='ltr'><strong>illius</strong></span> <span class='ocrx_word' id='word_1_428' title='bbox 2131 1599 2451 1653; x_wconf 88' lang='lat' dir='ltr'><strong>cbaritatem</strong></span> <span class='ocrx_word' id='word_1_429' title='bbox 2485 1596 2587 1654; x_wconf 90' lang='lat' dir='ltr'><strong>Job</strong></span> <span class='ocrx_word' id='word_1_430' title='bbox 2626 1615 2790 1669; x_wconf 91' lang='lat' dir='ltr'><strong>quam</strong></span> <span class='ocrx_word' id='word_1_431' title='bbox 2822 1599 2967 1654; x_wconf 90' lang='lat' dir='ltr'><strong>circa</strong></span> <span class='ocrx_word' id='word_1_432' title='bbox 3025 1598 3311 1653; x_wconf 85' lang='lat' dir='ltr'><strong>Dominum</strong></span> <span class='ocrx_word' id='word_1_433' title='bbox 3369 1599 3541 1654; x_wconf 89' lang='lat' dir='ltr'><strong>Deum</strong></span> 
     </span>
    </p>
   </div>
   <div class='ocr_carea' id='block_1_59' title="bbox 1955 1689 3543 1760">
    <p class='ocr_par' dir='ltr' id='par_1_59' title="bbox 1955 1689 3543 1760">
     <span class='ocr_line' id='line_1_59' title="bbox 1955 1689 3543 1760; baseline 0.002 -17"><span class='ocrx_word' id='word_1_434' title='bbox 1955 1689 2141 1745; x_wconf 88' lang='lat' dir='ltr'><strong>babuit</strong></span> <span class='ocrx_word' id='word_1_435' title='bbox 2177 1705 2280 1745; x_wconf 91' lang='lat' dir='ltr'><strong>non</strong></span> <span class='ocrx_word' id='word_1_436' title='bbox 2320 1699 2632 1758; x_wconf 88' lang='lat' dir='ltr'><strong>potuerunt.</strong></span> <span class='ocrx_word' id='word_1_437' title='bbox 2679 1691 2940 1745; x_wconf 90' lang='lat' dir='ltr'><strong>Indicium</strong></span> <span class='ocrx_word' id='word_1_438' title='bbox 2991 1689 3151 1759; x_wconf 89' lang='lat' dir='ltr'><strong>hujus</strong></span> <span class='ocrx_word' id='word_1_439' title='bbox 3196 1690 3272 1744; x_wconf 91' lang='lat' dir='ltr'><strong>rei</strong></span> <span class='ocrx_word' id='word_1_440' title='bbox 3320 1706 3382 1745; x_wconf 87' lang='lat' dir='ltr'><strong>ea</strong></span> <span class='ocrx_word' id='word_1_441' title='bbox 3420 1706 3543 1760; x_wconf 67' lang='lat' dir='ltr'><strong>qua:</strong></span> 
     </span>
    </p>
   </div>
   <div class='ocr_carea' id='block_1_60' title="bbox 1946 1778 3541 1851">
    <p class='ocr_par' dir='ltr' id='par_1_60' title="bbox 1946 1778 3541 1851">
     <span class='ocr_line' id='line_1_60' title="bbox 1946 1778 3541 1851; baseline 0.003 -18"><span class='ocrx_word' id='word_1_442' title='bbox 1946 1778 2270 1849; x_wconf 88' lang='lat' dir='ltr'><strong>jampridem</strong></span> <span class='ocrx_word' id='word_1_443' title='bbox 2317 1781 2461 1836; x_wconf 89' lang='lat' dir='ltr'><strong>dicta</strong></span> <span class='ocrx_word' id='word_1_444' title='bbox 2513 1792 2673 1847; x_wconf 89' lang='lat' dir='ltr'><strong>sunt,</strong></span> <span class='ocrx_word' id='word_1_445' title='bbox 2727 1792 2783 1837; x_wconf 90' lang='lat' dir='ltr'><strong>et</strong></span> <span class='ocrx_word' id='word_1_446' title='bbox 2831 1798 2895 1837; x_wconf 83' lang='lat' dir='ltr'><strong>ea</strong></span> <span class='ocrx_word' id='word_1_447' title='bbox 2948 1798 3069 1851; x_wconf 72' lang='lat' dir='ltr'><strong>qua:</strong></span> <span class='ocrx_word' id='word_1_448' title='bbox 3120 1783 3296 1835; x_wconf 92' lang='lat' dir='ltr'><strong>adbuc</strong></span> <span class='ocrx_word' id='word_1_449' title='bbox 3346 1784 3541 1837; x_wconf 89' lang='lat' dir='ltr'><strong>subse-</strong></span> 
     </span>
    </p>
   </div>
   <div class='ocr_carea' id='block_1_61' title="bbox 1954 1872 3543 1940">
    <p class='ocr_par' dir='ltr' id='par_1_61' title="bbox 1954 1872 3543 1940">
     <span class='ocr_line' id='line_1_61' title="bbox 1954 1872 3543 1940; baseline 0.004 -15"><span class='ocrx_word' id='word_1_450' title='bbox 1954 1881 2182 1939; x_wconf 86' lang='lat' dir='ltr'><strong>quenter</strong></span> <span class='ocrx_word' id='word_1_451' title='bbox 2217 1872 2589 1940; x_wconf 82' lang='lat' dir='ltr'><strong>proferuntur,</strong></span> <span class='ocrx_word' id='word_1_452' title='bbox 2635 1875 3033 1930; x_wconf 87' lang='lat' dir='ltr'><strong>demonstrant.</strong></span> <span class='ocrx_word' id='word_1_453' title='bbox 3064 1875 3198 1929; x_wconf 85' lang='lat' dir='ltr'><strong>Nam</strong></span> <span class='ocrx_word' id='word_1_454' title='bbox 3250 1893 3372 1932; x_wconf 83' lang='lat' dir='ltr'><strong>mox</strong></span> <span class='ocrx_word' id='word_1_455' title='bbox 3417 1876 3543 1932; x_wconf 90' lang='lat' dir='ltr'><strong>istic</strong></span> 
     </span>
    </p>
   </div>
   <div class='ocr_carea' id='block_1_62' title="bbox 1883 1943 3540 2036">
    <p class='ocr_par' dir='ltr' id='par_1_62' title="bbox 1883 1943 3540 2036">
     <span class='ocr_line' id='line_1_62' title="bbox 1883 1943 3540 2036; baseline 0.004 -19"><span class='ocrx_word' id='word_1_456' title='bbox 1883 1943 1925 1998; x_wconf 80' lang='grc' dir='ltr'><strong>Β</strong></span> <span class='ocrx_word' id='word_1_457' title='bbox 1956 1963 2008 2018; x_wconf 93' lang='lat' dir='ltr'><strong>in</strong></span> <span class='ocrx_word' id='word_1_458' title='bbox 2060 1963 2524 2033; x_wconf 89' lang='lat' dir='ltr'><strong>subsequentibus</strong></span> <span class='ocrx_word' id='word_1_459' title='bbox 2570 1965 2700 2019; x_wconf 87' lang='lat' dir='ltr'><strong>dicit</strong></span> <span class='ocrx_word' id='word_1_460' title='bbox 2736 1983 2749 2021; x_wconf 91' lang='lat'><strong>:</strong></span> <span class='ocrx_word' id='word_1_461' title='bbox 2784 1964 2909 2031; x_wconf 78' lang='lat' dir='ltr'><strong>Ipse</strong></span> <span class='ocrx_word' id='word_1_462' title='bbox 2960 1983 3079 2022; x_wconf 85' lang='lat' dir='ltr'><strong>vero</strong></span> <span class='ocrx_word' id='word_1_463' title='bbox 3135 1970 3418 2036; x_wconf 76' lang='lat' dir='ltr'><strong>respiciens</strong></span> <span class='ocrx_word' id='word_1_464' title='bbox 3468 1968 3540 2023; x_wconf 86' lang='lat' dir='ltr'><strong>ad</strong></span> 
     </span>
    </p>
   </div>
   <div class='ocr_carea' id='block_1_63' title="bbox 1950 2056 3540 2124">
    <p class='ocr_par' dir='ltr' id='par_1_63' title="bbox 1950 2056 3540 2124">
     <span class='ocr_line' id='line_1_63' title="bbox 1950 2056 3540 2124; baseline 0.002 -14"><span class='ocrx_word' id='word_1_465' title='bbox 1950 2072 2067 2111; x_wconf 85' lang='lat' dir='ltr'><strong>eam</strong></span> <span class='ocrx_word' id='word_1_466' title='bbox 2098 2056 2227 2109; x_wconf 82' lang='lat' dir='ltr'><strong>dicit</strong></span> <span class='ocrx_word' id='word_1_467' title='bbox 2253 2072 2271 2109; x_wconf 81' lang='lat'><strong>.&#39;</strong></span> <span class='ocrx_word' id='word_1_468' title='bbox 2304 2056 2484 2120; x_wconf 80' lang='lat' dir='ltr'><strong>Quare</strong></span> <span class='ocrx_word' id='word_1_469' title='bbox 2504 2066 2559 2110; x_wconf 90' lang='lat' dir='ltr'><strong>ut</strong></span> <span class='ocrx_word' id='word_1_470' title='bbox 2592 2073 2697 2110; x_wconf 88' lang='lat' dir='ltr'><strong>una</strong></span> <span class='ocrx_word' id='word_1_471' title='bbox 2728 2073 2792 2110; x_wconf 80' lang='lat' dir='ltr'><strong>ea:</strong></span> <span class='ocrx_word' id='word_1_472' title='bbox 2823 2058 3189 2124; x_wconf 75' lang='lat' dir='ltr'><strong>insipientibus</strong></span> <span class='ocrx_word' id='word_1_473' title='bbox 3231 2059 3540 2113; x_wconf 77' lang='lat' dir='ltr'><strong>mulieribus</strong></span> 
     </span>
    </p>
   </div>
   <div class='ocr_carea' id='block_1_64' title="bbox 1949 2148 3537 2221">
    <p class='ocr_par' dir='ltr' id='par_1_64' title="bbox 1949 2148 3537 2221">
     <span class='ocr_line' id='line_1_64' title="bbox 1949 2148 3537 2221; baseline 0.003 -19"><span class='ocrx_word' id='word_1_474' title='bbox 1949 2149 2024 2202; x_wconf 86' lang='lat' dir='ltr'><strong>ita</strong></span> <span class='ocrx_word' id='word_1_475' title='bbox 2059 2148 2234 2201; x_wconf 78' lang='lat' dir='ltr'><strong>locuta</strong></span> <span class='ocrx_word' id='word_1_476' title='bbox 2273 2165 2327 2201; x_wconf 73' lang='lat' dir='ltr'><strong>es</strong></span> <span class='ocrx_word' id='word_1_477' title='bbox 2367 2148 2451 2202; x_wconf 75' lang='lat'><strong>&quot;1</strong></span> <span class='ocrx_word' id='word_1_478' title='bbox 2485 2149 2601 2218; x_wconf 90' lang='lat' dir='ltr'><strong>Ipse</strong></span> <span class='ocrx_word' id='word_1_479' title='bbox 2632 2164 2759 2203; x_wconf 87' lang='lat' dir='ltr'><strong>vero</strong></span> <span class='ocrx_word' id='word_1_480' title='bbox 2796 2150 3092 2218; x_wconf 88' lang='lat' dir='ltr'><strong>respiciens</strong></span> <span class='ocrx_word' id='word_1_481' title='bbox 3122 2152 3187 2204; x_wconf 92' lang='lat' dir='ltr'><strong>ad</strong></span> <span class='ocrx_word' id='word_1_482' title='bbox 3221 2166 3362 2205; x_wconf 85' lang='lat' dir='ltr'><strong>eam.</strong></span> <span class='ocrx_word' id='word_1_483' title='bbox 3397 2150 3537 2221; x_wconf 90' lang='lat' dir='ltr'><strong>Ipse.</strong></span> 
     </span>
    </p>
   </div>
   <div class='ocr_carea' id='block_1_65' title="bbox 1951 2238 3540 2311">
    <p class='ocr_par' dir='ltr' id='par_1_65' title="bbox 1951 2238 3540 2311">
     <span class='ocr_line' id='line_1_65' title="bbox 1951 2238 3540 2311; baseline 0.003 -19"><span class='ocrx_word' id='word_1_484' title='bbox 1951 2239 2117 2306; x_wconf 85' lang='lat' dir='ltr'><strong>Quis?</strong></span> <span class='ocrx_word' id='word_1_485' title='bbox 2154 2238 2255 2295; x_wconf 85' lang='lat' dir='ltr'><strong>Job</strong></span> <span class='ocrx_word' id='word_1_486' title='bbox 2287 2240 2404 2309; x_wconf 82' lang='lat' dir='ltr'><strong>ipse</strong></span> <span class='ocrx_word' id='word_1_487' title='bbox 2438 2240 2675 2311; x_wconf 80' lang='lat' dir='ltr'><strong>respexit</strong></span> <span class='ocrx_word' id='word_1_488' title='bbox 2699 2256 2819 2296; x_wconf 90' lang='lat' dir='ltr'><strong>eam</strong></span> <span class='ocrx_word' id='word_1_489' title='bbox 2862 2241 2951 2310; x_wconf 92' lang='lat' dir='ltr'><strong>qui</strong></span> <span class='ocrx_word' id='word_1_490' title='bbox 2989 2250 3114 2296; x_wconf 91' lang='lat' dir='ltr'><strong>aute</strong></span> <span class='ocrx_word' id='word_1_491' title='bbox 3145 2245 3212 2296; x_wconf 88' lang='lat' dir='ltr'><strong>ad</strong></span> <span class='ocrx_word' id='word_1_492' title='bbox 3248 2243 3415 2297; x_wconf 88' lang='lat' dir='ltr'><strong>Deum</strong></span> <span class='ocrx_word' id='word_1_493' title='bbox 3453 2258 3540 2297; x_wconf 86' lang='lat' dir='ltr'><strong>re-</strong></span> 
     </span>
    </p>
   </div>
   <div class='ocr_carea' id='block_1_66' title="bbox 1950 2331 3536 2403">
    <p class='ocr_par' dir='ltr' id='par_1_66' title="bbox 1950 2331 3536 2403">
     <span class='ocr_line' id='line_1_66' title="bbox 1950 2331 3536 2403; baseline 0.002 -18"><span class='ocrx_word' id='word_1_494' title='bbox 1950 2331 2232 2400; x_wconf 87' lang='lat' dir='ltr'><strong>spiciebat,</strong></span> <span class='ocrx_word' id='word_1_495' title='bbox 2278 2331 2370 2400; x_wconf 92' lang='lat' dir='ltr'><strong>qui</strong></span> <span class='ocrx_word' id='word_1_496' title='bbox 2411 2332 2646 2400; x_wconf 88' lang='lat' dir='ltr'><strong>primum</strong></span> <span class='ocrx_word' id='word_1_497' title='bbox 2703 2333 2991 2388; x_wconf 90' lang='lat' dir='ltr'><strong>Dominum</strong></span> <span class='ocrx_word' id='word_1_498' title='bbox 3039 2334 3536 2403; x_wconf 86' lang='lat' dir='ltr'><strong>contemplabatur,</strong></span> 
     </span>
    </p>
   </div>
   <div class='ocr_carea' id='block_1_67' title="bbox 1948 2422 3539 2493">
    <p class='ocr_par' dir='ltr' id='par_1_67' title="bbox 1948 2422 3539 2493">
     <span class='ocr_line' id='line_1_67' title="bbox 1948 2422 3539 2493; baseline 0 -16"><span class='ocrx_word' id='word_1_499' title='bbox 1948 2423 2039 2491; x_wconf 85' lang='lat' dir='ltr'><strong>qui</strong></span> <span class='ocrx_word' id='word_1_500' title='bbox 2078 2422 2279 2477; x_wconf 87' lang='lat' dir='ltr'><strong>dudum</strong></span> <span class='ocrx_word' id='word_1_501' title='bbox 2314 2422 2381 2476; x_wconf 89' lang='lat' dir='ltr'><strong>ad</strong></span> <span class='ocrx_word' id='word_1_502' title='bbox 2428 2432 2689 2477; x_wconf 61' lang='lat' dir='ltr'><strong>aeternam</strong></span> <span class='ocrx_word' id='word_1_503' title='bbox 2738 2424 3199 2493; x_wconf 86' lang='lat' dir='ltr'><strong>incorruptionem</strong></span> <span class='ocrx_word' id='word_1_504' title='bbox 3245 2424 3539 2479; x_wconf 78' lang='lat' dir='ltr'><strong>sinceriter</strong></span> 
     </span>
    </p>
   </div>
   <div class='ocr_carea' id='block_1_68' title="bbox 1950 2513 3535 2584">
    <p class='ocr_par' dir='ltr' id='par_1_68' title="bbox 1950 2513 3535 2584">
     <span class='ocr_line' id='line_1_68' title="bbox 1950 2513 3535 2584; baseline -0.001 -16"><span class='ocrx_word' id='word_1_505' title='bbox 1950 2513 2288 2569; x_wconf 88' lang='lat' dir='ltr'><strong>intendebat.</strong></span> <span class='ocrx_word' id='word_1_506' title='bbox 2334 2513 2450 2583; x_wconf 89' lang='lat' dir='ltr'><strong>Ipse</strong></span> <span class='ocrx_word' id='word_1_507' title='bbox 2478 2529 2611 2584; x_wconf 90' lang='lat' dir='ltr'><strong>ergo</strong></span> <span class='ocrx_word' id='word_1_508' title='bbox 2640 2515 2899 2584; x_wconf 86' lang='lat' dir='ltr'><strong>respexit.</strong></span> <span class='ocrx_word' id='word_1_509' title='bbox 2932 2514 3049 2583; x_wconf 90' lang='lat' dir='ltr'><strong>Ipse</strong></span> <span class='ocrx_word' id='word_1_510' title='bbox 3089 2514 3179 2569; x_wconf 91' lang='lat' dir='ltr'><strong>ille</strong></span> <span class='ocrx_word' id='word_1_511' title='bbox 3217 2514 3535 2580; x_wconf 85' lang='lat' dir='ltr'><strong>immobilis,</strong></span> 
     </span>
    </p>
   </div>
   <div class='ocr_carea' id='block_1_69' title="bbox 1948 2604 3539 2675">
    <p class='ocr_par' dir='ltr' id='par_1_69' title="bbox 1948 2604 3539 2675">
     <span class='ocr_line' id='line_1_69' title="bbox 1948 2604 3539 2675; baseline 0.003 -16"><span class='ocrx_word' id='word_1_512' title='bbox 1948 2605 2376 2671; x_wconf 85' lang='lat' dir='ltr'><strong>indeclinabilis,</strong></span> <span class='ocrx_word' id='word_1_513' title='bbox 2448 2604 2910 2670; x_wconf 87' lang='lat' dir='ltr'><strong>iusubvertibilis,</strong></span> <span class='ocrx_word' id='word_1_514' title='bbox 2953 2605 3372 2661; x_wconf 85' lang='lat' dir='ltr'><strong>inseductibilis.</strong></span> <span class='ocrx_word' id='word_1_515' title='bbox 3420 2606 3539 2675; x_wconf 79' lang='lat' dir='ltr'><strong>Ipse</strong></span> 
     </span>
    </p>
   </div>
   <div class='ocr_carea' id='block_1_70' title="bbox 1947 2697 3538 2766">
    <p class='ocr_par' dir='ltr' id='par_1_70' title="bbox 1947 2697 3538 2766">
     <span class='ocr_line' id='line_1_70' title="bbox 1947 2697 3538 2766; baseline 0.004 -17"><span class='ocrx_word' id='word_1_516' title='bbox 1947 2697 2037 2766; x_wconf 90' lang='lat' dir='ltr'><strong>qui</strong></span> <span class='ocrx_word' id='word_1_517' title='bbox 2075 2697 2479 2753; x_wconf 84' lang='lat' dir='ltr'><strong>circumventus</strong></span> <span class='ocrx_word' id='word_1_518' title='bbox 2504 2713 2610 2751; x_wconf 90' lang='lat' dir='ltr'><strong>non</strong></span> <span class='ocrx_word' id='word_1_519' title='bbox 2646 2707 2749 2763; x_wconf 91' lang='lat' dir='ltr'><strong>est,</strong></span> <span class='ocrx_word' id='word_1_520' title='bbox 2794 2699 2885 2766; x_wconf 90' lang='lat' dir='ltr'><strong>qui</strong></span> <span class='ocrx_word' id='word_1_521' title='bbox 2919 2713 2948 2751; x_wconf 92' lang='lat' dir='ltr'><strong>a</strong></span> <span class='ocrx_word' id='word_1_522' title='bbox 2994 2697 3105 2754; x_wconf 89' lang='lat' dir='ltr'><strong>Deo</strong></span> <span class='ocrx_word' id='word_1_523' title='bbox 3152 2714 3257 2753; x_wconf 93' lang='lat' dir='ltr'><strong>non</strong></span> <span class='ocrx_word' id='word_1_524' title='bbox 3295 2709 3379 2753; x_wconf 89' lang='lat' dir='ltr'><strong>est</strong></span> <span class='ocrx_word' id='word_1_525' title='bbox 3413 2700 3538 2755; x_wconf 86' lang='lat' dir='ltr'><strong>abs-</strong></span> 
     </span>
    </p>
   </div>
   <div class='ocr_carea' id='block_1_71' title="bbox 1948 2789 3538 2860">
    <p class='ocr_par' dir='ltr' id='par_1_71' title="bbox 1948 2789 3538 2860">
     <span class='ocr_line' id='line_1_71' title="bbox 1948 2789 3538 2860; baseline 0.002 -18"><span class='ocrx_word' id='word_1_526' title='bbox 1948 2799 2173 2844; x_wconf 88' lang='lat' dir='ltr'><strong>tractus.</strong></span> <span class='ocrx_word' id='word_1_527' title='bbox 2225 2789 2343 2859; x_wconf 89' lang='lat' dir='ltr'><strong>Ipse</strong></span> <span class='ocrx_word' id='word_1_528' title='bbox 2380 2790 2619 2858; x_wconf 87' lang='lat' dir='ltr'><strong>respexit</strong></span> <span class='ocrx_word' id='word_1_529' title='bbox 2650 2791 2719 2843; x_wconf 89' lang='lat' dir='ltr'><strong>ad</strong></span> <span class='ocrx_word' id='word_1_530' title='bbox 2758 2805 2901 2847; x_wconf 90' lang='lat' dir='ltr'><strong>eam.</strong></span> <span class='ocrx_word' id='word_1_531' title='bbox 2934 2789 3015 2844; x_wconf 84' lang='lat' dir='ltr'><strong>Ad</strong></span> <span class='ocrx_word' id='word_1_532' title='bbox 3055 2805 3217 2860; x_wconf 87' lang='lat' dir='ltr'><strong>quam</strong></span> <span class='ocrx_word' id='word_1_533' title='bbox 3248 2791 3408 2845; x_wconf 84' lang='lat' dir='ltr'><strong>eam?</strong></span> <span class='ocrx_word' id='word_1_534' title='bbox 3453 2791 3538 2845; x_wconf 79' lang='lat' dir='ltr'><strong>Ad</strong></span> 
     </span>
    </p>
   </div>
   <div class='ocr_carea' id='block_1_72' title="bbox 1948 2879 3539 2950">
    <p class='ocr_par' dir='ltr' id='par_1_72' title="bbox 1948 2879 3539 2950">
     <span class='ocr_line' id='line_1_72' title="bbox 1948 2879 3539 2950; baseline 0.003 -17"><span class='ocrx_word' id='word_1_535' title='bbox 1948 2893 2193 2945; x_wconf 83' lang='lat' dir='ltr'><strong>uxorem,</strong></span> <span class='ocrx_word' id='word_1_536' title='bbox 2226 2882 2293 2933; x_wconf 90' lang='lat' dir='ltr'><strong>ad</strong></span> <span class='ocrx_word' id='word_1_537' title='bbox 2338 2879 2588 2943; x_wconf 85' lang='lat' dir='ltr'><strong>insidias,</strong></span> <span class='ocrx_word' id='word_1_538' title='bbox 2636 2882 2704 2935; x_wconf 90' lang='lat' dir='ltr'><strong>ad</strong></span> <span class='ocrx_word' id='word_1_539' title='bbox 2755 2880 3149 2950; x_wconf 86' lang='lat' dir='ltr'><strong>muscipulam,</strong></span> <span class='ocrx_word' id='word_1_540' title='bbox 3198 2883 3264 2935; x_wconf 85' lang='lat' dir='ltr'><strong>ad</strong></span> <span class='ocrx_word' id='word_1_541' title='bbox 3308 2882 3539 2937; x_wconf 84' lang='lat' dir='ltr'><strong>subver-</strong></span> 
     </span>
    </p>
   </div>
   <div class='ocr_carea' id='block_1_73' title="bbox 1945 2972 3539 3043">
    <p class='ocr_par' dir='ltr' id='par_1_73' title="bbox 1945 2972 3539 3043">
     <span class='ocr_line' id='line_1_73' title="bbox 1945 2972 3539 3043; baseline 0.003 -18"><span class='ocrx_word' id='word_1_542' title='bbox 1945 2973 2176 3037; x_wconf 90' lang='lat' dir='ltr'><strong>sionem,</strong></span> <span class='ocrx_word' id='word_1_543' title='bbox 2222 2973 2289 3026; x_wconf 89' lang='lat' dir='ltr'><strong>ad</strong></span> <span class='ocrx_word' id='word_1_544' title='bbox 2339 2973 2573 3029; x_wconf 87' lang='lat' dir='ltr'><strong>ruinam.</strong></span> <span class='ocrx_word' id='word_1_545' title='bbox 2625 2972 2759 3027; x_wconf 87' lang='lat' dir='ltr'><strong>Nam</strong></span> <span class='ocrx_word' id='word_1_546' title='bbox 2809 2973 2900 3027; x_wconf 90' lang='lat' dir='ltr'><strong>illa</strong></span> <span class='ocrx_word' id='word_1_547' title='bbox 2950 2989 3111 3043; x_wconf 91' lang='lat' dir='ltr'><strong>quam</strong></span> <span class='ocrx_word' id='word_1_548' title='bbox 3162 2989 3385 3029; x_wconf 89' lang='lat' dir='ltr'><strong>uxorem</strong></span> <span class='ocrx_word' id='word_1_549' title='bbox 3415 2989 3539 3030; x_wconf 87' lang='lat' dir='ltr'><strong>esse</strong></span> 
     </span>
    </p>
   </div>
   <div class='ocr_carea' id='block_1_74' title="bbox 1944 3063 3538 3131">
    <p class='ocr_par' dir='ltr' id='par_1_74' title="bbox 1944 3063 3538 3131">
     <span class='ocr_line' id='line_1_74' title="bbox 1944 3063 3538 3131; baseline 0.003 -16"><span class='ocrx_word' id='word_1_550' title='bbox 1944 3063 2251 3131; x_wconf 88' lang='lat' dir='ltr'><strong>oportebat,</strong></span> <span class='ocrx_word' id='word_1_551' title='bbox 2283 3073 2339 3118; x_wconf 89' lang='lat' dir='ltr'><strong>et</strong></span> <span class='ocrx_word' id='word_1_552' title='bbox 2372 3066 2612 3119; x_wconf 91' lang='lat' dir='ltr'><strong>omnium</strong></span> <span class='ocrx_word' id='word_1_553' title='bbox 2670 3065 2939 3119; x_wconf 90' lang='lat' dir='ltr'><strong>bonorum</strong></span> <span class='ocrx_word' id='word_1_554' title='bbox 2988 3066 3406 3121; x_wconf 87' lang='lat' dir='ltr'><strong>consiliatricem</strong></span> <span class='ocrx_word' id='word_1_555' title='bbox 3453 3076 3538 3120; x_wconf 87' lang='lat' dir='ltr'><strong>at-</strong></span> 
     </span>
    </p>
   </div>
   <div class='ocr_carea' id='block_1_75' title="bbox 1944 3154 3538 3226">
    <p class='ocr_par' dir='ltr' id='par_1_75' title="bbox 1944 3154 3538 3226">
     <span class='ocr_line' id='line_1_75' title="bbox 1944 3154 3538 3226; baseline 0.003 -20"><span class='ocrx_word' id='word_1_556' title='bbox 1944 3168 2051 3222; x_wconf 91' lang='lat' dir='ltr'><strong>que</strong></span> <span class='ocrx_word' id='word_1_557' title='bbox 2078 3154 2537 3226; x_wconf 73' lang='lat' dir='ltr'><strong>sull‘ragatricem,</strong></span> <span class='ocrx_word' id='word_1_558' title='bbox 2564 3154 2755 3210; x_wconf 87' lang='lat' dir='ltr'><strong>elI&#39;ecta</strong></span> <span class='ocrx_word' id='word_1_559' title='bbox 2791 3166 2876 3210; x_wconf 91' lang='lat' dir='ltr'><strong>est</strong></span> <span class='ocrx_word' id='word_1_560' title='bbox 2915 3155 2993 3210; x_wconf 90' lang='lat' dir='ltr'><strong>illi</strong></span> <span class='ocrx_word' id='word_1_561' title='bbox 3027 3156 3262 3220; x_wconf 68' lang='lat' dir='ltr'><strong>insidiae,</strong></span> <span class='ocrx_word' id='word_1_562' title='bbox 3296 3155 3432 3215; x_wconf 85' lang='lat' dir='ltr'><strong>retia</strong></span> <span class='ocrx_word' id='word_1_563' title='bbox 3481 3166 3538 3211; x_wconf 91' lang='lat' dir='ltr'><strong>et</strong></span> 
     </span>
    </p>
   </div>
   <div class='ocr_carea' id='block_1_76' title="bbox 1945 3243 3535 3317">
    <p class='ocr_par' dir='ltr' id='par_1_76' title="bbox 1945 3243 3535 3317">
     <span class='ocr_line' id='line_1_76' title="bbox 1945 3243 3535 3317; baseline 0.003 -20"><span class='ocrx_word' id='word_1_564' title='bbox 1945 3243 2093 3300; x_wconf 81' lang='lat' dir='ltr'><strong>fraus</strong></span> <span class='ocrx_word' id='word_1_565' title='bbox 2138 3260 2201 3300; x_wconf 89' lang='lat' dir='ltr'><strong>ac</strong></span> <span class='ocrx_word' id='word_1_566' title='bbox 2233 3247 2399 3302; x_wconf 88' lang='lat' dir='ltr'><strong>t0tius</strong></span> <span class='ocrx_word' id='word_1_567' title='bbox 2432 3247 2726 3316; x_wconf 89' lang='lat' dir='ltr'><strong>impietatis</strong></span> <span class='ocrx_word' id='word_1_568' title='bbox 2774 3247 3116 3302; x_wconf 88' lang='lat' dir='ltr'><strong>consiliatrix</strong></span> <span class='ocrx_word' id='word_1_569' title='bbox 3168 3247 3253 3301; x_wconf 90' lang='lat' dir='ltr'><strong>vel</strong></span> <span class='ocrx_word' id='word_1_570' title='bbox 3299 3246 3535 3317; x_wconf 81' lang='lat' dir='ltr'><strong>fautrix,</strong></span> 
     </span>
    </p>
   </div>
   <div class='ocr_carea' id='block_1_77' title="bbox 1944 3335 3535 3406">
    <p class='ocr_par' dir='ltr' id='par_1_77' title="bbox 1944 3335 3535 3406">
     <span class='ocr_line' id='line_1_77' title="bbox 1944 3335 3535 3406; baseline 0.003 -17"><span class='ocrx_word' id='word_1_571' title='bbox 1944 3352 2257 3406; x_wconf 88' lang='lat' dir='ltr'><strong>quanquam</strong></span> <span class='ocrx_word' id='word_1_572' title='bbox 2286 3335 2472 3404; x_wconf 88' lang='lat' dir='ltr'><strong>justus</strong></span> <span class='ocrx_word' id='word_1_573' title='bbox 2516 3336 2617 3393; x_wconf 89' lang='lat' dir='ltr'><strong>Job</strong></span> <span class='ocrx_word' id='word_1_574' title='bbox 2666 3338 2812 3393; x_wconf 86' lang='lat' dir='ltr'><strong>illam</strong></span> <span class='ocrx_word' id='word_1_575' title='bbox 2861 3354 2965 3393; x_wconf 93' lang='lat' dir='ltr'><strong>non</strong></span> <span class='ocrx_word' id='word_1_576' title='bbox 3000 3338 3256 3392; x_wconf 88' lang='lat' dir='ltr'><strong>audierit.</strong></span> <span class='ocrx_word' id='word_1_577' title='bbox 3303 3338 3411 3393; x_wconf 86' lang='lat' dir='ltr'><strong>Sed</strong></span> <span class='ocrx_word' id='word_1_578' title='bbox 3453 3340 3535 3395; x_wconf 91' lang='lat' dir='ltr'><strong>iu-</strong></span> 
     </span>
    </p>
   </div>
   <div class='ocr_carea' id='block_1_78' title="bbox 1944 3429 3535 3502">
    <p class='ocr_par' dir='ltr' id='par_1_78' title="bbox 1944 3429 3535 3502">
     <span class='ocr_line' id='line_1_78' title="bbox 1944 3429 3535 3502; baseline 0.002 -20"><span class='ocrx_word' id='word_1_579' title='bbox 1944 3429 2103 3483; x_wconf 90' lang='lat' dir='ltr'><strong>terim</strong></span> <span class='ocrx_word' id='word_1_580' title='bbox 2139 3446 2262 3485; x_wconf 91' lang='lat' dir='ltr'><strong>cum</strong></span> <span class='ocrx_word' id='word_1_581' title='bbox 2298 3444 2358 3485; x_wconf 89' lang='lat' dir='ltr'><strong>se</strong></span> <span class='ocrx_word' id='word_1_582' title='bbox 2389 3430 2495 3485; x_wconf 90' lang='lat' dir='ltr'><strong>ista</strong></span> <span class='ocrx_word' id='word_1_583' title='bbox 2528 3431 2837 3485; x_wconf 84' lang='lat' dir='ltr'><strong>ministram</strong></span> <span class='ocrx_word' id='word_1_584' title='bbox 2870 3430 3109 3502; x_wconf 79' lang='lat' dir='ltr'><strong>maligno</strong></span> <span class='ocrx_word' id='word_1_585' title='bbox 3135 3429 3336 3495; x_wconf 75' lang='lat' dir='ltr'><strong>ellecit,</strong></span> <span class='ocrx_word' id='word_1_586' title='bbox 3368 3446 3535 3499; x_wconf 89' lang='lat' dir='ltr'><strong>quan-</strong></span> 
     </span>
    </p>
   </div>
   <div class='ocr_carea' id='block_1_79' title="bbox 1942 3521 3531 3592">
    <p class='ocr_par' dir='ltr' id='par_1_79' title="bbox 1942 3521 3531 3592">
     <span class='ocr_line' id='line_1_79' title="bbox 1942 3521 3531 3592; baseline 0.003 -19"><span class='ocrx_word' id='word_1_587' title='bbox 1942 3531 2165 3590; x_wconf 91' lang='lat' dir='ltr'><strong>tumque</strong></span> <span class='ocrx_word' id='word_1_588' title='bbox 2204 3521 2273 3576; x_wconf 88' lang='lat' dir='ltr'><strong>ad</strong></span> <span class='ocrx_word' id='word_1_589' title='bbox 2304 3521 2476 3592; x_wconf 87' lang='lat' dir='ltr'><strong>ipsam</strong></span> <span class='ocrx_word' id='word_1_590' title='bbox 2524 3522 2929 3577; x_wconf 84' lang='lat' dir='ltr'><strong>circumvenire</strong></span> <span class='ocrx_word' id='word_1_591' title='bbox 2979 3532 3144 3591; x_wconf 89' lang='lat' dir='ltr'><strong>atque</strong></span> <span class='ocrx_word' id='word_1_592' title='bbox 3178 3521 3531 3591; x_wconf 86' lang='lat' dir='ltr'><strong>supplantare</strong></span> 
     </span>
    </p>
   </div>
   <div class='ocr_carea' id='block_1_80' title="bbox 1940 3610 3532 3685">
    <p class='ocr_par' dir='ltr' id='par_1_80' title="bbox 1940 3610 3532 3685">
     <span class='ocr_line' id='line_1_80' title="bbox 1940 3610 3532 3685; baseline 0.002 -20"><span class='ocrx_word' id='word_1_593' title='bbox 1940 3610 2158 3666; x_wconf 88' lang='lat' dir='ltr'><strong>beatum</strong></span> <span class='ocrx_word' id='word_1_594' title='bbox 2209 3611 2310 3669; x_wconf 90' lang='lat' dir='ltr'><strong>Job</strong></span> <span class='ocrx_word' id='word_1_595' title='bbox 2354 3615 2596 3679; x_wconf 88' lang='lat' dir='ltr'><strong>studuit,</strong></span> <span class='ocrx_word' id='word_1_596' title='bbox 2637 3616 2829 3669; x_wconf 89' lang='lat' dir='ltr'><strong>merito</strong></span> <span class='ocrx_word' id='word_1_597' title='bbox 2858 3613 3041 3681; x_wconf 90' lang='lat' dir='ltr'><strong>justus</strong></span> <span class='ocrx_word' id='word_1_598' title='bbox 3096 3613 3185 3669; x_wconf 91' lang='lat' dir='ltr'><strong>ille</strong></span> <span class='ocrx_word' id='word_1_599' title='bbox 3228 3615 3532 3685; x_wconf 86' lang='lat' dir='ltr'><strong>respiciens</strong></span> 
     </span>
    </p>
   </div>
   <div class='ocr_carea' id='block_1_81' title="bbox 1938 3704 3535 3777">
    <p class='ocr_par' dir='ltr' id='par_1_81' title="bbox 1938 3704 3535 3777">
     <span class='ocr_line' id='line_1_81' title="bbox 1938 3704 3535 3777; baseline 0.003 -20"><span class='ocrx_word' id='word_1_600' title='bbox 1938 3704 2006 3757; x_wconf 88' lang='lat' dir='ltr'><strong>ad</strong></span> <span class='ocrx_word' id='word_1_601' title='bbox 2034 3718 2184 3769; x_wconf 89' lang='lat' dir='ltr'><strong>eam,</strong></span> <span class='ocrx_word' id='word_1_602' title='bbox 2222 3704 2461 3775; x_wconf 90' lang='lat' dir='ltr'><strong>primum</strong></span> <span class='ocrx_word' id='word_1_603' title='bbox 2503 3705 2569 3760; x_wconf 87' lang='lat' dir='ltr'><strong>ad</strong></span> <span class='ocrx_word' id='word_1_604' title='bbox 2615 3720 2737 3761; x_wconf 89' lang='lat' dir='ltr'><strong>eum</strong></span> <span class='ocrx_word' id='word_1_605' title='bbox 2775 3706 2867 3777; x_wconf 90' lang='lat' dir='ltr'><strong>qui</strong></span> <span class='ocrx_word' id='word_1_606' title='bbox 2901 3707 2953 3760; x_wconf 90' lang='lat' dir='ltr'><strong>in</strong></span> <span class='ocrx_word' id='word_1_607' title='bbox 3002 3721 3065 3761; x_wconf 86' lang='lat' dir='ltr'><strong>ea</strong></span> <span class='ocrx_word' id='word_1_608' title='bbox 3100 3705 3444 3777; x_wconf 85' lang='lat' dir='ltr'><strong>loquebatur,</strong></span> <span class='ocrx_word' id='word_1_609' title='bbox 3483 3707 3535 3761; x_wconf 89' lang='lat' dir='ltr'><strong>id</strong></span> 
     </span>
    </p>
   </div>
   <div class='ocr_carea' id='block_1_82' title="bbox 1940 3796 3533 3866">
    <p class='ocr_par' dir='ltr' id='par_1_82' title="bbox 1940 3796 3533 3866">
     <span class='ocr_line' id='line_1_82' title="bbox 1940 3796 3533 3866; baseline 0.002 -16"><span class='ocrx_word' id='word_1_610' title='bbox 1940 3804 2024 3850; x_wconf 89' lang='lat' dir='ltr'><strong>est</strong></span> <span class='ocrx_word' id='word_1_611' title='bbox 2061 3797 2124 3850; x_wconf 89' lang='lat' dir='ltr'><strong>ad</strong></span> <span class='ocrx_word' id='word_1_612' title='bbox 2167 3796 2461 3864; x_wconf 90' lang='lat' dir='ltr'><strong>diabolum,</strong></span> <span class='ocrx_word' id='word_1_613' title='bbox 2490 3797 2767 3866; x_wconf 80' lang='lat' dir='ltr'><strong>respexit:</strong></span> <span class='ocrx_word' id='word_1_614' title='bbox 2795 3797 3029 3866; x_wconf 92' lang='lat' dir='ltr'><strong>primum</strong></span> <span class='ocrx_word' id='word_1_615' title='bbox 3064 3796 3343 3852; x_wconf 82' lang='lat' dir='ltr'><strong>inimicum</strong></span> <span class='ocrx_word' id='word_1_616' title='bbox 3384 3799 3533 3853; x_wconf 91' lang='lat' dir='ltr'><strong>illum</strong></span> 
     </span>
    </p>
   </div>
   <div class='ocr_carea' id='block_1_83' title="bbox 1938 3887 3532 3959">
    <p class='ocr_par' dir='ltr' id='par_1_83' title="bbox 1938 3887 3532 3959">
     <span class='ocr_line' id='line_1_83' title="bbox 1938 3887 3532 3959; baseline 0.002 -20"><span class='ocrx_word' id='word_1_617' title='bbox 1938 3887 2030 3956; x_wconf 89' lang='lat' dir='ltr'><strong>qui</strong></span> <span class='ocrx_word' id='word_1_618' title='bbox 2061 3903 2155 3958; x_wconf 90' lang='lat' dir='ltr'><strong>per</strong></span> <span class='ocrx_word' id='word_1_619' title='bbox 2184 3903 2245 3943; x_wconf 91' lang='lat' dir='ltr'><strong>os</strong></span> <span class='ocrx_word' id='word_1_620' title='bbox 2273 3887 2390 3957; x_wconf 84' lang='lat' dir='ltr'><strong>ejus</strong></span> <span class='ocrx_word' id='word_1_621' title='bbox 2418 3888 2775 3943; x_wconf 88' lang='lat' dir='ltr'><strong>insidiabatur</strong></span> <span class='ocrx_word' id='word_1_622' title='bbox 2804 3888 3090 3946; x_wconf 84' lang='lat' dir='ltr'><strong>intellexit.</strong></span> <span class='ocrx_word' id='word_1_623' title='bbox 3116 3899 3279 3959; x_wconf 90' lang='lat' dir='ltr'><strong>atque</strong></span> <span class='ocrx_word' id='word_1_624' title='bbox 3306 3888 3532 3942; x_wconf 75' lang='lat' dir='ltr'><strong>malitiae</strong></span> 
     </span>
    </p>
   </div>
   <div class='ocr_carea' id='block_1_84' title="bbox 1940 3977 3533 4051">
    <p class='ocr_par' dir='ltr' id='par_1_84' title="bbox 1940 3977 3533 4051">
     <span class='ocr_line' id='line_1_84' title="bbox 1940 3977 3533 4051; baseline 0.001 -18"><span class='ocrx_word' id='word_1_625' title='bbox 1940 3977 2056 4046; x_wconf 85' lang='lat' dir='ltr'><strong>ejus</strong></span> <span class='ocrx_word' id='word_1_626' title='bbox 2100 3993 2394 4035; x_wconf 90' lang='lat' dir='ltr'><strong>occurrens</strong></span> <span class='ocrx_word' id='word_1_627' title='bbox 2428 3978 2657 4045; x_wconf 90' lang='lat' dir='ltr'><strong>restitit,</strong></span> <span class='ocrx_word' id='word_1_628' title='bbox 2701 3988 2756 4034; x_wconf 90' lang='lat' dir='ltr'><strong>et</strong></span> <span class='ocrx_word' id='word_1_629' title='bbox 2792 3983 2891 4048; x_wconf 84' lang='lat' dir='ltr'><strong>per</strong></span> <span class='ocrx_word' id='word_1_630' title='bbox 2928 3979 3072 4033; x_wconf 86' lang='lat' dir='ltr'><strong>illam</strong></span> <span class='ocrx_word' id='word_1_631' title='bbox 3127 3994 3252 4051; x_wconf 67' lang='lat' dir='ltr'><strong>quae</strong></span> <span class='ocrx_word' id='word_1_632' title='bbox 3299 3980 3367 4034; x_wconf 91' lang='lat' dir='ltr'><strong>ad</strong></span> <span class='ocrx_word' id='word_1_633' title='bbox 3408 3995 3533 4034; x_wconf 91' lang='lat' dir='ltr'><strong>eum</strong></span> 
     </span>
    </p>
   </div>
   <div class='ocr_carea' id='block_1_85' title="bbox 1941 4068 3533 4141">
    <p class='ocr_par' dir='ltr' id='par_1_85' title="bbox 1941 4068 3533 4141">
     <span class='ocr_line' id='line_1_85' title="bbox 1941 4068 3533 4141; baseline 0 -19"><span class='ocrx_word' id='word_1_634' title='bbox 1941 4068 2118 4125; x_wconf 86' lang='lat' dir='ltr'><strong>locuta</strong></span> <span class='ocrx_word' id='word_1_635' title='bbox 2150 4080 2233 4126; x_wconf 89' lang='lat' dir='ltr'><strong>est</strong></span> <span class='ocrx_word' id='word_1_636' title='bbox 2269 4071 2468 4125; x_wconf 86' lang='lat' dir='ltr'><strong>diaboli</strong></span> <span class='ocrx_word' id='word_1_637' title='bbox 2506 4072 2848 4141; x_wconf 87' lang='lat' dir='ltr'><strong>iniquitatem</strong></span> <span class='ocrx_word' id='word_1_638' title='bbox 2903 4071 3185 4141; x_wconf 78' lang='lat' dir='ltr'><strong>redarguit</strong></span> <span class='ocrx_word' id='word_1_639' title='bbox 3220 4082 3387 4139; x_wconf 84' lang='lat' dir='ltr'><strong>atque</strong></span> <span class='ocrx_word' id='word_1_640' title='bbox 3430 4072 3533 4123; x_wconf 87' lang='lat' dir='ltr'><strong>de-</strong></span> 
     </span>
    </p>
   </div>
   <div class='ocr_carea' id='block_1_86' title="bbox 1935 4161 3533 4232">
    <p class='ocr_par' dir='ltr' id='par_1_86' title="bbox 1935 4161 3533 4232">
     <span class='ocr_line' id='line_1_86' title="bbox 1935 4161 3533 4232; baseline -0.001 -15"><span class='ocrx_word' id='word_1_641' title='bbox 1935 4161 2084 4231; x_wconf 89' lang='lat' dir='ltr'><strong>jecit.</strong></span> <span class='ocrx_word' id='word_1_642' title='bbox 2112 4161 2263 4229; x_wconf 87' lang='lat' dir='ltr'><strong>Quod</strong></span> <span class='ocrx_word' id='word_1_643' title='bbox 2295 4161 2675 4218; x_wconf 87' lang='lat' dir='ltr'><strong>demonstrans</strong></span> <span class='ocrx_word' id='word_1_644' title='bbox 2710 4162 2989 4232; x_wconf 91' lang='lat' dir='ltr'><strong>Scriptura</strong></span> <span class='ocrx_word' id='word_1_645' title='bbox 3028 4162 3194 4228; x_wconf 86' lang='lat' dir='ltr'><strong>dicit;</strong></span> <span class='ocrx_word' id='word_1_646' title='bbox 3252 4162 3367 4231; x_wconf 89' lang='lat' dir='ltr'><strong>ipse</strong></span> <span class='ocrx_word' id='word_1_647' title='bbox 3404 4177 3533 4216; x_wconf 89' lang='lat' dir='ltr'><strong>vero</strong></span> 
     </span>
    </p>
   </div>
   <div class='ocr_carea' id='block_1_87' title="bbox 1920 4252 3529 4323">
    <p class='ocr_par' dir='ltr' id='par_1_87' title="bbox 1920 4252 3529 4323">
     <span class='ocr_line' id='line_1_87' title="bbox 1920 4252 3529 4323; baseline 0.001 -19"><span class='ocrx_word' id='word_1_648' title='bbox 1920 4256 2179 4322; x_wconf 87' lang='lat' dir='ltr'><strong>.respexit</strong></span> <span class='ocrx_word' id='word_1_649' title='bbox 2211 4254 2277 4308; x_wconf 90' lang='lat' dir='ltr'><strong>ad</strong></span> <span class='ocrx_word' id='word_1_650' title='bbox 2310 4268 2429 4308; x_wconf 90' lang='lat' dir='ltr'><strong>eam</strong></span> <span class='ocrx_word' id='word_1_651' title='bbox 2484 4252 2705 4308; x_wconf 90' lang='lat' dir='ltr'><strong>turbido</strong></span> <span class='ocrx_word' id='word_1_652' title='bbox 2740 4263 2964 4323; x_wconf 88' lang='lat' dir='ltr'><strong>aspectu</strong></span> <span class='ocrx_word' id='word_1_653' title='bbox 2989 4293 3003 4315; x_wconf 91' lang='lat'><strong>,</strong></span> <span class='ocrx_word' id='word_1_654' title='bbox 3053 4254 3334 4308; x_wconf 89' lang='lat' dir='ltr'><strong>immutata</strong></span> <span class='ocrx_word' id='word_1_655' title='bbox 3369 4252 3529 4319; x_wconf 82' lang='lat' dir='ltr'><strong>facie,</strong></span> 
     </span>
    </p>
   </div>
   <div class='ocr_carea' id='block_1_88' title="bbox 1939 4342 3529 4425">
    <p class='ocr_par' dir='ltr' id='par_1_88' title="bbox 1939 4342 3529 4425">
     <span class='ocr_line' id='line_1_88' title="bbox 1939 4342 3529 4425; baseline 0.002 -28"><span class='ocrx_word' id='word_1_656' title='bbox 1939 4344 2189 4401; x_wconf 76' lang='lat' dir='ltr'><strong>frementi</strong></span> <span class='ocrx_word' id='word_1_657' title='bbox 2222 4346 2515 4412; x_wconf 86' lang='lat' dir='ltr'><strong>locutione,</strong></span> <span class='ocrx_word' id='word_1_658' title='bbox 2552 4346 2874 4417; x_wconf 87' lang='lat' dir='ltr'><strong>perturbato</strong></span> <span class='ocrx_word' id='word_1_659' title='bbox 2906 4347 3076 4401; x_wconf 90' lang='lat' dir='ltr'><strong>vultu.</strong></span> <span class='ocrx_word' id='word_1_660' title='bbox 3118 4342 3238 4425; x_wconf 75' lang='lat' dir='ltr'><strong>Ipse</strong></span> <span class='ocrx_word' id='word_1_661' title='bbox 3282 4360 3410 4399; x_wconf 91' lang='lat' dir='ltr'><strong>vero</strong></span> <span class='ocrx_word' id='word_1_662' title='bbox 3440 4360 3529 4400; x_wconf 89' lang='lat' dir='ltr'><strong>re-</strong></span> 
     </span>
    </p>
   </div>
   <div class='ocr_carea' id='block_1_89' title="bbox 1937 4435 3532 4506">
    <p class='ocr_par' dir='ltr' id='par_1_89' title="bbox 1937 4435 3532 4506">
     <span class='ocr_line' id='line_1_89' title="bbox 1937 4435 3532 4506; baseline 0.001 -18"><span class='ocrx_word' id='word_1_663' title='bbox 1937 4436 2171 4505; x_wconf 90' lang='lat' dir='ltr'><strong>spiciens</strong></span> <span class='ocrx_word' id='word_1_664' title='bbox 2217 4437 2283 4491; x_wconf 90' lang='lat' dir='ltr'><strong>ad</strong></span> <span class='ocrx_word' id='word_1_665' title='bbox 2324 4452 2442 4492; x_wconf 90' lang='lat' dir='ltr'><strong>eam</strong></span> <span class='ocrx_word' id='word_1_666' title='bbox 2487 4452 2612 4492; x_wconf 88' lang='lat' dir='ltr'><strong>cum</strong></span> <span class='ocrx_word' id='word_1_667' title='bbox 2658 4437 2738 4491; x_wconf 92' lang='lat' dir='ltr'><strong>ira</strong></span> <span class='ocrx_word' id='word_1_668' title='bbox 2770 4452 2834 4492; x_wconf 91' lang='lat' dir='ltr'><strong>ac</strong></span> <span class='ocrx_word' id='word_1_669' title='bbox 2870 4435 3077 4501; x_wconf 83' lang='lat' dir='ltr'><strong>lurore,</strong></span> <span class='ocrx_word' id='word_1_670' title='bbox 3121 4452 3244 4491; x_wconf 87' lang='lat' dir='ltr'><strong>cum</strong></span> <span class='ocrx_word' id='word_1_671' title='bbox 3283 4436 3532 4506; x_wconf 85' lang='lat' dir='ltr'><strong>indigna-</strong></span> 
     </span>
    </p>
   </div>
   <div class='ocr_carea' id='block_1_90' title="bbox 1941 4527 3529 4599">
    <p class='ocr_par' dir='ltr' id='par_1_90' title="bbox 1941 4527 3529 4599">
     <span class='ocr_line' id='line_1_90' title="bbox 1941 4527 3529 4599; baseline 0.003 -20"><span class='ocrx_word' id='word_1_672' title='bbox 1941 4527 2085 4582; x_wconf 91' lang='lat' dir='ltr'><strong>tione</strong></span> <span class='ocrx_word' id='word_1_673' title='bbox 2139 4539 2301 4597; x_wconf 87' lang='lat' dir='ltr'><strong>atque</strong></span> <span class='ocrx_word' id='word_1_674' title='bbox 2357 4536 2696 4596; x_wconf 91' lang='lat' dir='ltr'><strong>contemptu.</strong></span> <span class='ocrx_word' id='word_1_675' title='bbox 2750 4528 3023 4598; x_wconf 82' lang='lat' dir='ltr'><strong>Cognovit</strong></span> <span class='ocrx_word' id='word_1_676' title='bbox 3090 4543 3328 4597; x_wconf 81' lang='lat' dir='ltr'><strong>namque</strong></span> <span class='ocrx_word' id='word_1_677' title='bbox 3383 4529 3529 4599; x_wconf 88' lang='lat' dir='ltr'><strong>quod</strong></span> 
     </span>
    </p>
   </div>
   <div class='ocr_carea' id='block_1_91' title="bbox 254 4618 3528 4694">
    <p class='ocr_par' dir='ltr' id='par_1_91' title="bbox 254 4618 3528 4694">
     <span class='ocr_line' id='line_1_91' title="bbox 254 4618 3528 4694; baseline -0 -20"><span class='ocrx_word' id='word_1_678' title='bbox 254 4621 549 4677; x_wconf 90' lang='lat' dir='ltr'><strong>Dominum</strong></span> <span class='ocrx_word' id='word_1_679' title='bbox 598 4633 654 4675; x_wconf 84' lang='lat' dir='ltr'><strong>et</strong></span> <span class='ocrx_word' id='word_1_680' title='bbox 706 4622 986 4676; x_wconf 86' lang='lat' dir='ltr'><strong>moriaris.</strong></span> <span class='ocrx_word' id='word_1_681' title='bbox 1024 4619 1105 4677; x_wconf 76' lang='grc' dir='ltr'><strong>οι)</strong></span> <span class='ocrx_word' id='word_1_682' title='bbox 1163 4625 1285 4688; x_wconf 90' lang='lat' dir='ltr'><strong>hoc,</strong></span> <span class='ocrx_word' id='word_1_683' title='bbox 1346 4625 1546 4694; x_wconf 90' lang='lat' dir='ltr'><strong>inquit,</strong></span> <span class='ocrx_word' id='word_1_684' title='bbox 1600 4624 1835 4694; x_wconf 86' lang='lat' dir='ltr'><strong>plurimo</strong></span> <span class='ocrx_word' id='word_1_685' title='bbox 1868 4621 1911 4675; x_wconf 84' lang='grc' dir='ltr'><strong>Ι)</strong></span> <span class='ocrx_word' id='word_1_686' title='bbox 1942 4618 2156 4687; x_wconf 87' lang='lat' dir='ltr'><strong>maligni</strong></span> <span class='ocrx_word' id='word_1_687' title='bbox 2190 4629 2347 4674; x_wconf 90' lang='lat' dir='ltr'><strong>erant</strong></span> <span class='ocrx_word' id='word_1_688' title='bbox 2376 4620 2492 4674; x_wconf 64' lang='lat' dir='ltr'><strong>baac</strong></span> <span class='ocrx_word' id='word_1_689' title='bbox 2516 4620 2835 4685; x_wconf 90' lang='lat' dir='ltr'><strong>seminaria,</strong></span> <span class='ocrx_word' id='word_1_690' title='bbox 2865 4620 2992 4688; x_wconf 90' lang='lat' dir='ltr'><strong>quia</strong></span> <span class='ocrx_word' id='word_1_691' title='bbox 3027 4618 3301 4673; x_wconf 85' lang='lat' dir='ltr'><strong>maledicti</strong></span> <span class='ocrx_word' id='word_1_692' title='bbox 3343 4634 3528 4673; x_wconf 85' lang='lat' dir='ltr'><strong>semen</strong></span> 
     </span>
    </p>
   </div>
   <div class='ocr_carea' id='block_1_92' title="bbox 255 4713 1836 4787">
    <p class='ocr_par' dir='ltr' id='par_1_92' title="bbox 255 4713 1836 4787">
     <span class='ocr_line' id='line_1_92' title="bbox 255 4713 1836 4787; baseline 0.002 -19"><span class='ocrx_word' id='word_1_693' title='bbox 255 4728 506 4785; x_wconf 89' lang='lat' dir='ltr'><strong>tempore</strong></span> <span class='ocrx_word' id='word_1_694' title='bbox 536 4713 823 4784; x_wconf 87' lang='lat' dir='ltr'><strong>advigilavi</strong></span> <span class='ocrx_word' id='word_1_695' title='bbox 856 4716 974 4780; x_wconf 91' lang='lat' dir='ltr'><strong>tibi,</strong></span> <span class='ocrx_word' id='word_1_696' title='bbox 999 4716 1301 4771; x_wconf 88' lang='lat' dir='ltr'><strong>observans</strong></span> <span class='ocrx_word' id='word_1_697' title='bbox 1329 4725 1493 4786; x_wconf 90' lang='lat' dir='ltr'><strong>atque</strong></span> <span class='ocrx_word' id='word_1_698' title='bbox 1516 4716 1569 4770; x_wconf 92' lang='lat' dir='ltr'><strong>in</strong></span> <span class='ocrx_word' id='word_1_699' title='bbox 1602 4715 1836 4787; x_wconf 89' lang='lat' dir='ltr'><strong>speculis</strong></span> 
     </span>
    </p>
   </div>
   <div class='ocr_carea' id='block_1_93' title="bbox 254 4806 1834 4876">
    <p class='ocr_par' dir='ltr' id='par_1_93' title="bbox 254 4806 1834 4876">
     <span class='ocr_line' id='line_1_93' title="bbox 254 4806 1834 4876; baseline 0.001 -17"><span class='ocrx_word' id='word_1_700' title='bbox 254 4808 452 4859; x_wconf 84' lang='lat' dir='ltr'><strong>sedens</strong></span> <span class='ocrx_word' id='word_1_701' title='bbox 498 4806 719 4875; x_wconf 83' lang='lat' dir='ltr'><strong>quando</strong></span> <span class='ocrx_word' id='word_1_702' title='bbox 775 4808 1188 4871; x_wconf 87' lang='lat' dir='ltr'><strong>succumberes,</strong></span> <span class='ocrx_word' id='word_1_703' title='bbox 1249 4808 1467 4876; x_wconf 89' lang='lat' dir='ltr'><strong>quando</strong></span> <span class='ocrx_word' id='word_1_704' title='bbox 1514 4806 1834 4873; x_wconf 83' lang='lat' dir='ltr'><strong>ﬂectereris,</strong></span> 
     </span>
    </p>
   </div>
   <div class='ocr_carea' id='block_1_94' title="bbox 254 4893 1835 4967">
    <p class='ocr_par' dir='ltr' id='par_1_94' title="bbox 254 4893 1835 4967">
     <span class='ocr_line' id='line_1_94' title="bbox 254 4893 1835 4967; baseline -0.001 -17"><span class='ocrx_word' id='word_1_705' title='bbox 254 4898 474 4967; x_wconf 87' lang='lat' dir='ltr'><strong>quando</strong></span> <span class='ocrx_word' id='word_1_706' title='bbox 490 4895 1002 4963; x_wconf 87' lang='lat' dir='ltr'><strong>deliceres,quando</strong></span> <span class='ocrx_word' id='word_1_707' title='bbox 1029 4894 1080 4948; x_wconf 93' lang='lat' dir='ltr'><strong>in</strong></span> <span class='ocrx_word' id='word_1_708' title='bbox 1101 4894 1185 4950; x_wconf 90' lang='lat' dir='ltr'><strong>bis</strong></span> <span class='ocrx_word' id='word_1_709' title='bbox 1210 4895 1490 4951; x_wconf 89' lang='lat' dir='ltr'><strong>doloribus</strong></span> <span class='ocrx_word' id='word_1_710' title='bbox 1508 4893 1835 4965; x_wconf 81' lang='lat' dir='ltr'><strong>defatigatus</strong></span> 
     </span>
    </p>
   </div>
   <div class='ocr_carea' id='block_1_95' title="bbox 255 4986 1835 5057">
    <p class='ocr_par' dir='ltr' id='par_1_95' title="bbox 255 4986 1835 5057">
     <span class='ocr_line' id='line_1_95' title="bbox 255 4986 1835 5057; baseline -0.001 -15"><span class='ocrx_word' id='word_1_711' title='bbox 255 4998 420 5057; x_wconf 80' lang='lat' dir='ltr'><strong>atque</strong></span> <span class='ocrx_word' id='word_1_712' title='bbox 444 4988 502 5042; x_wconf 92' lang='lat' dir='ltr'><strong>in</strong></span> <span class='ocrx_word' id='word_1_713' title='bbox 536 4986 668 5056; x_wconf 86' lang='lat' dir='ltr'><strong>ipsis</strong></span> <span class='ocrx_word' id='word_1_714' title='bbox 698 4987 985 5041; x_wconf 87' lang='lat' dir='ltr'><strong>tormentis</strong></span> <span class='ocrx_word' id='word_1_715' title='bbox 1009 4986 1318 5043; x_wconf 87' lang='lat' dir='ltr'><strong>delassatus</strong></span> <span class='ocrx_word' id='word_1_716' title='bbox 1348 4988 1415 5040; x_wconf 87' lang='lat' dir='ltr'><strong>ad</strong></span> <span class='ocrx_word' id='word_1_717' title='bbox 1448 4988 1835 5057; x_wconf 81' lang='lat' dir='ltr'><strong>reprehensio-</strong></span> 
     </span>
    </p>
   </div>
   <div class='ocr_carea' id='block_1_96' title="bbox 254 5076 1839 5147">
    <p class='ocr_par' dir='ltr' id='par_1_96' title="bbox 254 5076 1839 5147">
     <span class='ocr_line' id='line_1_96' title="bbox 254 5076 1839 5147; baseline 0.001 -16"><span class='ocrx_word' id='word_1_718' title='bbox 254 5092 378 5133; x_wconf 88' lang='lat' dir='ltr'><strong>nem</strong></span> <span class='ocrx_word' id='word_1_719' title='bbox 396 5076 679 5132; x_wconf 85' lang='lat' dir='ltr'><strong>Creatoris</strong></span> <span class='ocrx_word' id='word_1_720' title='bbox 707 5076 1026 5142; x_wconf 76' lang='lat' dir='ltr'><strong>lIectereris,</strong></span> <span class='ocrx_word' id='word_1_721' title='bbox 1045 5079 1279 5147; x_wconf 90' lang='lat' dir='ltr'><strong>atquein</strong></span> <span class='ocrx_word' id='word_1_722' title='bbox 1308 5078 1469 5132; x_wconf 80' lang='lat' dir='ltr'><strong>lactis</strong></span> <span class='ocrx_word' id='word_1_723' title='bbox 1490 5078 1583 5131; x_wconf 89' lang='lat' dir='ltr'><strong>Dei</strong></span> <span class='ocrx_word' id='word_1_724' title='bbox 1603 5078 1669 5131; x_wconf 88' lang='lat' dir='ltr'><strong>ad</strong></span> <span class='ocrx_word' id='word_1_725' title='bbox 1692 5077 1839 5133; x_wconf 87' lang='lat' dir='ltr'><strong>blas-</strong></span> 
     </span>
    </p>
   </div>
   <div class='ocr_carea' id='block_1_97' title="bbox 257 5168 1840 5239">
    <p class='ocr_par' dir='ltr' id='par_1_97' title="bbox 257 5168 1840 5239">
     <span class='ocr_line' id='line_1_97' title="bbox 257 5168 1840 5239; baseline 0.001 -17"><span class='ocrx_word' id='word_1_726' title='bbox 257 5168 534 5238; x_wconf 88' lang='lat' dir='ltr'><strong>pbemiatn</strong></span> <span class='ocrx_word' id='word_1_727' title='bbox 568 5178 617 5221; x_wconf 91' lang='lat' dir='ltr'><strong>te</strong></span> <span class='ocrx_word' id='word_1_728' title='bbox 640 5179 1011 5223; x_wconf 88' lang='lat' dir='ltr'><strong>converteres.</strong></span> <span class='ocrx_word' id='word_1_729' title='bbox 1051 5169 1183 5223; x_wconf 91' lang='lat' dir='ltr'><strong>Cum</strong></span> <span class='ocrx_word' id='word_1_730' title='bbox 1214 5186 1334 5239; x_wconf 90' lang='lat' dir='ltr'><strong>ego,</strong></span> <span class='ocrx_word' id='word_1_731' title='bbox 1356 5169 1552 5239; x_wconf 85' lang='lat' dir='ltr'><strong>inquit,</strong></span> <span class='ocrx_word' id='word_1_732' title='bbox 1580 5170 1695 5223; x_wconf 73' lang='lat' dir='ltr'><strong>lucc</strong></span> <span class='ocrx_word' id='word_1_733' title='bbox 1716 5172 1840 5224; x_wconf 91' lang='lat' dir='ltr'><strong>uni-</strong></span> 
     </span>
    </p>
   </div>
   <div class='ocr_carea' id='block_1_98' title="bbox 256 5259 1842 5330">
    <p class='ocr_par' dir='ltr' id='par_1_98' title="bbox 256 5259 1842 5330">
     <span class='ocr_line' id='line_1_98' title="bbox 256 5259 1842 5330; baseline 0.001 -17"><span class='ocrx_word' id='word_1_734' title='bbox 256 5274 417 5316; x_wconf 78' lang='lat' dir='ltr'><strong>versa</strong></span> <span class='ocrx_word' id='word_1_735' title='bbox 446 5259 774 5330; x_wconf 79' lang='lat' dir='ltr'><strong>perfeceritn</strong></span> <span class='ocrx_word' id='word_1_736' title='bbox 802 5270 965 5329; x_wconf 89' lang='lat' dir='ltr'><strong>atque</strong></span> <span class='ocrx_word' id='word_1_737' title='bbox 996 5262 1327 5330; x_wconf 86' lang='lat' dir='ltr'><strong>peregerim,</strong></span> <span class='ocrx_word' id='word_1_738' title='bbox 1360 5275 1527 5313; x_wconf 90' lang='lat' dir='ltr'><strong>unum</strong></span> <span class='ocrx_word' id='word_1_739' title='bbox 1558 5259 1689 5313; x_wconf 90' lang='lat' dir='ltr'><strong>mibi</strong></span> <span class='ocrx_word' id='word_1_740' title='bbox 1717 5275 1842 5314; x_wconf 89' lang='lat' dir='ltr'><strong>ver-</strong></span> 
     </span>
    </p>
   </div>
   <div class='ocr_carea' id='block_1_99' title="bbox 260 5350 1839 5417">
    <p class='ocr_par' dir='ltr' id='par_1_99' title="bbox 260 5350 1839 5417">
     <span class='ocr_line' id='line_1_99' title="bbox 260 5350 1839 5417; baseline -0.001 -11"><span class='ocrx_word' id='word_1_741' title='bbox 260 5352 385 5406; x_wconf 91' lang='lat' dir='ltr'><strong>bum</strong></span> <span class='ocrx_word' id='word_1_742' title='bbox 402 5350 846 5415; x_wconf 89' lang='lat' dir='ltr'><strong>condona,unum</strong></span> <span class='ocrx_word' id='word_1_743' title='bbox 863 5352 1088 5405; x_wconf 91' lang='lat' dir='ltr'><strong>verbum</strong></span> <span class='ocrx_word' id='word_1_744' title='bbox 1105 5366 1188 5405; x_wconf 87' lang='lat' dir='ltr'><strong>me</strong></span> <span class='ocrx_word' id='word_1_745' title='bbox 1202 5351 1420 5417; x_wconf 89' lang='lat' dir='ltr'><strong>exaudi,</strong></span> <span class='ocrx_word' id='word_1_746' title='bbox 1437 5366 1602 5405; x_wconf 87' lang='lat' dir='ltr'><strong>unttm</strong></span> <span class='ocrx_word' id='word_1_747' title='bbox 1616 5351 1839 5405; x_wconf 87' lang='lat' dir='ltr'><strong>verbum</strong></span> 
     </span>
    </p>
   </div>
   <div class='ocr_carea' id='block_1_100' title="bbox 261 5441 1842 5507">
    <p class='ocr_par' dir='ltr' id='par_1_100' title="bbox 261 5441 1842 5507">
     <span class='ocr_line' id='line_1_100' title="bbox 261 5441 1842 5507; baseline 0.001 -12"><span class='ocrx_word' id='word_1_748' title='bbox 261 5444 428 5497; x_wconf 85' lang='lat' dir='ltr'><strong>dicito</strong></span> <span class='ocrx_word' id='word_1_749' title='bbox 445 5444 499 5497; x_wconf 91' lang='lat' dir='ltr'><strong>in</strong></span> <span class='ocrx_word' id='word_1_750' title='bbox 527 5442 838 5505; x_wconf 86' lang='lat' dir='ltr'><strong>Dominum,</strong></span> <span class='ocrx_word' id='word_1_751' title='bbox 851 5453 908 5496; x_wconf 91' lang='lat' dir='ltr'><strong>et</strong></span> <span class='ocrx_word' id='word_1_752' title='bbox 932 5457 1162 5496; x_wconf 89' lang='lat' dir='ltr'><strong>morere.</strong></span> <span class='ocrx_word' id='word_1_753' title='bbox 1182 5441 1337 5507; x_wconf 85' lang='lat' dir='ltr'><strong>Quod</strong></span> <span class='ocrx_word' id='word_1_754' title='bbox 1355 5442 1502 5497; x_wconf 88' lang='lat' dir='ltr'><strong>enim</strong></span> <span class='ocrx_word' id='word_1_755' title='bbox 1523 5451 1579 5494; x_wconf 92' lang='lat' dir='ltr'><strong>tu</strong></span> <span class='ocrx_word' id='word_1_756' title='bbox 1596 5441 1842 5496; x_wconf 85' lang='lat' dir='ltr'><strong>dicturus</strong></span> 
     </span>
    </p>
   </div>
   <div class='ocr_carea' id='block_1_101' title="bbox 260 5535 1841 5608">
    <p class='ocr_par' dir='ltr' id='par_1_101' title="bbox 260 5535 1841 5608">
     <span class='ocr_line' id='line_1_101' title="bbox 260 5535 1841 5608; baseline -0.003 -15"><span class='ocrx_word' id='word_1_757' title='bbox 260 5553 321 5593; x_wconf 86' lang='lat' dir='ltr'><strong>es</strong></span> <span class='ocrx_word' id='word_1_758' title='bbox 352 5548 472 5608; x_wconf 81' lang='lat' dir='ltr'><strong>pOst</strong></span> <span class='ocrx_word' id='word_1_759' title='bbox 504 5537 800 5608; x_wconf 90' lang='lat' dir='ltr'><strong>paululum,</strong></span> <span class='ocrx_word' id='word_1_760' title='bbox 841 5551 874 5590; x_wconf 92' lang='grc' dir='ltr'><strong>ο</strong></span> <span class='ocrx_word' id='word_1_761' title='bbox 915 5535 1037 5603; x_wconf 89' lang='lat' dir='ltr'><strong>Job,</strong></span> <span class='ocrx_word' id='word_1_762' title='bbox 1087 5548 1303 5591; x_wconf 87' lang='lat' dir='ltr'><strong>menses</strong></span> <span class='ocrx_word' id='word_1_763' title='bbox 1334 5550 1535 5591; x_wconf 89' lang='lat' dir='ltr'><strong>vacuos</strong></span> <span class='ocrx_word' id='word_1_764' title='bbox 1567 5546 1622 5590; x_wconf 92' lang='lat' dir='ltr'><strong>et</strong></span> <span class='ocrx_word' id='word_1_765' title='bbox 1653 5545 1841 5590; x_wconf 86' lang='lat' dir='ltr'><strong>noctes</strong></span> 
     </span>
    </p>
   </div>
   <div class='ocr_carea' id='block_1_102' title="bbox 261 5631 833 5685">
    <p class='ocr_par' dir='ltr' id='par_1_102' title="bbox 261 5631 833 5685">
     <span class='ocr_line' id='line_1_102' title="bbox 261 5631 833 5685; baseline -0.003 -1"><span class='ocrx_word' id='word_1_766' title='bbox 261 5632 507 5685; x_wconf 81' lang='lat' dir='ltr'><strong>dolorum</strong></span> <span class='ocrx_word' id='word_1_767' title='bbox 549 5631 778 5684; x_wconf 90' lang='lat' dir='ltr'><strong>sustinui</strong></span> <span class='ocrx_word' id='word_1_768' title='bbox 820 5648 833 5682; x_wconf 88' lang='lat'><strong>:</strong></span> 
     </span>
    </p>
   </div>
   <div class='ocr_carea' id='block_1_103' title="bbox 263 5720 1837 5791">
    <p class='ocr_par' dir='ltr' id='par_1_103' title="bbox 263 5720 1837 5791">
     <span class='ocr_line' id='line_1_103' title="bbox 263 5720 1837 5791; baseline 0 -15"><span class='ocrx_word' id='word_1_769' title='bbox 263 5724 528 5786; x_wconf 84' lang='lat' dir='ltr'><strong>sustineo,</strong></span> <span class='ocrx_word' id='word_1_770' title='bbox 572 5735 787 5776; x_wconf 80' lang='lat' dir='ltr'><strong>menses</strong></span> <span class='ocrx_word' id='word_1_771' title='bbox 820 5735 1021 5774; x_wconf 79' lang='lat' dir='ltr'><strong>vacuos</strong></span> <span class='ocrx_word' id='word_1_772' title='bbox 1067 5720 1437 5789; x_wconf 89' lang='lat' dir='ltr'><strong>pcrtransieus</strong></span> <span class='ocrx_word' id='word_1_773' title='bbox 1476 5731 1694 5791; x_wconf 87' lang='lat' dir='ltr'><strong>propter</strong></span> <span class='ocrx_word' id='word_1_774' title='bbox 1735 5723 1837 5776; x_wconf 87' lang='lat' dir='ltr'><strong>im-</strong></span> 
     </span>
    </p>
   </div>
   <div class='ocr_carea' id='block_1_104' title="bbox 338 5903 654 5970">
    <p class='ocr_par' dir='ltr' id='par_1_104' title="bbox 338 5903 654 5970">
     <span class='ocr_line' id='line_1_104' title="bbox 338 5903 654 5970; baseline -0.009 -11"><span class='ocrx_word' id='word_1_775' title='bbox 338 5908 382 5937; x_wconf 79' lang='lat'>&quot;</span> <span class='ocrx_word' id='word_1_776' title='bbox 402 5904 501 5961; x_wconf 90' lang='lat' dir='ltr'><strong>Job</strong></span> <span class='ocrx_word' id='word_1_777' title='bbox 534 5920 572 5970; x_wconf 86' lang='grc' dir='ltr'><strong>ι,</strong></span> <span class='ocrx_word' id='word_1_778' title='bbox 602 5903 654 5957; x_wconf 84' lang='lat'><strong>7.</strong></span> 
     </span>
    </p>
   </div>
   <div class='ocr_carea' id='block_1_105' title="bbox 737 5900 1635 5968">
    <p class='ocr_par' dir='ltr' id='par_1_105' title="bbox 737 5900 1635 5968">
     <span class='ocr_line' id='line_1_105' title="bbox 737 5900 1635 5968; baseline 0.002 -11"><span class='ocrx_word' id='word_1_779' title='bbox 737 5902 777 5933; x_wconf 80' lang='lat'>”</span> <span class='ocrx_word' id='word_1_780' title='bbox 803 5900 899 5957; x_wconf 85' lang='lat' dir='ltr'><strong>Job</strong></span> <span class='ocrx_word' id='word_1_781' title='bbox 926 5916 985 5967; x_wconf 85' lang='lat' dir='ltr'><strong>ll,</strong></span> <span class='ocrx_word' id='word_1_782' title='bbox 1012 5901 1065 5956; x_wconf 92' lang='lat'><strong>9.</strong></span> <span class='ocrx_word' id='word_1_783' title='bbox 1146 5901 1187 5933; x_wconf 76' lang='lat'>”</span> <span class='ocrx_word' id='word_1_784' title='bbox 1230 5901 1384 5958; x_wconf 82' lang='lat' dir='ltr'><strong>Cant.</strong></span> <span class='ocrx_word' id='word_1_785' title='bbox 1433 5919 1553 5968; x_wconf 80' lang='lat' dir='ltr'><strong>vui,</strong></span> <span class='ocrx_word' id='word_1_786' title='bbox 1586 5904 1635 5959; x_wconf 84' lang='lat'><strong>7.</strong></span> 
     </span>
    </p>
   </div>
   <div class='ocr_carea' id='block_1_106' title="bbox 880 5628 1867 5698">
    <p class='ocr_par' dir='ltr' id='par_1_106' title="bbox 880 5628 1867 5698">
     <span class='ocr_line' id='line_1_106' title="bbox 880 5628 1867 5698; baseline 0.001 -16"><span class='ocrx_word' id='word_1_787' title='bbox 880 5630 1019 5693; x_wconf 87' lang='lat' dir='ltr'><strong>hoc,</strong></span> <span class='ocrx_word' id='word_1_788' title='bbox 1065 5629 1273 5698; x_wconf 89' lang='lat' dir='ltr'><strong>inquit,</strong></span> <span class='ocrx_word' id='word_1_789' title='bbox 1322 5643 1421 5696; x_wconf 86' lang='lat' dir='ltr'><strong>ego</strong></span> <span class='ocrx_word' id='word_1_790' title='bbox 1464 5628 1576 5698; x_wconf 86' lang='lat' dir='ltr'><strong>jam</strong></span> <span class='ocrx_word' id='word_1_791' title='bbox 1629 5643 1697 5683; x_wconf 83' lang='lat' dir='ltr'><strong>ex</strong></span> <span class='ocrx_word' id='word_1_792' title='bbox 1738 5630 1867 5697; x_wconf 43' lang='lat' dir='ltr'><strong>boc,</strong></span> 
     </span>
    </p>
   </div>
   <div class='ocr_carea' id='block_1_107' title="bbox 1722 5900 2163 5968">
    <p class='ocr_par' dir='ltr' id='par_1_107' title="bbox 1722 5900 2163 5968">
     <span class='ocr_line' id='line_1_107' title="bbox 1722 5900 2163 5968; baseline 0.002 -11"><span class='ocrx_word' id='word_1_793' title='bbox 1722 5903 1762 5934; x_wconf 83' lang='lat'>”</span> <span class='ocrx_word' id='word_1_794' title='bbox 1802 5900 1901 5960; x_wconf 86' lang='lat' dir='ltr'><strong>Job</strong></span> <span class='ocrx_word' id='word_1_795' title='bbox 1949 5920 2023 5968; x_wconf 90' lang='lat' dir='ltr'><strong>ll,</strong></span> <span class='ocrx_word' id='word_1_796' title='bbox 2080 5904 2163 5958; x_wconf 85' lang='lat' dir='ltr'><strong>l0.</strong></span> 
     </span>
    </p>
   </div>
   <div class='ocr_carea' id='block_1_108' title="bbox 1943 4709 3530 4781">
    <p class='ocr_par' dir='ltr' id='par_1_108' title="bbox 1943 4709 3530 4781">
     <span class='ocr_line' id='line_1_108' title="bbox 1943 4709 3530 4781; baseline 0.001 -18"><span class='ocrx_word' id='word_1_797' title='bbox 1943 4710 2046 4764; x_wconf 91' lang='lat' dir='ltr'><strong>boc</strong></span> <span class='ocrx_word' id='word_1_798' title='bbox 2075 4709 2269 4777; x_wconf 83' lang='lat' dir='ltr'><strong>fuerat,</strong></span> <span class='ocrx_word' id='word_1_799' title='bbox 2300 4712 2425 4781; x_wconf 88' lang='lat' dir='ltr'><strong>quia</strong></span> <span class='ocrx_word' id='word_1_800' title='bbox 2469 4712 2652 4781; x_wconf 89' lang='lat' dir='ltr'><strong>injusti</strong></span> <span class='ocrx_word' id='word_1_801' title='bbox 2697 4721 2816 4768; x_wconf 88' lang='lat' dir='ltr'><strong>erat</strong></span> <span class='ocrx_word' id='word_1_802' title='bbox 2849 4711 2941 4766; x_wconf 85' lang='lat' dir='ltr'><strong>ille</strong></span> <span class='ocrx_word' id='word_1_803' title='bbox 2985 4710 3224 4777; x_wconf 80' lang='lat' dir='ltr'><strong>fructus,</strong></span> <span class='ocrx_word' id='word_1_804' title='bbox 3257 4710 3385 4778; x_wconf 85' lang='lat' dir='ltr'><strong>quia</strong></span> <span class='ocrx_word' id='word_1_805' title='bbox 3430 4726 3530 4764; x_wconf 89' lang='lat' dir='ltr'><strong>nc-</strong></span> 
     </span>
    </p>
   </div>
   <div class='ocr_carea' id='block_1_109' title="bbox 1942 4802 3527 4872">
    <p class='ocr_par' dir='ltr' id='par_1_109' title="bbox 1942 4802 3527 4872">
     <span class='ocr_line' id='line_1_109' title="bbox 1942 4802 3527 4872; baseline 0.001 -19"><span class='ocrx_word' id='word_1_806' title='bbox 1942 4803 2189 4871; x_wconf 87' lang='lat' dir='ltr'><strong>quissimi</strong></span> <span class='ocrx_word' id='word_1_807' title='bbox 2232 4802 2332 4857; x_wconf 86' lang='lat' dir='ltr'><strong>fuit</strong></span> <span class='ocrx_word' id='word_1_808' title='bbox 2366 4804 2482 4858; x_wconf 62' lang='lat' dir='ltr'><strong>bare</strong></span> <span class='ocrx_word' id='word_1_809' title='bbox 2513 4804 2827 4858; x_wconf 86' lang='lat' dir='ltr'><strong>concitatio.</strong></span> <span class='ocrx_word' id='word_1_810' title='bbox 2871 4803 3076 4858; x_wconf 89' lang='lat' dir='ltr'><strong>Idcirco</strong></span> <span class='ocrx_word' id='word_1_811' title='bbox 3122 4802 3419 4872; x_wconf 90' lang='lat' dir='ltr'><strong>respiciens</strong></span> <span class='ocrx_word' id='word_1_812' title='bbox 3461 4802 3527 4855; x_wconf 89' lang='lat' dir='ltr'><strong>ad</strong></span> 
     </span>
    </p>
   </div>
   <div class='ocr_carea' id='block_1_110' title="bbox 1941 4883 3529 4964">
    <p class='ocr_par' dir='ltr' id='par_1_110' title="bbox 1941 4883 3529 4964">
     <span class='ocr_line' id='line_1_110' title="bbox 1941 4883 3529 4964; baseline -0.001 -15"><span class='ocrx_word' id='word_1_813' title='bbox 1941 4909 2061 4949; x_wconf 90' lang='lat' dir='ltr'><strong>eam</strong></span> <span class='ocrx_word' id='word_1_814' title='bbox 2095 4894 2311 4964; x_wconf 86' lang='lat' dir='ltr'><strong>quidem</strong></span> <span class='ocrx_word' id='word_1_815' title='bbox 2365 4883 2639 4963; x_wconf 81' lang='lat' dir='ltr'><strong>respexit,</strong></span> <span class='ocrx_word' id='word_1_816' title='bbox 2687 4896 2783 4949; x_wconf 89' lang='lat' dir='ltr'><strong>sed</strong></span> <span class='ocrx_word' id='word_1_817' title='bbox 2832 4897 2899 4949; x_wconf 90' lang='lat' dir='ltr'><strong>ad</strong></span> <span class='ocrx_word' id='word_1_818' title='bbox 2936 4893 3208 4949; x_wconf 84' lang='lat' dir='ltr'><strong>diabolqu</strong></span> <span class='ocrx_word' id='word_1_819' title='bbox 3248 4894 3424 4960; x_wconf 78' lang='lat' dir='ltr'><strong>dixit,</strong></span> <span class='ocrx_word' id='word_1_820' title='bbox 3460 4893 3529 4947; x_wconf 88' lang='lat' dir='ltr'><strong>ad</strong></span> 
     </span>
    </p>
   </div>
   <div class='ocr_carea' id='block_1_111' title="bbox 1944 4983 3525 5053">
    <p class='ocr_par' dir='ltr' id='par_1_111' title="bbox 1944 4983 3525 5053">
     <span class='ocr_line' id='line_1_111' title="bbox 1944 4983 3525 5053; baseline -0.004 -12"><span class='ocrx_word' id='word_1_821' title='bbox 1944 4987 2213 5041; x_wconf 87' lang='lat' dir='ltr'><strong>diabolum</strong></span> <span class='ocrx_word' id='word_1_822' title='bbox 2252 4988 2465 5040; x_wconf 91' lang='lat' dir='ltr'><strong>locutus</strong></span> <span class='ocrx_word' id='word_1_823' title='bbox 2501 4995 2605 5039; x_wconf 89' lang='lat' dir='ltr'><strong>est.</strong></span> <span class='ocrx_word' id='word_1_824' title='bbox 2646 4985 2779 5048; x_wconf 90' lang='lat' dir='ltr'><strong>Cur,</strong></span> <span class='ocrx_word' id='word_1_825' title='bbox 2831 4985 3029 5053; x_wconf 88' lang='lat' dir='ltr'><strong>inquit,</strong></span> <span class='ocrx_word' id='word_1_826' title='bbox 3063 5000 3097 5039; x_wconf 91' lang='grc' dir='ltr'>ο</span> <span class='ocrx_word' id='word_1_827' title='bbox 3137 4983 3373 5048; x_wconf 82' lang='lat' dir='ltr'><strong>diabole,</strong></span> <span class='ocrx_word' id='word_1_828' title='bbox 3424 4984 3525 5036; x_wconf 88' lang='lat' dir='ltr'><strong>ini-</strong></span> 
     </span>
    </p>
   </div>
   <div class='ocr_carea' id='block_1_112' title="bbox 1942 5073 3525 5149">
    <p class='ocr_par' dir='ltr' id='par_1_112' title="bbox 1942 5073 3525 5149">
     <span class='ocr_line' id='line_1_112' title="bbox 1942 5073 3525 5149; baseline -0.003 -17"><span class='ocrx_word' id='word_1_829' title='bbox 1942 5080 2081 5134; x_wconf 83' lang='lat' dir='ltr'><strong>mice</strong></span> <span class='ocrx_word' id='word_1_830' title='bbox 2112 5078 2338 5149; x_wconf 73' lang='lat' dir='ltr'><strong>justitize</strong></span> <span class='ocrx_word' id='word_1_831' title='bbox 2378 5088 2541 5148; x_wconf 85' lang='lat' dir='ltr'><strong>atque</strong></span> <span class='ocrx_word' id='word_1_832' title='bbox 2590 5078 2835 5131; x_wconf 87' lang='lat' dir='ltr'><strong>omnium</strong></span> <span class='ocrx_word' id='word_1_833' title='bbox 2873 5075 3138 5130; x_wconf 92' lang='lat' dir='ltr'><strong>bonorum</strong></span> <span class='ocrx_word' id='word_1_834' title='bbox 3189 5073 3525 5139; x_wconf 86' lang='lat' dir='ltr'><strong>adversarie,</strong></span> 
     </span>
    </p>
   </div>
   <div class='ocr_carea' id='block_1_113' title="bbox 1942 5163 3529 5239">
    <p class='ocr_par' dir='ltr' id='par_1_113' title="bbox 1942 5163 3529 5239">
     <span class='ocr_line' id='line_1_113' title="bbox 1942 5163 3529 5239; baseline -0.006 -15"><span class='ocrx_word' id='word_1_835' title='bbox 1942 5186 2041 5224; x_wconf 91' lang='lat' dir='ltr'><strong>cur</strong></span> <span class='ocrx_word' id='word_1_836' title='bbox 2086 5183 2423 5239; x_wconf 87' lang='lat' dir='ltr'><strong>supervacue</strong></span> <span class='ocrx_word' id='word_1_837' title='bbox 2474 5167 2703 5238; x_wconf 79' lang='lat' dir='ltr'><strong>speras?</strong></span> <span class='ocrx_word' id='word_1_838' title='bbox 2771 5182 2869 5222; x_wconf 91' lang='lat' dir='ltr'><strong>cur</strong></span> <span class='ocrx_word' id='word_1_839' title='bbox 2912 5165 3076 5221; x_wconf 92' lang='lat' dir='ltr'><strong>stulte</strong></span> <span class='ocrx_word' id='word_1_840' title='bbox 3129 5163 3378 5235; x_wconf 81' lang='lat' dir='ltr'><strong>cogitas?</strong></span> <span class='ocrx_word' id='word_1_841' title='bbox 3432 5179 3529 5218; x_wconf 86' lang='lat' dir='ltr'><strong>cur</strong></span> 
     </span>
    </p>
   </div>
   <div class='ocr_carea' id='block_1_114' title="bbox 1945 5257 3529 5330">
    <p class='ocr_par' dir='ltr' id='par_1_114' title="bbox 1945 5257 3529 5330">
     <span class='ocr_line' id='line_1_114' title="bbox 1945 5257 3529 5330; baseline -0.004 -15"><span class='ocrx_word' id='word_1_842' title='bbox 1945 5261 2287 5315; x_wconf 87' lang='lat' dir='ltr'><strong>bumiliatum</strong></span> <span class='ocrx_word' id='word_1_843' title='bbox 2335 5262 2679 5330; x_wconf 90' lang='lat' dir='ltr'><strong>temetipsum</strong></span> <span class='ocrx_word' id='word_1_844' title='bbox 2729 5258 2851 5330; x_wconf 91' lang='lat' dir='ltr'><strong>plus</strong></span> <span class='ocrx_word' id='word_1_845' title='bbox 2891 5257 3169 5321; x_wconf 84' lang='lat' dir='ltr'><strong>bumilias,</strong></span> <span class='ocrx_word' id='word_1_846' title='bbox 3201 5271 3324 5311; x_wconf 92' lang='lat' dir='ltr'><strong>cum</strong></span> <span class='ocrx_word' id='word_1_847' title='bbox 3368 5264 3529 5326; x_wconf 90' lang='lat' dir='ltr'><strong>putas</strong></span> 
     </span>
    </p>
   </div>
   <div class='ocr_carea' id='block_1_115' title="bbox 1944 5348 3528 5423">
    <p class='ocr_par' dir='ltr' id='par_1_115' title="bbox 1944 5348 3528 5423">
     <span class='ocr_line' id='line_1_115' title="bbox 1944 5348 3528 5423; baseline -0.004 -15"><span class='ocrx_word' id='word_1_848' title='bbox 1944 5354 2089 5423; x_wconf 91' lang='lat' dir='ltr'><strong>quod</strong></span> <span class='ocrx_word' id='word_1_849' title='bbox 2142 5352 2312 5406; x_wconf 88' lang='lat' dir='ltr'><strong>Adam</strong></span> <span class='ocrx_word' id='word_1_850' title='bbox 2370 5352 2677 5415; x_wconf 87' lang='lat' dir='ltr'><strong>inveneris,</strong></span> <span class='ocrx_word' id='word_1_851' title='bbox 2728 5349 2979 5404; x_wconf 90' lang='lat' dir='ltr'><strong>nesciens</strong></span> <span class='ocrx_word' id='word_1_852' title='bbox 3039 5348 3184 5418; x_wconf 89' lang='lat' dir='ltr'><strong>quod</strong></span> <span class='ocrx_word' id='word_1_853' title='bbox 3235 5348 3528 5402; x_wconf 89' lang='lat' dir='ltr'><strong>adversum</strong></span> 
     </span>
    </p>
   </div>
   <div class='ocr_carea' id='block_1_116' title="bbox 1944 5439 3527 5511">
    <p class='ocr_par' dir='ltr' id='par_1_116' title="bbox 1944 5439 3527 5511">
     <span class='ocr_line' id='line_1_116' title="bbox 1944 5439 3527 5511; baseline -0.005 -11"><span class='ocrx_word' id='word_1_854' title='bbox 1944 5444 2046 5500; x_wconf 90' lang='lat' dir='ltr'><strong>Job</strong></span> <span class='ocrx_word' id='word_1_855' title='bbox 2092 5460 2201 5498; x_wconf 90' lang='lat' dir='ltr'><strong>rem</strong></span> <span class='ocrx_word' id='word_1_856' title='bbox 2255 5443 2500 5499; x_wconf 85' lang='lat' dir='ltr'><strong>habeas?</strong></span> <span class='ocrx_word' id='word_1_857' title='bbox 2567 5441 2752 5511; x_wconf 83' lang='lat' dir='ltr'><strong>Neque</strong></span> <span class='ocrx_word' id='word_1_858' title='bbox 2799 5450 2849 5497; x_wconf 87' lang='lat' dir='ltr'><strong>te</strong></span> <span class='ocrx_word' id='word_1_859' title='bbox 2905 5442 3009 5495; x_wconf 86' lang='lat' dir='ltr'><strong>hoc</strong></span> <span class='ocrx_word' id='word_1_860' title='bbox 3069 5440 3344 5494; x_wconf 86' lang='lat' dir='ltr'><strong>revocavit</strong></span> <span class='ocrx_word' id='word_1_861' title='bbox 3383 5439 3527 5509; x_wconf 89' lang='lat' dir='ltr'><strong>quod</strong></span> 
     </span>
    </p>
   </div>
   <div class='ocr_carea' id='block_1_117' title="bbox 1943 5528 3527 5605">
    <p class='ocr_par' dir='ltr' id='par_1_117' title="bbox 1943 5528 3527 5605">
     <span class='ocr_line' id='line_1_117' title="bbox 1943 5528 3527 5605; baseline -0.005 -16"><span class='ocrx_word' id='word_1_862' title='bbox 1943 5537 2203 5605; x_wconf 66' lang='lat' dir='ltr'><strong>praescius</strong></span> <span class='ocrx_word' id='word_1_863' title='bbox 2252 5535 2494 5591; x_wconf 88' lang='lat' dir='ltr'><strong>omnium</strong></span> <span class='ocrx_word' id='word_1_864' title='bbox 2554 5535 2810 5590; x_wconf 88' lang='lat' dir='ltr'><strong>Dominus</strong></span> <span class='ocrx_word' id='word_1_865' title='bbox 2879 5533 3016 5588; x_wconf 82' lang='lat' dir='ltr'><strong>dixit</strong></span> <span class='ocrx_word' id='word_1_866' title='bbox 3066 5545 3083 5585; x_wconf 89' lang='lat'><strong>:</strong></span> <span class='ocrx_word' id='word_1_867' title='bbox 3140 5528 3264 5585; x_wconf 86' lang='lat' dir='ltr'><strong>Non</strong></span> <span class='ocrx_word' id='word_1_868' title='bbox 3317 5540 3394 5584; x_wconf 86' lang='lat' dir='ltr'><strong>est</strong></span> <span class='ocrx_word' id='word_1_869' title='bbox 3450 5530 3527 5583; x_wconf 84' lang='lat' dir='ltr'><strong>illi</strong></span> 
     </span>
    </p>
   </div>
   <div class='ocr_carea' id='block_1_118' title="bbox 1940 5622 3529 5699">
    <p class='ocr_par' dir='ltr' id='par_1_118' title="bbox 1940 5622 3529 5699">
     <span class='ocr_line' id='line_1_118' title="bbox 1940 5622 3529 5699; baseline -0.005 -17"><span class='ocrx_word' id='word_1_870' title='bbox 1940 5630 2217 5699; x_wconf 67' lang='lat' dir='ltr'><strong>quicquam</strong></span> <span class='ocrx_word' id='word_1_871' title='bbox 2263 5628 2453 5683; x_wconf 82' lang='lat' dir='ltr'><strong>similis</strong></span> <span class='ocrx_word' id='word_1_872' title='bbox 2501 5643 2659 5696; x_wconf 78' lang='lat' dir='ltr'><strong>super</strong></span> <span class='ocrx_word' id='word_1_873' title='bbox 2708 5638 2904 5681; x_wconf 85' lang='lat' dir='ltr'><strong>terram</strong></span> <span class='ocrx_word' id='word_1_874' title='bbox 2944 5623 3041 5679; x_wconf 61' lang='grc' dir='ltr'><strong>ἠ’</strong></span> <span class='ocrx_word' id='word_1_875' title='bbox 3080 5622 3267 5694; x_wconf 81' lang='lat' dir='ltr'><strong>Neque</strong></span> <span class='ocrx_word' id='word_1_876' title='bbox 3320 5622 3420 5677; x_wconf 84' lang='lat' dir='ltr'><strong>ltoc</strong></span> <span class='ocrx_word' id='word_1_877' title='bbox 3477 5630 3529 5675; x_wconf 89' lang='lat' dir='ltr'><strong>te</strong></span> 
     </span>
    </p>
   </div>
   <div class='ocr_carea' id='block_1_119' title="bbox 1943 5719 3531 5797">
    <p class='ocr_par' dir='ltr' id='par_1_119' title="bbox 1943 5719 3531 5797">
     <span class='ocr_line' id='line_1_119' title="bbox 1943 5719 3531 5797; baseline -0.005 -22"><span class='ocrx_word' id='word_1_878' title='bbox 1943 5723 2237 5787; x_wconf 87' lang='lat' dir='ltr'><strong>revocavit,</strong></span> <span class='ocrx_word' id='word_1_879' title='bbox 2280 5720 2423 5790; x_wconf 90' lang='lat' dir='ltr'><strong>quod</strong></span> <span class='ocrx_word' id='word_1_880' title='bbox 2462 5722 2772 5776; x_wconf 88' lang='lat' dir='ltr'><strong>universam</strong></span> <span class='ocrx_word' id='word_1_881' title='bbox 2809 5719 3146 5797; x_wconf 83' lang='lat' dir='ltr'><strong>iniquitatem</strong></span> <span class='ocrx_word' id='word_1_882' title='bbox 3191 5726 3338 5771; x_wconf 88' lang='lat' dir='ltr'><strong>tuam</strong></span> <span class='ocrx_word' id='word_1_883' title='bbox 3386 5726 3531 5768; x_wconf 90' lang='lat' dir='ltr'><strong>nunc</strong></span> 
     </span>
    </p>
   </div>
   <div class='ocr_carea' id='block_1_120' title="bbox 2277 5898 2658 5965">
    <p class='ocr_par' dir='ltr' id='par_1_120' title="bbox 2277 5898 2658 5965">
     <span class='ocr_line' id='line_1_120' title="bbox 2277 5898 2658 5965; baseline -0.003 -10"><span class='ocrx_word' id='word_1_884' title='bbox 2277 5903 2316 5932; x_wconf 79' lang='lat'><strong>“’</strong></span> <span class='ocrx_word' id='word_1_885' title='bbox 2358 5900 2455 5955; x_wconf 82' lang='lat' dir='ltr'><strong>Job</strong></span> <span class='ocrx_word' id='word_1_886' title='bbox 2498 5917 2553 5965; x_wconf 88' lang='lat' dir='ltr'><strong>I,</strong></span> <span class='ocrx_word' id='word_1_887' title='bbox 2605 5898 2658 5954; x_wconf 88' lang='lat'><strong>8.</strong></span> 
     </span>
    </p>
   </div>
  </div>
