3902 6554
404 438 513 494 437

1506 433 1891 493 ANONYMUS
1926 435 1994 490 IN
2032 435 2172 491 JUB.
2213 466 2279 476 —-
2318 436 2446 492 LIB.
2487 437 2550 492 ll.

3585 440 3691 495 λεδ

407 551 721 613 ostendens,
750 559 805 604 et
836 549 1018 606 omnia
1048 547 1188 604 bella
1231 558 1319 603 tua
1350 556 1405 603 et
1445 548 1627 605 omnia
1676 546 1859 619 pradia
1906 555 1995 602 tua
2023 555 2070 612 Α
2101 558 2368 620 potestate
2417 561 2581 618 atque
2629 550 2965 625 operatione.
3014 547 3123 604 Sed
3194 546 3542 617 insipientior
3587 550 3693 604 fuit

408 647 695 700 adversum
738 657 826 697 me
867 642 1162 704 suscitans,
1211 640 1474 696 confusus
1520 641 1574 695 in
1614 639 1869 695 omnibus
1909 655 1998 695 re-

409 752 621 798 versus,
662 734 997 789 deformatus
1025 734 1077 788 in
1119 734 1376 788 omnibus
1420 733 1702 788 convictus
1743 733 1835 788 es?
1866 731 1997 788 Post

410 827 498 881 illa
528 826 706 880 omnia
744 826 886 880 sicut
917 825 1046 880 olim
1078 825 1245 880 etiam
1298 825 1365 878 ad
1404 825 1575 879 Adam
1600 864 1615 888 ,
1661 825 1733 878 ita
1788 826 1855 878 ad
1909 839 1995 878 me

409 934 633 973 uxorem
670 932 845 972 meam
888 917 1106 982 misisti,
1151 932 1375 985 sperans
1423 917 1635 983 infelix,
1678 916 1805 987 quia
1850 917 1993 987 quod

410 1011 492 1065 ve!
533 1011 616 1064 his
648 1009 932 1064 tormentis
984 1026 1093 1064 non
1130 1008 1442 1079 perfecisti,
1493 1012 1596 1065 hoc
1638 1009 1994 1064 nihilominus

406 1104 587 1159 verbis
634 1102 970 1158 seductionis
1026 1102 1353 1170 perliceres,
1404 1102 1637 1173 teipsum
1692 1102 1989 1166 deludens,

407 1206 571 1266 atque
621 1194 1076 1251 circumveniens.
1125 1194 1248 1249 Eva'
1294 1195 1438 1249 enim
1498 1193 1776 1263 exemplar
1835 1193 1991 1248 inve-

406 1288 571 1352 nisti,
618 1289 712 1341 sed
759 1287 971 1341 ruinam
1018 1302 1123 1341 non
1176 1287 1463 1350 invenisti,
1505 1286 1600 1341 sed
1637 1285 1688 1339 in
1732 1300 1854 1339 eum
1898 1284 1989 1354 qni

406 1395 459 1432 III
498 1389 548 1432 te
589 1380 714 1433 Adae
748 1377 994 1432 fraudem
1035 1377 1331 1432 ulciscatur
1371 1377 1701 1442 occurristi,
1751 1377 1845 1431 sed
1891 1378 1989 1430 ad-

403 1487 595 1525 versus
659 1486 780 1526 eum
849 1470 1189 1524 insurrexisti
1246 1470 1336 1540 qui
1398 1480 1582 1542 typum
1634 1469 1779 1540 gerit
1844 1467 1990 1523 illius

401 1562 493 1633 qui
559 1563 611 1616 in
674 1562 971 1616 novissimo
1028 1562 1255 1616 veniens
1332 1569 1577 1631 tempore
1647 1561 1990 1616 conculeahit

343 1703 354 1715 ,
401 1665 563 1723 caput
610 1664 778 1718 tuum,
814 1653 1149 1710 comminuet
1179 1655 1436 1710 virtutem
1485 1663 1654 1716 tuam,
1688 1652 1990 1708 confundet

403 1746 775 1800 fortitudinem
826 1756 1011 1813 tuam,
1055 1744 1360 1800 humiliahit
1410 1745 1755 1800 altitudinem
1800 1754 1982 1810 tuam,

400 1847 456 1891 et
495 1837 711 1908 dejiciet
735 1838 1025 1893 elationem
1056 1846 1227 1899 tuam,
1261 1835 1560 1890 vindicabit
1587 1837 1716 1890 Adae
1745 1836 1980 1904 priorem

2104 643 2205 696 hac
2230 641 2464 696 obscena
2500 640 2589 695 illa
2624 639 2873 713 Egyptia
2911 641 3194 700 meretrix,
3226 655 3346 709 qute
3382 640 3685 694 maximam

2099 735 2433 804 impietatem
2473 746 2750 802 aggressa,
2793 733 2860 788 ad
2905 733 3277 789 castissimum
3324 731 3476 786 illum
3529 741 3693 800 atque

2090 825 2450 895 justissimnm
2504 822 2704 893 Joseph
2757 826 2933 881 dicit:
2979 825 3140 879 Mane
3182 841 3382 878 mecum
3426 824 3493 879 ".
3556 823 3694 876 lusi-

2098 918 2251 985 piens
2302 918 2402 971 fuit
2438 934 2576 973 uxor
2626 916 2834 981 Tobiae,
2882 933 3002 986 qua:
3051 915 3252 984 injuste
3302 915 3436 970 dicit
3477 916 3546 968 ad
3582 914 3693 967 To-

2097 1010 2240 1064 biam
2270 1027 2283 1064 :
2319 1008 2421 1063 Ubi
2474 1018 2597 1063 sunt
2636 1008 2865 1078 justitite
2916 1018 3022 1063 tua:
3056 1018 3107 1061 et
3145 1007 3489 1075 eleemosynw
3538 1005 3695 1060 tute?

2096 1100 2232 1155 Ecce
2258 1118 2377 1173 qua:
2418 1103 2613 1171 pateris
2657 1101 2898 1155 omnibus
2942 1099 3154 1170 cognita
3190 1108 3308 1152 sunt
3336 1097 3402 1151 ’°.
3440 1096 3551 1151 Sed
3603 1097 3691 1150 in-

2094 1194 2381 1263 sipientior
2431 1194 2535 1249 hac
2585 1194 2725 1257 luit,
2763 1193 2890 1263 quia
2936 1202 2993 1247 et
3026 1174 3279 1257 nequior,
3327 1188 3692 1245 exsecrabilis

2095 1286 2182 1340 illa
2214 1296 2269 1341 et
2302 1286 2579 1341 immunda
2629 1298 2794 1356 atque
2837 1285 3116 1340 luxuriosa
3165 1282 3360 1344 Dalila,
3390 1297 3513 1353 qua:
3541 1280 3690 1336 clau-

2093 1379 2216 1433 culo
2259 1380 2525 1435 seducens
2568 1378 2799 1433 Samson
2850 1393 2983 1446 pure
3030 1392 3086 1432 se
3114 1376 3451 1444 diligentem,
3498 1374 3553 1428 in
3588 1372 3691 1427 de-

2096 1474 2356 1526 risiouem
2400 1481 2570 1540 atque
2602 1472 2653 1525 in
2688 1481 2914 1525 mortem
2955 1470 3325 1535 imparcenter
3361 1466 3590 1520 tradidit
3615 1466 3683 1520 “.

2092 1562 2225 1616 Alia:
2256 1563 2514 1618 nimirum
2550 1564 2851 1619 innumerae
2890 1579 2954 1619 ex
2986 1562 3275 1631 Scriptura
3318 1558 3533 1616 ostendi
3564 1573 3691 1628 pos-

2090 1665 2218 1709 sunt
2272 1654 2589 1725 insipientes
2641 1655 2924 1720 mulieres,
2963 1668 3099 1723 quas
3144 1667 3336 1707 omnes
3374 1665 3522 1705 nunc
3563 1652 3691 1704 istic

2090 1760 2198 1800 uno
2240 1747 2405 1801 verbo
2441 1747 2813 1817 perstringens
2856 1744 2957 1801 Job
2995 1745 3169 1800 dicit:
3203 1744 3382 1810 Quare
3428 1754 3689 1811 tanquam

2090 1853 2197 1891 una
2224 1852 2289 1891 ea:
2334 1836 2704 1907 insipientibus
2742 1837 3048 1891 mulieribus
3088 1837 3266 1890 locuta
3299 1838 3395 1891 es?
3438 1834 3514 1888 Ex
3553 1836 3690 1889 insi—

401 1904 896 1999 supplantationem
948 1929 1075 1983 vita:
1122 1926 1267 1983 illius
1317 1927 1532 1981 ruinam
1575 1927 1888 1994 excitando,
1932 1936 1989 1982 et
2018 1904 2060 1959 Β
2092 1929 2403 1998 pientibus,
2441 1904 2666 1999 inquit,
2724 1928 3054 1993 inutilibus,
3118 1928 3339 1990 stultis,
3390 1927 3687 1998 imperitis,

404 2029 551 2074 tuam
587 2020 873 2076 elationem
927 2020 1252 2090 dejiciendo.
1302 2017 1428 2073 Haec
1474 2019 1657 2087 itaque
1709 2020 1985 2083 universa,

401 2124 565 2182 atque
595 2113 698 2167 alia
742 2112 829 2167 his
873 2111 1022 2182 plura
1071 2112 1136 2167 ad
1173 2125 1458 2182 personam
1505 2112 1713 2177 uxoris,
1759 2110 1825 2165 ad
1873 2110 1989 2164 dia-

402 2206 583 2261 bolum
624 2204 773 2259 illum
806 2204 1017 2259 locutus
1046 2212 1151 2271 est,
1193 2204 1481 2273 increpans
1518 2202 1671 2257 illum
1702 2211 1865 2273 atque
1901 2205 1991 2260 de-

402 2298 663 2352 formans.
693 2295 826 2351 Nam
873 2296 1017 2351 sicut
1065 2294 1313 2351 diabolus
1355 2310 1451 2361 per
1479 2310 1706 2350 uxorem
1739 2310 1862 2350 eum
1908 2310 1989 2351 se-

401 2389 584 2453 duxit,
632 2388 703 2442 ita
751 2388 918 2442 etiam
954 2387 1071 2457 ipse
1123 2402 1220 2456 per
1270 2402 1390 2442 eam
1442 2387 1658 2442 demum
1713 2386 1985 2443 diabolum

402 2480 724 2535 deformavit
751 2490 913 2549 atque
940 2479 1237 2548 redarguit.
1269 2478 1376 2533 Sed
1407 2486 1589 2534 tamen
1616 2488 1670 2533 et
1707 2481 1776 2534 ad
1812 2479 1986 2549 ipsam

402 2586 630 2627 uxorem
660 2571 838 2626 dixit:
873 2570 1051 2636 Quare
1074 2573 1208 2623 sicut
1243 2586 1344 2623 una
1377 2586 1441 2624 ea:
1481 2569 1845 2639 insipientibus
1878 2586 1990 2624 mu-

401 2662 618 2718 lieribus
680 2664 755 2718 ita
822 2663 999 2717 locuta
1050 2664 1155 2718 es?
1206 2661 1350 2725 Cur,
1424 2661 1597 2731 inquit
1618 2662 1649 2731 ,Ι
1698 2663 1985 2717 maximam

402 2755 769 2826 insipientiam
824 2754 1099 2823 arripuisti
1146 2763 1312 2822 atque
1347 2767 1601 2823 aggressa
1651 2753 1750 2808 es?
1779 2768 1878 2809 cur
1907 2764 1988 2808 te-

401 2847 573 2917 ipsatn
612 2863 708 2901 vas
744 2846 941 2901 diaboli
980 2844 1241 2901 ell‘eciSti?
1297 2860 1395 2899 cur
1428 2844 1656 2914 teipsam
1698 2844 1990 2901 habitatio-

401 2956 526 2995 nem
574 2939 792 3011 maligni
829 2937 1186 3009 praaparasti?
1216 2953 1314 2991 cur
1352 2936 1602 2992 diabolus
1647 2937 1860 2993 locutus
1905 2948 1990 2994 est

398 3047 497 3103 per
551 3047 614 3087 os
670 3043 865 3096 tuum,
920 3030 1196 3086 infatuans
1252 3030 1484 3100 primum
1543 3038 1778 3085 mentem
1841 3038 1987 3084 tuam

399 3135 565 3195 atque
612 3124 807 3179 anima:
843 3131 947 3178 tute
982 3122 1362 3177 intellectum?
1413 3119 1586 3175 Tanta
1636 3120 1798 3190 digna
1841 3136 1987 3185 eras,

397 3231 433 3271 o
472 3214 687 3281 mulier,
730 3214 1113 3270 maledictione
1151 3228 1215 3268 ac
1256 3211 1621 3278 devotatione,
1669 3214 1746 3269 ita
1775 3228 1989 3285 quoque
2015 3246 2057 3304 α

397 3318 561 3378 atque
614 3307 984 3378 indignatione
1034 3306 1118 3362 vel
1172 3305 1557 3371 deformitate,
1613 3315 1874 3375 quantam
1928 3317 1987 3359 ut

399 3399 569 3454 Deum
600 3400 1035 3468 blasphemarem
1066 3411 1132 3452 ac
1162 3396 1646 3467 reprehenderem,
1692 3406 1857 3464 atque
1884 3397 1986 3453 cri-

398 3493 639 3546 minarer
686 3490 821 3544 mihi
865 3488 1110 3554 suasisti,
1140 3500 1197 3542 et
1236 3504 1335 3556 per
1380 3489 1553 3560 ipsam
1588 3488 1983 3560 blasphemiam

398 3592 627 3638 mortem
661 3597 825 3649 super
864 3596 952 3635 me
982 3581 1239 3635 inducere
1263 3595 1483 3651 operam
1513 3580 1711 3636 dedisti
1740 3601 1754 3637 :
1787 3582 1984 3650 quibus

397 3690 499 3729 nec
529 3673 823 3744 quidquam
848 3681 934 3726 est
966 3671 1285 3728 sceleratius
1312 3686 1377 3727 ac
1401 3673 1703 3743 nequitios,
1739 3674 1984 3730 illicitius

396 3781 612 3836 quoque
653 3775 819 3835 atque
876 3762 1297 3833 imprudentius,
1328 3762 1379 3818 id
1407 3773 1485 3818 est
1518 3765 1609 3819 Dei
1642 3765 1981 3835 blasphemia

395 3870 453 3914 et
483 3869 658 3913 morte
700 3866 1021 3925 spontanee.
1058 3854 1237 3921 Quare
1269 3866 1324 3909 ut
1366 3872 1473 3910 una
1514 3872 1580 3910 ea:
1617 3858 1981 3926 insipientibus

396 3949 706 4005 mulieribus
734 3950 812 4003 ita
835 3948 1037 4002 locuta-
1063 3948 1157 4003 es?
1198 3947 1411 4016 Quare,
1458 3949 1674 4020 inquit,
1724 3965 1834 4005 non
1865 3966 1981 4007 me-

397 4041 599 4096 ministi
633 4057 769 4096 mem
818 4041 1101 4104 doctrinas,
1145 4055 1179 4095 ο
1211 4039 1445 4096 mulier?
1482 4042 1666 4109 Quare
1710 4042 1876 4099 oblita
1921 4060 1981 4101 es

398 4148 516 4187 mea
559 4134 835 4196 mandata,
860 4148 895 4188 o
925 4132 1163 4187 femina?
1205 4131 1444 4188 ﬂoccine
1488 4134 1686 4190 audisti
1716 4151 1747 4191 a
1789 4151 1876 4192 me
1922 4146 1983 4191 ut

395 4223 628 4280 Creator
671 4224 1114 4294 blasphemetur?
1166 4223 1404 4282 Hoccine
1458 4226 1655 4282 audisti
1702 4242 1734 4282 a
1787 4243 1875 4283 me
1922 4237 1979 4283 ut

400 4318 540 4372 Deus
585 4316 942 4372 criminetur?
986 4315 1184 4372 Vocem
1225 4326 1403 4384 tuam,
1438 4318 1649 4388 inquit,
1687 4335 1975 4391 cognosco,

396 4423 431 4463 ο
470 4409 688 4476 mulier,
720 4410 861 4465 sicut
887 4417 942 4465 et
980 4408 1108 4465 olim
1142 4408 1293 4467 Isaac
1348 4411 1537 4477 Jacob,
1580 4412 1674 4467 sed
1708 4413 1981 4469 seductio-

398 4517 523 4556 nem
567 4511 713 4555 tuam
762 4516 868 4557 non
900 4517 1193 4574 cognosco,
1239 4514 1295 4559 et
1323 4505 1624 4559 doctrinam
1670 4514 1815 4559 tuam
1870 4520 1975 4559 non

2092 2020 2576 2086 irrationabilibus,
2610 2020 2793 2091 impiis
2823 2031 2987 2090 atque
3023 2020 3263 2091 injustis.
3294 2020 3427 2086 Cur,
3472 2021 3686 2090 inquit,

2093 2122 2353 2184 tanquam
2403 2127 2511 2166 una
2564 2127 2631 2167 ex
2686 2111 3070 2181 insipientibus
3133 2110 3447 2180 hujusmodi
3503 2110 3689 2167 locuta

2088 2205 2188 2259 es?
2220 2204 2326 2260 Sed
2369 2205 2497 2275 quia
2546 2219 2651 2258 non
2689 2204 2819 2259 dicit
2854 2213 3113 2273 tanquam
3149 2203 3399 2273 quzedam
3436 2218 3503 2257 ex
3550 2203 3691 2259 insi-

2088 2297 2363 2367 pientibus
2407 2296 2746 2361 mulieribus,
2791 2298 2884 2351 sed
2934 2292 3189 2384 tanguam
3232 2309 3363 2362 una,
3395 2303 3688 2364 propterea

2088 2390 2441 2457 quaerendum
2473 2399 2579 2454 est,
2611 2405 2732 2459 qua:
2763 2388 2849 2444 vel
2887 2388 3065 2459 qualis
3114 2388 3185 2443 sit
3236 2388 3352 2442 haec
3400 2402 3508 2440 una
3551 2386 3690 2440 insi-

2089 2482 2262 2552 piens.
2304 2479 2529 2551 Oportet
2572 2480 2716 2535 enim
2767 2494 2889 2535 esse
2938 2479 3083 2533 illam
3138 2476 3498 2547 singulariter
3551 2476 3690 2531 insi-

2090 2574 2349 2644 pientem,
2386 2584 2442 2627 et
2474 2588 2639 2643 super
2678 2587 2890 2637 omnes,
2931 2582 3095 2641 atque
3126 2570 3249 2642 plus
3278 2570 3565 2634 omnibus,
3599 2577 3689 2623 ut-

2092 2676 2214 2736 pote
2256 2666 2467 2721 caeteris
2515 2665 2770 2719 omnibus
2821 2663 3144 2718 mulieribus
3179 2662 3531 2732 insipientior
3567 2661 3689 2715 haec

2090 2756 2201 2811 sola
2263 2766 2485 2812 ostensa
2548 2767 2709 2825 atque
2752 2756 3147 2811 demonstrata.
3194 2753 3326 2817 Ome
3370 2763 3461 2807 est
3526 2749 3691 2805 haec?

2090 2846 2201 2903 Eva
2232 2849 2406 2919 prima
2452 2847 2649 2904 mulier
2678 2848 2852 2917 prima
2887 2848 2939 2901 in
2980 2847 3319 2915 insipientia,
3351 2844 3595 2899 maxima
3630 2843 3687 2897 in

2090 2940 2581 3006 irrationabilitate,
2612 2941 2767 3010 inops
2798 2955 2961 2995 sensu
2994 2948 3161 3010 atque
3195 2938 3448 2995 scientia.
3488 2950 3689 2991 exsors

2090 3037 2391 3107 prudentia:
2424 3047 2480 3091 et
2519 3035 2856 3101 intellectus,
2900 3050 3020 3105 quae
3072 3034 3364 3088 maximam
3417 3031 3689 3101 insipien-

2092 3129 2221 3183 tiam
2255 3129 2349 3183 toti
2380 3128 2579 3182 mundo
2611 3126 2846 3191 invexit,
2876 3141 2996 3198 qua:
3024 3125 3355 3195 singularem
3393 3125 3691 3178 irrationa-

2092 3220 2354 3276 bilitatem
2394 3221 2639 3275 omnium
2691 3219 2996 3274 mortalium
3042 3218 3243 3273 saacnlo
3277 3217 3526 3283 induxit,
3571 3226 3688 3269 tum

2089 3323 2309 3384 peccata
2340 3323 2505 3383 atque
2543 3323 2750 3368 mortes
2792 3327 3009 3382 semper
3038 3327 3134 3381 per
3165 3310 3593 3367 inohedientiam
3630 3310 3686 3363 in

2088 3405 2291 3460 mundo
2322 3405 2599 3476 produxit.
2633 3402 2801 3473 Hujus
2828 3419 2972 3459 nunc
3001 3403 3284 3457 evidenter
3314 3416 3528 3456 memor
3554 3398 3683 3465 Job,

2085 3509 2142 3555 et
2168 3500 2237 3556 de
2263 3500 2363 3555 hac
2388 3499 2542 3555 uxori
2571 3512 3005 3553 commemorans
3034 3498 3170 3551 dixit
3203 3495 3270 3550 ad
3302 3510 3424 3549 eam
3453 3513 3466 3549 :
3503 3493 3689 3560 Quare

2086 3602 2335 3657 tanquam
2369 3609 2475 3645 una
2503 3607 2568 3645 ea:
2595 3589 2960 3659 insipientibus
2999 3588 3310 3642 mulieribus
3344 3585 3529 3640 locuta
3583 3585 3685 3639 es.’

2085 3682 2154 3737 Et
2183 3699 2289 3738 non
2322 3684 2417 3748 ita,
2442 3684 2536 3739 sed
2567 3683 2689 3754 plus
2715 3698 2782 3737 ac
2810 3680 3049 3736 deterius
3072 3688 3236 3749 atque
3264 3678 3510 3749 gravius.
3543 3674 3682 3730 Nam

2085 3785 2382 3829 memorata
2416 3774 2526 3829 Eva
2564 3791 2689 3831 cum
2741 3774 2904 3841 olim,
2952 3772 3162 3843 inquit,
3211 3771 3263 3825 in
3303 3770 3578 3841 principio
3612 3770 3684 3823 ad

2082 3866 2253 3923 Adam
2296 3867 2475 3924 locuta
2510 3878 2678 3932 esset,
2711 3875 2766 3922 et
2796 3867 3106 3921 mandatum
3154 3862 3247 3918 Dei
3288 3860 3685 3930 derelinquere

2082 3974 2204 4013 eum
2246 3961 2467 4015 doceret
2510 3969 2675 4029 atque
2707 3960 3029 4024 seduceret,
3066 3954 3442 4026 persuasionis
3486 3968 3682 4016 causa,

2082 4050 2211 4121 ligni
2271 4052 2506 4121 speciem
2560 4059 2616 4105 et
2669 4051 2880 4106 fructus
2932 4047 3272 4104 dulcedinem
3327 4046 3549 4117 protulit
3603 4046 3682 4100 illi

2082 4154 2244 4213 atque
2274 4143 2532 4199 ostendit.
2565 4142 2645 4196 Tu
2691 4157 2851 4207 vero,
2884 4156 2917 4196 ο
2962 4140 3181 4205 mulier,
3229 4138 3365 4193 foris
3410 4138 3483 4193 ab
3527 4135 3683 4193 omni

2080 4234 2386 4299 occasione,
2432 4236 2642 4287 detecta
2688 4232 2991 4301 impietate,
3041 4230 3210 4285 Deum
3259 4239 3514 4284 sanctum
3562 4226 3683 4281 bla-

2083 4327 2372 4396 sphemare
2398 4335 2450 4379 et
2491 4325 2622 4379 mihi
2663 4324 2761 4394 ipsi
2812 4333 3043 4379 mortem
3077 4320 3278 4376 inferre
3294 4322 3482 4385 doces,
3513 4330 3682 4388 atque

2082 4428 2207 4473 ante
2236 4431 2424 4473 omnes
2454 4416 2644 4470 merito
2672 4416 2832 4486 digne
2861 4428 2893 4469 a
2923 4428 3008 4468 me
3040 4414 3196 4468 audis
3224 4431 3237 4465 :
3273 4410 3385 4466 Cur
3422 4422 3681 4481 tanquam

2082 4526 2188 4563 una
2231 4524 2296 4563 ea:
2333 4506 2699 4576 insipientibus
2743 4505 3057 4561 mulieribus
3089 4504 3265 4559 locuta
3296 4503 3397 4558 es?
3435 4502 3553 4569 Tu,
3591 4501 3678 4555 in-

397 4593 657 4662 suscipio.
688 4594 896 4664 Agnovi
942 4596 1085 4650 enim
1117 4599 1262 4665 quod
1309 4595 1627 4666 nequissimi
1680 4597 1977 4651 adversarii
2014 4590 2056 4644 D
2082 4600 2223 4670 quit,
2251 4614 2284 4653 ο
2311 4598 2527 4665 mulier,
2557 4596 2699 4652 facta
2730 4611 2792 4651 es
2819 4595 3060 4652 deterior
3090 4595 3203 4650 Eva
3240 4596 3292 4648 in
3332 4593 3677 4663 insipientia,

399 4685 561 4740 letale
594 4700 864 4741 venenum
894 4698 997 4742 est.
1027 4687 1204 4753 Quare
1227 4690 1361 4743 sicut
1386 4704 1491 4742 una
1518 4702 1584 4742 ea:
1612 4688 1981 4758 insipientibus

397 4777 709 4832 mulieribus
764 4780 841 4832 ita
873 4778 1049 4832 locuta
1078 4780 1172 4834 es?
1197 4781 1243 4833 Δ
1271 4794 1378 4849 quo
1423 4794 1643 4842 sensum
1677 4790 1733 4834 et
1766 4782 1982 4850 sapien-

400 4869 530 4923 tiam
577 4869 868 4939 accepisti,
917 4871 1061 4926 hunc
1098 4871 1377 4926 criminari
1433 4886 1538 4926 non
1591 4872 1902 4940 perpecisti.
1932 4873 1976 4927 A

400 4976 509 5031 quo
561 4962 903 5031 prudentiam
965 4972 1020 5017 et
1085 4963 1415 5019 intellectum
1483 4964 1775 5034 accepisti,
1837 4954 1989 5018 hunc

399 5054 776 5123 blasphemare
823 5071 928 5111 non
979 5055 1232 5112 timuisti.
1284 5056 1394 5112 Cur
1440 5068 1694 5126 tanquam
1756 5075 1862 5111 una
1916 5072 1981 5110 ea:

396 5147 763 5215 insipientibus
790 5147 1098 5202 mulieribus
1123 5147 1302 5202 locuta
1342 5147 1438 5202 es?
1470 5148 1749 5212 Plurimaa,
1783 5148 1977 5219 inquit,

399 5254 433 5292 o
464 5239 680 5303 mulier,
716 5254 744 5292 a
783 5239 1322 5306 saeculo-insipientes
1350 5240 1714 5295 ostenduntur
1741 5240 1976 5306 feminae,

397 5338 453 5385 et
483 5332 783 5387 innumera:
813 5333 882 5387 ab
912 5332 1069 5387 initio
1104 5331 1508 5388 irrationabiles
1535 5332 1979 5388 demonstrantur

397 5422 680 5489 mulieres,
721 5423 841 5478 alia:
875 5424 1095 5489 minus,
1140 5424 1261 5479 alia:
1295 5433 1477 5480 autem
1526 5425 1681 5495 plus,
1732 5426 1975 5495 quaedam

397 5515 710 5581 carnaliter,
743 5517 992 5584 quaedam
1043 5528 1219 5572 autem
1273 5517 1652 5588 spiritualiter.
1702 5517 1973 5588 lnsipiens

399 5607 497 5661 fuit
524 5606 730 5663 Rachel
755 5609 972 5679 quando
1000 5610 1129 5663 dicit
1156 5610 1223 5664 ad
1245 5605 1411 5664 Jacob
1436 5627 1450 5663 :
1478 5609 1562 5663 Da
1593 5608 1718 5661 mihi
1745 5609 1883 5676 filios
1904 5606 1971 5660 ¹⁸.

397 5696 511 5753 Νοιι
541 5699 684 5753 enim
720 5701 775 5754 in
814 5710 1080 5771 potestate
1121 5697 1292 5756 Iacob
1321 5710 1445 5755 erat
1490 5700 1614 5766 hoc,
1647 5702 1741 5755 sed
1785 5700 1838 5754 in
1876 5699 1970 5755 Dei

470 5855 588 5899 "-"
625 5855 761 5912 Gen.
787 5872 918 5925 xxx,
949 5856 999 5910 Ι.

1080 5855 1120 5889 ¹⁹
1160 5854 1299 5911 Gen.
1333 5870 1523 5921 xxxix,
1568 5856 1620 5910 7.
1699 5855 1744 5888 ²⁰
1784 5854 1919 5913 Tob.
1951 5873 2024 5927 tt,
2066 5857 2156 5913 ‘29..

2086 4692 2180 4746 sed
2201 4705 2323 4761 ego,
2361 4690 2459 4755 ait,
2487 4704 2595 4743 non
2621 4688 2844 4743 effectus
2874 4701 2993 4741 sum
3023 4695 3084 4742 ut
3112 4685 3286 4739 Adam
3321 4683 3375 4738 in
3414 4682 3675 4737 stultitia.

2084 4782 2379 4853 Propterea
2411 4780 2517 4835 tuis
2547 4779 2957 4835 seductionihus
2995 4792 3103 4832 non
3129 4775 3350 4839 obedio,
3382 4784 3675 4844 propterea

2086 4890 2191 4929 non
2244 4874 2475 4927 seducor
2525 4873 2593 4926 ab
2646 4887 2709 4927 eo
2747 4872 2840 4941 qui
2892 4871 2945 4925 in
2998 4877 3056 4925 te
3103 4869 3346 4938 loquitur
3397 4866 3673 4923 diabolus.

2086 4969 2262 5031 Quare
2292 4977 2545 5035 tanquam
2587 4982 2692 5019 una
2730 4979 2796 5018 ea:
2844 4962 3213 5033 insipientibus
3244 4959 3558 5013 mulieribus
3593 4958 3675 5010 lo-

2083 5067 2206 5112 cuta
2234 5057 2330 5111 es?
2359 5055 2593 5112 Fortiori
2636 5055 2822 5127 praelio
2848 5054 2958 5123 jam
2988 5052 3259 5115 confecto,
3311 5050 3675 5120 periculosio—

2086 5151 2238 5205 ribus
2277 5149 2560 5204 doloribus
2586 5149 2698 5219 jam
2729 5146 3099 5217 supportatis,
3146 5143 3520 5198 amarioribus
3562 5152 3671 5198 tor-

2086 5243 2283 5297 mentis
2307 5242 2420 5311 jam
2453 5240 2728 5311 bajulatis,
2758 5238 2984 5293 terribili
3026 5236 3215 5307 pelago
3241 5237 3353 5305 jam
3384 5244 3666 5306 superato.

2082 5334 2579 5389 vehementioribus
2624 5331 2880 5402 periculis
2919 5330 3035 5400 jam
3079 5328 3507 5393 consummatis,
3543 5342 3665 5381 cum

2075 5425 2191 5492 jam
2239 5425 2431 5481 salutis
2467 5440 2590 5495 spes
2622 5427 2799 5494 palam
2833 5423 2936 5486 sit,
2983 5438 3106 5476 cum
3151 5420 3263 5488 jam
3302 5417 3668 5473 immarcesci-

2081 5517 2215 5572 biles
2240 5532 2455 5573 corona:
2484 5517 2768 5572 evidenter
2801 5514 3182 5577 ostendantur,
3219 5526 3364 5566 nunc
3396 5527 3483 5564 me
3517 5524 3664 5563 com-

2081 5609 2264 5677 pellis,
2301 5624 2335 5663 ο
2371 5608 2585 5673 mulier,
2639 5608 2804 5662 Deum
2853 5605 3235 5675 blasphemare
3277 5615 3334 5658 et
3371 5602 3556 5657 mori:
3606 5609 3663 5653 ut

2081 5710 2200 5770 post
2227 5715 2290 5756 ea
2315 5701 2495 5755 omnia
2524 5699 2864 5755 amarissima
2892 5713 2958 5755 ac
2992 5697 3354 5764 miserabilia,
3381 5705 3544 5766 atque
3578 5693 3658 5746 la-

2253 5859 2293 5889 "
2334 5858 2503 5914 indic.
2538 5873 2645 5919 xw.
2686 5855 2874 5912 ΙἹ-ΞΙ.
