3942 6518
223 460 327 516 489

1334 457 1710 514 suonruus
1747 456 1814 512 IN
1852 425 2096 513 ,1οΒ.’-
2134 453 2259 510 Lts.
2302 455 2366 512 tt.

3353 461 3456 516 ιυο

149 575 154 578 ’
221 580 539 645 mentabilia
583 579 841 651 supplicia
880 595 1000 651 qua:
1048 581 1314 646 sustinui,
1341 581 1666 636 beatissimis
1696 595 1782 637 re-
1811 587 1860 646 Α
1888 580 2060 649 Super
2089 581 2203 634 haec
2239 587 2422 634 autem
2473 580 2655 634 omnia
2707 593 2883 650 neque
2916 580 3020 636 hoc
3061 581 3451 644 considerasti.

220 673 690 730 munerationibus
740 683 862 742 post
911 676 1024 728 btec
1063 674 1272 728 alienus
1317 673 1546 736 eliiciar,
1573 683 1627 727 ct
1673 688 1776 726 non

217 765 393 822 solum
427 767 548 831 hoc,
591 765 686 819 sed
727 773 782 819 et
823 773 943 834 post
973 773 1200 818 mortem
1239 763 1558 818 terribilium
1596 777 1782 833 poena-

218 874 337 912 rum
379 857 519 927 apud
559 857 761 911 inferos
795 866 1052 925 perpetuo
1085 856 1256 910 haeres
1299 856 1424 918 sim,
1458 864 1644 925 utpote
1688 855 1777 924 qui

216 949 439 1020 indigne
485 957 646 1018 atque
694 947 886 1017 injuste
933 957 1178 1004 sanctum
1211 948 1378 1002 Deum
1431 947 1776 1016 blasphema-

213 1040 413 1094 verim.
447 1038 571 1094 Post
600 1039 713 1092 haec
746 1039 1018 1099 universa,
1047 1053 1079 1091 ο
1110 1037 1324 1099 mulier,
1363 1036 1686 1092 maledicere
1714 1051 1778 1091 ac

214 1147 419 1202 negare
447 1140 608 1201 atque
645 1129 1016 1197 blasphemare
1051 1143 1135 1181 me
1165 1127 1329 1181 Deum
1358 1126 1672 1196 compellis?
1698 1126 1779 1183 0b

211 1239 376 1295 quam
406 1222 559 1276 rem?
592 1220 781 1275 Dicito.
810 1221 891 1276 0b
924 1219 1046 1284 hoc,
1092 1218 1286 1288 inqu-it,
1317 1229 1373 1272 ut
1416 1219 1684 1282 moriaris,
1721 1229 1779 1274 ut

211 1316 354 1372 mala
392 1329 513 1384 qua:
555 1322 607 1368 te
657 1325 793 1366 nunc
845 1310 1352 1372 circumdederunt,
1408 1309 1774 1380 derelinquas.

209 1407 377 1460 Bene.
405 1404 544 1458 Audi
579 1403 790 1458 iterum.
831 1402 996 1456 Porro
1030 1402 1076 1457 si
1109 1417 1211 1456 non
1246 1401 1507 1471 placuerit
1538 1401 1647 1456 Deo
1679 1403 1774 1472 qui

209 1498 375 1553 habet
413 1496 535 1554 vitae
569 1512 632 1551 ac
668 1495 857 1549 mortis
905 1501 1246 1562 potestatem,
1279 1502 1336 1546 ut
1371 1502 1653 1561 postquam
1694 1508 1776 1546 re-

207 1603 479 1660 negavero
514 1588 659 1642 illutn
687 1600 750 1640 ac
782 1585 1112 1640 maledixero
1137 1594 1300 1652 atque
1333 1584 1777 1652 blasphemavero

206 1683 468 1734 continuo
505 1680 724 1742 moriar,
772 1677 863 1733 sed
913 1678 1073 1732 etiam
1132 1677 1219 1731 hic
1271 1679 1322 1730 in
1373 1677 1491 1732 istis
1544 1677 1776 1733 terrenis

207 1771 487 1828 doloribus
516 1770 719 1825 diutius
761 1766 991 1838 allligat,
1036 1777 1217 1837 utp0te
1267 1783 1422 1822 suum
1477 1778 1772 1838 apostatam

207 1874 260 1920 et
306 1863 417 1918 illis
467 1862 684 1916 aeternis
736 1861 908 1931 pretiis
944 1859 1142 1923 tradat,
1187 1868 1372 1929 utpote
1417 1874 1475 1914 se
1519 1861 1772 1929 blasphe-

1883 687 1949 726 ne
1996 671 2135 725 forte
2165 679 2286 740 post
2326 670 2720 740 blasphemiam
2770 672 2814 726 si
2862 672 2942 727 sic
2993 673 3456 743 blasphemaveri-

1882 778 2020 828 mus,
2047 763 2315 818 deteriora
2356 763 2467 829 pati
2501 763 2845 832 incipiamus.
2873 763 3050 830 Quare
3075 773 3322 834 tanquam
3347 781 3455 820 una

1880 869 1943 906 ea:
1969 853 2332 921 insipientibus
2360 853 2666 908 mulieribus
2695 854 2870 908 locuta
2899 873 2951 908 es
2973 857 2998 909 ?
3026 857 3140 926 Ego
3173 858 3372 926 patior,
3401 869 3458 911 et

1878 955 1933 1000 tu
1977 959 2062 999 me
2107 944 2487 1015 blasphemare
2530 947 2830 1016 compellis.
2879 949 2990 1019 Ego
3028 947 3258 1019 aﬂligor,
3295 960 3351 1004 et
3397 960 3454 1003 tu

1881 1048 1940 1092 ιη
1973 1047 2198 1092 mortem
2250 1047 2427 1108 petam
2466 1054 2551 1094 me
2585 1042 2752 1110 cogis.
2783 1041 2892 1109 Ego
2926 1041 3061 1096 tales
3088 1043 3303 1097 dolores
3331 1057 3456 1098 sus-

1879 1128 2053 1192 tineo,
2105 1139 2158 1183 et
2227 1137 2284 1183 tu
2359 1143 2444 1184 me
2492 1143 2667 1184 meum
2716 1132 3028 1188 Creatorem
3080 1133 3456 1204 blasphemare

1878 1219 2065 1286 doces,
2094 1228 2152 1276 ut
2181 1221 2320 1294 mala
2362 1223 2538 1287 malis,
2567 1233 2728 1292 atque
2756 1224 2971 1280 dolores
3005 1225 3286 1281 doloribus
3314 1229 3451 1282 meis

1879 1310 2124 1376 adiicias,
2151 1328 2183 1367 ο
2213 1313 2427 1379 mulier,
2461 1313 2544 1369 vel
2595 1317 2772 1384 potius
2804 1317 2850 1371 is
2893 1317 2982 1387 qui
3034 1319 3086 1371 in
3133 1327 3208 1382 te,
3240 1317 3322 1372 vel
3356 1333 3454 1388 per

1881 1411 1932 1456 te
1965 1401 2202 1472 loquitur
2250 1405 2502 1459 inimicus
2538 1405 2804 1462 diabolus.
2834 1407 3011 1474 Quare
3041 1424 3172 1480 ergo
3204 1419 3453 1480 tanquam

1877 1509 1981 1547 una
2039 1510 2104 1548 ea:
2162 1495 2527 1563 insipientibus
2580 1499 2887 1554 mulieribus
2935 1499 3112 1553 locuta
3186 1502 3292 1556 es?
3365 1501 3457 1556 Sic

1879 1585 2056 1640 locuta
2104 1598 2187 1642 est
2233 1597 2354 1658 post
2390 1590 2522 1655 haec,
2551 1589 2647 1655 ait,
2691 1590 2908 1646 Jezabel
2960 1592 3027 1647 ad
3057 1592 3244 1648 Achab
3271 1596 3340 1660 ",
3377 1595 3456 1648 sic

1877 1676 2050 1731 locuta
2090 1687 2172 1734 est
2204 1677 2465 1735 llerodias
2511 1682 2577 1735 ad
2628 1681 2892 1738 Herodem
2925 1684 2992 1750 ³³,
3032 1699 3150 1738 cum
3185 1684 3274 1739 illa
3323 1700 3456 1740 sane

1878 1766 2051 1822 Eliam
2085 1770 2411 1836 interﬁcere,
2445 1773 2547 1827 ista
2585 1789 2714 1829 vero
2741 1773 3001 1829 Joannem
3037 1777 3289 1832 occidere
3330 1792 3457 1831 sua-

1877 1861 2060 1925 deret,
2104 1870 2159 1917 et
2203 1873 2428 1920 caeteras
2458 1881 2647 1920 omnes
2698 1866 3006 1936 impietates
3040 1884 3133 1923 eos
3167 1869 3447 1924 docerent.

207 1966 471 2010 mantem.
525 1953 579 2008 Si
632 1954 792 2023 igitur
841 1952 1087 2007 serviens
1139 1951 1213 2005 illi
1267 1960 1323 2005 et
1372 1951 1559 2007 colens
1611 1962 1777 2022 atque
1808 1945 1850 2001 Β
1882 1951 2000 2020 Sic,
2032 1953 2226 2025 inquit,
2252 1965 2304 2010 et
2335 1966 2413 2023 tu,
2442 1972 2475 2012 ο
2509 1957 2969 2024 mulier,mortem
3009 1961 3138 2015 mihi
3171 1972 3332 2030 atque
3370 1963 3455 2017 in-

206 2046 414 2117 gratias
447 2060 631 2116 agens,
665 2044 795 2098 tales
825 2043 1067 2098 sustineo
1101 2042 1336 2107 dolores,
1382 2042 1563 2110 qualia
1614 2043 1780 2098 susti-

207 2153 364 2193 neam
393 2139 536 2208 apud
571 2137 771 2192 inferos
802 2135 1083 2204 supplicia,
1112 2150 1144 2188 ο
1175 2134 1388 2197 mulier,
1416 2135 1458 2188 si
1497 2134 1778 2190 discedens

206 2231 270 2286 ab
305 2229 398 2284 illo
438 2243 701 2299 negavero
744 2239 792 2281 et
833 2240 1062 2281 renucro
1093 2235 1254 2294 atque
1293 2225 1777 2295 blasphemavero?

202 2319 340 2376 tiam
375 2321 600 2374 istorum
638 2318 1073 2374 brevissimorum
1107 2315 1354 2370 dolorum
1407 2331 1542 2385 quos
1571 2315 1624 2369 in
1658 2331 1779 2370 cor-

204 2413 462 2484 ruptione
502 2411 742 2466 sustineo
769 2410 871 2463 erit
909 2409 1062 2471 linis,
1107 2417 1158 2462 et
1193 2423 1313 2461 cum
1361 2408 1650 2476 gratiarum
1683 2421 1776 2462 ac-

205 2505 452 2560 tionibus
482 2504 581 2558 ltos
614 2517 782 2572 usque
813 2501 863 2554 itt
898 2503 1056 2554 linem
1093 2499 1369 2554 sustinens
1403 2507 1618 2552 arternte
1655 2498 1778 2552 bea-

205 2596 459 2650 titudinis
501 2611 530 2648 a
575 2595 683 2649 Deo
731 2607 887 2662 Spero
929 2592 1058 2645 mihi
1111 2590 1625 2644 remunerationem.
1672 2589 1778 2645 Illis

204 2701 387 2745 autem
423 2687 510 2757 qui
569 2685 732 2740 Deum
789 2682 1273 2752 blasphemaverint
1335 2681 1534 2735 diutius
1592 2682 1775 2736 viven-

204 2783 353 2835 tibus
384 2779 437 2834 in
466 2792 726 2856 .corpore,
756 2791 835 2830 va:
865 2773 993 2830 erit.
1041 2773 1165 2828 Plus
1200 2784 1376 2829 autem
1423 2773 1528 2828 erit
1559 2787 1638 2827 va:
1673 2772 1777 2829 illis

202 2873 348 2943 apud
406 2869 629 2930 inferos,
678 2883 800 2924 cum
856 2866 911 2922 in
965 2875 1222 2934 perpetuo
1280 2863 1671 2934 torquebuntur
1722 2865 1774 2917 in

202 2964 423 3020 lamina
457 2963 596 3034 ignis
640 2957 1117 3027 iuexstinguibilis.
1149 2957 1326 3023 Quare
1362 2972 1492 3026 ergo
1525 2965 1774 3027 tanquam

202 3074 311 3111 una
372 3068 436 3108 εει
483 3052 845 3122 insipientibus
899 3049 1205 3103 mulieribus
1231 3047 1403 3101 locuto
1428 3047 1529 3102 es?
1560 3062 1680 3100 cum
1724 3055 1777 3103 et

202 3148 373 3203 Deum
422 3145 799 3215 blasphemare
849 3143 1064 3208 suades,
1105 3149 1159 3196 et
1207 3141 1336 3194 mihi
1394 3139 1493 3209 ipsi
1545 3148 1774 3194 mortem

200 3252 370 3311 atque
419 3237 842 3293 internecionem
891 3244 949 3287 ut
1003 3247 1284 3303 procurem
1339 3230 1534 3296 doces,
1580 3230 1776 3300 quibus

199 3333 437 3403 nequius
486 3341 651 3400 atque
703 3327 1024 3384 sceleratius
1077 3325 1215 3379 nihil
1265 3333 1366 3378 est.
1409 3321 1581 3378 Omne
1629 3323 1774 3378 enim

201 3433 489 3494 peccatum
525 3437 620 3491 per
653 3418 1027 3490 ptenitentiam
1081 3415 1472 3484 indulgentiam
1509 3414 1772 3484 accipiet,

199 3526 252 3570 et
299 3529 495 3570 omnes
524 3513 611 3583 qui
649 3511 936 3566 sinceriter
985 3507 1370 3578 pmnituerint,
1406 3505 1774 3561 remissionem

199 3617 253 3663 et
290 3605 724 3662 misericordiam
773 3618 803 3656 a
839 3601 948 3656 Deo
997 3608 1396 3669 consequentur
1427 3607 1592 3666 atque
1626 3597 1777 3651 inve-

201 3701 376 3755 nient.
431 3697 493 3752 lli
545 3711 673 3751 vero
715 3695 806 3765 qui
875 3692 1191 3761 semetipsos
1254 3687 1646 3754 interfecerint,
1677 3689 1772 3758 qui

201 3790 562 3860 sibimetipsis
601 3798 827 3842 mortem
859 3784 1170 3850 intulerint,
1223 3796 1500 3850 nunquam
1533 3780 1774 3849 requiem

202 3884 486 3941 habebunt
534 3881 622 3934 isti
677 3879 728 3932 in
783 3876 989 3931 infinita
1031 3873 1259 3938 saecula,
1299 3887 1578 3941 nunquam
1623 3870 1774 3924 inve-

199 3977 353 4032 nient
405 3972 783 4043 refrigerium,
829 3969 921 4024 sed
967 3967 1159 4021 animae
1213 3978 1397 4018 eorum
1436 3979 1556 4017 mox
1606 3971 1663 4015 ut
1711 3961 1776 4016 de

200 4081 434 4138 corpore
497 4063 765 4125 exierint,
818 4061 869 4114 in
924 4059 1179 4113 tenebras
1247 4055 1636 4109 deducentur:
1686 4053 1772 4105 ubi

198 4176 326 4217 cum
362 4156 502 4212 Juda
555 4163 608 4209 et
661 4149 978 4220 Achitophel
1034 4157 1294 4218 perpetuo
1359 4143 1771 4214 torquebuntur,

201 4253 292 4321 qui
340 4258 466 4320 post
513 4246 648 4300 alias
698 4242 1001 4312 impietates
1050 4237 1402 4306 sibimetipsis
1451 4250 1640 4289 manus
1686 4237 1773 4288 in-

200 4342 350 4398 ferre
390 4339 508 4394 ausi
564 4337 800 4391 fuerunt.
847 4331 1036 4386 Nullus
1087 4344 1217 4400 ergo
1276 4343 1341 4381 ex
1390 4327 1526 4381 bene
1580 4325 1776 4379 intelli-

201 4435 459 4506 gentibus
504 4429 586 4485 vel
636 4429 801 4482 Deum
857 4423 1174 4480 timentibus
1229 4417 1537 4474 hominibus
1587 4416 1775 4470 mortis

201 4540 429 4583 causam
462 4522 565 4577 sibi
615 4520 777 4574 debet
806 4517 1066 4577 invenire,
1095 4527 1199 4566 non
1233 4510 1390 4564 debet
1422 4508 1772 4578 semetipsum

203 4616 541 4677 interﬁcere,
589 4625 762 4679 neque
806 4609 1025 4662 omnino
1073 4603 1208 4657 ullus
1259 4601 1424 4655 Deum
1475 4599 1774 4654 timentium

202 4706 369 4760 debet
395 4699 672 4766 semetipsi
709 4706 936 4751 mortem
969 4701 1178 4762 Optare.
1206 4689 1357 4757 Quod
1385 4690 1429 4743 si
1473 4689 1636 4742 verbo
1668 4702 1779 4741 om-

201 4794 340 4851 nino
389 4806 538 4847 mors
585 4789 818 4860 optanda
859 4802 967 4840 non
1003 4792 1107 4849 est,
1139 4782 1309 4835 multo
1343 4778 1517 4849 magis
1552 4787 1779 4833 mortem

205 4885 371 4940 factis
417 4883 598 4937 nullus
641 4880 743 4936 sibi
791 4879 950 4933 debet
989 4875 1221 4941 inferre,
1265 4888 1330 4928 ne
1376 4887 1498 4926 cum
1547 4869 1785 4940 praefatis

204 4977 435 5034 eternis
478 4973 619 5044 apud
672 4971 875 5027 inferos
913 4968 1159 5023 tradatur
1207 4961 1512 5019 tormentis.
1554 4961 1633 5018 Ob
1683 4963 1784 5017 hoc

202 5084 345 5140 ergo
380 5068 514 5122 dicit
556 5064 656 5120 Job
702 5065 768 5118 ad
805 5063 1099 5123 diabolum,
1165 5058 1255 5127 qui
1308 5056 1500 5110 mortis
1545 5054 1619 5108 illi
1666 5053 1785 5107 bla-

207 5159 518 5232 sphemiam
565 5156 827 5212 suadebat
863 5173 877 5209 :
912 5153 1088 5219 Quare
1120 5159 1365 5218 tanquam
1394 5164 1497 5200 una
1544 5162 1606 5200 ea:
1649 5144 1778 5198 insi-

205 5253 474 5323 pientibus
503 5248 811 5303 mulieribus
854 5246 1030 5299 locuta
1061 5244 1151 5298 es?
1197 5243 1271 5296 Ac
1320 5240 1482 5295 veluti
1528 5239 1776 5291 diceret:

204 5344 393 5410 Quare
434 5351 686 5410 tanquam
733 5354 800 5393 ex
851 5335 1231 5407 insipientibus
1265 5333 1550 5386 animabus
1598 5329 1778 5391 fatuis,

203 5436 513 5499 sceleratis,
542 5432 738 5499 impiis,
773 5429 883 5485 Deo
912 5427 1224 5492 odibilibus,
1257 5426 1366 5479 Deo
1396 5421 1774 5477 resistentibus

205 5529 284 5583 ita
319 5527 495 5582 locuta
528 5525 621 5581 es?
662 5524 794 5591 Quia
830 5537 931 5576 nec
964 5522 1128 5575 Deum
1166 5520 1346 5581 times,
1386 5529 1558 5584 neque
1601 5517 1774 5566 virum

203 5619 444 5676 vereris.
487 5631 659 5684 neque
712 5615 935 5684 teipsam
989 5609 1305 5666 confusione
1347 5606 1558 5669 induis,
1605 5617 1777 5672 neque

202 5708 730 5770 vehementioribus,
781 5713 873 5758 aut
926 5703 1060 5757 meis
1108 5701 1382 5756 doloribus
1430 5695 1777 5766 compateris.

282 5871 332 5904 "
371 5870 433 5926 HI
471 5869 602 5938 Reg.
635 5882 744 5921 xtx.
821 5868 867 5899 ’⁸
908 5866 1094 5920 Matth.
1124 5880 1234 5920 xtv.
1311 5865 1356 5896 "'
1396 5861 1537 5918 Psal.
1570 5873 1691 5924 xm,
1729 5857 1778 5912 1.

538 5964 808 6026 ΡΑτιιοι.
853 5961 967 6022 Gn.
1002 5959 1201 6021 XVII.

1879 2046 2238 2101 ternecionem
2270 2063 2365 2117 per
2396 2049 2488 2102 Dei
2553 2048 2944 2120 blasphemiatn
2990 2052 3207 2120 suades,
3237 2063 3297 2106 ut
3328 2067 3450 2108 cum

1876 2135 1976 2190 hoc
2009 2139 2148 2206 quod
2183 2139 2323 2194 male
2353 2141 2575 2205 morior,
2617 2156 2738 2196 cum
2770 2143 2870 2197 hoc
2901 2143 3018 2211 ipso
3066 2144 3265 2213 injuste
3333 2145 3449 2199 bla-

1882 2226 2184 2293 sphemem.
2216 2227 2320 2283 Sed
2339 2229 2518 2298 vigilo,
2551 2231 2748 2301 inquit,
2782 2232 2833 2286 in
2864 2235 3050 2302 prmlio
3083 2236 3224 2303 quod
3255 2235 3448 2291 adver-

1875 2330 1990 2369 smn
2023 2327 2074 2371 te
2105 2333 2255 2388 gero,
2282 2334 2316 2374 o
2341 2320 2576 2385 diabole,
2606 2323 2700 2378 sed
2732 2338 2834 2377 non
2872 2323 3155 2379 obdormio
3187 2326 3238 2379 in
3271 2326 3448 2381 stadio

1876 2408 2019 2476 quod
2052 2409 2192 2462 circa
2230 2418 2280 2463 te
2312 2410 2504 2476 habeo,
2536 2426 2570 2466 ο
2605 2413 2935 2481 nequissime
2963 2417 3293 2471 adversarie.
3327 2417 3457 2472 Non.

1872 2497 2018 2550 enim
2061 2498 2506 2554 obdortnitantem
2542 2503 2806 2567 invenies,
2845 2507 3301 2574 quemadmodum
3337 2506 3447 2576 jam

1875 2598 2222 2655 memoratos,
2251 2605 2423 2660 neque
2451 2593 2812 2650 dormientem
2844 2597 2986 2651 sicut
3022 2597 3140 2652 illos
3170 2599 3221 2653 in
3254 2602 3452 2670 quibus

1874 2687 1996 2744 post
2031 2678 2130 2733 hoc
2178 2677 2338 2735 facile
2375 2680 2582 2734 zizania
2636 2682 2994 2738 inscminasti.
3046 2674 3143 2751 Te,
3177 2687 3371 2755 inquit,
3419 2703 3454 2742 ο

1878 2769 2115 2837 inimice,
2161 2785 2256 2839 per
2287 2773 2470 2827 uxoris
2499 2789 2782 2843 personam
2815 2776 3052 2846 increpo.
3085 2776 3164 2830 Tu
3197 2778 3341 2832 enim
3372 2780 3452 2833 lu-

1875 2859 2081 2930 sipiens
2109 2875 2168 2915 es
2202 2870 2364 2930 atque
2398 2863 2567 2918 totius
2615 2864 2912 2933 impietatis
2955 2878 3146 2923 auctor
3178 2877 3234 2922 et
3277 2879 3447 2937 pater,

1879 2962 1930 3006 te
1957 2953 2125 3008 etiam
2154 2969 2249 3022 per
2278 2954 2378 3008 hoc
2409 2957 2580 3011 sancti
2611 2955 2756 3011 velut
2785 2957 3128 3027 insipientem
3160 2969 3449 3029 arguentes

1877 3045 2055 3100 dicent
2079 3063 2093 3099 :
2121 3045 2262 3100 Dixit
2285 3047 2538 3116 insipiens
2562 3047 2615 3102 in
2642 3049 2796 3102 corde
2822 3066 2952 3104 suo:
2973 3049 3094 3105 Non
3117 3061 3195 3105 est
3222 3052 3361 3106 Deus
3380 3053 3444 3108 “.

1875 3137 1977 3202 Tu,
2025 3137 2216 3206 inquit,
2245 3152 2278 3191 o
2313 3137 2543 3200 diabole,
2577 3139 2627 3192 in
2667 3141 3046 3210 atttiquis'sima
3094 3143 3186 3197 illa
3219 3144 3444 3199 muliere

1879 3230 2174 3284 n-aximam
2207 3230 2573 3299 insipientiam
2605 3231 2964 3296 inseminasti,
2996 3242 3050 3287 et
3090 3233 3142 3287 in
3177 3234 3279 3288 ista
3308 3250 3453 3291 nunc

1883 3321 2111 3376 muliere
2167 3321 2386 3392 impiam
2455 3319 2818 3389 insipientiam
2886 3323 3211 3392 produxisti.
3261 3325 3453 3381 Merito

1882 3413 2003 3469 dice
2037 3412 2102 3466 ad
2135 3411 2277 3466 illam
2305 3431 2319 3466 :
2355 3413 2532 3479 Quare
2575 3424 2825 3484 tanquam
2855 3431 2960 3468 una
2990 3431 3055 3470 ex
3087 3416 3450 3482 insipientibus

1882 3504 2188 3558 mulieribus
2215 3504 2389 3559 locuta
2419 3509 2514 3562 es?
2549 3505 2624 3562 Te
2657 3505 2982 3568 recolentes.
3013 3522 3046 3561 o
3079 3509 3292 3576 mulier,
3330 3519 3452 3579 post

1883 3597 1986 3651 hoc
2017 3596 2310 3666 prophetae,
2343 3606 2396 3652 et
2432 3597 2629 3652 malum
2659 3607 2819 3667 atque
2849 3599 3113 3666 insipiens
3141 3608 3290 3655 tuum
3317 3615 3450 3656 con-

1881 3687 2060 3742 silium
2087 3687 2294 3742 duriter
2327 3688 2656 3743 detestautcs
2689 3689 2942 3743 dixerunt
2971 3708 2984 3743 :
3017 3690 3057 3742 Α
3103 3691 3326 3761 conjuge
3358 3703 3451 3745 tua

1881 3787 1931 3832 te
1963 3779 2194 3844 observa,
2235 3795 2297 3832 ne
2333 3779 2460 3848 quid
2505 3779 2700 3833 dixeris
2747 3780 2826 3834 illi
2854 3780 2922 3846 “,
2973 3791 3027 3835 et
3058 3781 3166 3836 alia
3220 3783 3448 3853 plurima

1881 3869 1967 3925 bis
2008 3870 2222 3925 similia.
2257 3869 2385 3924 Post
2429 3886 2548 3940 qua:
2593 3871 2841 3925 universa
2891 3872 3090 3940 adjecit
3125 3875 3312 3928 dicens
3343 3893 3356 3930 :
3390 3873 3452 3929 Si

1882 3962 2014 4016 bona
2054 3963 2376 4029 suscepimus
2405 3963 2468 4015 de
2501 3979 2661 4014 manu
2706 3961 2936 4026 Domini,
2969 3964 3110 4016 mola
3151 3981 3314 4035 quare
3345 3981 3448 4018 non

1882 4054 2161 4106 toleremus
2188 4052 2265 4106 ³⁸2
2305 4053 2557 4117 Adverte,
2609 4054 2810 4122 inquit,
2858 4068 2892 4107 ο
2938 4054 3218 4123 insipiens,
3271 4057 3454 4110 censi-

1883 4142 2009 4197 dera
2067 4141 2304 4210 deposita
2354 4141 2605 4203 stultitia,
2641 4161 2673 4196 ο
2725 4142 2938 4198 mulier.
2990 4142 3050 4197 Si
3092 4145 3226 4198 bona
3272 4160 3446 4199 susce-

1879 4233 2050 4301 pimus
2105 4234 2169 4286 de
2210 4249 2368 4286 manu
2418 4233 2655 4296 Domini,
2709 4234 2850 4287 mala
2903 4245 3076 4288 autem
3128 4252 3292 4305 quare
3346 4253 3451 4291 non

1882 4323 2206 4378 toleremus?
2254 4323 2485 4387 Gloriae,
2534 4324 2759 4388 divitias,
2812 4324 3165 4394 iucunditas,
3220 4327 3446 4391 deliciae,

1881 4414 2208 4477 sublimitas,
2241 4415 2432 4478 honor,
2461 4413 2614 4483 regni
2661 4413 2838 4478 sedes,
2885 4416 3224 4483 principatus
3253 4427 3307 4472 et
3357 4434 3451 4488 po-

1884 4513 2123 4570 testates,
2162 4515 2409 4558 natorum
2443 4504 2695 4574 gaudium
2725 4514 2886 4575 atque
2930 4506 3228 4561 amicorum
3272 4511 3454 4566 multi—

1883 4598 2028 4659 tudo,
2079 4597 2192 4651 baac
2239 4594 2456 4651 luerunt
2483 4597 2644 4663 bona,
2673 4611 2793 4665 quae
2819 4598 2884 4650 de
2923 4612 3083 4650 manu
3120 4599 3326 4653 Domini
3362 4619 3451 4654 ac-

1881 4687 2140 4755 cepimus,
2185 4701 2303 4755 qua:
2350 4686 2416 4740 de
2469 4701 2630 4740 manu
2683 4684 2890 4740 Domini
2929 4687 3052 4740 data
3101 4699 3226 4741 sunt
3273 4689 3448 4743 nobis.

1878 4776 2012 4831 Mala
2052 4785 2230 4831 autem
2269 4777 2520 4841 fuerunt,
2562 4777 2639 4830 rei
2673 4774 2961 4831 familiaris
2993 4779 3257 4846 perditio,
3312 4779 3447 4834 libe-

1881 4883 2061 4922 rorum
2119 4868 2364 4932 amissio,
2421 4868 2717 4936 putredinis
2772 4867 3139 4933 abundantia,
3186 4869 3448 4922 vermium

1882 4960 2190 5024 multitudo,
2241 4973 2399 5028 poena
2434 4959 2898 5028 insupportabilis,
2954 4959 3325 5013 intolerabiles
3353 4960 3450 5013 do-

1892 5050 2056 5114 lores,
2102 5049 2345 5104 seductio
2391 5059 2554 5119 atque
2605 5050 2888 5104 subversio
2945 5049 3192 5118 maligni,
3242 5049 3450 5102 insidia:

1889 5152 2052 5211 atque
2089 5142 2415 5195 tentationes
2465 5142 2691 5197 inimici.
2747 5141 2871 5196 llaec
2911 5142 3157 5195 universa
3194 5140 3328 5194 mala
3369 5142 3447 5194 vi-

1884 5233 2077 5286 dentur
2105 5240 2160 5284 et
2192 5229 2329 5282 mala
2362 5230 2638 5295 dicuntur,
2672 5240 2832 5298 atque
2867 5230 3004 5283 mala
3034 5231 3100 5284 ab
3133 5231 3444 5284 hominibus

1883 5322 2251 5388 aestimantur,
2297 5337 2403 5376 non
2437 5323 2579 5391 quod
2631 5322 2769 5376 mala
2823 5325 2933 5376 sint
2987 5324 3122 5388 huic,
3169 5323 3262 5376 sed
3320 5332 3447 5377 sunt

1882 5420 2080 5466 aeterna
2139 5410 2279 5465 bona
2345 5413 2724 5482 procurantia,
2777 5423 3045 5482 perpetute
3097 5412 3448 5466 nihilominus

1882 5503 2066 5576 gloriae
2131 5504 2183 5558 in
2239 5518 2402 5574 regno
2450 5503 2823 5558 haereditatem
2895 5505 3273 5573 przeparantia.
3333 5503 3446 5558 Hoc

1882 5595 2091 5652 sciebat
2135 5594 2257 5660 Job,
2301 5605 2356 5650 et
2397 5598 2594 5649 merito
2626 5610 2745 5648 cum
2795 5595 3090 5664 gratiarum
3143 5595 3444 5650 actionibus

1885 5703 1946 5744 ea
1977 5690 2244 5745 sustinere
2284 5703 2500 5760 operam
2541 5690 2727 5743 dabat.
2759 5688 2870 5744 Hoc
2905 5691 3447 5770 scieruntgpropheta

1857 5857 1901 5890 ³⁵
1941 5856 2124 5914 Μίοὶι..
2148 5871 2244 5925 vn,
2278 5855 2330 5911 5.
2427 5855 2470 5887 ²⁶
2509 5853 2610 5910 Job
2638 5852 2814 5921 11,10.

3101 5947 3171 6007 16
