3942 6508
559 429 658 485 491

1652 406 2033 482 ANOanu's
2073 424 2137 478 IN
2175 424 2318 478 ποθ.
2358 455 2426 466 -
2462 422 2592 479 ue.
2635 422 2700 478 ιι.

3650 431 3730 485 ιεη

559 558 615 602 et
642 549 871 618 apostoli
906 557 1070 618 atque
1110 547 1291 604 cuncti
1343 558 1634 620 martyres.
1667 547 1958 617 Propterea
1992 562 2136 601 ama-
2162 549 2206 607 Α
2236 555 2322 599 est
2366 545 2456 614 qui
2509 545 2647 599 hanc
2707 557 2918 613 poenam
2967 541 3214 613 ingessit,
3264 542 3628 602 satisfaciamus
3672 549 3728 602 illi

561 639 884 698 ram.vitam
920 639 970 692 in
1003 639 1104 693 hoc
1156 639 1356 693 mundo
1392 649 1805 705 transegerunt,
1849 648 2133 707 propterea

559 731 741 785 omnia
785 740 1054 787 tormenta
1103 733 1242 802 ignis
1272 742 1328 787 et
1369 733 1533 802 gladii
1581 732 1980 785 sustinuerunt.
2021 729 2131 782 llu-

560 837 718 877 mana
746 839 875 891 ergo
914 826 1305 880 consuetudine
1347 825 1488 878 bona
1532 834 1586 878 et
1632 823 1771 877 mala
1801 839 1862 878 ea
1899 823 2130 893 appellat

557 913 782 968 dicens:
819 913 882 970 Si
919 916 1051 969 bona
1083 917 1379 982 accepimus
1411 916 1473 968 de
1511 931 1670 968 manu
1711 913 1942 975 Domini,
1983 912 2128 965 mala

557 1014 731 1056 autem
759 1021 920 1074 quare
960 1023 1060 1060 non
1097 1006 1373 1059 toleremus
1393 1007 1418 1058 ?
1443 1005 1598 1070 Cum,
1633 1005 1828 1074 inquit,
1857 1006 1953 1059 tibi
1987 1013 2129 1060 esset

557 1095 780 1151 honoris
827 1097 1150 1159 sublimitas,
1195 1113 1319 1152 cum
1372 1096 1540 1166 gloria
1587 1098 1870 1163 Iatareris,
1914 1113 2035 1152 cum
2073 1097 2124 1152 in

554 1185 765 1240 deliciis
796 1187 1060 1254 degeres,
1105 1203 1227 1240 cum
1263 1187 1548 1243 multitudo
1596 1199 1648 1241 te
1692 1198 1816 1242 ante
1862 1199 1916 1242 et
1956 1198 2122 1252 retro,

560 1287 748 1346 utpote
779 1277 844 1331 de
883 1277 1084 1345 palatio
1113 1288 1420 1341 exeuntem,
1470 1289 1524 1332 et
1570 1280 1860 1333 identidem
1899 1279 1989 1333 illo
2039 1293 2124 1332 re-

551 1375 852 1421 Vertentem
901 1383 1023 1420 cum
1059 1368 1262 1423 honore
1311 1371 1553 1424 exaltans
1585 1371 1966 1434 circumdaret,
1998 1386 2118 1423 cum

556 1456 649 1510 lilii
703 1466 829 1511 ante
881 1457 1066 1512 oculos
1134 1458 1329 1527 gaudio
1376 1467 1428 1512 te
1480 1462 1778 1528 replerent,
1833 1471 1957 1514 tunc
2013 1475 2118 1516 non

550 1546 767 1610 dixisti,
801 1563 834 1600 o
875 1548 1102 1604 mulier:
1135 1550 1228 1602 Dic
1261 1550 1472 1613 aliquod
1523 1555 1762 1617 verbum,
1793 1559 1842 1604 et
1870 1568 2071 1606 morere
2098 1565 2117 1604 :

551 1645 678 1690 tunc
717 1649 943 1692 mortem
996 1641 1216 1694 omnino
1285 1657 1384 1696 nec
1438 1643 1750 1704 nominare,
1794 1657 1892 1696 nec
1931 1643 2117 1696 audire

547 1743 704 1797 passa
754 1744 832 1786 es.
887 1730 1038 1787 Nunc
1085 1743 1259 1788 autem
1291 1735 1414 1803 quia
1451 1749 1534 1787 res
1571 1733 1848 1790 familiaris
1880 1735 2128 1802 interiit,

545 1829 600 1872 et
655 1819 746 1872 lilii
815 1822 1138 1890 perierunt,
1192 1824 1314 1892 quia
1370 1823 1540 1894 gloria
1593 1825 1762 1895 fugit,
1817 1835 1872 1879 et
1917 1825 2114 1880 divitia

2236 646 2490 706 tanquam
2542 636 2906 690 misericonli.
2961 635 3017 690 Si
3069 646 3246 691 autem
3297 635 3429 691 alius
3474 638 3644 707 aliquis
3667 652 3730 695 est

2230 730 2320 798 qui
2347 730 2452 782 hoc
2481 729 2676 780 bellum
2709 728 2994 783 adversum
3037 744 3136 783 nos
3167 728 3442 794 excitavit,
3490 729 3562 783 sic
3601 730 3729 786 etiam

2229 820 2586 889 deprecemur
2618 819 2768 872 illum
2803 819 3182 874 auxiliatorem
3231 831 3392 888 atque
3423 831 3732 888 propugnato-

2230 927 2363 974 rem,
2397 921 2580 980 utpote
2606 909 2960 964 fortissimum
2985 925 3048 964 ac
3075 911 3519 979 potentissimum.
3541 909 3594 964 Si
3618 913 3731 966 enim

2228 1004 2360 1057 bona
2386 1003 2682 1071 accepimus
2711 1003 2775 1056 de
2805 1018 2963 1055 manu
2996 1002 3226 1065 Domini,
3265 1002 3406 1056 mala
3428 1012 3585 1054 autem
3604 1020 3732 1071 quare

2226 1113 2327 1150 non
2355 1095 2676 1150 toleremus?
2707 1095 2806 1150 Ubi
2836 1095 2981 1150 enim
3007 1094 3211 1148 fuerint
3234 1095 3446 1159 latitia,
3485 1093 3581 1146 illic
3601 1093 3730 1146 etiam

2225 1187 2597 1244 tribulationis
2631 1187 2983 1254 exspectatio.
3010 1186 3108 1241 Ubi
3135 1185 3468 1252 iucunditas,
3485 1184 3581 1238 illic
3599 1186 3731 1238 etiam

2224 1277 2456 1332 miseria
2487 1286 2800 1347 sperantur.
2834 1275 2968 1330 Nam
2999 1276 3126 1346 quid
3155 1275 3373 1330 obvenit
3403 1274 3563 1338 nobis,
3593 1289 3622 1328 ο
3645 1289 3733 1327 mu-

2222 1367 2340 1434 lier,
2369 1383 2432 1423 ex
2465 1370 2551 1424 his
2580 1384 2700 1437 qua
2734 1369 2787 1422 in
2827 1369 2925 1423 hoc
2956 1367 3159 1422 sacqu
3199 1382 3304 1420 non
3346 1367 3538 1420 fuerint
3567 1366 3732 1436 gesta?

2218 1457 2408 1513 Nonne
2436 1459 2610 1514 omnis
2638 1474 2765 1513 caro
2801 1457 3091 1528 aliquando
3117 1456 3334 1527 quidem
3393 1472 3516 1511 sana
3543 1466 3631 1522 est,
3654 1455 3731 1509 ali-

2218 1548 2439 1617 quando
2461 1556 2834 1616 paupertatem
2870 1547 3092 1616 patitur,
3141 1545 3429 1615 aliquando
3465 1554 3628 1601 autem
3655 1545 3726 1600 di-

2217 1641 2376 1694 vitias
2408 1641 2608 1694 habet?
2634 1640 2764 1706 Qua
2791 1641 2953 1710 igitur
2979 1648 3106 1693 sunt
3136 1638 3278 1705 apud
3311 1652 3494 1692 omnes
3526 1639 3730 1692 homines

2218 1732 2269 1786 in
2301 1730 2519 1795 mundo,
2552 1732 2692 1796 hac,
2722 1732 2922 1800 inquit,
2951 1731 3114 1786 etiam
3144 1731 3288 1800 apud
3313 1744 3412 1785 nos
3439 1741 3574 1799 gesta
3596 1739 3726 1784 sunt:

2214 1832 2268 1876 et
2302 1837 2409 1877 non
2437 1823 2613 1879 solum
2648 1824 2699 1877 in
2729 1824 2981 1878 omnibus
3014 1821 3356 1884 hominibus,
3380 1821 3471 1875 sed
3497 1829 3545 1874 et
3573 1819 3618 1872 in
3642 1835 3730 1873 om.

549 1911 823 1976 abierunt,
851 1913 977 1982 quia
1016 1914 1154 1967 mala
1189 1930 1287 1969 nos
1330 1893 1667 1978 invenerunt,
1699 1926 1753 1970 et
1784 1916 1995 1972 dolores
2027 1933 2114 1987 ap-
2143 1893 2184 1947 Β
2217 1915 2374 1970 nibus
2405 1915 2567 1985 hujus
2597 1915 2780 1969 mundi
2814 1914 3100 1970 elementis
3154 1915 3292 1969 fiunt
3337 1912 3638 1981 aliquando;
3664 1911 3728 1965 sic

544 2004 979 2071 prehenderunt,
1032 2005 1195 2058 fletum
1236 2021 1332 2060 nos
1382 2006 1757 2077 blasphemare
1796 2008 2110 2078 compellis,

543 2095 613 2148 ob
668 2094 769 2149 hoc
824 2111 922 2150 nos
980 2097 1373 2164 reprehendere
1427 2099 1626 2164 doces,
1679 2110 1960 2168 propterea
2015 2114 2112 2156 nos

543 2195 772 2240 mortem
809 2197 992 2256 petere
1019 2189 1190 2258 cogis,
1230 2198 1284 2243 et
1316 2189 1417 2243 hoc
1465 2205 1570 2243 non
1597 2189 1739 2258 juste
1769 2193 1866 2246 sed
1917 2192 2112 2260 injuste

541 2293 638 2348 per
673 2278 763 2333 Dei
811 2280 1198 2349 blasphemiam
1229 2299 1244 2336 :
1281 2291 1335 2336 et
1363 2283 1507 2352 quod
1539 2293 1623 2338 est
1650 2285 1966 2349 maximum,
2002 2301 2107 2340 non

543 2368 637 2422 tibi
685 2384 922 2423 amaram
977 2382 1205 2426 mortem
1237 2373 1434 2442 poscis,
1483 2373 1578 2428 sed
1629 2375 1798 2428 mihi:
1835 2384 1892 2428 ut
1936 2375 2110 2440 possis

539 2467 666 2528 post
704 2461 913 2514 obitum
951 2461 1003 2514 in
1040 2462 1223 2532 requie
1256 2466 1458 2530 vivere,
1502 2465 1640 2517 sicut
1676 2475 1728 2517 tu
1773 2479 1980 2533 speras,
2016 2480 2109 2520 ne-

539 2549 714 2604 sciens
746 2567 923 2620 neque
971 2555 1197 2608 credens
1242 2552 1334 2607 Dei
1370 2555 1630 2608 bonorum
1666 2557 2108 2624 promissionibus

539 2655 660 2710 qua
675 2641 742 2696 de
771 2642 926 2711 longe
943 2644 1083 2697 videt
1110 2644 1226 2712 ejus
1247 2647 1542 2698 aeternitas.
1562 2644 1620 2700 Si
1658 2647 1788 2699 bona
1819 2649 2106 2708 accepimus

538 2733 602 2786 de
634 2749 793 2786 manu
828 2734 1059 2799 Domini,
1092 2736 1233 2788 mala
1262 2744 1436 2788 mrtem
1465 2753 1628 2806 quare
1659 2753 1761 2790 non
1792 2738 2108 2792 toleremus?

539 2822 597 2878 Si
649 2825 909 2879 bonorum
968 2827 1133 2880 etiam
1186 2826 1460 2882 fastidium
1516 2844 1786 2897 nunquam
1844 2831 2103 2898 cepimus,

537 2930 714 2985 neque
756 2916 918 2972 finem
965 2932 1151 2973 eorum
1195 2934 1430 2988 unquam
1479 2919 1592 2973 fieri
1645 2920 1909 2984 volumus,
1962 2921 2100 2976 mala

535 3017 716 3062 autem
768 3024 939 3078 quare
987 3026 1090 3064 non
1155 3011 1484 3066 toleremus?
1535 3011 1931 3066 Tribuiationes
1981 3029 2102 3068 cum

535 3099 838 3166 gratiarum
909 3101 1218 3158 actionibus
1282 3117 1447 3171 quare
1513 3118 1617 3157 non
1697 3105 2103 3160 sustineamus?

534 3187 836 3244 Prasertim
860 3207 981 3245 cum
1011 3194 1346 3254 noverimus,
1369 3193 1492 3262 quia
1519 3193 1660 3248 sicut
1685 3193 1948 3248 bonorum
1981 3197 2101 3251 linis
2128 3228 2170 3286 ο

533 3279 658 3344 erit,
690 3281 758 3334 ita
787 3293 841 3335 et
881 3282 1144 3338 malorum
1177 3285 1441 3338 citissime
1469 3286 1861 3340 consummatio
1901 3287 2096 3341 aderit.

535 3371 601 3426 Et
646 3374 860 3442 quidem
911 3375 1210 3438 bonorum,
1263 3378 1365 3430 hoc
1415 3386 1532 3443 est,
1585 3377 1896 3432 divitiarum
1941 3389 2102 3449 atque

531 3461 818 3530 opulentia:
869 3464 992 3518 linis
1046 3465 1251 3519 inutilis
1297 3467 1436 3528 erit,
1488 3467 1589 3521 nisi
1641 3467 1834 3536 aliquis
1885 3479 2102 3538 propter

530 3553 794 3624 justitiam
826 3568 990 3624 atque
1035 3556 1436 3626 eleemosynam
1479 3572 1770 3626 pauperum
1816 3557 1963 3627 juste
2009 3575 2101 3616 eas

530 3648 886 3716 expenderit:
921 3647 1325 3703 tribulationum
1359 3659 1536 3704 autem
1572 3650 1850 3705 tolerantia
1885 3653 1935 3706 in
1973 3653 2096 3719 fide,

531 3748 696 3807 atque
737 3738 982 3793 dolorum
1029 3739 1368 3808 supportatio
1399 3755 1520 3794 cum
1576 3742 1874 3810 gratiarum
1924 3745 2097 3800 actio-

530 3828 689 3882 nibus
742 3839 958 3883 aterna
1006 3829 1190 3899 gloria
1249 3830 1622 3885 hareditatem
1681 3844 1985 3902 praparant
2041 3836 2092 3890 in

528 3934 693 3990 regno
717 3921 997 3976 caelorum.
1020 3920 1080 3976 Si
1105 3921 1241 3974 bona
1271 3923 1564 3990 accepimus
1583 3923 1647 3976 de
1673 3940 1831 3978 manu
1861 3925 2090 3992 Domini,

527 4009 670 4063 mala
696 4022 866 4064 autem
887 4027 1050 4082 quare
1072 4028 1176 4066 non
1199 4011 1516 4068 toleremus?
1540 4012 1792 4083 Nunquid
1819 4016 2092 4072 fastidium

526 4101 790 4156 bonorum
817 4118 974 4172 passa
999 4118 1078 4170 es,
1095 4116 1129 4156 ο
1149 4101 1376 4157 mulier?
1399 4101 1652 4171 Nunquid
1679 4115 2095 4161 consternanter

527 4186 695 4242 tulisti
725 4189 962 4257 requiem
987 4199 1040 4243 et
1067 4187 1312 4258 gloriam,
1347 4207 1379 4244 υ
1409 4190 1613 4244 femina
1643 4194 1666 4246 ?
1706 4191 1857 4258 Quod
1891 4195 1932 4248 si
1967 4194 2090 4249 illo-

522 4293 646 4332 rum
673 4279 902 4348 plurimo
936 4289 1177 4349 tempore
1221 4280 1494 4336 fastidium
1549 4299 1656 4336 non
1704 4285 1920 4354 cepisti,
1956 4300 2092 4354 quo-

527 4367 688 4420 modo
718 4382 864 4421 nunc
895 4367 1119 4422 modica
1163 4367 1543 4424 tribulationes
1581 4381 1632 4424 te
1683 4375 1914 4428 delleere
1941 4373 2089 4428 fece-

526 4465 653 4510 runt
679 4457 702 4509 ?
730 4459 1014 4522 .Quomodo
1034 4459 1231 4512 uberes
1260 4460 1474 4514 dolores
1501 4469 1550 4514 te
1582 4477 1728 4515 nunc
1757 4464 2090 4534 det'atigave-

525 4557 674 4612 runt,
721 4549 812 4618 qui
857 4563 950 4604 me
999 4559 1236 4604 atterunt
1281 4560 1336 4605 et
1389 4567 1492 4605 non
1529 4552 1632 4606 te?
1675 4553 1756 4608 Me
1800 4555 2086 4609 comedunt

523 4653 760 4701 vermes,
792 4647 847 4692 et
881 4650 934 4692 tu
972 4639 1239 4694 delassata
1276 4654 1356 4694 es.
1388 4638 1518 4694 Mea
1546 4655 1736 4694 carnes
1767 4650 2084 4710 putrescunt

524 4736 579 4782 et
607 4737 662 4781 tu
697 4728 931 4782 delibata
959 4743 1040 4782 es.
1068 4727 1132 4782 Si
1166 4729 1303 4782 bona
1353 4732 1646 4800 accepimus
1680 4732 1742 4784 de
1775 4748 1932 4785 manu
1975 4731 2085 4786 Do-

524 4819 676 4884 mini,
706 4819 849 4872 mala
887 4829 1061 4873 autem
1090 4836 1254 4890 quare
1279 4837 1383 4874 non
1412 4820 1692 4874 toleremus
1711 4824 1736 4876 ?
1791 4820 1882 4876 Sic
1901 4831 2082 4896 putas,

525 4912 720 4980 inquit,
761 4928 792 4964 ο
828 4911 1041 4974 mulier,
1078 4911 1222 4980 quod
1272 4925 1379 4964 non
1436 4927 1465 4963 a
1513 4910 1619 4966 Deo
1669 4911 1823 4965 nobis
1868 4914 1941 4965 sit
1973 4913 2084 4965 hac

521 5013 707 5070 paena,
744 5000 836 5055 sed
869 5001 936 5054 ab
968 5001 1074 5054 alio
1105 4999 1308 5067 aliquo.
1371 4999 1426 5052 Si
1463 5015 1591 5070 ergo
1642 5017 1747 5056 non
1779 5011 1862 5056 est
1889 5017 1918 5053 a
1955 5002 2084 5067 Deo,

523 5091 617 5144 sed
655 5090 722 5144 ab
749 5088 873 5151 alio,
926 5088 1054 5157 quid
1105 5087 1337 5140 ulciscar
1389 5085 1562 5140 Deum
1617 5097 1688 5166 ut.
1725 5087 2085 5156 blasphemem

527 5181 700 5245 illum,
739 5181 1032 5235 cumalius
1056 5180 1126 5234 sit
1153 5181 1242 5249 qui
1261 5194 1345 5234 me
1379 5179 1753 5232 tribulaverit?
1781 5178 1932 5245 Quod
1960 5179 2003 5232 si
2037 5194 2068 5232 a

524 5271 638 5326 Deo
663 5280 750 5326 est
783 5282 1016 5336 certum,
1069 5273 1212 5342 quod
1257 5269 1502 5326 forsitan
1546 5281 1653 5338 est,
1709 5286 1808 5339 pro
1850 5273 2085 5340 peccatis

524 5365 727 5418 nostris
751 5375 854 5419 est.
887 5364 1045 5430 Quid.
1064 5365 1246 5433 itaque
1270 5373 1355 5440 est
1382 5363 1596 5427 melius,
1625 5378 1783 5417 orare
1804 5379 1868 5416 ac
1895 5365 2084 5430 deprc-

525 5454 638 5510 cari
672 5455 976 5509 terribilem
1006 5456 1352 5520 faciemDei,
1380 5471 1446 5508 an
1479 5454 1859 5522 blasphemare
1893 5464 1947 5507 et
1974 5454 2085 5507 cri-

525 5546 720 5598 minari
752 5561 833 5599 ac
869 5547 1177 5613 detrahere,
1223 5556 1282 5602 ut
1335 5546 1798 5601 vehementiorem
1833 5545 1968 5598 iram
1999 5553 2084 5596 at-

525 5648 633 5705 que
661 5635 1077 5704 indignationem
1101 5639 1154 5692 in
1192 5619 1292 5718 nos
1326 5636 1666 5693 excitemus?
1696 5636 1750 5690 Si
1776 5635 1940 5705 igitur
1967 5636 2082 5704 ipse

589 5813 637 5846 ³⁷
661 5811 759 5867 Job
793 5827 848 5877 ιι,
883 5812 962 5869 l0.

2215 2005 2506 2075 aliquando
2573 2020 2698 2069 ver,
2761 2006 2842 2060 sic
2889 2004 3178 2076 aliquando
3238 2013 3422 2068 astas,
3481 2001 3728 2072 aliquando

2212 2098 2406 2162 hiems,
2434 2098 2723 2167 aliquando
2753 2097 2946 2168 frigus,
2979 2096 3269 2165 aliquando
3301 2110 3428 2149 vero
3455 2105 3624 2156 astus,
3649 2092 3730 2146 ali-

2211 2190 2426 2260 quando
2456 2189 2725 2254 viriditas,
2763 2189 3053 2259 aliquando
3082 2203 3211 2243 vero
3237 2188 3484 2243 siccitas.
3527 2186 3578 2242 Si
3617 2199 3725 2255 ergo

2212 2281 2283 2334 ita
2317 2289 2403 2334 est
2447 2280 2586 2348 apud
2633 2280 2816 2335 omnia
2845 2279 3241 2348 corruptibilia,
3271 2279 3398 2348 quid
3443 2293 3668 2348 magnum
3691 2277 3724 2330 si

2208 2379 2263 2425 et
2295 2384 2394 2424 nos
2425 2371 2537 2438 qui,
2561 2371 2701 2424 sicut
2725 2370 2908 2424 omnia
2935 2371 3338 2440 corruptibilia,
3357 2370 3616 2424 lloruimus
3640 2368 3728 2438 pri-

2209 2463 2326 2515 dem
2351 2476 2484 2516 sane
2511 2461 2714 2517 divitiis
2745 2471 2799 2516 et
2830 2461 3044 2516 cateris
3075 2462 3251 2527 bonis,
3291 2477 3431 2516 nunc
3469 2476 3588 2515 vero
3610 2459 3725 2513 arni-

2208 2568 2325 2607 mus
2346 2553 2523 2622 inopia
2557 2547 2719 2622 atque
2743 2553 3114 2609 concaluimus
3142 2553 3192 2607 in
3224 2553 3575 2608 infirmitate?
3602 2552 3725 2606 Sicut

2206 2658 2333 2712 ergo
2357 2643 2407 2695 in
2441 2643 2549 2697 illis
2580 2643 2827 2697 delectati
2864 2659 3075 2708 sumus,
3109 2659 3254 2697 nunc
3283 2652 3338 2698 et
3369 2644 3466 2698 ista
3490 2643 3724 2698 sustinea-

2206 2751 2342 2789 nms.
2371 2733 2524 2789 Sicut
2555 2735 2642 2789 illa
2679 2735 2910 2791 libenter
2939 2737 3273 2805 accepimus,
3324 2737 3398 2790 ita
3433 2746 3486 2790 et
3511 2736 3601 2789 ista
3627 2746 3722 2786 cum

2203 2826 2496 2895 gratiarum
2523 2825 2825 2880 actionibus
2855 2836 3260 2894 supportemus.
3291 2825 3352 2880 Si
3393 2826 3520 2878 bona
3559 2823 3724 2888 accepi-

2203 2933 2316 2970 mus
2343 2918 2406 2970 de
2433 2933 2590 2971 manu
2611 2917 2843 2982 Domini,
2870 2917 3011 2970 mala
3041 2927 3215 2969 autem
3256 2933 3421 2984 quare
3453 2932 3551 2970 non
3574 2913 3725 2966 tolere-

2203 3023 2315 3061 mus
2337 3009 2361 3062 ?
2385 3007 2500 3060 Non
2524 3009 2664 3076 quod
2691 3008 2759 3061 de.
2791 3023 2950 3061 manu
2983 3009 3192 3063 Domini
3227 3008 3520 3076 procedant
3546 3007 3662 3060 bona
3681 3012 3724 3054 et

2203 3100 2366 3164 mala,
2397 3101 2487 3154 sed
2514 3100 2698 3153 oumia
2732 3100 2895 3152 bona.
2931 3099 3006 3152 Ex
3042 3099 3182 3152 bono
3229 3101 3378 3154 enim
3407 3097 3575 3152 omnia
3611 3097 3724 3149 bona

2205 3191 2523 3260 procedunt.
2551 3189 2682 3243 Nam
2713 3191 2853 3245 sicut
2884 3191 2961 3245 sol
3017 3191 3270 3245 tenebras
3321 3203 3581 3259 nunquam
3622 3200 3722 3255 pro-

2205 3281 2331 3346 fert,
2361 3281 2442 3335 sic
2475 3280 2726 3335 similiter
2757 3281 2931 3334 bonus
2968 3279 3111 3336 Dens
3163 3296 3439 3350 nunquam
3476 3278 3603 3333 mala
3623 3290 3726 3346 pro-

2203 3371 2375 3436 ducit,
2430 3371 2526 3425 sed
2572 3370 2752 3422 omnia
2808 3371 2945 3424 bona
2984 3381 3148 3438 atque
3185 3371 3413 3439 optima.
3445 3369 3722 3435 Quanquam

2200 3467 2346 3521 enim
2373 3466 2440 3520 ab
2473 3465 2648 3534 impiis
2689 3473 2852 3533 atque
2887 3464 3312 3534 indisciplinatis
3355 3463 3642 3518 hominibus
3673 3473 3723 3513 ea

2202 3573 2321 3627 qua
2350 3572 2447 3628 pro
2484 3557 2719 3610 vindicta
2753 3567 2806 3610 et
2835 3555 3196 3612 conversione
3227 3566 3396 3624 atque
3438 3550 3725 3624 ptenitentia:

2201 3649 2719 3706 commemoratione
2744 3663 2773 3701 a
2799 3647 2910 3702 Deo
2937 3648 3284 3718 ingeruntur,
3333 3662 3438 3700 non
3466 3646 3615 3707 bona,
3649 3639 3724 3694 sed

2199 3741 2338 3796 mala
2389 3739 2792 3804 existimantur,
2855 3748 3034 3794 tamen
3079 3739 3220 3792 bona
3280 3748 3413 3792 sunt
3456 3750 3593 3795 vere,
3621 3732 3722 3801 quia

2195 3848 2317 3890 cum
2351 3833 2416 3888 ad
2449 3833 2824 3904 paenitentiam
2860 3831 3252 3896 converterint,
3281 3839 3482 3885 aterna
3531 3829 3653 3882 bona
3681 3824 3721 3874 in

2194 3941 2359 3997 regno
2393 3925 2652 3980 calorum
2686 3938 2979 3994 procurare
3019 3922 3388 3993 reperiuntur.
3440 3921 3527 3974 Sic
3561 3927 3724 3984 nempe

2193 4027 2248 4074 et
2274 4017 2450 4072 omnis
2481 4016 2729 4070 doctrina
2775 4025 2939 4085 atque
2963 4015 3245 4084 disciplina
3280 4017 3348 4070 ab
3375 4005 3722 4068 irrationabili-

2191 4107 2293 4163 bus
2319 4106 2615 4162 infantibus
2660 4121 2766 4160 non
2817 4107 2868 4160 in
2917 4107 3139 4169 bonum,
3183 4107 3276 4160 sed
3309 4106 3360 4160 in
3395 4103 3584 4158 malum
3607 4096 3724 4184 asti—

2191 4208 2370 4252 tnatur
2415 4197 2498 4252 vel
2551 4196 2813 4250 ducitur:
2862 4195 2954 4249 sed
2997 4211 3183 4249 revera
3233 4199 3564 4263 cognoscunt
3588 4191 3634 4242 in
3659 4184 3724 4239 ul-

2191 4291 2340 4352 timo,
2375 4289 2499 4358 quia
2530 4289 2696 4342 totius
2732 4287 2879 4351 boni,
2909 4285 2990 4340 vel
3028 4286 3215 4354 gratia
3248 4285 3358 4340 illis
3398 4298 3556 4340 causa
3581 4276 3724 4334 exsti-

2191 4379 2251 4431 tit
2281 4377 2584 4448 disciplina,
2636 4392 2756 4446 qua
2801 4377 2852 4429 in
2901 4377 3199 4444 primordio
3249 4375 3353 4430 fuit
3385 4367 3720 4430 exsecrabilis.

2189 4465 2438 4521 Humano
2488 4467 2670 4536 itaque
2711 4481 2874 4530 more,
2911 4475 3073 4535 atque
3123 4467 3540 4528 consuetudine,
3563 4471 3612 4516 et
3643 4460 3720 4512 hu-

2191 4571 2351 4609 mano
2380 4553 2479 4609 .Iob
2513 4570 2640 4609 usus
2683 4554 2990 4624 proverbio,
3031 4555 3168 4607 mala
3220 4563 3275 4608 et
3307 4553 3452 4606 bona
3494 4553 3724 4606 memorat

2191 4648 2413 4703 dicens:
2446 4647 2507 4702 Si
2541 4647 2673 4700 bona
2711 4648 3007 4714 accepimus
3043 4648 3105 4700 de
3135 4663 3294 4700 manu
3339 4645 3566 4707 Domini,
3605 4637 3723 4694 male

2190 4752 2364 4793 autem
2411 4755 2573 4804 quare
2625 4755 2729 4793 non
2772 4737 3107 4792 toleremus?
3156 4737 3282 4792 Post
3327 4752 3450 4808 qua
3508 4734 3721 4789 universa

2192 4825 2514 4896 praecipuam
2547 4835 2710 4894 atque
2739 4825 3034 4894 perfectam
3064 4826 3250 4894 gloriae
3283 4839 3547 4880 coronam
3574 4816 3726 4876 confe-

2191 4929 2318 4969 rens
2344 4913 2519 4970 Moses
2555 4917 2712 4969 beato
2758 4913 2880 4982 Job,
2905 4915 3042 4968 dicit
3075 4915 3126 4968 in
3163 4913 3643 4985 subsequentibus:
3669 4903 3722 4958 In

2191 5006 2298 5059 illis
2321 5015 2496 5060 autem
2524 5007 2761 5059 omnibus
2783 5023 2901 5076 qua:
2932 5005 3012 5059 illi
3051 5009 3381 5071 acciderunt,
3413 5006 3542 5058 nihil
3567 5013 3724 5070 pecca-

2191 5098 2260 5150 vit
2292 5095 2394 5150 Job
2425 5097 2480 5150 in
2507 5096 2657 5151 labiis
2683 5099 2815 5159 suis,
2851 5111 3016 5165 neque
3041 5098 3096 5150 in
3131 5106 3410 5166 conspectu
3452 5089 3646 5148 Domini
3667 5085 3722 5137 ".

2189 5184 2234 5240 Ο
2264 5185 2397 5249 laus,
2424 5201 2457 5240 o
2482 5187 2676 5253 honor,
2701 5203 2733 5241 ο
2760 5187 2931 5258 gloria
2956 5196 3010 5242 et
3041 5185 3378 5258 suffragium,
3407 5201 3440 5240 o
3468 5175 3724 5238 delectatio

2190 5287 2353 5346 atque
2384 5277 2628 5345 pralatio
2657 5279 2798 5331 beati
2829 5277 2963 5332 Joh!
3004 5278 3143 5342 Quid
3177 5278 3411 5346 primum
3441 5270 3720 5344 magniﬁce-

2190 5379 2276 5423 tur
2299 5369 2430 5437 justi
2461 5369 2640 5423 illius?
2671 5371 2750 5424 An
2783 5372 2927 5438 justa
2957 5386 3019 5424 ac
3050 5373 3135 5440 pia
3166 5373 3273 5424 vita
3311 5369 3428 5438 ejus
3470 5367 3536 5419 ab
3569 5359 3717 5420 initio,

2184 5469 2240 5514 et
2268 5461 2580 5518 misericors
2611 5474 2771 5531 atque
2795 5463 2934 5516 bona
2961 5463 2984 5516 ἲ
3012 5464 3091 5516 An
3132 5460 3421 5516 tolerantia
3449 5457 3716 5511 vehemen-

2183 5552 2317 5606 tium
2368 5553 2618 5608 dolorum
2665 5570 2785 5608 cum
2847 5554 3143 5626 gratiarum
3194 5549 3506 5606 actionibus
3548 5544 3570 5596 ?
3630 5538 3719 5594 Aul

2184 5637 2346 5692 etiam
2377 5639 2478 5693 hoc
2506 5640 2648 5710 quod
2689 5656 2812 5694 cum
2845 5641 3038 5696 callide
3087 5640 3442 5693 seduceretur
3474 5650 3502 5688 a
3531 5626 3716 5688 diabolo
