3942 6528
241 440 356 499 4%
1338 437 1719 496 ANONYMUS
1756 437 1824 494 IN
1861 438 2001 494 JOB.
2038 468 2102 479 —
2143 438 2268 494 LlB.
2310 439 2375 494 11.
3378 443 3482 498 ωδ

243 575 348 632 per
377 573 440 615 os
465 556 672 623 uxoris,
710 554 994 626 sapienter
1047 555 1270 623 restitit,
1297 565 1352 612 et
1384 559 1435 612 in
1465 559 1546 614 his
1569 559 1816 614 omnibus
1848 565 1890 621 Α
1921 561 2131 615 biorum
2163 568 2358 616 cuncta
2406 558 2460 614 in
2508 559 2806 630 gratiarum
2854 561 3122 617 actionem
3156 569 3316 633 atque
3345 578 3477 619 eon-

235 654 449 720 justum
475 665 540 704 ac
571 649 770 704 bonum
802 649 968 701 Deum
995 648 1328 702 existimavit
1353 651 1445 719 qui
1477 652 1594 706 haec
1622 652 1672 706 ei
1706 653 1819 705 uni-
1921 650 2207 706 fessionem
2239 651 2330 706 Dei
2357 661 2720 708 converteret.
2755 653 3048 709 Evidenter
3080 653 3315 724 implevit
3355 653 3477 710 bea-

239 759 402 798 versa
435 742 573 797 bene
600 741 870 812 ingessit?
923 741 1046 796 Haec
1085 741 1266 812 itaque
1316 743 1699 799 demonstrans
1737 745 1820 800 di-
1919 750 2005 796 tus
2041 741 2128 795 ille
2161 742 2322 797 homo
2367 744 2507 812 quod
2539 752 2660 813 post
2707 745 2810 799 hoc
2860 745 2928 798 ab
2974 744 3229 813 Apostolo
3269 745 3473 800 dictum

237 837 358 891 cit:
391 834 457 889 In
481 834 563 888 his
594 835 833 888 omnibus
865 849 983 903 quae
1007 833 1056 885 ei
1085 835 1388 887 acciderunt
1426 835 1560 887 nihil
1584 836 1816 902 peccavit
1918 845 2000 889 est
2026 854 2036 888 :
2074 834 2376 904 Clori/icate
2403 835 2568 892 Deum
2604 838 2658 890 in
2690 853 2909 907 corpore
2930 848 3098 892 vestro
3129 849 3175 893 et
3207 840 3260 892 in
3288 839 3478 908 spiritu

237 925 345 980 Job
386 927 441 979 in
478 925 633 978 labiis
679 926 811 988 suis,
847 940 1012 994 neque
1068 925 1124 978 in
1174 932 1451 990 conspectu
1485 924 1719 980 Domini.
1755 926 1812 980 In
1919 935 2085 979 vestro
2132 927 2230 982 ⁸⁷⁸.
2270 926 2415 996 Ergo
2449 927 2573 995 quia
2610 941 2640 981 a
2670 929 2848 982 verbis
2879 929 3142 983 labiorum
3192 944 3364 999 usque
3414 931 3480 983 ad

236 1019 348 1082 his,
387 1017 582 1085 inquit,
611 1014 865 1069 omnibus
899 1014 1165 1085 plurimis,
1198 1016 1406 1084 magnis
1437 1031 1501 1070 ac
1547 1017 1815 1071 mirabili-
1917 1018 2096 1070 cordis
2121 1018 2478 1088 cogitationes
2509 1018 2911 1072 immaculatum
2965 1034 3022 1073 se
3073 1028 3128 1072 et
3164 1019 3476 1073 inviolatum

240 1111 345 1165 bus
401 1119 563 1177 atque
624 1107 982 1164 terribilibus.
1037 1106 1473 1163 lamentabilibus
1501 1124 1715 1178 quoque
1748 1125 1814 1164 ac
1918 1117 2080 1176 atque
2137 1109 2616 1162 incontaminatum
2670 1109 3016 1164 conservavit
3071 1110 3124 1162 in
3178 1118 3475 1180 conspectu

237 1200 648 1255 miserabilibus
673 1199 869 1268 quibus
900 1199 1101 1253 similia
1125 1209 1276 1272 gesta
1314 1215 1418 1254 non
1454 1208 1604 1265 sunt,
1637 1201 1688 1254 in
1717 1201 1788 1254 mi
1802 1230 1819 1243 ε
1921 1196 2155 1264 Domini,
2197 1208 2450 1268 tanquam
2479 1200 2524 1254 si
2561 1199 2790 1266 diceret,
2817 1214 2991 1268 neque
3025 1199 3125 1254 hoc
3150 1201 3318 1268 gessit
3339 1204 3478 1270 quod

237 1294 403 1348 seriis
453 1302 616 1361 atque
661 1292 714 1346 in
765 1291 1197 1355 infelicitatibus,
1241 1295 1294 1346 in
1329 1293 1581 1348 omnibus
1627 1309 1745 1363 qua
1784 1309 1815 1348 a
1919 1289 2166 1356 plurimis
2194 1290 2413 1353 accidit,
2469 1300 2528 1344 ut
2579 1289 2866 1346 labascunt
2909 1292 2962 1345 in
2999 1292 3162 1346 verbo
3188 1302 3242 1346 et
3273 1307 3376 1346 non
3413 1307 3477 1346 ex

237 1383 444 1438 saeculo
465 1393 591 1437 sunt
620 1380 788 1446 facta,
823 1392 878 1437 et
911 1384 1039 1437 lient
1069 1399 1239 1454 usque
1269 1384 1322 1437 in
1361 1394 1647 1448 internum,
1687 1386 1813 1454 qui-
1917 1381 2100 1436 corde.
2141 1379 2256 1433 Non
2305 1380 2446 1433 enim
2499 1380 2679 1450 lapsus
2715 1390 2799 1435 est
2826 1380 2878 1434 in
2915 1395 3166 1454 sermone
3195 1381 3477 1446 labiorum,

237 1472 340 1527 bus
385 1471 584 1526 similia
645 1471 758 1525 visa
816 1485 923 1525 non
953 1479 1101 1538 sunt,
1143 1487 1316 1540 neque
1353 1473 1535 1527 audita
1568 1473 1668 1527 sub
1702 1473 1815 1528 sole
1911 1472 2067 1541 juxta
2099 1473 2200 1526 hoc
2226 1471 2369 1539 quod
2399 1473 2601 1526 dictum
2625 1480 2707 1526 est
2734 1471 2962 1539 quodam
2997 1471 3047 1524 in
3085 1471 3204 1527 loco
3232 1471 3285 1526 in
3329 1470 3480 1527 Scri-

235 1563 306 1616 ab
349 1562 506 1616 initio
535 1559 717 1616 saeculi
749 1570 804 1617 et
827 1577 995 1631 usque
1049 1562 1102 1616 in
1151 1563 1676 1618 consummationem
1714 1579 1813 1618 εξε-
1914 1572 2072 1633 ptura
2103 1577 2118 1616 :
2151 1562 2243 1616 Est
2277 1563 2365 1631 qui
2393 1562 2617 1615 labascit
2648 1561 2703 1614 in
2721 1561 2890 1625 verba,
2924 1562 2998 1614 vel
3026 1563 3081 1616 in
3098 1579 3184 1617 ore
3209 1573 3255 1617 et
3289 1581 3392 1618 non
3417 1580 3480 1618 ex

233 1651 509 1706 culorum.
536 1649 593 1703 lu
619 1650 740 1705 istis
775 1664 904 1720 ergo
941 1651 1200 1705 omnibus
1229 1650 1362 1705 nihil
1397 1652 1644 1717 peccavit
1687 1651 1811 1717 Job,
1915 1652 2088 1706 corde.
2139 1652 2280 1722 Ergo
2327 1653 2450 1719 quia
2507 1654 2696 1708 beatus
2748 1652 2848 1708 Job
2895 1654 3043 1708 nullo
3092 1654 3252 1708 modo
3297 1654 3480 1724 lapsus

241 1744 502 1814 neque-in
537 1744 718 1798 verbis
765 1743 1056 1810 labiorum,
1098 1754 1271 1812 neque
1311 1745 1363 1796 in
1408 1744 1520 1798 oris
1561 1743 1810 1814 eloquiis,
1915 1753 2023 1808 est,
2059 1759 2233 1812 neque
2281 1743 2333 1797 in
2378 1757 2493 1807 ore,
2527 1759 2702 1812 neque
2727 1745 2778 1798 in
2809 1760 3082 1812 sermone,
3112 1759 3285 1814 neque
3312 1745 3363 1799 in
3397 1746 3475 1800 la-

234 1852 419 1907 neque
439 1836 494 1891 in
523 1837 706 1890 cordis
741 1835 1181 1906 cogitatiOnibus,
1217 1851 1390 1905 neque
1425 1835 1478 1890 in
1501 1837 1666 1891 animi
1705 1853 1813 1891 me-
1917 1835 2043 1898 biis,
2074 1850 2248 1905 neque
2296 1836 2346 1889 in
2397 1836 2581 1899 corde,
2616 1844 2900 1905 propterea
2935 1835 3289 1907 magniﬁcans
3325 1836 3474 1892 illum

233 1927 616 1982 dilationibus.
670 1925 825 1993 Quod
875 1937 1054 1979 autem
1093 1926 1164 1980 ita
1213 1927 1308 1990 sit,
1343 1928 1578 1982 ostendit
1602 1941 1722 1982 mox
1757 1928 1808 1982 in
1846 1907 1886 1964 Β
1921 1942 2147 1999 magnus
2187 1927 2276 1982 ille
2301 1928 2464 1982 homo
2503 1927 2593 1982 Dei
2625 1926 2820 1990 Moses,
2861 1927 3136 1982 admirans
3170 1942 3380 1997 quoque
3416 1944 3481 1984 ac

233 2019 696 2087 subsequentibus
722 2018 909 2072 dicens
936 2036 949 2071 :
986 2017 1169 2088 Neque
1196 2020 1250 2073 in
1279 2019 1434 2074 labiis
1475 2021 1610 2086 suis,
1649 2037 1811 2090 neque
1919 2019 2142 2072 laudans
2168 2031 2292 2072 eum
2319 2017 2488 2072 dicit:
2523 2016 2589 2070 In
2615 2017 2695 2071 liis
2734 2018 2994 2085 omnibus,
3026 2035 3143 2088 qua:
3177 2007 3480 2073 acciderunt

233 2112 289 2163 in
315 2118 603 2178 conspectu
637 2109 869 2174 Domini,
891 2118 946 2164 et
977 2124 1083 2165 non
1113 2103 1400 2166 suli‘ecerat
1472 2122 1531 2166 ut
1583 2113 1808 2178 diceret,
1916 2114 1985 2178 ei,
2006 2129 2107 2166 non
2135 2113 2363 2181 peccavit
2386 2111 2487 2166 Job
2510 2114 2566 2166 in
2595 2111 2749 2166 labiis
2776 2112 2906 2176 suis,
2938 2128 3098 2182 neque
3120 2114 3174 2166 in
3207 2124 3482 2179 conspectu

233 2217 401 2272 neque
419 2201 477 2254 in
512 2210 790 2268 conspectu
819 2200 1055 2266 Domini,
1083 2202 1176 2258 sed
1209 2212 1260 2256 et
1312 2202 1415 2257 hoc
1449 2203 1605 2268 dixit,
1650 2220 1812 2271 neque
1920 2202 2150 2258 Domini.
2198 2202 2311 2269 Sic,
2353 2205 2550 2274 inquit,
2600 2203 2850 2258 transivit
2891 2205 3224 2260 admirabilis
3255 2207 3357 2261 θοι)
3381 2221 3484 2260 sze-

231 2293 285 2346 in
313 2292 476 2346 labiis
499 2295 631 2345 suis.
665 2291 803 2358 Quid
853 2301 933 2346 est
992 2294 1115 2358 hoc,
1157 2309 1318 2365 neque
1368 2294 1424 2347 in
1470 2294 1627 2348 labiis
1657 2297 1812 2350 suis?
1923 2295 2204 2350 vissimum
2257 2295 2387 2348 illud
2439 2293 2680 2349 dolorum
2715 2294 2958 2364 pelagus,
2991 2295 3072 2350 sic
3097 2296 3482 2363 superavitin-

232 2384 317 2438 vel
343 2382 480 2452 quid
510 2384 611 2438 hoc
641 2391 741 2448 est,
792 2399 955 2452 neque
980 2385 1036 2437 in
1081 2395 1358 2453 conspectu
1422 2384 1810 2440 Domini?Au-
1918 2386 2308 2456 explorabilem
2359 2402 2512 2442 suam
2561 2387 2922 2440 teutatlonum
2970 2386 3389 2453 multitudinem,
3422 2396 3482 2442 ut

232 2477 369 2539 dite,
406 2491 439 2530 o
479 2475 663 2540 amici,
695 2477 994 2530 veridicam
1031 2476 1452 2544 expositionem.
1476 2477 1628 2544 Quod
1661 2478 1808 2542 dicit,
1921 2479 2056 2532 nihil
2092 2485 2364 2548 peccaret,
2391 2491 2566 2547 neque
2595 2477 2649 2531 in
2684 2476 2844 2531 labiis
2883 2477 3014 2538 suis,
3053 2492 3229 2547 neque
3261 2478 3313 2532 in
3355 2493 3482 2534 con-

232 2569 286 2621 in
313 2578 598 2634 conspectu
626 2566 862 2633 Domini,
896 2567 998 2622 hoc
1026 2577 1130 2631 est,
1168 2568 1350 2622 cordis
1379 2569 1729 2638 cogitatione,
1757 2579 1812 2623 et
1919 2578 2105 2639 spectu
2148 2569 2379 2624 Domini.
2414 2569 2557 2624 Ante
2609 2569 2934 2624 tcntationes
2983 2584 3085 2622 non
3131 2571 3394 2638 peccavit,
3427 2570 3482 2625 in

232 2660 436 2711 anima:
471 2656 739 2726 profundo
775 2667 1007 2712 tractatu
1041 2660 1301 2714 adversus
1350 2659 1521 2713 Deum
1558 2660 1688 2713 nihil
1716 2675 1812 2715 co-
1925 2659 2313 2714 tentationibus
2353 2675 2460 2714 non
2489 2660 2760 2729 peccavit.
2787 2658 2831 2716 0
2856 2661 3011 2716 beate
3042 2658 3164 2726 Job,
3189 2661 3312 2730 quis
3339 2663 3483 2715 simi-

232 2749 415 2818 gitans
447 2749 500 2801 in
535 2749 956 2818 reprehensione
985 2759 1039 2803 et
1070 2753 1120 2804 in
1149 2750 1482 2820 blasphemia
1513 2762 1680 2822 atque
1707 2753 1812 2806 cri-
1922 2751 1990 2806 lis
2021 2749 2115 2805 tibi
2157 2751 2484 2822 gloriabitur
2533 2761 2756 2822 propter
2779 2749 3092 2820 justitiam?
3131 2751 3370 2807 Mortuus
3400 2761 3482 2807 est

231 2840 537 2893 minatione
587 2855 707 2909 quae
753 2839 830 2893 in~
854 2849 1150 2909 conspectu
1208 2841 1300 2896 Dei
1352 2842 1684 2911 deprimunt,
1719 2843 1811 2912 qui
1920 2842 2074 2910 Abel,
2108 2844 2202 2896 sed
2234 2842 2400 2898 semel
2427 2851 2481 2898 et
2512 2843 2768 2898 celeriter
2797 2854 2880 2898 est
2903 2856 3147 2899 mortuus
3181 2858 3196 2897 :
3247 2845 3482 2920 admira-

233 2930 469 2999 inquirit
493 2945 648 2985 renes
699 2938 754 2985 et
793 2932 980 2994 corda,
1033 2933 1123 3000 qui
1172 2932 1325 2985 novit
1362 2933 1573 2986 occulta
1607 2934 1810 3000 cordis,
1918 2933 2041 2988 bilis
2072 2950 2199 2988 vero
2224 2932 2327 2990 Job
2353 2950 2475 2990 cum
2509 2933 2654 2988 inille
2685 2944 2890 2989 mortes
2908 2936 3226 3001 sustineret,
3250 2946 3479 2990 mortem

232 3022 380 3076 sicut
418 3022 549 3074 dicit
600 3021 903 3090 Scriptura.
952 3021 1128 3078 Verba
1179 3033 1360 3077 autem
1411 3023 1676 3078 labiorum
1709 3024 1812 3077 alio
1919 3027 2215 3095 superavit,
2253 3035 2483 3081 mortem
2508 3024 2664 3091 vicit,
2698 3025 2751 3078 in
2783 3034 2958 3080 morte
3003 3027 3285 3081 victoriam
3337 3041 3482 3081 sum-

230 3114 457 3183 quando
486 3128 552 3167 ex
581 3115 742 3167 corde
773 3114 1047 3181 dicuntur,
1079 3114 1367 3183 aliquando
1405 3124 1586 3169 autem
1619 3116 1811 3170 incon-
1919 3116 2050 3184 psit.
2084 3115 2246 3171 Solus
2279 3131 2344 3170 ex
2377 3117 2631 3170 omnibus
2661 3115 2919 3186 antiquis,
2948 3131 3067 3171 cum
3105 3127 3371 3171 mortuum
3395 3133 3482 3174 se-

229 3207 546 3261 sideranter
568 3206 915 3275 proferuntur
944 3223 1011 3262 ex
1062 3207 1353 3270 incautela,
1385 3215 1440 3261 et
1470 3221 1575 3260 non
1599 3223 1666 3261 ex
1702 3208 1810 3260 ini-
1841 3254 1882 3310 Ο
1919 3209 2205 3277 metipsum
2239 3209 2550 3278 inspiceret,
2585 3222 2614 3262 a
2656 3218 2832 3262 morte
2863 3223 2966 3262 non
2999 3208 3320 3277 trepidavit:
3353 3223 3477 3262 nam

230 3299 466 3366 quitate,
517 3312 692 3367 neque
731 3311 799 3351 ex
850 3299 1227 3354 malevolentia
1272 3316 1285 3352 :
1339 3299 1448 3353 sed
1500 3298 1814 3367 frequenter
1844 3297 1882 3310 ν
1917 3298 2051 3353 vidit
2088 3297 2222 3353 ellici
2291 3308 2560 3363 mortuos,
2614 3313 2735 3353 eum
2779 3299 3031 3353 nimirum
3079 3299 3214 3354 vidit
3281 3310 3481 3354 semet-

228 3406 327 3446 ore
364 3390 605 3459 loquitur
635 3392 822 3454 homo,
854 3392 995 3460 quod
1036 3393 1259 3446 omnino
1314 3390 1480 3446 corde
1518 3404 1691 3459 neque
1723 3405 1813 3445 co-
1919 3389 2092 3458 ipsum
2119 3389 2233 3442 lieri
2256 3389 2593 3458 putredinem
2619 3397 2675 3444 et
2699 3402 2927 3451 vermes,
2953 3390 3045 3444 sed
3073 3406 3178 3445 non
3213 3389 3332 3444 ideo
3354 3401 3482 3447 ante

229 3484 452 3553 gitavit,
484 3498 583 3538 nec
617 3485 841 3553 cogitat.
875 3484 1017 3550 Ergo
1057 3483 1182 3554 quia
1231 3482 1571 3536 admirabilis
1611 3495 1674 3536 ac
1713 3497 1808 3550 pa-
1918 3490 2144 3535 mortem
2180 3480 2416 3550 expavit,
2451 3481 2546 3535 sed
2580 3490 2804 3534 mortem
2846 3481 2900 3534 in
2945 3480 3124 3551 l'ugam
3155 3481 3318 3535 vertit
3351 3467 3474 3536 cuni

231 3574 598 3630 tientissimus
618 3574 740 3639 Job,
773 3590 895 3630 cum
926 3575 981 3630 in
1022 3585 1200 3630 tantas
1235 3575 1610 3629 tribulatioues
1634 3582 1812 3627 trans-
1915 3571 2170 3625 omnibus
2227 3571 2343 3642 ejus
2390 3572 2721 3642 argumentis
2767 3581 2927 3642 atque
2967 3574 3220 3627 versutiis
3249 3583 3302 3628 et
3349 3587 3472 3627 cum

229 3669 359 3735 iret,
385 3678 444 3722 et
472 3677 653 3721 tantos
683 3667 901 3722 dolores
955 3667 1218 3723 nefandos
1243 3667 1564 3731 sustineret,
1603 3674 1805 3720 tantas-
1915 3664 2117 3734 iniquis
2145 3663 2264 3734 ejus
2288 3664 2641 3718 exercitibus.
2673 3663 2808 3717 Nam
2840 3679 2958 3717 eum
2991 3679 3205 3718 omnem
3239 3673 3478 3734 potesta-

228 3773 337 3830 que
365 3760 712 3815 seductiones
741 3769 1063 3828 superaret:
1099 3773 1281 3828 neque
1305 3759 1358 3812 in
1394 3758 1556 3812 corde
1611 3759 1808 3811 malum
1916 3761 2024 3808 tem
2066 3755 2120 3808 in
2173 3771 2297 3810 eum
2329 3756 2601 3824 acciperet
2633 3771 2778 3810 mors
2810 3756 2935 3825 (hoc
2963 3766 3046 3810 est
3072 3755 3476 3822 diabolus)abs-

229 3853 296 3906 de
336 3851 473 3915 Deo,
512 3867 690 3920 neque
719 3854 981 3905 adversus
1023 3850 1192 3905 Deum
1238 3850 1518 3919 cogitavit,
1557 3864 1729 3917 neque
1757 3850 1808 3902 in
1914 3860 2018 3914 que
2056 3848 2238 3900 anima
2287 3847 2423 3912 sola,
2456 3856 2510 3901 et
2543 3857 2601 3901 ut
2635 3857 2944 3917 percuteret
2965 3857 3020 3903 et
3058 3856 3115 3901 ut
3140 3848 3479 3902 cxulceraret

233 3943 396 3997 labiis
431 3946 547 3998 suis
577 3958 674 4012 per
711 3943 975 3998 incuriam
1027 3942 1192 3996 ullum
1247 3956 1472 4012 parvum
1502 3955 1809 3995 sermonem
1913 3947 1969 3992 et
1999 3946 2057 3990 ut
2088 3947 2364 4006 torqueret
2385 3948 2440 3992 et
2465 3947 2522 3992 ut
2552 3941 2856 4003 seduceret,
2894 3954 3015 3994 cum
3055 3949 3248 3993 cuncta
3279 3954 3478 3994 secun—

229 4035 482 4105 protulit,
531 4044 817 4104 pr0pterea
872 4034 1226 4100 magnificans
1287 4032 1439 4087 illum
1482 4042 1537 4086 et
1587 4032 1812 4088 laudans
1913 4027 2040 4082 dum
2087 4027 2339 4083 virtutem
2392 4042 2546 4082 suam
2595 4029 2922 4084 insatiabilis
2972 4044 3128 4084 mors
3169 4039 3474 4095 exerceret.

228 4139 395 4199 atque
475 4125 757 4194 perferens
809 4125 974 4180 dicit:
1014 4122 1082 4176 In
1123 4125 1206 4177 his
1283 4123 1527 4176 omnibus
1601 4139 1719 4191 qua:
1762 4124 1811 4176 ei
1915 4132 2254 4187 nequaquam
2311 4119 2605 4189 quidquam
2654 4120 2879 4189 justitiae
2921 4119 2978 4172 in
3025 4120 3116 4174 illo
3151 4121 3307 4174 beato
3339 4123 3476 4176 mori

228 4221 544 4273 acciderunt
581 4233 685 4269 non
731 4216 958 4284 peccavit
999 4214 1124 4279 Job,
1167 4230 1331 4283 neque
1382 4215 1436 4266 in
1483 4214 1636 4268 labiis
1677 4215 1809 4281 suis,
1913 4210 2107 4279 potuit.
2144 4208 2350 4264 Idcirco
2380 4224 2526 4264 mors
2553 4211 2692 4278 apud
2719 4209 2821 4265 Job
2862 4220 3071 4264 mortua
3097 4221 3325 4266 estcum
3352 4228 3473 4268 om-

228 4327 395 4381 neque
429 4311 484 4363 in
508 4318 784 4377 conspectu
820 4308 1047 4361 Domini.
1082 4307 1163 4360 Ac
1191 4307 1236 4360 si
1271 4307 1511 4360 diceret:
1544 4306 1588 4359 0
1617 4321 1808 4373 magna
1911 4301 2069 4355 nibus
2094 4299 2397 4356 eﬂicientiis
2425 4302 2538 4356 suis
2563 4317 2577 4356 :
2599 4303 2809 4370 justitia
2846 4317 2976 4358 vero
3009 4319 3128 4372 quae
3173 4304 3225 4357 in
3272 4319 3338 4359 eo
3373 4305 3477 4366 pri-

228 4404 398 4471 atque
424 4399 721 4454 vehemens
756 4398 1066 4463 admiratio,
1108 4413 1142 4451 o
1170 4412 1360 4464 magna
1404 4405 1568 4465 atque
1621 4397 1810 4466 ingens
1911 4393 2030 4446 dem
2060 4392 2297 4461 vigebat,
2329 4394 2500 4461 magis
2533 4408 2596 4448 ac
2619 4395 2790 4462 magis
2820 4395 2873 4448 in
2901 4394 2994 4449 illo
3023 4395 3223 4451 divinis
3251 4395 3479 4450 visioni-

229 4495 497 4564 patientta
531 4490 660 4554 viri,
691 4498 749 4542 ut
787 4489 840 4542 in
873 4487 1126 4542 omnibus
1154 4497 1263 4541 tam
1318 4486 1510 4540 validis
1535 4487 1811 4541 doloribus
1910 4484 2011 4540 bus
2059 4493 2225 4553 atque
2273 4484 2455 4538 divino
2500 4485 2771 4554 colloquio
2825 4487 3040 4540 revixit.
3091 4484 3136 4540 Ο
3191 4487 3348 4540 beate
3370 4485 3471 4542 Job

226 4593 396 4653 atque
425 4583 480 4635 in
507 4581 756 4634 omnibus
781 4577 998 4647 iugibus
1032 4579 1228 4648 pinnis,
1277 4577 1352 4632 ita
1395 4593 1455 4632 se
1489 4579 1682 4633 beatus
1720 4578 1807 4632 ille
1837 4627 1882 4682 Β
1912 4575 2101 4630 vivens
2129 4578 2182 4629 in
2210 4583 2527 4644 perpetuum
2559 4576 2697 4646 apud
2732 4576 2919 4640 Deum,
2965 4586 3018 4631 et
3059 4577 3232 4631 victor
3264 4593 3479 4648 perma-

226 4675 574 4736 observaret,
629 4681 687 4725 ut
729 4673 954 4725 omnino
997 4685 1098 4724 nec
1149 4671 1201 4724 in
1245 4671 1400 4725 labiis
1439 4671 1554 4725 suis
1599 4685 1700 4724 nee
1750 4670 1804 4724 in
1840 4665 1880 4682 "'
1914 4680 2048 4721 nens
2101 4665 2154 4719 in
2205 4675 2497 4737 conspectu
2550 4667 2693 4737 regis
2736 4668 2973 4734 Domini,
3020 4684 3116 4723 ora
3167 4683 3265 4737 pro
3312 4670 3472 4723 nobis

226 4766 396 4824 corde
419 4779 520 4819 suo
559 4765 706 4818 circa
737 4763 902 4818 Deum
940 4763 1297 4830 delinqueret.
1325 4759 1460 4816 Nam
1495 4762 1638 4816 sicut
1680 4776 1804 4816 cor-
1915 4758 2152 4822 miseris,
2196 4766 2258 4812 ut
2290 4760 2452 4814 etiam
2509 4773 2608 4814 nos
2653 4760 2911 4813 terribilis
2961 4757 3054 4813 Dei
3100 4759 3473 4813 misericordia

227 4857 316 4913 dis
342 4857 429 4912 sui
457 4853 815 4924 cogitationes
861 4863 1026 4924 atque
1073 4853 1239 4907 animi
1297 4854 1379 4908 sui
1422 4853 1802 4908 meditationes
1912 4860 2158 4922 protegat
2183 4852 2234 4906 in
2265 4852 2514 4907 omnibus
2556 4851 3018 4918 tribulationibus,
3067 4861 3123 4904 et
3169 4850 3364 4919 eripiat
3405 4851 3474 4902 ab

230 4960 418 5005 castas
446 4962 636 5002 omnes
658 4960 721 4999 ac
751 4948 985 5000 mundas
1013 4945 1381 5012 conservavit,
1410 4955 1466 5000 et
1493 4961 1600 5001 non
1642 4959 1806 5014 prave
1912 4943 2163 4998 omnibus
2207 4942 2654 5014 Oppressionibus
2705 4943 2965 5012 maligni;
3011 4950 3068 4996 et
3125 4949 3477 4996 connumeret

227 5042 375 5097 circa
404 5042 573 5096 Deum
610 5040 906 5108 cogitavit:
939 5039 1008 5092 ita
1037 5054 1065 5092 a
1101 5039 1280 5094 verbis
1332 5038 1600 5093 labiorum
1635 5046 1801 5106 atque
1914 5051 2014 5091 nos
2037 5050 2157 5090 cum
2187 5034 2371 5104 justis,
2396 5043 2450 5087 et
2474 5032 2789 5088 conscribat
2813 5047 2912 5087 nos
2937 5047 3058 5086 cum
3101 5031 3188 5086 his
3216 5030 3302 5099 qui
3328 5029 3474 5084 salvi

229 5136 344 5191 oris
382 5133 616 5203 eloquiis
647 5131 978 5197 observavit,
1009 5140 1069 5185 ut
1101 5143 1201 5184 nec
1234 5129 1400 5185 corde
1428 5130 1806 5196 delinqueret,
1914 5127 2069 5191 liunt,
2101 5135 2156 5180 et
2180 5125 2522 5195 requiescere
2573 5138 2672 5177 nos
2704 5124 2869 5178 faciat
2908 5139 3032 5178 eum
3069 5123 3180 5177 illis
3209 5122 3262 5176 in
3301 5135 3472 5190 regno

231 5241 412 5297 neque
439 5226 493 5279 in
529 5239 780 5280 sermone
812 5232 1083 5292 peccaret,
1117 5222 1214 5278 sed
1240 5231 1408 5276 totum
1453 5222 1804 5290 semetipsum
1908 5232 2032 5282 suo,
2085 5217 2176 5271 ubi
2245 5226 2505 5287 perpetuo
2575 5230 2699 5270 cum
2784 5220 2988 5270 sanctis
3055 5212 3468 5284 magniﬁeemus
3559 5207 3568 5255 ε

227 5328 284 5374 ει
311 5318 496 5374 cordis
520 5315 743 5373 consilia
778 5325 832 5371 et
874 5331 1144 5372 sermonis
1185 5314 1398 5386 eloquia
1427 5323 1482 5369 et
1525 5310 1691 5368 verba
1717 5310 1798 5366 Ia-
1903 5308 2073 5365 illum.

301 5495 382 5528 ’τ’
408 5494 431 5551 l
457 5495 582 5551 Cor.
631 5511 702 5560 vt,
733 5494 826 5550 20.
