3902 6526
483 431 591 492 495

497 584 754 598 μ*

1565 429 1942 489 ΑΝοΝγΜυς
1974 432 2042 486 ΙΝ
2081 432 2216 488 JOB.
2257 465 2326 476 —
2363 434 2490 491 LIB.
2529 433 2616 490 Ill.

3619 428 3725 486 696

1628 737 1974 826 LIBER
2054 737 2613 828 TERTIUS.

554 1098 775 1170 Magnos
814 1112 878 1152 ac
907 1095 1166 1166 plurimos
1193 1094 1486 1164 stupendos
1507 1106 1724 1163 quoque
1771 1104 1836 1144 ac
1890 1087 2045 1143 terri-
2081 1092 2123 1148 Α
2157 1089 2298 1154 nias,
2342 1087 2476 1143 alios
2515 1087 2582 1142 ad
2617 1087 2882 1156 rapinas,‘
2908 1085 3046 1141 alios
3091 1083 3157 1139 ad
3205 1084 3342 1139 alias
3375 1080 3730 1154 iniquitates,

493 1191 628 1246 biles
667 1190 770 1245 Joh
803 1191 1014 1244 dolores
1044 1190 1097 1242 in
1136 1185 1377 1258 praefatis
1403 1183 1909 1246 demonstravimus,
1937 1193 2042 1233 non

488 1283 646 1352 juxta
679 1285 934 1338 meritum
959 1280 1090 1350 justi
1129 1279 1295 1346 illius,
1343 1276 1437 1331 sed
1462 1275 1615 1345 juxta
1650 1273 1903 1327 virtutem
1943 1286 2044 1322 no-

491 1387 620 1429 stra:
655 1375 1030 1438 humanitatis,
1079 1379 1134 1426 et
1175 1367 1469 1425 secundum
1520 1365 1718 1418 donum
1750 1362 1864 1416 Dei.
1915 1360 2050 1426 Quis

496 1467 640 1522 enim
670 1466 824 1535 juxta
855 1465 1107 1519 meritum
1139 1459 1338 1532 poterit
1365 1457 1571 1526 justum
1605 1455 1755 1510 illum
1800 1452 2046 1524 magniﬁ-

484 1571 630 1622 care,
663 1571 820 1627 quem
851 1555 966 1626 ipse
997 1555 1281 1616 Dominus,
1311 1550 1400 1620 qui
1423 1550 1585 1605 corda
1613 1546 1913 1618 cognoscit,
1935 1559 2050 1600 ma-

483 1649 747 1720 gnificans
774 1647 947 1702 dicit:
985 1649 1100 1700 Non
1134 1654 1207 1698 est
1231 1642 1414 1696 simili:
1465 1640 1542 1694 illi
1588 1640 1864 1711 quisquam
1893 1653 2048 1706 super

488 1749 687 1795 terram
721 1727 815 1792 ’3?
855 1737 911 1792 Si
950 1737 1117 1806 igitur
1164 1745 1291 1790 ante
1341 1735 1646 1804 passionem
1693 1743 1797 1785 non
1835 1729 1935 1783 fuit
1974 1729 2049 1784 illi

483 1833 680 1889 similis
711 1835 994 1902 quisquam
1023 1841 1188 1898 super
1217 1836 1445 1890 terram,
1487 1827 1530 1879 si
1559 1831 1738 1877 autem
1782 1835 1880 1876 nec
1924 1829 2048 1873 ante

481 1941 583 1981 nec
611 1934 793 1994 postea
817 1923 918 1976 fuit
951 1921 1030 1975 illi
1069 1919 1262 1975 similis
1297 1917 1585 1988 quisquam
1621 1930 1782 1984 super
1821 1923 2042 1978 terram,

484 2018 605 2088 quis
627 2033 691 2072 ex
736 2016 820 2070 his
852 2015 942 2086 qui
973 2024 1098 2069 sunt
1137 2026 1298 2082 super
1335 2022 1563 2074 terram,
1596 2007 1753 2077 juxta
1789 2006 2044 2060 meritum

482 2110 848 2164 narrationem
885 2107 970 2161 vel
997 2105 1208 2160 laudem
1247 2101 1319 2157 illi
1354 2101 1611 2155 exhibere
1643 2099 1863 2168 potest?
1925 2097 2038 2152 Non

481 2202 654 2256 solum
686 2201 828 2254 enim
855 2212 1044 2253 omnes
1068 2193 1338 2258 homines,
1385 2193 1479 2248 sed
1532 2201 1660 2261 puto
1687 2190 1829 2259 quod
1857 2199 1911 2244 et
1947 2204 2044 2241 au.

478 2294 579 2348 deo
611 2294 814 2355 dicere,
850 2291 1012 2345 etiam
1073 2287 1217 2357 ipsos
1269 2284 1509 2356 angelos,
1540 2293 1700 2352 atque
1726 2297 1916 2337 omnes
1938 2281 2045 2335 da:-

477 2398 666 2438 niones
697 2380 984 2450 perterruit
1019 2378 1120 2433 Job
1153 2376 1437 2432 tolerantia
1472 2386 1525 2429 et
1550 2373 1852 2431 constantia
1882 2382 2044 2441 atque

475 2475 632 2537 fides,
673 2489 794 2528 cum
839 2472 1001 2525 iterra
1037 2477 1091 2522 et
1132 2468 1299 2522 lutum
1325 2468 1596 2536 superavit
1622 2481 1834 2520 omnem
1871 2465 2039 2518 virtu-
2072 2451 2114 2505 Β

476 2579 583 2624 tem
615 2582 677 2620 ac
702 2561 1072 2618 fortitudinem
1107 2569 1268 2629 atque
1317 2574 1529 2612 onmem
1563 2562 1854 2611 versutiam
1887 2558 2040 2610 inali-

477 2657 720 2730 gnissimi
750 2654 989 2718 diaboli,
1021 2653 1111 2722 qui
1142 2668 1265 2706 cum
1320 2651 1596 2717 acceperit
1627 2650 1676 2702 in
1713 2665 1833 2701 eum
1896 2657 2044 2716 pote-

474 2759 695 2812 statem,
748 2755 942 2800 cuncta
1001 2745 1114 2798 haec
1168 2742 1221 2796 in
1273 2755 1337 2795 eo
1382 2740 1645 2806 exercuit,
1699 2755 1815 2808 quae
1862 2739 2042 2792 omnia

478 2840 641 2896 corda
694 2839 747 2893 in
797 2850 1046 2907 pavorem
1091 2835 1386 2899 deducunt,
1441 2842 1496 2886 et
1549 2847 1761 2884 omnem
1804 2831 2040 2883 animam

473 2943 693 3002 Stupere
752 2931 978 2984 faciunt.
1030 2927 1193 3000 Cujus
1241 2927 1382 2981 enim
1429 2924 1652 2977 alterius
1713 2930 2037 2990 potestatem

473 3025 681 3094 accepit
709 3022 998 3092 aliquando
1025 3019 1286 3084 diabolus,
1312 3016 1415 3071 nisi
1442 3015 1609 3070 solius
1639 3013 1779 3067 Joh?
1808 3015 1864 3066 Si
1894 3014 2039 3067 enim

471 3117 696 3173 alterius
737 3114 1026 3185 cujuslibet
1059 3119 1380 3181 potestatem
1429 3106 1730 3175 accepisset
1774 3104 2038 3169 diabolus,

472 3206 717 3277 profecto
771 3222 875 3261 non
919 3203 1135 3267 lateret,
1171 3204 1264 3258 sed
1300 3201 1388 3256 ille
1431 3199 1570 3254 ineo
1599 3198 1739 3268 quod
1765 3199 1930 3252 etiam
1988 3197 2040 3249 in

473 3299 575 3356 Job
629 3298 870 3354 exercuit
922 3295 1281 3366 perfecisset:
1343 3293 1498 3362 cujus
1533 3306 1650 3345 rem
1719 3289 2038 3343 familiarem

475 3391 747 3463 perdidit,
779 3388 932 3459 cujus
978 3401 1178 3455 corpus
1221 3383 1507 3455 putredine
1544 3396 1608 3436 ac
1639 3382 1912 3434 vermibus
1959 3395 2042 3434 re-

476 3482 682 3553 plevit,
716 3481 804 3534 cui
841 3479 1098 3548 reliquias
1146 3491 1244 3547 pro
1292 3472 1664 3530 consolatione
1695 3487 1798 3526 non
1846 3471 2042 3524 dereli-

472 3578 609 3645 quit,
655 3574 742 3629 cui
776 3586 922 3641 spem
958 3569 1148 3626 salutis
1178 3581 1282 3622 non
1320 3565 1547 3630 dimisit,
1594 3563 1687 3620 sed
1718 3563 1885 3617 solam
1917 3578 2043 3616 uxo-

473 3685 587 3726 rem
614 3683 712 3738 pro
746 3660 1177 3735 supplantatione
1216 3657 1290 3713 illi
1340 3656 1586 3725 reliquit,
1617 3669 1713 3723 per
1743 3670 1903 3724 quam
1947 3669 2040 3707 no-

471 3759 748 3814 vissimam
809 3770 869 3810 ac
902 3751 1250 3808 smvissimam
1291 3748 1437 3802 illam
1485 3747 1734 3815 sagittam
1770 3745 2041 3800 seductio-

474 3851 561 3906 nis
589 3858 748 3918 atque
776 3842 1227 3915 supplantationis
1257 3841 1310 3896 in
1335 3853 1456 3893 eum
1483 3838 1701 3893 dimisit.
1732 3836 1836 3892 Sed
1861 3852 2042 3906 quem-

469 3941 765 3997 admodum
823 3938 918 4008 qui
967 3937 1033 3990 ad
1067 3945 1276 4000 petram
1311 3930 1670 4001 sagittaverit.
1726 3939 1890 3999 petrae.
1920 3928 2039 3997 qui—

472 4038 592 4089 dem
636 4031 769 4088 uihil
800 4030 950 4092 facit,
977 4041 1166 4081 omnes
1199 4037 1330 4078 vero
1361 4023 1582 4094 sagittas
1605 4021 1656 4076 in
1691 4021 2036 4090 semetipsum

478 4125 785 4181 convertit:
817 4123 890 4176 ita
923 4117 1288 4189 nequissimus
1314 4114 1562 4170 diabolus
1601 4127 1721 4168 cum
1753 4111 2036 4168 inviolabi-

461 4218 576 4273 dem
634 4225 840 4288 petram
869 4211 992 4278 Joh,
1019 4221 1180 4280 atque
1218 4207 1702 4263 incontaminatum
1755 4205 2038 4276 sagittaret

472 4310 846 4370 adamantem,
877 4303 1225 4372 semetipsum
1254 4296 1562 4353 vulneravit
1591 4311 1656 4351 ac
1685 4294 1900 4366 dejecit,
1930 4291 2032 4350 Job

467 4415 607 4456 vero
641 4398 774 4454 nihil
806 4396 955 4452 fecit.
995 4394 1118 4448 Haec
1165 4391 1447 4446 audientes
1487 4387 1666 4444 cuncti
1721 4385 2033 4451 credentes,

459 4493 766 4548 observent
812 4502 870 4542 se
928 4484 1218 4554 diligenter
1269 4497 1298 4536 a
1352 4480 1509 4535 malis
1552 4477 1858 4548 colloquiis,
1906 4477 2032 4547 quia

462 4587 814 4648 corrumpunt
870 4592 1039 4631 mores
1089 4576 1247 4629 bonos
1288 4572 1548 4643 colloquia
1595 4569 1737 4623 mala
1777 4567 1850 4634 ”,
1896 4566 2037 4623 sicut

473 4683 598 4745 post
631 4673 749 4727 haec
779 4669 910 4724 dicit
947 4665 1259 4736 Apostolus.
1293 4664 1596 4720 Observent
1619 4675 1679 4716 se
1707 4667 1864 4714 caute
1890 4669 1945 4714 et
1968 4658 2036 4714 ab

477 4763 670 4820 amicis
693 4772 748 4816 et
782 4758 1057 4816 sodalibus
1081 4767 1135 4810 et
1161 4771 1198 4810 a
1228 4754 1540 4831 domesticis
1578 4761 1636 4807 et
1673 4767 1702 4806 a
1731 4751 2038 4822 persuasio-

464 4857 635 4914 nibus
689 4864 846 4924 atque
885 4847 1344 4907 concitationibus
1388 4861 1576 4902 eorum
1620 4862 1636 4901 :
1682 4845 1807 4916 quia
1858 4844 2034 4898 onmis

474 4950 685 5004 amicus
708 4943 1061 5016 supplantans
1089 4939 1429 5011 supplantat,
1464 4949 1626 5008 atque
1655 4936 1922 4992 fallaciter
1951 4935 2034 4988 in-

463 5041 634 5098 cedit.
663 5039 894 5094 Maxime
942 5045 1122 5090 autem
1157 5033 1450 5088 observate
1496 5045 1612 5098 vos,
1659 5038 1820 5098 atque
1853 5035 2033 5080 atten-

2155 1182 2289 1236 alios
2324 1180 2676 1234 nihilominus
2710 1178 2779 1232 ad
2829 1177 3011 1232 odium
3054 1177 3317 1232 adversus
3363 1175 3624 1240 invicem,
3658 1175 3730 1229 ad

2150 1273 2550 1330 contentionem
2591 1285 2807 1339 quoque
2839 1278 2893 1322 et
2917 1268 3182 1339 jnrgium.
3205 1267 3296 1320 Sic
3330 1266 3476 1320 enim
3509 1279 3634 1318 cum
3661 1264 3732 1318 ad

2151 1364 2386 1420 invicem
2438 1361 2796 1432 litigaverint,
2834 1359 2886 1412 in
2917 1359 3022 1412 hoc
3056 1373 3114 1412 se
3150 1356 3455 1411 defensurae
3484 1363 3634 1420 sunt,
3669 1363 3734 1406 ut

2149 1459 2294 1513 viros
2319 1470 2447 1511 suos
2502 1455 2763 1509 adversus
2807 1451 3039 1505 invicem
3082 1450 3366 1505 concitent
3397 1448 3464 1502 ad
3497 1447 3729 1509 bellum,

2149 1549 2214 1602 ad
2242 1546 2586 1602 inimicitiam
2623 1558 2837 1612 quoque
2871 1552 3035 1613 atque
3065 1542 3442 1610 iniquitatem.
3486 1537 3604 1592 lloc
3651 1535 3733 1591 ni-

2151 1640 2348 1693 mirum
2397 1647 2657 1706 operatur
2709 1651 2804 1704 per
2847 1649 2942 1688 eas
2993 1632 3420 1702 malignissimus
3453 1628 3731 1694 diabolus,

2149 1736 2484 1790 succendens
2515 1743 2679 1798 atque
2733 1730 3072 1784 inllaimuans
3096 1728 3267 1784 corda
3299 1741 3492 1781 eorum
3532 1725 3653 1780 zelo
3673 1733 3733 1780 et

2151 1827 2229 1880 ira
2271 1845 2283 1880 :
2331 1837 2385 1878 et
2431 1826 2503 1878 ita
2548 1823 2795 1877 infelices
2823 1823 2970 1876 viros
2993 1837 3119 1875 suos
3157 1829 3214 1874 et
3260 1821 3404 1875 circa
3440 1819 3638 1882 Deum,
3673 1825 3736 1873 et

2149 1914 2295 1968 circa
2329 1913 2561 1966 invicem
2592 1911 2824 1966 odibiles
2856 1911 3110 1973 reddunt,
3145 1921 3198 1964 ut
3227 1911 3319 1963 Dei
3353 1910 3490 1963 iram
3530 1907 3731 1978 acqui-

2151 2016 2296 2072 rant,
2354 2014 2407 2060 et.
2467 2006 2613 2058 circa
2666 2003 2895 2057 invicem
2947 2003 3154 2056 inimici
3207 2010 3622 2071 permaneant:
3675 2011 3732 2056 et

2151 2101 2290 2168 quod
2322 2110 2403 2153 est
2433 2098 2726 2151 maximum
2757 2111 2878 2149 cum
2910 2097 3209 2149 debuerant
3258 2093 3597 2148 unanimiter
3626 2108 3727 2163 pro

2151 2190 2376 2243 invicem
2432 2189 2692 2243 adversus
2736 2188 2982 2241 inimicos
3014 2200 3142 2240 suos
3179 2195 3344 2253 atque
3377 2185 3732 2239 adversarios

2147 2291 2313 2346 stare,
2367 2281 2480 2333 sive
2529 2280 2694 2342 intus,
2745 2277 2862 2331 sive
2900 2276 3053 2339 foris,
3098 2276 3211 2329 sive
3239 2276 3290 2326 in
3321 2273 3486 2337 bello,
3520 2278 3640 2328 sive
3675 2275 3730 2328 in

2150 2375 2368 2444 prmliis,
2427 2385 2480 2427 et
2519 2373 2620 2426 sibi
2671 2371 2899 2425 invicem
2943 2369 3220 2421 intendere
3265 2378 3431 2436 atque
3480 2366 3730 2442 invicem.

2148 2467 2421 2534 adjuvare,
2446 2478 2501 2520 et
2529 2477 2716 2519 mutuo
2765 2479 2948 2520 amore
2999 2471 3144 2530 terga
3189 2441 3523 2520 defendere,
3576 2441 3733 2527 γει)εᾷ

2150 2560 2359 2613 riuntur
2379 2559 2479 2613 sibi
2509 2559 2738 2612 invicem
2764 2555 2965 2610 inimici
3000 2568 3062 2608 ac
3100 2552 3428 2622 proditores,
3457 2561 3626 2620 atque
3671 2550 3728 2604 in

2147 2651 2380 2721 propriis
2410 2651 2579 2705 ruinis
2609 2651 2925 2721 gaudentes.
2978 2646 3107 2700 [late
3149 2645 3406 2697 nimirum
3461 2643 3726 2696 universa

2147 2745 2400 2796 oriuntur
2422 2758 2487 2796 ex
2525 2743 2884 2812 malignarum
2927 2749 3090 2807 atque
3139 2735 3544 2790 contrariarum
3601 2747 3733 2786 uxo-

2152 2849 2266 2886 rum
2304 2834 2652 2900 instigatinne
2683 2847 2745 2885 ac
2777 2832 3132 2900 persuasione
3160 2846 3175 2882 :
3209 2840 3344 2896 quas
3375 2839 3482 2879 non
3524 2824 3734 2878 debent

2148 2929 2336 2983 audire
2364 2927 2438 2980 illi
2474 2927 2562 2993 qni
2593 2927 2734 2978 bene
2765 2923 3078 2993 intelligunt
3125 2921 3253 2985 viri,
3286 2918 3426 2973 sicut
3457 2932 3560 2971 nec
3592 2915 3732 2971 bea-

2143 3029 2230 3074 tus
2268 3017 2370 3072 Joh
2408 3017 2636 3069 audivit.
2681 3015 2970 3083 Propterea
3005 3023 3088 3066 est
3120 3011 3229 3064 Deo
3258 3005 3643 3076 acceptabilis,
3671 3012 3732 3058 et

2147 3111 2264 3165 ideo
2296 3111 2434 3163 inter
2465 3108 2663 3161 choros
2690 3115 3006 3160 sanctorum
3038 3100 3418 3171 magniﬁcatur
3443 3098 3496 3150 in
3535 3110 3731 3164 perpe-

2147 3211 2316 3254 tuum.
2358 3197 2426 3251 Ut
2476 3208 2649 3250 autem
2710 3196 2986 3247 audierunt
3025 3201 3127 3244 (res
3177 3188 3337 3242 amici
3381 3185 3501 3254 ejus
3544 3185 3731 3237 omnia

2145 3287 2298 3357 mala]
2327 3302 2444 3357 quae
2472 3287 2517 3339 ei
2544 3288 2845 3338 acciderunt
2887 3282 2953 3335 ³⁸³.
2999 3280 3070 3335 Ut
3144 3280 3462 3340 audierunt,
3523 3275 3727 3343 inquit.

2144 3382 2184 3434 Α
2218 3394 2324 3450 quo
2349 3377 2667 3433 audierunt?
2695 3375 2935 3429 Primum
2981 3372 3196 3442 quidem
3221 3385 3249 3423 a
3289 3368 3728 3422 transcuntilms.

2145 3471 2276 3538 Quis
2307 3471 2450 3525 enim
2484 3469 2711 3537 eratqui
2746 3483 2847 3521 non
2886 3465 3202 3536 praedicaret
3229 3463 3303 3532 {ea
3330 3475 3453 3529 qua!
3487 3458 3593 3513 Job
3638 3471 3731 3511 ac-

2144 3558 2428 3614 ciderunt?
2462 3558 2592 3611 Puto
2624 3556 2763 3626 quod
2794 3565 2847 3609 et
2885 3556 3056 3623 ipsum
3115 3552 3336 3620 pelagus
3367 3559 3422 3604 et
3450 3563 3569 3613 aer,
3595 3561 3730 3600 veno

2145 3664 2320 3708 torum
2357 3651 2705 3706 nihilominus
2754 3647 3074 3718 spirantium
3115 3644 3306 3708 ﬂabra,
3348 3641 3724 3698 miserabilem

2149 3747 2291 3801 illam
2327 3745 2523 3798 famam
2555 3752 2717 3811 atque
2750 3739 3098 3796 lamentabile
3135 3737 3263 3792 illud
3311 3735 3587 3796 nuntium,
3624 3749 3727 3804 per

2145 3851 2335 3892 omnes
2368 3834 2672 3904 provincias
2702 3831 3102 3886 ventilaverint.
3151 3827 3326 3897 Super
3364 3825 3485 3880 haec
3533 3836 3726 3879 autem

2141 3941 2326 3982 omnes
2367 3926 2612 3980 homines
2659 3924 2750 3992 qui
2783 3923 3034 3978 viderunt
3081 3921 3220 3975 hanc
3267 3934 3378 3972 rem
3406 3928 3462 3971 et
3491 3918 3586 3986 qui
3620 3931 3726 3970 au-

2140 4021 2378 4083 dierunt,
2427 4017 2773 4072 audientibus
2822 4017 2937 4071 haec
2985 4013 3352 4084 divulgahant,
3389 4013 3506 4066 haac
3537 4012 3726 4066 nomi-

2141 4112 2362 4176 nabant,
2393 4112 2459 4165 de
2492 4111 2575 4164 his
2603 4109 3040 4173 sciscitabantur,
3065 4109 3131 4159 de
3167 4106 3252 4160 his
3281 4105 3726 4174 interrogabant,

2139 4203 2270 4258 etin
2304 4202 2461 4266 vicis,
2501 4211 2555 4257 et
2587 4201 2638 4255 in
2678 4199 2852 4254 triviis
2889 4209 2944 4253 et
2990 4199 3042 4251 in
3080 4196 3271 4267 plateis
3295 4194 3556 4257 civitatis.
3582 4203 3640 4248 et
3664 4193 3725 4248 in

2137 4295 2439 4365 porticibus
2486 4293 2796 4357 domorum,
2848 4301 2903 4344 et
2961 4289 3050 4359 qui
3101 4289 3205 4342 iter
3244 4287 3499 4357 agebant,
3555 4295 3726 4355 atque

2137 4393 2325 4434 omnes
2351 4381 2440 4449 qui
2468 4380 2569 4434 sibi
2596 4380 2824 4432 invicem
2859 4378 3062 4447 ubique
3089 4375 3475 4440 occurrebant,
3507 4374 3626 4429 haec
3648 4373 3725 4428 ad

2138 4471 2458 4526 alterutrum
2500 4469 2879 4539 loquebantur,
2915 4468 3089 4521 dehis
3121 4481 3179 4520 se
3215 4463 3448 4519 invicem
3484 4464 3725 4518 interro-

2137 4565 2374 4631 gabant:
2405 4561 2644 4616 maxime
2691 4561 2728 4615 ii
2779 4559 2869 4628 qui
2920 4560 2988 4614 de
3022 4556 3314 4627 longinquo
3339 4553 3634 4609 veniebant
3662 4561 3725 4608 et

2137 4656 2319 4725 aliquo
2350 4652 2854 4723 proﬁciscebantur,
2882 4664 3073 4705 omnes
3107 4648 3304 4719 quibus
3324 4646 3720 4712 occurrebant,

2137 4744 2203 4799 de
2252 4743 2338 4798 bis
2389 4742 2818 4812 interrogabant,
2863 4739 3107 4795 dicentes
3145 4755 3160 4792 :
3207 4736 3262 4792 Si
3313 4752 3503 4791 verum
3541 4747 3646 4799 est.
3682 4751 3723 4792 ο

2134 4835 2260 4901 viri,
2311 4833 2413 4888 hoc
2463 4832 2605 4902 quod
2643 4832 2709 4885 de
2748 4830 2851 4886 Job
2899 4829 3119 4896 dicitur,
3167 4828 3210 4884 si
3257 4843 3448 4883 verum
3479 4839 3569 4883 est
3611 4829 3724 4882 hoc

2134 4927 2276 4998 quod
2307 4927 2372 4981 de
2392 4926 2538 4995 justo
2569 4923 2658 4978 illo
2688 4921 3034 4992 praedicatur,
3060 4919 3215 4988 cujus
3246 4918 3478 4988 justitiis
3505 4918 3719 4972 caelum

2134 5029 2190 5074 et
2223 5029 2365 5074 terra
2415 5025 2582 5085 atque
2629 5027 2822 5069 omnes
2871 5012 3124 5068 homines
3176 5019 3530 5074 attestantur,
3567 5010 3722 5079 quod

469 5136 583 5190 dite
611 5131 896 5188 animabus
922 5125 1144 5191 vestris,
1166 5138 1200 5179 ο
1221 5123 1349 5188 viri,
1385 5122 1452 5176 ah
1489 5120 1678 5176 uxoris
1706 5118 2028 5174 concitatio—
2059 5135 2110 5196 ο
2137 5120 2244 5164 tam
2278 5123 2464 5164 amare
2495 5105 2731 5162 miseriis
2755 5103 2986 5158 amicum
3015 5103 3106 5167 Sil.
3156 5103 3301 5173 (100d
3334 5110 3440 5154 lam
3478 5101 3722 5155 misera-

469 5226 629 5282 nihus
665 5234 826 5292 atque
852 5221 1007 5274 malis
1041 5212 1500 5288 instigationibus.
1543 5212 1656 5267 ἴδει·
1695 5212 1837 5266 hanc
1879 5214 2021 5264 enim

468 5322 523 5375 in
551 5319 738 5374 ultimo
764 5315 1113 5387 supplantare
1143 5307 1247 5365 ‘Job
1281 5308 1439 5360 nisus
1483 5315 1567 5359 est
1620 5301 1884 5361 diabolus,
1929 5312 2025 5368 per

471 5418 618 5471 hanc
647 5425 908 5481 superare
938 5402 1178 5477 speravit
1214 5400 1386 5464 illum,
1421 5413 1578 5466 quem
1608 5409 1709 5464 per
1761 5392 2022 5462 plurimos

465 5518 632 5575 atque
679 5505 924 5572 ingentes
985 5496 1197 5552 dolores
1235 5503 1492 5557 superare
1543 5500 1648 5540 non
1693 5483 1886 5552 potuit.
1915 5481 2024 5536 Per

468 5601 601 5654 istas
636 5597 801 5651 etiam
833 5607 976 5647 nunc
996 5589 1255 5660 plurimos
1278 5579 1562 5643 subvertit,
1593 5591 1688 5646 per
1710 5576 1842 5631 istas
1862 5575 2022 5628 etiam

465 5705 618 5744 .nunc
641 5687 905 5759 plurimos
933 5683 999 5736 ad
1043 5677 1180 5734 mala
1209 5671 1515 5743 persuadet,
1555 5666 1688 5720 alios
1718 5666 1783 5719 ad
1812 5664 2017 5718 calum-

525 5872 704 5929 ”Job
737 5880 798 5929 tt.
825 5868 881 5921 '5.
959 5863 1049 5917 "1
1076 5861 1202 5918 Cor.
1226 5874 1317 5926 xv,
1349 5857 1439 5914 3'5.
1514 5854 1558 5888 ⁸⁸
1579 5853 1679 5910 Job
1704 5865 1764 5917 tt,
1790 5847 1873 5902 M.

2135 5200 2314 5256 biliter
2342 5213 2630 5269 percussus
2663 5196 2788 5252 sit?
2828 5194 2954 5250 Haec
2999 5203 3162 5264 atque
3213 5193 3298 5247 bis
3343 5190 3546 5245 similia
3584 5205 3718 5246 cum

2133 5291 2450 5361 loquuntur,
2479 5289 2768 5344 veritatem
2805 5286 2873 5340 ab
2898 5286 2980 5341 eis
3016 5286 3088 5339 de
3116 5284 3180 5338 iis
3206 5297 3325 5352 qua:
3345 5291 3722 5357 provenerant

2134 5386 2379 5448 audiunt,
2415 5399 2576 5453 quam
2637 5383 2689 5436 in
2743 5379 3057 5445 longinquo,
3095 5377 3146 5430 in
3176 5389 3390 5430 omnem
3428 5374 3715 5443 regionem

2134 5492 2200 5532 ac
2248 5475 2580 5547 provinciam
2633 5474 3072 5540 deportaverunt.
3131 5466 3470 5534 Quocunque
3519 5465 3719 5534 itaque

2135 5567 2500 5638 pervenerint,
2533 5578 2722 5620 omnes
2749 5564 2996 5630 regiones
3036 5575 3102 5614 ac
3130 5557 3465 5630 provincias,
3511 5556 3720 5610 civita-

2129 5670 2215 5716 tes
2235 5672 2450 5729 quoque
2475 5667 2638 5728 atque
2675 5652 2921 5719 castella,
2944 5648 3247 5707 miserabili
3285 5647 3387 5703 hoc
3430 5646 3627 5703 nuntio
3651 5654 3716 5701 et
