3942 6512
219 403 322 458 £97

1318 395 1703 454 ANONYMUS
1741 393 1807 451 IN
1840 394 1981 453 JOB.
2022 427 2090 438 -—
2127 397 2254 454 LIB.
2292 397 2378 455 III.

3360 398 3464 454 J98

217 512 557 570 lamentabili
588 512 731 566 fama
767 513 1137 582 repleverunt.
1189 513 1494 567 Audierant
1531 527 1660 582 ergo
1689 520 1798 566 tres
1826 515 1874 574 Α
1901 511 2142 566 omnium
2167 513 2398 568 tiliorum
2423 525 2644 568 suorum
2667 503 3064 567 lamentabilem
3083 510 3462 577 perditionem,

215 606 438 662 sodales
475 605 558 658 vel
599 605 758 658 amici
784 605 904 674 ejus
944 605 1044 659 hoc
1084 605 1226 674 quod
1255 602 1368 671 jam
1400 602 1650 658 omnibus
1677 613 1793 656 erat

214 708 431 754 eertum
463 708 628 766 atque
671 698 968 767 cognitum,
1016 697 1307 752 audierunt
1335 697 1500 751 etiam
1527 695 1636 749 isti.
1663 694 1796 748 Nam

214 787 361 842 nihil
414 794 498 840 est
553 786 626 840 ita
686 786 1063 854 praidicabile,
1123 786 1266 841 sicut
1322 785 1502 856 magni
1561 784 1798 838 hominis

215 879 400 936 ruina.
432 877 566 933 Cum
592 879 735 932 enim
767 877 996 947 quilibet
1034 893 1100 932 ex
1133 877 1432 932 humilibus
1461 876 1528 930 ad
1559 875 1799 930 sublimi-

214 980 386 1026 tatem
424 970 756 1040 pervenerit,
798 984 906 1024 non
946 969 1020 1024 ita
1061 970 1261 1038 ubique
1292 968 1412 1040 ejus
1461 967 1669 1023 auditio
1714 967 1796 1033 ﬁt,

212 1061 360 1118 sicut
395 1078 518 1117 cum
568 1062 692 1131 quis
742 1076 807 1116 ex
852 1062 1176 1118 sublimibus
1236 1060 1554 1117 humiliatus
1612 1057 1794 1125 fuerit,

210 1156 360 1212 sicut
387 1169 511 1210 cum
552 1157 673 1225 quis
708 1172 937 1227 magnus
969 1155 1262 1221 interierit,
1301 1154 1628 1225 quantocius
1666 1167 1798 1208 ven-

211 1253 400 1300 torum
451 1243 642 1300 ﬂabris
692 1244 834 1299 fama
884 1243 1000 1313 ejus
1049 1260 1266 1301 omnem
1323 1244 1596 1316 regionem
1633 1255 1796 1314 atque

217 1351 444 1395 omnem
480 1337 721 1389 auditum
767 1345 1038 1404 penetrat.
1082 1335 1226 1406 Ergo
1265 1336 1390 1406 quia
1443 1337 1513 1390 ita
1550 1337 1796 1407 provenit

211 1430 282 1484 de
302 1428 458 1498 justo
483 1427 608 1491 Job,
647 1427 881 1496 ideoque
920 1441 1046 1480 cum
1087 1442 1277 1483 omnes
1324 1437 1378 1482 et
1423 1427 1514 1495 qui
1544 1442 1710 1496 prope
1741 1435 1796 1482 et

210 1521 307 1592 qui
355 1521 516 1588 longe
564 1527 724 1573 erant
775 1517 1077 1580 audissent,
1126 1520 1417 1572 audierunt
1469 1518 1632 1572 etiam
1682 1529 1794 1574 tres

209 1613 375 1668 amici
409 1615 530 1680 ejus
569 1611 752 1665 omnia
799 1611 936 1666 mala
969 1627 1089 1682 quia
1131 1612 1180 1666 ei
1219 1611 1554 1664 acciderunt.
1599 1608 1792 1663 Volue-

210 1714 341 1759 runt
378 1703 624 1759 nonnulli
677 1705 861 1759 dicere
912 1705 1053 1774 quod
1095 1704 1369 1758 daemones
1417 1704 1498 1755 eis
1531 1702 1794 1770 praedica-

208 1797 428 1859 verint,
473 1796 614 1862 quod
651 1796 833 1851 nullus
887 1811 955 1850 ex
1011 1795 1344 1866 sapientibus
1402 1795 1613 1864 recipit.
1670 1793 1791 1848 Bla-

1903 615 2022 671 quze
2056 603 2158 656 sub
2186 619 2295 656 uno
2338 603 2444 657 ictu
2478 603 2720 657 omnium
2756 601 2895 657 facta
2928 611 3010 657 est
3044 602 3284 672 pariter?
3320 599 3459 667 Quo-

1900 695 2058 749 modo
2087 695 2357 750 sustineat
2397 694 2472 749 rei
2516 684 2803 749 familiaris
2851 694 3245 762 praecedentem
3288 692 3466 764 jactu-

1901 783 2050 836 ram?
2077 782 2357 850 Quomodo
2391 784 2661 838 sustineat
2709 782 3004 836 terribilem
3047 791 3207 849 atque
3232 781 3466 836 saevissi-

1897 889 2038 930 mam
2056 876 2298 944 corporis
2318 875 2565 945 plagam?
2590 874 2692 928 Pro
2714 874 2819 940 his,
2851 873 3408 941 inquiuiit,nniiiibus,
3434 891 3467 927 ο

1896 967 2020 1029 viri,
2039 965 2242 1037 justum
2270 977 2354 1021 est
2380 965 2651 1020 consolari
2685 965 3114 1021 consolationem
3145 980 3249 1018 non
3271 964 3467 1020 haben-

1898 1067 2026 1123 tem,
2051 1058 2156 1112 iiisi
2190 1057 2361 1112 solam
2396 1059 2448 1112 in
2479 1057 2584 1112 Dco
2607 1072 2759 1125 spem
2787 1055 3101 1111 habentem.
3126 1055 3250 1110 llaac
3289 1058 3468 1126 itaque

1898 1149 2145 1204 universa
2185 1150 2251 1202 ad
2291 1149 2524 1204 invii-em
2568 1149 2885 1218 loquentes,
2925 1148 3038 1201 sive.
3079 1163 3175 1216 per
3225 1149 3462 1212 nuntios,

1896 1239 2010 1295 sive
2030 1255 2126 1312 per
2141 1241 2467 1309 scripturam
2494 1240 2712 1294 boniilli
2730 1256 2793 1295 ac
2816 1239 3052 1310 religiosi
3083 1239 3180 1291 viri
3205 1248 3466 1292 venerunt

1896 1331 2054 1386 simul
2080 1334 2146 1386 ad
2175 1346 2297 1388 eum
2340 1331 2707 1401 unusquisque
2745 1331 2811 1384 de
2859 1329 3075 1384 civitate
3107 1344 3235 1393 sua,
3263 1338 3321 1380 ut
3345 1342 3466 1381 con-

1896 1421 2204 1476 solarentur
2231 1435 2284 1475 et
2314 1422 2598 1476 visitarent
2639 1421 2811 1475 illum.
2861 1421 2928 1484 Ο,
2965 1420 3232 1489 inquiunt,
3269 1419 3354 1473 ille
3374 1418 3462 1487 qui

1898 1516 1950 1568 iit
1983 1513 2234 1569 omnibus
2268 1515 2495 1582 justitiis
2525 1515 2900 1570 teStimoniiiin
2943 1515 3157 1574 habuit,
3205 1524 3463 1582 tanquam

1895 1620 2037 1660 unus
2073 1607 2392 1677 specialiter
2425 1624 2490 1661 ex
2522 1606 2742 1676 iiijustis
2775 1607 3022 1676 punitur.
3059 1605 3151 1659 Ille
3185 1607 3305 1660 sine
3333 1619 3464 1674 que-

1898 1697 2006 1751 rela
2040 1713 2243 1761 verus,
2275 1699 2608 1763 misericors,
2666 1707 2921 1767 tanquam
2974 1712 3112 1748 unus
3165 1710 3231 1749 ex
3284 1696 3464 1764 impiis

1897 1803 2187 1860 percussus
2215 1787 2498 1859 aﬁligitur.
2543 1789 2635 1844 Ille
2661 1791 2753 1859 qui
2787 1799 2908 1844 erat
2942 1788 3036 1842 Dei
3077 1788 3276 1852 cultor,
3300 1797 3464 1856 atque

208 1886 482 1955 sphemiae
509 1887 653 1940 enim
686 1902 868 1942 sermo
891 1897 976 1942 est
1010 1887 1118 1941 hic.
1155 1885 1286 1940 Nam
1317 1886 1392 1940 illi
1423 1886 1522 1939 viri
1551 1886 1645 1940 Dei
1676 1885 1792 1940 cul-
1825 1861 1868 1920 Β
1898 1881 2129 1936 ﬁliorum
2187 1897 2409 1936 suorum
2461 1881 2728 1936 sollicitus
2773 1882 2924 1936 circa
2974 1882 3137 1935 Deum
3180 1879 3460 1943 sacerdos,

212 1986 367 2034 tores
414 1978 652 2046 fuerunt,
694 1989 880 2050 utpote
907 1980 1008 2036 Job
1065 1981 1276 2036 sodales
1313 1991 1473 2051 atque
1500 1981 1684 2046 amici,
1719 1982 1792 2051 pii

213 2086 281 2126 ac
325 2071 441 2125 Deo
469 2074 771 2129 credentes.
805 2073 922 2127 Non
948 2075 1093 2129 enim
1135 2073 1547 2144 ainplexabatur
1575 2072 1679 2130 Job
1707 2073 1792 2143 ju-

215 2175 360 2228 stus,
395 2163 631 2233 iiijiistos
659 2166 743 2218 vel
803 2165 998 2235 impios
1049 2166 1199 2219 viros
1231 2165 1435 2219 amicos
1466 2180 1530 2219 ac
1577 2165 1788 2221 sodales

210 2262 441 2320 habere.
471 2262 678 2318 Idcirco
704 2265 776 2317 ita
805 2263 1173 2333 percipiamus
1215 2279 1314 2319 nos
1339 2264 1426 2332 qui
1451 2263 1616 2317 Deum
1639 2263 1794 2317 time-

210 2369 360 2418 mus,
392 2353 537 2424 quod
580 2355 752 2409 sancti
797 2353 972 2424 angeli
1025 2355 1090 2408 ad
1119 2369 1212 2409 eos
1258 2355 1558 2422 venientes,
1591 2356 1706 2410 sive
1737 2355 1789 2408 in

208 2459 427 2510 somno,
456 2446 640 2500 sivein
659 2445 881 2515 vigiliis,
918 2445 1318 2499 admonuerunt
1339 2460 1432 2499 eos
1462 2454 1518 2500 ut
1542 2445 1793 2500 celeriter

207 2538 495 2602 venirent,
547 2547 600 2590 et
644 2537 844 2606 justum
887 2537 1034 2590 illum
1076 2537 1310 2591 amicum
1354 2537 1786 2591 consolarentur.

207 2609 777 2683 Venientibiisautem
810 2627 914 2680 illis
937 2627 1082 2693 illuc,
1113 2637 1170 2679 ut
1191 2627 1449 2697 putabant
1473 2627 1793 2696 insipienter

211 2736 272 2776 se
308 2736 412 2790 pro
447 2722 559 2775 Deo
601 2729 767 2782 stare,
817 2719 1036 2774 inventa
1082 2719 1373 2774 occasione
1424 2717 1792 2788 nequissimus

212 2814 436 2868 daemon
480 2815 546 2865 ad
591 2811 1135 2881 blaspbcniiamjusti
1195 2809 1297 2866 Job
1349 2811 1470 2866 illos
1497 2815 1788 2867 convertit.

206 2901 350 2956 Nam
381 2901 523 2956 sicut
555 2915 779 2955 uxorem
803 2899 950 2969 ejus,
975 2901 1184 2970 pridem
1217 2916 1342 2954 cum
1367 2912 1512 2956 esset
1543 2902 1792 2972 religiosa

207 2993 669 3068 atque_omnibiis
699 2991 927 3060 justitiis
966 2992 1016 3046 ei
1056 2993 1424 3058 consentiens,
1455 2993 1508 3048 in
1539 2993 1792 3064 blasphe-

207 3069 384 3138 miam
410 3083 740 3145 immutavit,
763 3082 844 3136 sic
869 3089 922 3137 et
947 3091 1282 3138 memoratos
1301 3083 1470 3139 viros.
1499 3082 1575 3138 De
1595 3083 1792 3153 quibus

207 3177 351 3231 dicit
373 3175 496 3229 istic
529 3188 546 3228 :
572 3175 857 3227 Audientes
882 3183 984 3227 tres
1013 3173 1170 3228 amici
1187 3173 1300 3242 ejus
1323 3175 1498 3228 omnia
1517 3191 1634 3243 quia
1652 3176 1794 3229 acci—
1819 3201 1865 3263 ο

206 3267 400 3320 derant
430 3266 522 3332 ei,,
549 3265 775 3320 ﬁliorum
830 3263 1130 3328 interitum,
1193 3265 1266 3318 rei
1299 3264 1581 3320 familiaris
1605 3266 1786 3336 perdi-

209 3359 444 3419 tionem,
485 3357 732 3426 corporis
771 3356 1139 3423 putredinem,
1180 3357 1449 3411 vermium
1494 3359 1789 3414 comestio-

210 3465 362 3512 nem,
397 3449 699 3502 liberorum
738 3448 976 3516 iniquam
1001 3449 1495 3516 consumptionein,
1542 3465 1647 3504 non
1674 3465 1790 3506 me-

213 3537 506 3602 diocriter,
554 3537 651 3591 sed
693 3536 988 3590 miserabili
1039 3547 1204 3606 atque
1240 3537 1574 3592 lamentabili
1609 3539 1788 3602 modo,

210 3637 269 3680 ut
307 3629 569 3695 superius
614 3629 1045 3684 demonstratum
1084 3637 1188 3692 est,
1216 3629 1634 3686 condoluerunt.
1668 3629 1794 3686 Haec

209 3720 403 3789 itaque
432 3721 682 3774 universa
713 3720 1000 3774 audientes
1034 3728 1146 3771 tres
1184 3718 1397 3774 sodales
1439 3720 1580 3789 ejus,
1613 3721 1794 3775 obstu-

207 3816 479 3879 puerunt,
524 3817 580 3863 et
622 3810 927 3877 putatisne,
963 3809 1307 3877 inquientes,
1338 3809 1479 3863 unde
1518 3810 1633 3865 haec
1665 3812 1788 3866 uiii-

206 3913 374 3954 versa
417 3901 814 3954 obvenerunt?
862 3900 1146 3954 Et.utrum
1189 3900 1260 3954 sit
1286 3900 1442 3954 nobis
1469 3901 1713 3971 gravius,
1758 3917 1792 3957 ο

206 3991 344 4055 viri,
388 3991 618 4046 hoccine
659 3992 804 4061 quod
843 3993 1052 4046 amicus
1090 3999 1278 4048 noster
1329 3991 1466 4048 tales
1503 3995 1791 4064 pertulerit

209 4082 496 4147 miserias,
541 4097 607 4135 an
652 4083 795 4152 quod
838 4084 1048 4148 Domini
1095 4084 1304 4138 amicus
1349 4082 1475 4136 talia
1529 4087 1794 4142 sustineat

207 4174 380 4238 mala,
412 4173 571 4240 cujus
584 4173 1066 4241 justiﬁcationibus
1093 4190 1156 4229 ac
1176 4175 1566 4230 inisericordiis
1593 4179 1790 4233 cmlum

207 4273 266 4319 et
299 4274 452 4318 terra
492 4267 867 4320 attestantur?
903 4266 1028 4323 llaec
1061 4269 1272 4323 scilicet
1313 4267 1564 4322 universa
1597 4280 1656 4322 ut
1695 4285 1791 4322 au-

207 4355 460 4421 dierunt,
493 4365 660 4424 atque
690 4358 803 4411 haec
832 4358 898 4410 ad
923 4359 1156 4414 invicem
1196 4360 1322 4414 boni
1365 4360 1441 4414 illi
1475 4360 1689 4415 sodales
1723 4362 1793 4413 Io-

208 4448 326 4502 cuti
355 4457 519 4502 sunt:
554 4447 818 4502 Venerunt
848 4453 1023 4504 statim
1044 4452 1201 4504 simul
1227 4454 1294 4505 ad
1324 4469 1442 4507 eum
1466 4463 1519 4506 ut
1546 4457 1786 4508 consola-

1895 1982 2158 2040 tanquam
2225 1989 2368 2028 unus
2427 1989 2492 2026 ex
2557 1971 2773 2040 iiijiistis
2826 1981 3131 2042 torquetur.
3202 1968 3463 2024 Venerunt

1891 2064 2051 2119 simul
2083 2065 2151 2118 ad
2189 2080 2331 2118 eum.
2383 2063 2709 2130 Quomodo?
2749 2063 3072 2117 Statuerunt
3114 2071 3346 2130 tempus,
3381 2061 3463 2115 di-

1894 2155 2066 2210 mensi
2095 2166 2218 2210 suiit
2260 2156 2424 2210 diem.
2477 2155 2754 2222 Quomodo
2772 2154 2934 2210 simul
2960 2155 3160 2224 pariter
3179 2163 3460 2217 venerunt,

1893 2255 1948 2300 et
1979 2263 2084 2300 non
2111 2247 2482 2316 unusquisque
2513 2262 2540 2300 a
2575 2263 2652 2312 se,
2689 2262 2862 2318 neque
2893 2262 2988 2316 per
3031 2263 3088 2299 se
3119 2247 3292 2314 ipsum
3319 2245 3342 2299 ?
3366 2247 3456 2300 Dei

1893 2336 2229 2407 providentia
2288 2347 2452 2406 atque
2504 2336 2597 2391 Dei
2651 2337 2964 2405 operatione
3009 2336 3080 2389 ita
3144 2337 3460 2405 disponente

1893 2436 2057 2495 atque
2085 2427 2424 2495 providente,
2454 2437 2510 2480 ut
2551 2443 2657 2482 non
2688 2427 2888 2498 singuli
2917 2439 3037 2496 post
3073 2439 3286 2497 tempus
3311 2430 3460 2482 veni-

1893 2528 2017 2572 rent
2039 2518 2107 2570 ad
2137 2527 2372 2586 tempus,
2426 2519 2520 2573 sed
2563 2535 2752 2574 omnes
2789 2520 3000 2582 statim,
3033 2534 3222 2572 omnes
3252 2519 3460 2589 pariter

1894 2622 2001 2661 uno
2043 2618 2310 2675 tempore,
2341 2623 2447 2662 uno
2472 2608 2580 2671 die,
2615 2625 2718 2664 una
2747 2610 2901 2673 liora,
2939 2620 3126 2679 utpote
3155 2609 3458 2675 unanimes,

1894 2705 2076 2764 utpote
2108 2710 2271 2750 unum
2315 2698 2635 2760 sentientes,
2679 2707 2860 2768 utpote
2892 2699 3209 2754 concordes.
3240 2697 3330 2752 Sic
3364 2713 3461 2752 ve-

1895 2795 2091 2840 nerunt
2111 2789 2176 2841 ad
2199 2803 2320 2842 eum
2355 2788 2515 2840 simul
2557 2789 2758 2854 subito,
2803 2799 3051 2858 tauquam
3090 2807 3254 2843 unum
3289 2789 3459 2852 Deum

1893 2881 2165 2940 colentes,
2221 2887 2478 2948 tanquam
2523 2879 2770 2932 Creatori
2817 2881 3138 2945 servientes,
3191 2890 3450 2948 tanquam

1892 2985 2057 3023 unum
2087 2967 2188 3024 Job
2238 2971 2546 3038 plenissime
2593 2971 2897 3038 diligentes.
2954 2969 3046 3025 Sic
3081 2973 3264 3040 itaque
3297 2984 3460 3024 vene-

1894 3070 2018 3114 runt
2077 3061 2278 3130 pariter
2342 3061 2406 3113 ad
2478 3060 2663 3114 Deum.
2710 3059 2860 3114 Unde
2921 3071 3101 3114 autem
3154 3059 3460 3114 venerunt?

1894 3150 2010 3206 Non
2040 3166 2106 3208 ex
2135 3167 2237 3204 una
2268 3152 2491 3204 civitate
2517 3166 2690 3220 neque
2721 3166 2829 3205 uno
2856 3150 2996 3216 loco,
3031 3165 3207 3219 neque
3229 3167 3293 3204 cx
3331 3166 3458 3220 pro.

1895 3241 2098 3309 vincia,
2131 3241 2214 3296 vel
2249 3243 2488 3311 regione,
2541 3256 2608 3294 ex
2644 3255 2744 3296 suo
2785 3241 3135 3294 nihilominus
3175 3255 3338 3308 regno
3369 3256 3458 3294 ve-

1900 3346 2104 3389 nerunt
2124 3335 2288 3388 simul
2311 3335 2377 3386 ad
2403 3349 2548 3389 enni.
2573 3333 2705 3387 Cum
2726 3331 2975 3386 omnibus
2997 3333 3138 3386 enim
3159 3332 3456 3397 miraculis,

1895 3435 1980 3481 est
2010 3427 2172 3479 etiam
2208 3426 2310 3479 hoc
2343 3425 2532 3494 ingens
2569 3423 2917 3486 miraculum,
2953 3432 3014 3476 ut
3041 3437 3163 3474 cum
3192 3423 3264 3476 ita
3299 3421 3458 3491 longe

1895 3534 1959 3572 ac
1997 3518 2101 3572 late
2131 3515 2199 3570 ab
2230 3517 2460 3570 invicem
2493 3527 2838 3570 morarentur
2862 3553 2878 3578 ,
2918 3515 3122 3582 pariter
3145 3517 3211 3567 ad
3241 3514 3457 3568 beatum

1893 3609 1994 3665 Job
2025 3610 2300 3672 venirent,
2341 3609 2714 3677 unusquisque
2754 3623 2820 3661 ex
2855 3623 2952 3662 sua
2995 3608 3216 3660 civitate
3255 3607 3309 3659 in
3348 3621 3453 3676 qua

1896 3704 2231 3767 morabatur,
2275 3701 2327 3756 iii
2365 3717 2470 3770 qua
2506 3701 2786 3771 regnabat,
2832 3702 2886 3755 in
2921 3713 3027 3770 qua
3058 3699 3455 3754 dominabatur.

1899 3793 2283 3863 UiiuSqiiisque
2321 3808 2451 3860 ergo
2485 3807 2550 3847 ex
2596 3807 2690 3847 sua
2727 3794 2948 3847 civitate
2999 3793 3184 3857 venit,
3233 3791 3332 3847 hoc
3377 3802 3461 3846 est

1893 3901 1959 3942 ex
1986 3885 2206 3939 civitate
2240 3886 2387 3954 regni
2414 3885 2517 3937 sui.
2544 3884 2607 3937 Et
2630 3884 2699 3938 ob
2727 3897 2890 3952 quam
2921 3896 3032 3936 rein
3056 3881 3356 3935 venerunt?
3377 3881 3460 3933 Ad

1893 3977 2285 4032 consolandum
2313 3987 2477 4045 atque
2502 3975 2834 4029 visitandum
2860 3974 3032 4028 illum.
3075 3972 3142 4026 Et
3174 3986 3301 4026 vere
3327 3974 3455 4040 quia

1894 4067 1996 4136 ipsi
2025 4067 2244 4136 quidem
2283 4066 2352 4120 ob
2389 4066 2491 4120 hoc
2529 4075 2797 4120 venerunt
2838 4073 2898 4119 ut
2935 4063 3350 4119 consolarentur
3397 4077 3460 4116 ac

1893 4157 2179 4212 visitarent
2226 4157 2375 4211 illum
2410 4174 2424 4210 :
2473 4156 2568 4211 sed
2606 4156 2976 4226 nequissimus
3013 4154 3256 4209 diabolus
3287 4154 3460 4208 bono—

1894 4263 2016 4302 rum
2045 4263 2110 4302 ac
2130 4247 2399 4317 justoruin
2436 4248 2692 4302 inimicus
2726 4248 2852 4302 odio
2877 4247 3082 4301 habens
3111 4246 3302 4300 omnia
3335 4259 3460 4315 qua:

1897 4341 2070 4411 diligit
2099 4344 2380 4403 Dominus,
2398 4351 2622 4409 accepta
2650 4339 2940 4395 occasione
2967 4354 3072 4408 qua
3100 4340 3264 4393 Deum
3287 4336 3458 4391 oﬁ‘eii-

1895 4431 2089 4485 derent
2116 4439 2277 4498 atque
2327 4429 2418 4485 Dei
2443 4430 2736 4500 justitiam,
2765 4441 2820 4485 et
2847 4429 2946 4486 Job
2977 4433 3044 4486 de
3087 4430 3368 4500 iiijustitiis
3406 4442 3463 4484 et

209 4546 404 4592 γεηιιηι
428 4555 549 4592 eum
569 4551 616 4593 ει
645 4541 914 4594 visitarent
951 4542 1104 4596 mum
1130 4542 1194 4595 ιι,
1225 4543 1267 4596 Α
1300 4532 1591 4612 prioribus,
1616 4546 1791 4612 aiam,
1823 4533 1869 4587 1)
1899 4525 2138 4593 peccatis
2160 4537 2502 4590 accusarent,
2541 4536 2749 4580 tantum
2783 4523 2905 4580 illos
2952 4523 3256 4579 immutavit
3301 4533 3462 4591 atque

208 4630 470 4698 patribus
520 4631 722 4686 nostris
763 4633 1091 4699 audivimus,
1120 4649 1154 4687 ο
1194 4635 1319 4698 viri,
1345 4637 1490 4704 quod
1531 4638 1794 4705 antiquus

209 4720 305 4776 ille
357 4721 528 4775 frater
572 4723 658 4776 avi
716 4723 885 4778 nostri
942 4725 1078 4778 Esau
1123 4724 1289 4780 Jacob
1334 4728 1614 4782 duodecim
1657 4729 1797 4783 ﬁlios

213 4811 502 4877 habuerit,
542 4823 594 4867 et
633 4813 798 4868 ﬁliam
830 4831 991 4869 unam
1022 4830 1039 4870 :
1077 4831 1194 4871 cum
1225 4833 1392 4872 unum
1423 4835 1488 4872 ex
1516 4821 1792 4884 omnibus,

210 4911 276 4955 ut
307 4903 559 4970 putabat,
594 4903 940 4972 perdidisset,
971 4914 1179 4959 tantum
1217 4905 1366 4960 illum
1417 4924 1582 4962 unum
1633 4911 1792 4974 luxit,

210 5005 271 5049 et
319 5009 514 5049 omnes
562 4994 658 5050 ﬁlii
703 4993 819 5064 ejus
851 5007 907 5051 et
943 4997 1068 5052 ﬁlia:
1111 4997 1296 5067 procul
1345 4998 1510 5054 dubio
1548 5010 1603 5054 et
1636 5000 1792 5054 multi

211 5085 460 5140 aliorum
492 5085 793 5140 amicorum
828 5088 1217 5142 convenientes
1263 5097 1488 5157 propter
1527 5105 1690 5144 unum
1731 5090 1794 5144 ﬁ-

219 5177 363 5230 liuni
390 5176 657 5232 consolati
685 5187 812 5232 sunt
839 5193 962 5234 eum
990 5196 1006 5234 :
1042 5188 1098 5234 et
1131 5179 1303 5234 noluit
1332 5180 1601 5236 consolari
1626 5181 1793 5236 etiam

213 5267 481 5322 incolumi
507 5283 566 5322 re
588 5269 870 5334 familiari,
887 5280 944 5324 et
962 5271 1177 5325 caeteris
1194 5271 1448 5328 omnibus
1491 5273 1796 5329 viventibus

213 5371 389 5428 atque
419 5359 655 5415 sanitate
693 5364 939 5432 corporis
979 5372 1339 5431 permanente
1367 5380 1381 5417 :
1415 5373 1618 5418 etcum
1650 5365 1794 5418 nulla

213 5465 311 5505 res
358 5459 506 5504 esset
553 5451 658 5504 alia
709 5468 830 5522 qua:
879 5468 1002 5508 eum
1057 5455 1425 5516 contristaret,
1479 5470 1582 5508 non
1623 5458 1801 5523 potuit

214 5535 542 5590 exhilarari.
591 5535 647 5589 Si
685 5545 863 5591 autem
913 5537 1002 5591 ille
1063 5536 1224 5594 Iacob
1280 5538 1350 5590 ita
1396 5539 1632 5607 graviter
1673 5539 1795 5593 tulit

218 5628 392 5681 unius
431 5626 523 5680 ﬁlii
560 5626 1024 5696 desperationem,
1073 5627 1343 5697 quomodo
1390 5629 1655 5684 sustineat
1700 5627 1798 5685 Job

303 5810 347 5842 ³⁸
379 5809 478 5868 Job
505 5826 564 5867 ιι.

1897 4620 2176 4687 pervertit,
2213 4629 2272 4674 ut
2299 4620 2532 4691 amplius
2569 4619 2918 4674 exulceraret
2945 4633 3042 4674 cor
3077 4615 3179 4672 Job
3215 4630 3311 4684 per
3349 4615 3464 4668 haec

1893 4725 2013 4780 quae
2039 4711 2204 4766 locuti
2235 4722 2381 4774 sunt,
2414 4727 2576 4782 quam
2606 4726 2702 4782 per
2723 4725 2912 4766 omnes
2942 4710 3160 4766 dolores
3183 4723 3316 4778 quos
3349 4707 3460 4775 pri-

1894 4802 2017 4856 dem
2047 4805 2296 4858 exercuit
2324 4805 2558 4868 incum.
2607 4803 2736 4860 Nam
2786 4803 2919 4871 quid
2957 4811 3104 4856 esset
3147 4799 3464 4854 castissima:

1894 4892 2087 4946 anima:
2107 4891 2208 4949 Job
2229 4893 2504 4948 crudelius
2533 4909 2696 4961 quam
2728 4903 2786 4946 ut
2811 4893 2879 4947 ab
2906 4891 3104 4945 amicis
3132 4892 3198 4943 de
3225 4885 3463 4956 peccatis

1899 4984 2089 5038 fuisset
2137 4985 2456 5040 criminatus
2502 4999 2624 5038 cuin
2670 4983 2892 5037 minime
2937 4981 3274 5051 deliquisset,
3311 4975 3463 5030 etde

1900 5075 2268 5144 impietatihus
2311 5076 2689 5145 reprehensus,
2717 5075 2808 5144 qui
2833 5083 2954 5129 erat
2984 5074 3051 5127 ab
3071 5071 3323 5126 omnibus
3347 5070 3453 5122 iiii-

1901 5167 2196 5237 pietatibus
2221 5167 2452 5228 alienus,
2478 5177 2531 5220 et
2555 5167 2694 5236 quod
2718 5181 2816 5236 pro
2846 5164 3084 5233 peccatis
3115 5161 3465 5217 sustinuisset

1900 5276 2090 5316 omnes
2135 5260 2371 5326 dolores,
2417 5271 2472 5315 et
2509 5260 2651 5330 quod
2699 5274 2795 5328 pro
2835 5256 3097 5328 injustitia
3141 5254 3465 5309 obveneriiit

1902 5353 1980 5408 illi
2030 5354 2144 5408 haec
2196 5353 2446 5407 universa
2498 5352 2681 5405 mala?
2729 5349 2884 5417 Quod
2926 5358 3103 5402 autem
3143 5347 3208 5400 ad
3259 5354 3462 5398 tantam

1904 5444 2296 5513 blasphemiam
2333 5446 2595 5497 adversus
2632 5441 2733 5497 Job
2772 5440 3118 5510 pervenerint
3148 5438 3236 5490 isti
3262 5437 3388 5502 viri,
3413 5443 3466 5490 et

1905 5552 2009 5590 non
2042 5535 2341 5600 timuerint,
2378 5533 2576 5587 diaboli
2620 5533 2788 5586 livore
2824 5540 2985 5600 atque
3031 5528 3146 5582 zelo
3189 5527 3464 5590 succensi,

1866 5638 1873 5647 '
1903 5642 1972 5681 ex
2002 5626 2233 5697 propriis
2270 5640 2455 5682 eorum
2474 5623 2814 5680 sermonibus
2860 5619 3266 5689 comprobatur,
3279 5633 3470 5688 quein-
