3902 6552
513 393 618 452 499

1600 394 1979 452 ANONYMUS
2019 393 2086 449 IN
2121 391 2260 448 JOB.
2300 421 2368 433 —-
2404 391 2532 448 LIB.
2572 392 2663 448 Ill.

3656 393 3762 451 500

515 517 804 575 admodum
858 519 1044 575 dicunt
1088 518 1519 589 blasphemantes
1577 527 1740 590 atque
1789 519 2081 574 detrahen-
2110 521 2156 577 Α
2186 513 2443 568 arbitrati
2468 523 2592 570 sunt
2629 522 2684 568 et
2721 515 2824 569 hoc
2851 514 3108 569 dixerunt
3131 512 3206 567 illi
3235 511 3358 575 viri.
3385 512 3511 583 quia
3539 525 3664 567 cum
3691 512 3765 567 sit

517 620 597 668 tes
661 610 734 666 illi
785 629 799 665 :
844 609 924 665 Tu
966 613 1089 680 quis
1140 612 1246 667 es?
1305 611 1430 681 quia
1487 611 1655 674 dicis,
1703 626 1809 666 non
1866 609 2082 681 peccavi

517 702 698 758 factis.
734 701 887 769 Quod
924 703 968 758 si
1010 718 1116 758 non
1155 703 1464 773 peccasti,o
1499 701 1622 769 Job,
1647 713 1920 758 memento
1958 703 2083 771 quia

518 807 676 848 nemo
703 793 886 864 justus
908 795 1091 864 periit,
1115 803 1208 849 aut
1243 794 1460 864 quando
1485 792 1580 849 Dei
1621 808 1809 849 servus
1835 793 2082 847 eradica-

517 885 704 941 bitur?
732 887 832 940 hoc
874 898 959 941 est
987 887 1125 942 sicut
1155 897 1233 943 tu.
1269 885 1472 942 Deinde
1496 901 1618 942 cum
1651 886 1855 956 ingenti
1886 887 2082 956 impro-

517 976 669 1044 perio
697 987 751 1031 et
787 978 1154 1048 increpatione
1184 988 1345 1048 atque
1367 979 1614 1034 convicio
1640 997 1653 1032 :
1677 977 1978 1046 Quousque
2001 977 2081 1031 lo-

517 1069 702 1136 queris
723 1071 949 1139 Spiritus
973 1071 1324 1140 multiloqua:
1357 1087 1455 1126 ore
1487 1071 1619 1127 tuo?
1654 1069 1906 1141 Nunquid
1942 1069 2081 1124 Deus

521 1154 718 1223 injuste
746 1155 976 1224 judicat,
1017 1159 1118 1213 hoc
1145 1168 1230 1213 est
1258 1159 1400 1214 sicut
1437 1170 1487 1215 te
1515 1160 1874 1228 peccantem?
1903 1161 2010 1214 Aut
2036 1159 2082 1212 is

519 1245 610 1314 qui
639 1248 821 1301 omnia
862 1249 1091 1315 creavit,
1141 1251 1481 1319 perturbavit
1515 1251 1788 1320 justitiam
1814 1252 1837 1305 ?
1864 1251 1974 1305 Hoc
1996 1261 2080 1305 est

520 1337 563 1390 si
590 1337 641 1391 in
678 1347 729 1393 te
754 1349 898 1394 esset
919 1339 1153 1409 justitia,
1180 1357 1288 1396 non
1319 1343 1500 1411 utique
1531 1343 1873 1412 perturbaret
1903 1340 2082 1406 iustus

515 1425 680 1499 judex
701 1429 960 1498 judicium
990 1445 1154 1500 atque
1182 1431 1346 1486 vitam
1401 1443 1567 1488 tuam.
1610 1433 1745 1488 Nam
1778 1449 1902 1504 spes
1929 1434 2077 1502 impii

521 1520 714 1588 peribit
745 1522 884 1575 sicut
919 1534 972 1577 et
1009 1532 1122 1589 tua,
1156 1525 1280 1593 quia
1319 1527 1518 1595 impius
1563 1540 1662 1581 es:
1711 1525 2078 1580 inhabitabilis

516 1616 696 1661 autem
725 1609 830 1662 crit
851 1625 971 1678 quae
991 1613 1090 1666 sub
1115 1613 1251 1668 caelo
1273 1624 1352 1668 est
1378 1616 1590 1681 domus,
1626 1616 1727 1669 hoc
1752 1625 1836 1670 est
1857 1615 1996 1670 sicut
2027 1626 2080 1670 et

516 1707 640 1752 tua:
674 1698 884 1768 aliaque
909 1702 1191 1758 innumera
1221 1704 1307 1758 his
1339 1707 1585 1775 graviora
1611 1717 1773 1775 atque
1810 1706 2076 1761 amariora

512 1787 954 1858 blasphemantes
998 1796 1064 1849 de
1102 1795 1253 1862 justo
1298 1796 1390 1851 illo
1440 1798 1608 1851 locuti
1654 1807 1800 1852 sunt.
1853 1799 2076 1866 Propter

2179 608 2359 677 justus
2393 606 2534 661 Deus
2561 619 2626 659 ac
2649 604 2846 670 bonus,
2867 604 3034 674 justis
3061 614 3224 675 atque
3249 604 3630 660 innocentibus
3652 619 3762 658 non

2185 698 2381 769 ingerit
2413 696 2575 751 mala.
2626 695 2780 763 Quod
2820 698 2866 753 si
2913 695 3297 753 innocentibus
3339 697 3482 750 mala
3529 696 3761 766 ingerit,

2183 789 2459 861 quomodo
2509 789 2688 844 bonus
2735 788 2824 844 vel
2873 787 3056 856 justus
3111 789 3588 858 comprobabitur,
3635 801 3762 844 cum

2187 877 2494 947 bujusmodi
2529 878 2669 932 mala
2715 875 3127 949 Jobingesserit
3164 877 3350 948 justo?
3381 877 3633 946 Oportet,
3679 877 3766 932 in-

2184 971 2399 1039 quiunt,
2433 977 2534 1022 aut
2576 966 2677 1023 Job
2707 978 2925 1038 propter
2959 966 3277 1035 injustitiam
3313 981 3538 1038 passum
3569 966 3764 1030 fuisse,

2183 1071 2276 1115 aut
2295 1069 2440 1116 certe
2464 1059 2606 1114 Deus
2629 1058 2830 1128 injuste
2851 1057 2991 1112 mala
3022 1057 3072 1110 ei
3101 1057 3370 1126 irrogasse
3409 1057 3761 1127 reperiatur:

2182 1152 2401 1208 autJob
2440 1168 2537 1222 pro
2567 1154 2806 1222 peccatis
2847 1150 3012 1205 fuisse
3061 1165 3301 1220 passum,
3331 1159 3423 1205 aut
3463 1151 3638 1206 Deum
3677 1150 3767 1204 in-

2176 1245 2321 1314 juste
2357 1247 2406 1301 ei
2443 1245 2581 1298 mala
2615 1244 2928 1315 ingessisse.
2951 1243 3102 1299 lianc
3130 1244 3339 1300 scilicet
3367 1243 3765 1314 cogitationem

2186 1340 2384 1393 malam
2423 1347 2586 1407 atque
2635 1336 2881 1391 illicitam
2917 1338 2969 1390 in
3024 1337 3140 1392 istis
3188 1337 3321 1392 viris
3366 1337 3500 1391 oriri
3555 1335 3767 1391 faciens

2181 1430 2459 1494 diabolus,
2490 1429 2775 1483 succendit
2803 1442 2899 1483 cor
2927 1431 3118 1482 eorum
3153 1428 3218 1483 ad
3259 1443 3475 1483 omnem
3528 1427 3668 1482 iram
3710 1435 3767 1481 et

2182 1521 2611 1591 indignationem
2649 1518 2937 1574 adversum
2986 1518 3124 1586 Job,
3173 1534 3300 1574 cum
3341 1520 3592 1574 studeret
3629 1533 3765 1573 con-

2182 1609 2404 1663 firmare
2443 1609 2585 1677 quod
2615 1605 2955 1674 Deusjustus
2993 1607 3172 1675 fuerit,
3221 1607 3323 1664 Job
3357 1623 3490 1664 vero
3525 1607 3767 1678 iniustus

2180 1709 2234 1754 et
2265 1699 2463 1768 impius
2512 1708 2680 1766 atque
2730 1709 3008 1768 peccator.
3057 1701 3328 1756 Adversus
3356 1701 3502 1770 quod
3547 1701 3768 1757 fortiter

2181 1801 2330 1846 stans
2363 1788 2466 1845 Job
2493 1805 2595 1844 non
2622 1790 2873 1860 permisit
2905 1805 2964 1845 se
3003 1791 3191 1845 audire
3219 1793 3550 1862 vaniloquos
3584 1792 3708 1846 illos
3733 1808 3763 1845 a

512 1883 656 1950 quod
712 1893 768 1937 et
817 1883 1029 1939 duriter
1081 1887 1133 1940 in
1181 1890 1478 1945 novissimo
1518 1905 1546 1944 a
1600 1890 1708 1945 Deo
1756 1863 2073 1960 reprehensi
2106 1863 2148 1918 Β
2181 1880 2392 1937 diabolo
2423 1895 2742 1947 succensus,
2778 1882 2870 1938 sed
2895 1890 2952 1937 et
2983 1882 3182 1937 bonum
3209 1881 3376 1937 Deum
3411 1883 3682 1949 ostendit,
3709 1893 3766 1938 et

511 1980 660 2037 sunt,
710 1984 898 2042 utpote
945 1976 1036 2045 qui
1084 1977 1216 2031 nihil
1267 1981 1518 2035 veritatis
1565 1982 1729 2036 locuti
1776 1981 1975 2037 fuerint
2011 1986 2078 2040 de

511 2059 632 2116 Job.
664 2061 756 2119 Sic
790 2065 971 2134 itaque
1001 2082 1120 2121 cum
1161 2071 1390 2126 visitare
1431 2083 1596 2143 atque
1636 2075 1906 2129 conSolari
1954 2091 2076 2131 eum

513 2153 805 2218 venissent,
842 2156 908 2210 ad
952 2157 1290 2213 inimicitiam
1339 2164 1588 2218 conversi
1624 2174 1771 2230 sunt,
1801 2165 1866 2220 ad
1892 2167 2079 2221 crimi-

511 2244 785 2300 nationem
839 2255 895 2302 et
941 2249 1007 2302 ad
1045 2252 1569 2322 reprehensionem,
1615 2257 1682 2310 ad
1732 2257 2075 2314 maledictum

509 2349 724 2406 quoque
761 2345 922 2408 atque
962 2340 1379 2411 blasphemiam.
1410 2346 1701 2420 Postquam
1735 2364 1862 2404 vero
1895 2353 2076 2405 omnia

510 2429 739 2485 tentavit
792 2431 1159 2500 nequissimus
1208 2437 1576 2506 adversarius,
1634 2441 1798 2494 etiam
1853 2443 1919 2496 ad
1975 2444 2077 2499 hoc

507 2521 775 2590 pervenit,
810 2532 867 2575 ut
909 2523 1114 2581 amicos
1155 2527 1207 2582 in
1248 2529 1496 2584 inimicos
1528 2543 1886 2600 converteret,
1914 2546 2076 2605 atque

507 2613 751 2671 sinceras
785 2619 997 2674 sodales
1023 2621 1364 2678 adversarios
1393 2622 1633 2679 efﬁceret
1661 2664 1677 2690 ,
1727 2627 1924 2682 callide
1965 2639 2074 2683 tra-

508 2712 663 2762 ctans
685 2710 822 2778 apud
850 2713 1223 2782 semetipsum,
1263 2729 1325 2768 ac
1351 2716 1536 2771 dicens
1557 2736 1570 2771 :
1590 2715 1646 2771 Si
1677 2734 1775 2787 per
1800 2733 1860 2774 os
1893 2721 2075 2776 uxoris

507 2811 630 2854 eum
659 2803 923 2859 seducere
953 2821 1056 2860 non
1090 2807 1258 2872 valui,
1292 2823 1354 2864 os
1385 2810 1685 2865 amicorum
1720 2813 1788 2866 ad
1833 2813 2071 2868 inimici-

509 2893 637 2946 tiam
664 2905 1101 2960 permutatorum
1133 2900 1438 2968 perliciam,
1473 2901 1704 2966 irritem,
1728 2918 2070 2974 exaggerem,

506 2985 849 3048 csacerbent,
897 2987 1223 3042 succendam
1248 3029 1264 3055 ,
1299 2998 1354 3044 ut
1401 3004 1559 3059 supra
1599 2993 1820 3045 modum
1863 2991 2072 3048 inﬂam-

505 3081 689 3126 matus
711 3084 874 3143 atque
897 3085 1282 3146 exaggeratus,
1311 3077 1376 3131 ad
1408 3075 1502 3134 Dei
1528 3078 1918 3148 blasphemiam
1938 3099 2071 3138 cou-

2179 1987 2240 2026 se
2272 1973 2482 2042 absque
2509 1969 2664 2042 culpa
2720 1971 2972 2027 universa
3015 1971 3129 2026 bazc
3179 1971 3289 2042 pati
3337 1970 3764 2029 demonstravit.

2178 2061 2293 2117 Non
2329 2063 2475 2118 enim
2508 2061 2654 2118 Deus
2680 2061 2755 2117 illi
2786 2063 2901 2117 haec
2933 2062 3072 2116 mala
3115 2063 3362 2132 ingessit,
3409 2064 3506 2118 sed
3555 2063 3765 2119 diaboli

2181 2153 2333 2209 zelus
2356 2164 2408 2209 et
2441 2154 2580 2208 livor
2622 2162 2786 2225 atque
2821 2153 3053 2208 invidia.
3087 2152 3276 2223 Neque
3301 2151 3404 2209 Job
3432 2169 3535 2224 pro
3561 2168 3768 2224 pecca-

2181 2246 2250 2300 tis
2291 2246 2546 2301 sustinuit
2581 2247 2764 2300 omnia
2809 2260 2930 2316 qua:
2977 2247 3257 2309 sustinuit,
3306 2245 3404 2300 sed
3455 2245 3588 2314 quia
3635 2259 3767 2299 cum

2179 2345 2326 2391 esset
2347 2337 2551 2407 justus,
2589 2336 2838 2392 diabolus
2889 2335 2965 2391 illi
2993 2335 3208 2400 invidit,
3240 2336 3384 2390 sicut
3415 2344 3466 2390 et
3503 2335 3770 2390 omnibus

2173 2430 2335 2500 jnstis
2366 2429 2593 2497 invidet,
2619 2436 2673 2485 et
2697 2428 3076 2484 tribulationes
3104 2428 3364 2482 adversus
3398 2442 3496 2482 eos
3531 2427 3766 2485 excitat.

2179 2519 2358 2574 Multa:
2383 2519 2765 2575 tribulationes
2798 2535 2906 2574 non
2944 2518 3300 2587 injustornm,
3332 2518 3428 2574 sed
3453 2519 3769 2589 justorum.

2181 2613 2358 2668 Testis
2395 2628 2524 2683 ergo
2549 2613 2780 2680 iustitiae
2817 2611 2919 2667 Job
2954 2613 3067 2684 ipse
3116 2611 3260 2668 Deus
3300 2613 3640 2678 ostenditur,
3683 2615 3770 2669 di-

2175 2721 2304 2760 cens
2337 2725 2349 2758 :
2387 2704 2599 2770 Justus,
2630 2719 2822 2770 verax,
2859 2704 2950 2760 Dei
2990 2706 3188 2760 cultor.
3227 2703 3381 2770 Quod
3421 2715 3614 2760 autem
3642 2705 3769 2761 dia-

2181 2797 2288 2851 boli
2326 2797 2494 2852 fuerit
2527 2797 2645 2852 brec
2689 2796 3038 2866 inﬂammatio
3083 2805 3247 2863 atque
3281 2777 3664 2866 perturbatio,
3710 2807 3770 2850 et

2175 2904 2242 2944 ex
2270 2890 2356 2944 his
2387 2905 2508 2959 quae
2545 2904 2690 2946 nunc
2715 2889 2853 2943 liunt
2883 2898 3126 2960 apparet.
3161 2887 3499 2959 Frequenter
3523 2904 3769 2959 namque

2173 2983 2339 3038 etiam
2379 2998 2522 3036 nunc
2570 2982 2712 3036 idem
2764 2980 2878 3050 ipse
2930 2979 3177 3034 diabolus
3216 2982 3506 3034 unanimes
3543 2980 3767 3036 sodales

2175 3076 2518 3141 commiscet,
2554 3085 2720 3145 atque
2751 3077 3041 3130 conturbat
3085 3089 3181 3143 per
3220 3075 3529 3142 quamlibet
3583 3075 3768 3129 modi-

503 3173 769 3220 vertatur.
815 3165 1016 3222 Novem
1069 3170 1454 3239 responsiones
1497 3169 1842 3242 blasphemiae
1884 3173 2072 3246 plenas
2097 3199 2142 3259 ο
2176 3185 2294 3224 cam
2319 3170 2605 3236 rationem,
2625 3178 2680 3223 et
2702 3170 3103 3223 adimmensam
3131 3167 3471 3222 inimicitiam
3491 3169 3768 3222 adversus

505 3255 769 3311 adversus
801 3257 903 3315 Job
935 3275 1029 3315 eos
1056 3260 1238 3318 dicere
1289 3262 1577 3334 compulit,
1630 3280 2073 3337 unumquemque

503 3360 692 3402 eorum
731 3357 859 3402 tres.
906 3349 1014 3404 Sed
1069 3351 1262 3408 beatus
1305 3353 1408 3410 Job
1453 3357 1764 3411 nullatenus
1810 3366 1935 3413 ante
1980 3373 2074 3414 eos

508 3439 796 3504 titubavit,
853 3442 950 3494 sed
1016 3443 1243 3497 totidem
1305 3448 1782 3516 responsionibus,
1831 3450 2076 3518 quinimo

505 3529 688 3598 potius
715 3530 958 3599 pluribus
998 3548 1062 3586 ac
1111 3534 1410 3602 majoribus
1432 3539 1682 3594 omnibus
1713 3540 1818 3594 illis
1842 3557 2070 3609 respon-

505 3621 660 3687 dens,
700 3633 756 3676 et
790 3623 882 3676 Dei
920 3623 1188 3691 justitiam
1241 3642 1299 3682 ac
1341 3629 1638 3686 bonitatem
1679 3633 2070 3701 manifestavit,

503 3721 557 3768 Ct
591 3727 776 3767 eorum
813 3714 1064 3784 injustam
1091 3718 1467 3774 causationem
1511 3722 1811 3778 confutavit
1848 3741 1946 3794 per
1969 3727 2070 3781 alia

504 3805 722 3874 quidem
744 3806 996 3875 plurima,
1021 3823 1227 3863 necnon
1257 3820 1310 3864 et
1339 3827 1436 3881 per
1455 3825 1516 3865 ea
1537 3828 1657 3882 qua:
1686 3814 1736 3868 in
1769 3813 1910 3870 facie
1944 3817 2072 3872 dicit

507 3895 573 3951 ad
605 3910 698 3952 eos
729 3917 741 3951 :
779 3897 891 3953 Vos
918 3901 1050 3954 estis
1086 3900 1280 3955 medici
1318 3901 1526 3970 injusti,
1561 3917 1614 3960 et
1644 3917 1929 3964 sanatores
1955 3924 2074 3974 pes-

507 3989 634 4045 simi
683 3993 885 4046 cuncti.
919 3991 1051 4058 Quia
1087 3982 1218 4048 cutn—
1242 4009 1434 4049 curare
1468 3994 1684 4051 dolores
1716 3997 1832 4066 ejus
1859 4009 1912 4052 et
1941 4014 2070 4053 cono

509 4082 672 4139 solari
704 4084 939 4138 animam
971 4088 1089 4152 ejus
1115 4086 1416 4153 venissent,
1456 4087 1509 4140 in
1558 4089 1976 4144 amaritudinem
2009 4106 2072 4143 ac

509 4174 768 4229 malitiam
802 4176 948 4231 circa
979 4178 1075 4233 Job
1105 4178 1356 4232 conversi
1395 4186 1537 4233 sunt.
1574 4178 1768 4235 Merito
1807 4195 1938 4252 ergo
1982 4183 2072 4235 in-

503 4263 680 4334 justos
733 4267 973 4323 medicos
1034 4268 1177 4336 juste
1230 4284 1326 4324 eos
1384 4269 1639 4339 appellat.
1691 4271 1773 4338 Si,
1827 4273 2070 4342 inquam,

504 4367 774 4412 venerunt
809 4359 875 4413 ad
915 4375 1039 4415 eum
1073 4369 1130 4415 ut
1155 4361 1565 4417 consolarentur
1593 4373 1754 4434 atque
1781 4366 2072 4422 visitarent

505 4447 678 4525 illum,
693 4449 768 4504 illi
797 4465 894 4505 suo
910 4453 1188 4521 pr0posito
1206 4452 1275 4506 ob
1295 4451 1398 4506 hoc
1426 4464 1710 4521 venerunt,
1735 4457 1828 4512 sed
1851 4459 2068 4528 nequis-

2181 3262 2411 3316 invicem
2458 3262 2726 3327 immutat,
2781 3261 2852 3315 ita
2887 3273 2945 3316 ut
2975 3260 3276 3316 elliciantur
3317 3260 3421 3314 sibi
3456 3277 3524 3314 ex
3567 3260 3767 3314 amicis

2176 3353 2408 3418 inimici,
2440 3370 2508 3408 ex
2537 3353 2768 3409 sinceris
2798 3354 3046 3410 crudeles
3069 3354 3393 3408 adversarii.
3433 3351 3567 3406 Haec
3604 3367 3766 3406 nam-

2176 3458 2284 3514 que
2332 3455 2416 3501 est
2450 3445 2695 3515 operatio
2739 3444 2982 3516 maligni.
3024 3445 3176 3500 Beati
3216 3445 3306 3516 qui
3357 3444 3767 3499 declinaverint

2177 3545 2232 3591 et
2255 3537 2556 3592 restiterint
2582 3535 2867 3590 calliditati
2891 3546 3055 3606 atque
3080 3537 3331 3594 versutize
3363 3536 3507 3603 ejus,
3541 3550 3606 3589 ac
3640 3550 3763 3589 ma~

2176 3629 2388 3684 Iedictis
2416 3628 2760 3684 suasionibus
2777 3628 2914 3698 ejus.
2940 3629 3062 3684 Post
3097 3643 3216 3698 qua;
3245 3627 3507 3682 universa
3543 3627 3612 3681 ad
3635 3642 3765 3696 pro-

2176 3720 2407 3788 positum
2478 3730 2834 3775 revertamur.
2892 3720 3154 3788 Videntes,
3220 3720 3418 3789 inquit,
3472 3719 3631 3772 illum
3693 3719 3764 3773 de

2177 3813 2349 3880 longe.
2381 3812 2530 3878 Qui?
2557 3811 2695 3866 Tres
2721 3813 2936 3869 sodales
2980 3826 3121 3882 ejus,
3171 3813 3405 3868 necdum
3439 3814 3624 3868 adhuc
3660 3813 3764 3864 im-

2176 3907 2367 3959 mutati
2404 3920 2503 3960 nec
2533 3906 2894 3975 pravaricati.
2938 3909 3030 3962 sed
3077 3922 3200 3961 cum
3254 3918 3442 3962 essent
3497 3905 3620 3975 puri
3675 3905 3763 3958 vi-

2177 3996 2365 4051 dentes
2390 4011 2513 4050 cum
2538 3997 2606 4052 de
2627 3996 2806 4069 longe.
2846 3997 2922 4054 De
2943 3998 3100 4068 longe
3126 3997 3271 4052 enim
3304 4004 3672 4065 respexerunt
3707 4004 3764 4049 et

2177 4088 2526 4158 contemplati
2559 4100 2874 4159 suntatque
2927 4090 3186 4154 viderunt
3235 4104 3379 4142 eum.
3435 4087 3575 4142 Nam
3630 4101 3759 4141 mox

2178 4181 2432 4250 utipsam
2457 4181 2737 4236 civitatem
2754 4182 3030 4246 viderunt,
3073 4196 3198 4235 mox
3250 4180 3609 4234 nihilominus
3650 4178 3762 4234 sic-

2175 4273 2263 4328 ubi
2293 4274 2468 4341 ipsum
2493 4273 2740 4328 viderent
2771 4272 3100 4327 ambierunt.
3126 4270 3319 4326 Totqu
3369 4284 3612 4340 namque
3663 4284 3761 4323 ccr

2173 4377 2358 4418 eorum
2388 4363 2577 4418 dolore
2599 4371 2762 4432 atque
2790 4363 3037 4432 angustia
3063 4361 3282 4431 plenum
3310 4361 3608 4430 pendebat,
3640 4359 3760 4413 ubi-

2175 4469 2299 4508 nam
2344 4452 2445 4510 Job
2496 4455 2932 4524 conquiesceret.
2989 4451 3180 4508 Meritc
3207 4453 3272 4506 de
3306 4451 3468 4522 longe
3501 4451 3760 4506 viderunt

503 4538 674 4594 simus
707 4539 957 4596 inimicus
975 4542 1738 4612 malignusqueadversarius,
1762 4563 1857 4618 per
1875 4560 2069 4605 cuncta
2103 4539 2148 4593 Ι)
2176 4562 2324 4610 eum,
2363 4547 2488 4616 quia
2542 4547 2610 4602 de
2638 4547 2796 4617 longe
2838 4546 3145 4612 cogitabant
3198 4544 3264 4598 de
3314 4557 3414 4607 eo,
3469 4551 3636 4613 atque
3690 4545 3759 4596 de

507 4633 807 4701 permansit
859 4634 1117 4691 inimicus
1172 4647 1334 4706 atque
1366 4651 1463 4708 per
1494 4641 1674 4694 omnia
1699 4657 1792 4696 sua
1829 4645 2075 4699 exercuit

506 4725 659 4792 odia,
691 4736 744 4780 et
778 4741 878 4796 per
899 4743 1121 4782 uxorem
1157 4743 1212 4784 et
1240 4746 1336 4800 per
1370 4732 1579 4788 amicos
1619 4743 1672 4788 et
1703 4750 1798 4804 per
1830 4736 2068 4792 sodales.

504 4816 794 4886 Propterea
822 4819 1149 4875 visitationis
1176 4830 1336 4890 atque
1369 4824 1756 4882 Consolationis
1785 4829 2069 4895 adventus,

505 4910 668 4965 totius
718 4911 948 4967 tristitia:
997 4927 1060 4966 ac
1120 4915 1412 4981 maeroris,
1467 4917 1784 4972 beatissimo
1833 4917 1935 4973 Job
1990 4929 2073 4976 est

504 5003 700 5058 factus.
755 5003 881 5059 Post
908 5020 1028 5075 qua:
1055 5007 1308 5062 universa
1354 5008 1524 5064 dicit:
1589 5009 1835 5065 Videntes
1892 5022 2068 5066 autem

498 5092 648 5146 illum
679 5095 743 5148 de
767 5093 936 5164 longe,
971 5113 1074 5151 non
1101 5111 1420 5168 agnoverunt
1459 5101 1520 5153 ".
1554 5100 1659 5154 Sed
1691 5112 1816 5156 ante
1860 5104 1933 5156 ita
1970 5118 2066 5172 per

502 5200 701 5253 paucos
747 5201 1027 5242 sermones
1087 5191 1448 5258 inquirantus,
1497 5192 1566 5247 ob
1599 5209 1759 5262 quam
1803 5209 1915 5249 rem
1962 5205 2067 5251 tam

500 5278 712 5332 duriter
751 5281 903 5335 circa
935 5278 1059 5345 Job,
1099 5283 1184 5336 vel
1235 5284 1415 5352 potius
1462 5285 1726 5338 adversus
1750 5282 1852 5338 Job
1887 5287 2069 5341 insur-

506 5381 780 5427 rexerunt.
831 5372 993 5438 Audi,
1029 5373 1166 5426 mala
1196 5373 1450 5442 opinione
1491 5374 1739 5428 succensi
1771 5387 1825 5428 et
1858 5375 2070 5444 injuste

499 5461 822 5518 aemulantes
874 5465 1063 5532 Deum,
1121 5475 1180 5518 ut
1230 5465 1329 5534 ipsi
1371 5465 1653 5533 putabant,
1705 5467 1847 5535 quod
1900 5468 2064 5523 Deum

504 5553 889 5607 aztnularentur
917 5565 1076 5625 atque
1112 5554 1491 5619 defenderent,
1524 5559 1788 5614 obcwcati
1830 5569 1957 5614 sunt
1998 5561 2067 5616 ab

501 5641 740 5708 inimico,
773 5655 831 5698 ut
854 5645 1058 5713 judicia
1086 5647 1176 5703 Dei
1209 5665 1314 5702 non
1336 5647 1700 5718 inquirerent.
1729 5650 1840 5708 lloc
1864 5652 2069 5709 scilicet?

573 5844 615 5874 ”
667 5843 764 5899 Job
790 5862 852 5909 tt,
891 5846 972 5900 l2.

2179 4639 2342 4707 longe
2365 4648 2523 4692 erant
2552 4638 2768 4694 solliciti
2798 4653 2896 4709 pro
2936 4636 3046 4691 illo.
3077 4635 3286 4690 Idcirco
3308 4635 3375 4689 de
3417 4634 3580 4702 longe
3621 4646 3758 4687 con-

2178 4739 2473 4801 Spexerunt
2492 4744 2636 4784 eum.
2658 4729 2792 4784 Nam
2819 4729 3026 4783 amicus
3057 4726 3292 4781 amicum
3315 4741 3474 4779 suum
3507 4727 3574 4780 de
3599 4725 3758 4794 longe

2178 4824 2350 4887 videt,
2380 4823 2494 4876 sive
2519 4823 2760 4893 corporis
2777 4821 3009 4887 visione,
3039 4821 3154 4875 sive
3183 4818 3379 4872 animae
3411 4819 3755 4879 sinceritate,

2177 4930 2303 4969 cum
2347 4929 2554 4968 memor
2589 4924 2672 4970 est
2709 4915 2827 4984 ejus
2853 4914 2906 4967 in
2941 4912 3099 4967 donis
3121 4921 3177 4966 et
3209 4912 3558 4975 muneribus,
3592 4918 3755 4980 atque

2180 5005 2234 5058 in
2268 5018 2379 5058 sua:
2416 5005 2603 5073 gratiae
2631 5003 2982 5073 perfectione.
3018 4999 3276 5056 Videntes
3309 5001 3460 5054 illum
3485 5003 3554 5055 de
3573 5000 3752 5070 longe.

2181 5097 2319 5152 Ubi?
2354 5099 2529 5166 Super
2558 5112 2808 5151 acervum
2836 5095 3119 5163 stercoris,
3157 5108 3319 5162 super
3365 5108 3655 5147 muranam
3700 5091 3754 5144 in

2176 5191 2264 5242 via
2313 5189 2550 5259 publica.
2610 5189 2866 5243 Videntes
2916 5201 3041 5241 eum
3091 5187 3160 5241 de
3185 5185 3342 5256 longe
3398 5185 3592 5254 repleti
3625 5192 3753 5238 sunt

2175 5281 2363 5336 dolore
2401 5290 2455 5336 et
2487 5280 2686 5349 gemitu
2715 5288 2769 5332 et
2798 5279 3016 5348 planctu
3046 5293 3261 5346 quoque
3295 5287 3462 5347 atque
3489 5278 3747 5331 lamenta-

2179 5372 2344 5437 tione,
2387 5373 2526 5426 sicut
2565 5369 2795 5424 inferius
2834 5368 3322 5425 demonstrabitur.
3365 5368 3614 5423 Videam
3635 5381 3754 5421 cum

2178 5464 2242 5518 de
2263 5463 2416 5533 longe
2451 5480 2552 5518 non
2585 5475 2929 5534 cognoverunt
2954 5481 3098 5520 eum.
3150 5463 3280 5516 Nam
3309 5476 3438 5517 vere
3482 5475 3590 5514 non
3632 5465 3757 5512 erat

2176 5569 2270 5625 per
2317 5558 2457 5624 quod
2499 5565 2906 5626 agnosceretur,
2973 5554 3153 5625 regale
3207 5553 3404 5608 solium
3459 5567 3564 5607 non
3609 5547 3753 5616 erat,

2178 5644 2423 5705 t‘iadema
2463 5659 2566 5702 non
2597 5654 2734 5714 erat,
2767 5645 2939 5717 gloria
2976 5661 3152 5716 neque
3183 5643 3348 5700 vestis
3380 5643 3525 5713 regia
3553 5649 3610 5698 et
3641 5639 3754 5697 mi-

2307 5897 2336 5918 ο
