3942 6568
306 385 408 446 ὅθί

1391 391 1771 449 ΑΝΟΝΫΜΠΞ
1809 391 1875 446 IN
1911 390 2050 446 JOB.
2092 423 2155 431 —
2193 389 2320 444 LIB.
2363 388 2450 444 ΙΙΙ.

3440 387 3545 443 502

309 502 469 556 nistri
499 503 592 571 qui
622 505 858 573 undique
884 507 1290 562 circumdarent
1325 525 1431 565 non
1471 511 1706 567 fuerunt.
1735 512 1874 582 Ergo
1903 520 1947 574 Α
1978 525 2073 565 sua
2105 511 2444 573 scinderent,
2478 517 2530 562 et
2565 507 2803 562 cinerem
2833 517 3000 574 atque
3033 515 3229 560 terram
3253 505 3410 574 capiti
3443 521 3542 559 suo

311 593 443 660 quia
479 592 610 646 nihil
652 593 863 648 illorum
918 596 972 649 in
1017 611 1081 650 eo
1123 597 1396 665 viderunt,
1436 617 1555 670 quae
1580 605 1784 670 pridem
1822 604 1873 656 itt

304 700 375 738 eo
404 698 527 740 esse
558 684 831 752 sciebant,
864 701 984 755 quae
1015 697 1140 742 ante
1175 689 1228 743 in
1259 689 1350 745 illo
1383 693 1567 748 videre
1595 695 1737 747 soliti
1764 694 1875 749 l‘ue-

303 786 453 840 rant,
486 777 682 832 merito
714 777 959 833 videntes
992 779 1140 833 illum
1165 797 1269 836 non
1301 794 1653 852 agnoverunt.
1689 786 1741 839 ltt
1765 801 1872 855 quo

305 882 436 920 eum
472 869 874 937 agnoscerent?
907 869 1070 924 Coma
1105 873 1300 941 capitis
1333 891 1437 929 non
1468 885 1586 929 erat
1623 877 1693 930 ei.
1735 876 1868 932 Nam

305 957 544 1010 tondens
573 972 782 1011 comam
818 969 874 1013 et
897 959 1113 1014 diabolo
1167 977 1285 1015 eam
1328 964 1564 1031 jactans,
1600 974 1741 1018 terra
1772 981 1867 1020 ca-

295 1058 400 1116 put
437 1064 593 1102 suum
637 1050 882 1117 replevit.
928 1052 984 1105 In
1032 1066 1140 1121 quo
1188 1056 1583 1122 agnoscerent?
1629 1059 1682 1111 In
1732 1056 1868 1112 facie

289 1149 461 1207 atque
496 1140 675 1195 vultus
697 1141 907 1210 gloria?
937 1142 1050 1198 Non
1085 1157 1205 1200 erat
1239 1161 1340 1200 nec
1385 1148 1522 1216 ipsa.
1574 1148 1709 1203 Nam
1761 1165 1862 1219 pu-

289 1231 453 1283 tredo
509 1230 702 1285 faciem
769 1238 1225 1291 exterminaverat
1275 1247 1331 1292 et
1385 1255 1595 1295 vermes
1658 1243 1861 1295 vultum

287 1319 738 1376 inimutaverant.
767 1323 871 1378 Pro
901 1325 985 1379 his
1009 1341 1137 1397 ergo
1165 1329 1419 1383 omnibus
1443 1330 1686 1386 videntes
1711 1331 1858 1387 illum

283 1424 399 1463 non
430 1424 783 1480 agnoverunt.
813 1414 1026 1470 Vultum
1055 1435 1156 1472 nott
1184 1431 1553 1488 agnoverunt,
1594 1425 1686 1477 sed
1729 1439 1860 1479 con-

280 1501 580 1555 scientiam
621 1519 978 1574 agnoverunt.
1008 1507 1221 1563 Faciem
1249 1528 1351 1564 non
1384 1523 1737 1580 agnoverunt,
1765 1516 1856 1570 sed

279 1592 659 1649 sinceritatem
691 1609 1050 1664 agnoverunt.
1080 1601 1209 1654 Nam
1239 1617 1360 1656 cum
1389 1604 1458 1657 ita
1489 1605 1853 1661 miserabilem

276 1694 450 1754 atque
507 1686 910 1743 lamentabilem
965 1690 1114 1744 illum
1153 1692 1445 1758 viderunt,
1511 1710 1688 1764 neque
1724 1711 1854 1750 con-

277 1785 630 1846 tempserunt
661 1795 834 1849 neque
859 1793 1200 1850 spreverunt,
1250 1785 1344 1837 sed
1389 1785 1706 1840 immensam
1734 1790 1850 1843 sin-

1977 611 2318 671 spargerent,
2348 602 2526 655 cilicio
2559 601 2911 655 nihilominus
2941 600 3198 654 continuo
3223 613 3282 653 se
3316 600 3542 653 induen-

1979 703 2078 748 tes.
2108 693 2202 748 Sic
2227 694 2388 747 scidit
2414 693 2542 746 olim
2576 691 2741 747 Jacob
2783 692 3101 746 vestimenta
3147 705 3265 754 sua,
3314 701 3371 744 et
3423 690 3540 744 cili-

1975 785 2114 838 cium
2143 785 2394 853 imposuit
2424 783 2635 852 corpori
2675 799 2772 838 suo
2796 781 3013 851 quando
3058 781 3303 834 nuntiata
3357 790 3440 835 est
3485 781 3533 834 ei

1973 872 2170 941 Joseph
2211 873 2444 926 interitin
2485 872 2529 903 “
2557 889 2571 924 :
2602 883 2656 925 et
2685 882 2742 924 ιιι
2769 873 2836 926 de
2879 870 3292 940 qttamplurimis
3319 870 3532 932 sileam,

1970 965 2050 1020 sic
2087 965 2247 1019 scidit
2295 965 2457 1019 David
2492 979 2614 1016 cum
2671 963 2954 1018 Sit-helech
2995 963 3064 1017 ab
3097 963 3408 1017 Amalecitis
3443 977 3534 1017 ca-

1967 1066 2111 1125 ptant
2143 1056 2348 1110 invenit
2379 1059 2449 1117 δ’,
2477 1063 2531 1107 et
2569 1053 2769 1108 iterum
2797 1055 3009 1124 quando
3044 1054 3172 1108 Saul
3202 1064 3256 1110 et
3283 1053 3530 1109 Jonatha:

1967 1156 2194 1201 mortem
2224 1147 2428 1200 audivit
2451 1144 2520 1198 ³⁸.
2555 1145 2647 1199 Sic
2695 1144 2857 1198 scidit
2892 1143 3160 1198 Ezechias
3185 1146 3400 1212 quando
3429 1145 3530 1198 mi-

1967 1254 2061 1293 nas
2084 1253 2146 1290 ac
2173 1237 2539 1305 blasphemias
2586 1235 2960 1290 Sennacherib
2999 1245 3052 1287 et
3091 1233 3389 1302 Rhapsacls
3427 1252 3529 1290 au-

1963 1331 2098 1383 divit
2129 1329 2194 1393 ³⁹,
2226 1329 2304 1383 sic
2329 1329 2489 1382 scidit
2530 1342 2620 1380 rex
2658 1326 3018 1380 Ninivitarum
3054 1326 3373 1379 vestimenta
3405 1342 3524 1390 sua,

1961 1433 2016 1476 et
2053 1421 2230 1476 cilicio
2261 1437 2319 1474 se
2346 1421 2576 1474 induens
2606 1419 2657 1473 in
2691 1419 2873 1473 cinere
2903 1419 3063 1482 sedit,
3093 1417 3309 1487 quando
3339 1434 3366 1471 a
3392 1417 3526 1473 Jona

1961 1515 2222 1582 propheta
2271 1513 2337 1566 de
2376 1512 2598 1566 Ninives
2646 1511 3003 1565 subversione
3056 1510 3263 1564 audivit
3306 1509 3374 1562 ⁸ο.
3435 1509 3527 1564 Sic

1959 1606 2118 1660 scidit
2144 1605 2367 1658 ultimus
2398 1604 2448 1656 in
2476 1603 2590 1671 lege
2636 1601 2943 1656 Judaeorum
2980 1602 3227 1671 princeps
3265 1601 3524 1656 sacerdo-

1961 1707 2096 1761 tutn,
2131 1711 2252 1748 cum
2288 1697 2544 1747 adversus
2574 1692 2863 1746 Dominum
2890 1691 3281 1759 blasphemiam
3308 1706 3518 1758 quaere-

1961 1797 2038 1841 ret
2065 1785 2131 1850 “,
2164 1799 2227 1838 ex
2261 1800 2366 1854 quo
2386 1782 2689 1837 Judaaorum
2727 1780 3104 1835 sacerdotium.
3134 1788 3188 1832 et
3222 1778 3397 1832 oumis
3426 1777 3521 1832 Ju-

280 1868 578 1920 ceritatem
607 1871 988 1933 ostenderunt,
1017 1871 1158 1923 sicut
1196 1871 1422 1927 inferius
1449 1874 1850 1928 demonstrabi-
1884 1872 1924 1924 Β
1955 1883 2188 1932 ἀωοιιιιιι
2219 1878 2350 1946 legis
2366 1873 2834 1939 ritusconscissus
2864 1881 3024 1940 atque
3054 1872 3342 1951 distractus
3369 1871 3519 1940 peni-

272 1964 393 2012 tttr.
451 1957 568 2013 Non
621 1959 766 2013 enim
807 1969 962 2014 erant
1017 1961 1148 2015 tales
1189 1962 1330 2016 beati
1379 1963 1453 2018 illi
1501 1965 1623 2028 viri,
1659 1965 1848 2035 quales

271 2065 426 2103 nunc
457 2050 708 2118 profecto
739 2061 862 2106 sunt
892 2051 1141 2106 homines
1170 2053 1441 2120 malevoli,
1474 2055 1669 2126 ingrati
1696 2071 1710 2109 :
1755 2059 1845 2126 qui

272 2157 406 2194 curn
439 2143 578 2195 bene
601 2151 683 2196 est
713 2143 956 2208 cuilibet,
998 2155 1108 2197 tum
1158 2144 1231 2198 illi
1280 2147 1443 2202 amici
1495 2160 1622 2203 sunt
1648 2157 1702 2204 et
1731 2150 1844 2204 sin-

269 2233 391 2286 ceri
422 2241 586 2302 atqne
620 2235 738 2304 puri
767 2249 887 2288 esse
923 2235 1200 2290 videntur.
1244 2237 1376 2292 Cum
1415 2240 1639 2295 cuilibet
1677 2241 1845 2295 tribu-

267 2322 406 2376 latio
432 2327 734 2391 advenerit,
771 2339 899 2381 tunc
935 2329 1183 2384 videlicet
1216 2331 1290 2383 illi
1322 2331 1610 2386 discedunt
1652 2341 1706 2386 et
1751 2333 1844 2388 de-

265 2415 533 2484 spiciunt,
593 2418 1008 2488 obliviscuntur,
1047 2423 1468 2494 derelinquunt,
1515 2424 1840 2480 oblivionem

263 2518 440 2576 atque
497 2511 1011 2580 ingratificationem
1065 2517 1308 2570 omnium
1370 2517 1609 2585 priorum
1657 2527 1841 2573 osten-

264 2599 488 2654 dentes.
524 2600 629 2654 Sed
680 2602 807 2656 oliin
857 2605 1103 2660 homines
1149 2625 1253 2661 non
1303 2608 1518 2662 fuerunt
1551 2608 1704 2674 tales,
1744 2613 1838 2666 sed

263 2693 675 2758 sinceritatem,
699 2705 864 2764 atque
899 2698 1242 2753 dilectionem
1273 2700 1654 2756 custodierunt
1685 2703 1834 2757 circa

261 2795 324 2835 se
349 2797 416 2836 ac
445 2799 541 2851 pro
573 2799 630 2838 se
667 2785 894 2840 invicem
931 2804 1099 2858 usque
1132 2790 1198 2844 ad
1233 2799 1486 2852 mortem,
1536 2792 1678 2846 sicut
1725 2795 1838 2848 evi-

260 2874 466 2926 denter
484 2875 720 2929 ostendit
748 2876 838 2930 ille
867 2878 957 2946 qui
994 2878 1106 2934 ait:
1143 2881 1359 2935 Sodalis
1403 2884 1578 2936 amico
1616 2900 1829 2954 compa-

260 2963 402 3015 titur
429 2980 590 3033 usque
619 2967 688 3018 ad
719 2976 934 3020 mortem
960 3006 975 3031 ,
1020 2979 1068 3022 et
1118 2970 1174 3023 in
1226 2980 1456 3039 tempore
1491 2973 1610 3026 belli
1644 2975 1832 3043 accipit

258 3071 421 3107 arma
455 3054 520 3111 ⁸³.
548 3054 706 3109 Tales
731 3056 949 3111 fuerunt
981 3057 1054 3111 illi
1086 3059 1231 3114 beati
1279 3061 1380 3116 viri
1431 3063 1654 3130 sinceri,
1706 3066 1833 3118 abs-

257 3161 371 3214 que
413 3147 628 3201 fallacia
679 3147 779 3202 Job
831 3151 1011 3214 amici,
1059 3152 1149 3220 qui
1184 3154 1251 3206 ad
1303 3153 1644 3210 inimicitiam
1679 3155 1825 3209 circa

1955 1981 2039 2024 tus
2086 1970 2315 2024 interiit.
2362 1967 2526 2022 Juxta
2580 1968 2716 2020 hanc
2752 1980 2879 2034 ergo
2909 1964 3254 2035 antiquorum
3291 1979 3517 2017 Consue-

1954 2064 2194 2116 tudinem
2233 2062 2398 2116 etiam
2431 2060 2531 2112 viri
2565 2058 2640 2111 illi
2667 2058 2767 2112 Job
2794 2057 2953 2112 amici
2983 2073 3104 2110 cum
3133 2055 3400 2109 terribiles
3415 2055 3516 2108 Job

1949 2155 2360 2222 conspexissent
2409 2153 2625 2206 dolores
2653 2190 2669 2216 ,
2716 2149 3026 2204 scindenles
3063 2148 3379 2201 vestimenta
3415 2162 3511 2200 sua

1947 2257 2002 2300 et
2029 2254 2347 2315 spargentes
2378 2253 2575 2298 terram
2629 2257 2793 2310 super
2823 2241 2998 2310 capita
3035 2256 3151 2304 sua,
3193 2239 3514 2292 assederunt

1947 2337 2020 2390 illi
2070 2347 2274 2405 septem
2310 2336 2499 2390 diebus
2532 2344 2585 2390 et
2620 2343 2823 2402 septem
2868 2333 3137 2386 noctibus.
3179 2330 3511 2383 Assederunt

1945 2430 2018 2483 illi
2042 2430 2184 2482 sicut
2212 2427 2404 2482 ntedici
2433 2429 2498 2480 ad
2523 2426 2814 2490 infirmum,
2859 2424 2951 2479 sed
2999 2421 3247 2476 sanitatis
3273 2423 3510 2474 medica-

1942 2523 2086 2577 mina
2135 2518 2378 2574 invenire
2429 2534 2530 2571 non
2588 2523 2879 2586 potuerunt
2919 2527 3144 2585 aegroto.
3177 2514 3509 2567 Assedernnt

1943 2613 2018 2666 illi
2052 2623 2310 2680 tanquam
2340 2608 2718 2663 consolatores
2754 2605 3003 2668 dolentis,
3045 2604 3138 2657 sed
3186 2603 3508 2657 consolatio-

1943 2720 2063 2760 nem
2093 2704 2338 2758 invenire
2359 2717 2465 2756 non
2503 2710 2797 2770 potuerunt
2831 2697 3146 2752 miserabili.
3171 2696 3506 2749 Assederunt

1940 2797 2035 2850 illi.
2077 2797 2143 2850 Et
2197 2794 2285 2848 ubi
2336 2788 2881 2846 assederunt?Furis
2909 2789 2959 2841 in
2997 2804 3224 2841 ιιιιιι·;ιιι;ι
3259 2798 3420 2854 atque
3450 2787 3502 2840 in

1937 2901 2135 2942 acervo
2193 2883 2453 2939 stercoris
2500 2893 2552 2937 et
2609 2884 2659 2935 in
2711 2880 2920 2935 strata?
2972 2878 3110 2940 Non,
3163 2877 3338 2930 absit!
3387 2873 3503 2929 Non

1934 2980 2076 3032 enim
2112 2985 2255 3031 tanta
2303 2976 2592 3030 multitudo
2624 2976 2868 3028 dolorum
2915 2971 3268 3027 inundaverat
3293 2968 3415 3034 Job,
3446 2975 3504 3021 ut

1937 3072 2022 3124 ille
2059 3069 2315 3122 honorem
2346 3067 2414 3120 ad
2463 3080 2522 3119 se
2552 3066 2881 3118 venientium
2914 3061 3401 3129 non'intelligeret,
3446 3067 3503 3112 ut

1935 3158 2252 3226 dignitatem
2283 3155 2631 3223 praesentium
2677 3168 2784 3207 non
2812 3151 3204 3207 consideraret.
3248 3148 3498 3216 Quandiu

256 3236 362 3294 Job
405 3255 687 3308 nunquam
720 3251 846 3298 sunt
873 3243 1163 3309 immutati,
1199 3259 1373 3314 neque
1402 3248 1468 3300 ad
1502 3249 1605 3301 hoc
1647 3258 1705 3301 ttt
1738 3264 1828 3302 re-
1858 3225 1900 3282 (ἶ
1937 3225 2065 3318 ergo
2091 3249 2337 3302 venirent
2369 3247 2444 3300 illi
2476 3247 2598 3309 viri,
2630 3244 2718 3298 illo
2762 3259 2931 3312 usque
2973 3243 3108 3296 foris
3154 3242 3205 3294 itt
3249 3255 3498 3306 murana,

255 3329 583 3384 nuntiarent
617 3330 716 3397 illi,
762 3331 848 3386 vel
893 3331 1328 3403 derelinqtterent
1371 3351 1517 3398 eum,
1570 3336 1672 3390 nisi
1732 3353 1828 3405 pro

255 3421 560 3476 Verborum
594 3425 984 3488 controversia,
1021 3441 1083 3480 ac
1125 3425 1460 3496 eloquiorum
1496 3429 1826 3494 certamine;

256 3520 309 3564 ut
338 3512 610 3581 putabant
660 3517 802 3583 quod
850 3515 944 3568 Dei
988 3516 1255 3584 justitiam
1299 3516 1671 3572 defenderent.
1723 3519 1826 3573 Sed

254 3616 383 3656 vere
411 3603 660 3657 diabolus
683 3605 1113 3661 inflammaverat
1145 3609 1306 3662 corda
1330 3623 1542 3676 eorum,
1574 3626 1680 3679 quo
1715 3629 1828 3665 ma-

254 3695 334 3762 gis
364 3692 471 3747 Job
498 3695 801 3749 molestiam
841 3697 1167 3766 irrogarent,
1203 3715 1312 3768 quo
1357 3703 1525 3771 magis
1566 3680 1826 3771 multipli-

252 3786 436 3840 ciores
486 3787 814 3842 teutationes
863 3787 1009 3855 justo
1059 3790 1131 3844 illi
1189 3791 1515 3861 ingererent.
1561 3792 1822 3860 Videntes,

253 3877 452 3945 inquit,
480 3895 599 3931 eum
631 3895 733 3931 non
765 3891 1103 3949 agnoverunt.
1151 3881 1331 3936 Talem
1389 3883 1564 3953 qualis
1614 3885 1822 3957 pridem

252 3970 435 4027 fuerat
497 3989 600 4026 non
656 3984 991 4043 agnoverunt
1033 3989 1048 4028 :
1084 3974 1240 4028 talem
1297 3989 1424 4031 vero
1471 3976 1645 4043 qualis
1697 3987 1821 4032 tunc

253 4061 469 4127 fuisset,
526 4073 904 4133 agnoverunt,
959 4065 1343 4134 miserabilem,
1397 4065 1818 4131 lamentabilem,

254 4152 554 4217 infelicem,
598 4157 754 4214 malis
794 4156 1044 4211 omnibus
1071 4156 1348 4212 refertum.
1387 4158 1592 4213 Idcirco
1625 4161 1819 4228 singuli

250 4244 566 4298 scitzdentes
602 4248 926 4300 vestimenta
970 4262 1101 4311 sua,
1153 4259 1208 4301 et
1260 4258 1572 4317 spargentes
1621 4258 1818 4303 terram

251 4350 414 4404 super
463 4337 638 4404 capita
689 4352 783 4390 sua
808 4378 821 4401 ,
860 4338 1178 4390 assederunt
1205 4337 1277 4390 illi
1312 4347 1520 4404 septem
1549 4338 1741 4392 diebus
1765 4349 1819 4392 et

249 4439 457 4496 septem
493 4427 758 4482 noctilms.
800 4429 1143 4482 Adtnirautes
1196 4429 1296 4482 viri
1346 4429 1442 4495 illi,
1493 4439 1658 4498 atque
1701 4441 1816 4484 stu-

249 4526 438 4583 pentes
478 4518 850 4572 vehementem
901 4534 963 4572 ac
999 4519 1296 4574 terribilem
1345 4531 1507 4589 atque
1554 4520 1817 4577 lamenta-

249 4608 412 4661 bilent
459 4609 579 4677 ejus
622 4609 1076 4671 immutationem,
1114 4611 1432 4663 vestimenta
1475 4627 1570 4665 sua
1602 4613 1818 4665 consci-

249 4699 464 4754 derunt.
505 4699 635 4763 Quin
687 4698 884 4763 fecisti,
916 4700 1186 4769 inquiunt,
1219 4718 1251 4755 ο
1284 4699 1406 4763 Job,
1457 4702 1703 4766 facimus,
1761 4714 1816 4758 et

247 4803 364 4857 qua:
385 4790 602 4858 gessisti
626 4792 883 4859 gerimus,
918 4794 1231 4846 vestimenta
1260 4803 1438 4848 nostra
1469 4796 1774 4864 spargimus
1798 4813 1810 4846 :

248 4882 323 4936 sic
378 4898 614 4949 namque
656 4894 709 4937 et
755 4895 807 4936 tu
855 4883 1031 4938 fecisti
1080 4896 1207 4938 ante
1249 4887 1519 4954 paululum
1549 4927 1563 4950 ,
1620 4896 1674 4938 ut
1730 4886 1813 4939 in-

245 4974 458 5042 quiunt,
485 4971 634 5027 oJob
660 4992 673 5027 :
697 4985 750 5029 et
776 4976 979 5029 utinam
1005 4986 1230 5030 caeteros
1255 4977 1470 5030 dolores
1493 4985 1611 5029 tuos
1637 4985 1810 5030 tecum

247 5063 489 5118 dividere
540 5065 833 5134 possimus,
878 5077 1084 5120 tantum
1142 5077 1198 5119 ιιι
1252 5067 1710 5136 apprehendentis
1762 5075 1812 5120 te

249 5167 420 5222 paena:
464 5155 724 5210 revelatio
759 5156 869 5210 ﬁat.
926 5158 1237 5212 Sciudentes
1287 5158 1642 5227 unusquisque
1668 5157 1814 5208 vesti-

245 5259 416 5298 menta
443 5262 560 5305 sua,
578 5257 624 5299 et
637 5259 935 5316 spargente:
957 5259 1148 5302 terram
1175 5265 1331 5315 super
1352 5249 1523 5317 capita
1550 5265 1647 5301 sua
1674 5247 1812 5302 "-".

245 5333 588 5390 Consuetudo
620 5347 738 5390 erat
784 5339 1035 5391 Omnibus
1084 5340 1323 5408 antiquis
1374 5341 1570 5407 ubique
1599 5350 1656 5392 ut
1682 5353 1806 5391 cum

243 5439 408 5490 grave
460 5427 665 5495 aliquid
714 5437 876 5496 atque
927 5429 1272 5484 lamentabile
1320 5432 1401 5486 vel
1448 5429 1804 5499 periculosum

245 5519 526 5572 audissent
578 5519 660 5573 vel
714 5522 1125 5587 sustinuissent,
1176 5522 1434 5577 continuo
1484 5522 1803 5576 vestimenta

1050 5722 1169 5761 “~35
1218 5721 1316 5775 Job
1367 5738 1424 5784 tt,
1473 5721 1557 5774 12.

314 5720 356 5750 ³³
411 5720 575 5774 lii-cli.
632 5739 838 5789 xxxv",
1050 5722 1169 5761 “-”
1218 5721 1316 5775 Job
1367 5739 1377 5772 I

314 5789 356 5820 ³⁸
385 5789 447 5844 IV
481 5785 608 5845 nec.
653 5808 806 5845 mit.
846 5795 904 5845 1.
984 5794 1024 5824 ³ο
1065 5789 1182 5845 Jun.
1233 5808 1312 5845 ιιι.
1353 5793 1384 5844 6

1098 5811 1182 5847 un.
1233 5808 1312 5859 ιιι,
1353 5808 1403 5845 υ.

312 5789 356 5820 ³⁸
385 5789 447 5844 ιγ
481 5785 608 5861 Reg.
653 5785 904 5860 xvuipl.

1671 5721 1714 5751 ³⁸
1743 5720 1877 5774 Gctt.
1906 5734 2110 5781 xxxvii,
2138 5716 2225 5773 ⁸54.

1482 5794 1522 5822 ⁸⁸
1556 5790 1741 5846 Matth.
1795 5806 1941 5854 xxvi,
1977 5788 2062 5841 65.

1935 3340 1985 3393 iu
2034 3348 2204 3392 strata
2245 3337 2499 3390 omnibus
2547 3336 2829 3389 evidenter
2861 3332 3157 3387 ostendens
3186 3332 3496 3398 passionem

1931 3446 2109 3493 suam,
2146 3440 2200 3482 et
2233 3429 2359 3498 quia
2395 3443 2516 3480 cum
2545 3434 2692 3479 esset
2717 3424 2897 3494 justus
2941 3421 3288 3475 vehementes
3332 3419 3497 3473 susti-

1932 3520 2110 3574 nuerit
2147 3520 2381 3573 dolores.
2422 3516 2714 3585 Postquam
2749 3530 2880 3569 vero
2930 3513 3210 3567 memorati
3257 3511 3362 3564 viri
3409 3525 3498 3565 ve-

1931 3621 2145 3674 nerunt,
2174 3611 2419 3664 deferens
2445 3609 2701 3662 honorem
2728 3605 3031 3661 sinceritati
3067 3619 3276 3665 eorum,
3304 3613 3359 3656 ct
3395 3603 3492 3656 Ito-

1931 3703 2228 3756 uorillcans
2274 3716 2534 3770 personas
2591 3714 2780 3752 eorum
2823 3697 3065 3750 introivit
3101 3696 3152 3747 in
3191 3695 3490 3761 civitatem,

1928 3803 1983 3848 et
2009 3794 2150 3847 sedit
2191 3792 2243 3844 in
2273 3793 2432 3846 domo
2468 3807 2481 3843 :
2525 3801 2576 3844 et
2605 3790 2678 3843 ita
2715 3772 3058 3843 venerabiles
3088 3786 3174 3840 isti
3207 3786 3308 3839 viri
3341 3785 3491 3840 sede-

1928 3893 2055 3940 runt
2087 3887 2223 3954 apud
2252 3899 2374 3938 eum
2409 3892 2617 3951 septem
2671 3882 2858 3934 diebus
2895 3891 2948 3934 et
2975 3889 3178 3947 septem
3223 3879 3489 3932 noctibus.

1929 3971 2276 4028 llebdomada
2309 3972 2518 4026 dierum
2557 3970 2605 4023 ei
2637 3971 2977 4031 assederunt,
3031 3983 3095 4021 ex
3144 3983 3248 4036 qua
3293 3967 3492 4021 hebdo-

1925 4063 2083 4116 mada
2109 4072 2277 4115 totum
2301 4061 2404 4114 hoc
2427 4069 2832 4114 consummatur
2855 4055 3128 4111 saeculum.
3156 4056 3490 4109 Assederunt

1925 4153 1973 4206 ci
2006 4163 2210 4220 septem
2240 4151 2430 4204 diebus
2459 4158 2513 4202 et
2546 4158 2748 4216 septem
2789 4147 3058 4208 noctibus,
3088 4143 3361 4205 indivulsi,
3404 4145 3489 4197 in-

1923 4239 2156 4308 separati
2197 4248 2358 4305 atque
2395 4236 2753 4292 indissoeiati.
2803 4235 3141 4289 Assederunt
3181 4234 3230 4287 ei
3281 4243 3487 4302 septem

1929 4329 2118 4383 diebus
2142 4339 2195 4380 et
2224 4337 2428 4396 septem
2481 4326 2752 4386 noctibus,
2808 4338 3069 4393 nusquam
3126 4324 3485 4386 discedentes,

1926 4436 2190 4489 nusquam
2224 4421 2558 4483 recedentes,
2611 4433 2875 4486 nusquam
2915 4419 3254 4480 deserentes,
3309 4429 3487 4484 neque

1926 4514 1992 4566 ad
2020 4528 2228 4574 escam,
2258 4525 2434 4577 neque
2467 4511 2532 4562 ad
2579 4519 2783 4578 potum,
2830 4521 3004 4576 neque
3036 4507 3100 4559 ad
3139 4505 3356 4569 lectum,
3396 4520 3487 4558 ue-

1930 4619 2034 4674 qtte
2051 4605 2117 4656 ad
2148 4604 2292 4655 aliud
2319 4601 2681 4670 refrigerium.
2711 4599 2818 4653 Sed
2848 4598 3077 4652 forsitan
3095 4597 3225 4650 dicit
3256 4595 3482 4664 aliquis:

1925 4695 1992 4747 Et
2037 4692 2303 4760 quomodo
2350 4693 2718 4742 sustinuerunt
2767 4699 2873 4739 non
2927 4684 3277 4744 manducare,
3312 4696 3488 4748 neque

1929 4768 2110 4837 bibere
2137 4790 2340 4850 septem
2362 4776 2590 4832 diebus?
2613 4775 2851 4828 Primum
2875 4773 3101 4842 quidem
3127 4773 3305 4825 divina
3331 4777 3487 4823 erant

1926 4874 2126 4926 virtute
2156 4869 2469 4932 confortati,
2524 4879 2629 4921 tam
2684 4881 2782 4935 pro
2816 4863 2916 4919 Job
2941 4879 3100 4932 quam
3131 4877 3225 4931 pro
3249 4876 3346 4913 sua
3368 4859 3482 4912 sin-

1924 4966 2172 5018 ceritate.
2207 4962 2340 5014 Nam
2365 4960 2496 5029 justi
2540 4969 2696 5012 erant
2737 4957 2833 5008 viri
2881 4955 2968 5008 isti
3018 4962 3180 5021 atque
3221 4950 3479 5020 religiosi,

1923 5055 2114 5108 merito
2138 5063 2194 5106 et
2229 5053 2322 5106 Dei
2351 5050 2618 5119 colloquio
2643 5059 2765 5118 post
2810 5047 2914 5101 hoc
2945 5047 3088 5115 digiti
3123 5044 3290 5098 habiti
3334 5051 3478 5095 sunt.

1922 5145 2013 5198 Dei
2071 5145 2252 5211 itaque
2301 5143 2499 5194 virtute
2562 5152 2724 5209 atque
2793 5135 3128 5208 providentia
3185 5131 3480 5186 confortati

1919 5237 2312 5291 sustinuerunt.
2357 5233 2484 5287 ltettt
2515 5232 2690 5285 adhuc
2726 5231 2889 5283 etiam
2939 5227 3028 5282 isti
3084 5225 3183 5278 viri
3214 5225 3369 5277 aliter
3397 5239 3483 5278 ve-

1920 5340 2135 5393 nerunt,
2165 5336 2219 5381 et
2251 5328 2494 5381 videntes
2521 5325 2939 5392 obstupuerunt,
2988 5331 3042 5373 et
3086 5317 3350 5370 immenso
3379 5316 3479 5368 do-

1921 5423 2034 5477 lore
2068 5429 2229 5488 atque
2259 5417 2474 5472 tristitia
2499 5425 2660 5483 atque
2689 5411 2889 5484 gentitu
2927 5411 3112 5480 repleti
3151 5419 3294 5464 sunt.
3328 5409 3482 5463 Asse-

1919 5515 2112 5568 derunt
2153 5511 2200 5564 ei
2229 5516 2435 5578 septem
2474 5507 2662 5560 diebus
2705 5513 2760 5558 et
2807 5513 3012 5571 septem
3060 5503 3327 5566 noctibus,
3364 5500 3477 5568 ipsa

2338 5713 2428 5767 ³⁷1
2461 5713 2588 5788 Reg.
2625 5714 2829 5783 [ΠΛ.
2937 5715 2979 5746 ³⁸
3012 5714 3055 5768 ll
3103 5712 3237 5786 Reg.
3291 5729 3331 5779 ι,
3386 5710 3476 5769 12.
