  <div class='ocr_page' id='page_1' title='image "/cluster/home/n/w/nwhite01/storage/ocr_20150623/17/hvd.32044051719607/263.png"; bbox 0 0 3942 6512; ppageno 0'>
   <div class='ocr_carea' id='block_1_1' title="bbox 498 337 607 396">
    <p class='ocr_par' dir='ltr' id='par_1_1' title="bbox 498 337 607 396">
     <span class='ocr_line' id='line_1_1' title="bbox 498 337 607 396; baseline 0.037 -5"><span class='ocrx_word' id='word_1_1' title='bbox 498 337 607 396; x_wconf 76' lang='grc'><strong>505</strong></span> 
     </span>
    </p>
   </div>
   <div class='ocr_carea' id='block_1_2' title="bbox 1595 338 2653 398">
    <p class='ocr_par' dir='ltr' id='par_1_2' title="bbox 1595 338 2653 398">
     <span class='ocr_line' id='line_1_2' title="bbox 1595 338 2653 398; baseline -0.003 -2"><span class='ocrx_word' id='word_1_2' title='bbox 1595 339 1976 398; x_wconf 73' lang='lat' dir='ltr'><strong>ANONYMUS</strong></span> <span class='ocrx_word' id='word_1_3' title='bbox 2014 339 2080 395; x_wconf 86' lang='lat' dir='ltr'><strong>IN</strong></span> <span class='ocrx_word' id='word_1_4' title='bbox 2116 341 2254 398; x_wconf 88' lang='lat' dir='ltr'><strong>JOB.</strong></span> <span class='ocrx_word' id='word_1_5' title='bbox 2297 373 2361 382; x_wconf 89' lang='grc'><strong>--</strong></span> <span class='ocrx_word' id='word_1_6' title='bbox 2401 339 2530 395; x_wconf 87' lang='lat' dir='ltr'><strong>LIB.</strong></span> <span class='ocrx_word' id='word_1_7' title='bbox 2566 338 2653 395; x_wconf 81' lang='grc' dir='ltr'><strong>ΙΙΙ.</strong></span> 
     </span>
    </p>
   </div>
   <div class='ocr_carea' id='block_1_3' title="bbox 3637 335 3725 392">
    <p class='ocr_par' dir='ltr' id='par_1_3' title="bbox 3637 335 3725 392">
     <span class='ocr_line' id='line_1_3' title="bbox 3637 335 3725 392; baseline -0.011 0"><span class='ocrx_word' id='word_1_8' title='bbox 3637 335 3725 392; x_wconf 73' lang='grc'><strong>501</strong></span> 
     </span>
    </p>
   </div>
   <div class='ocr_carea' id='block_1_4' title="bbox 502 447 3726 528">
    <p class='ocr_par' dir='ltr' id='par_1_4' title="bbox 502 447 3726 528">
     <span class='ocr_line' id='line_1_4' title="bbox 502 447 3726 528; baseline -0.002 -22"><span class='ocrx_word' id='word_1_9' title='bbox 502 454 726 508; x_wconf 72' lang='lat' dir='ltr'><strong>tristitia</strong></span> <span class='ocrx_word' id='word_1_10' title='bbox 756 465 918 524; x_wconf 84' lang='lat' dir='ltr'><strong>alque</strong></span> <span class='ocrx_word' id='word_1_11' title='bbox 947 456 1075 526; x_wconf 86' lang='lat' dir='ltr'><strong>ipsis</strong></span> <span class='ocrx_word' id='word_1_12' title='bbox 1099 456 1379 512; x_wconf 82' lang='lat' dir='ltr'><strong>doloribus</strong></span> <span class='ocrx_word' id='word_1_13' title='bbox 1408 459 1658 522; x_wconf 88' lang='lat' dir='ltr'><strong>saturati,</strong></span> <span class='ocrx_word' id='word_1_14' title='bbox 1689 458 1820 528; x_wconf 83' lang='lat' dir='ltr'><strong>ipsis</strong></span> <span class='ocrx_word' id='word_1_15' title='bbox 1845 458 2068 512; x_wconf 79' lang='lat' dir='ltr'><strong>vocibus</strong></span> <span class='ocrx_word' id='word_1_16' title='bbox 2098 461 2143 516; x_wconf 79' lang='grc' dir='ltr'>Α</span> <span class='ocrx_word' id='word_1_17' title='bbox 2173 455 2231 511; x_wconf 90' lang='lat' dir='ltr'><strong>Si</strong></span> <span class='ocrx_word' id='word_1_18' title='bbox 2261 456 2416 510; x_wconf 85' lang='lat' dir='ltr'><strong>liberi</strong></span> <span class='ocrx_word' id='word_1_19' title='bbox 2451 453 2646 509; x_wconf 86' lang='lat' dir='ltr'><strong>sublati</strong></span> <span class='ocrx_word' id='word_1_20' title='bbox 2675 459 2800 508; x_wconf 88' lang='lat' dir='ltr'><strong>sunt</strong></span> <span class='ocrx_word' id='word_1_21' title='bbox 2829 450 2952 518; x_wconf 90' lang='lat' dir='ltr'><strong>tibi,</strong></span> <span class='ocrx_word' id='word_1_22' title='bbox 2983 447 3248 517; x_wconf 87' lang='lat' dir='ltr'><strong>transiges</strong></span> <span class='ocrx_word' id='word_1_23' title='bbox 3278 447 3344 504; x_wconf 90' lang='lat' dir='ltr'><strong>de</strong></span> <span class='ocrx_word' id='word_1_24' title='bbox 3378 461 3434 502; x_wconf 89' lang='lat' dir='ltr'><strong>re</strong></span> <span class='ocrx_word' id='word_1_25' title='bbox 3459 448 3726 501; x_wconf 82' lang='lat' dir='ltr'><strong>tamntari.</strong></span> 
     </span>
    </p>
   </div>
   <div class='ocr_carea' id='block_1_5' title="bbox 497 546 2064 619">
    <p class='ocr_par' dir='ltr' id='par_1_5' title="bbox 497 546 2064 619">
     <span class='ocr_line' id='line_1_5' title="bbox 497 546 2064 619; baseline 0.004 -21"><span class='ocrx_word' id='word_1_26' title='bbox 497 546 706 610; x_wconf 86' lang='lat' dir='ltr'><strong>satiati,</strong></span> <span class='ocrx_word' id='word_1_27' title='bbox 762 547 893 616; x_wconf 90' lang='lat' dir='ltr'><strong>ipsis</strong></span> <span class='ocrx_word' id='word_1_28' title='bbox 929 547 1184 619; x_wconf 90' lang='lat' dir='ltr'><strong>lacrymis</strong></span> <span class='ocrx_word' id='word_1_29' title='bbox 1221 548 1494 604; x_wconf 90' lang='lat' dir='ltr'><strong>ittebriati.</strong></span> <span class='ocrx_word' id='word_1_30' title='bbox 1547 547 1671 603; x_wconf 70' lang='lat' dir='ltr'><strong>llaec</strong></span> <span class='ocrx_word' id='word_1_31' title='bbox 1715 551 2064 604; x_wconf 85' lang='lat' dir='ltr'><strong>recordantes</strong></span> 
     </span>
    </p>
   </div>
   <div class='ocr_carea' id='block_1_6' title="bbox 498 623 2062 709">
    <p class='ocr_par' dir='ltr' id='par_1_6' title="bbox 498 623 2062 709">
     <span class='ocr_line' id='line_1_6' title="bbox 498 623 2062 709; baseline 0.003 -19"><span class='ocrx_word' id='word_1_32' title='bbox 498 648 616 706; x_wconf 89' lang='lat' dir='ltr'><strong>post</strong></span> <span class='ocrx_word' id='word_1_33' title='bbox 637 637 750 691; x_wconf 64' lang='lat' dir='ltr'><strong>haec</strong></span> <span class='ocrx_word' id='word_1_34' title='bbox 771 623 972 702; x_wconf 52' lang='lat' dir='ltr'><strong>s&#39;ancti,</strong></span> <span class='ocrx_word' id='word_1_35' title='bbox 993 639 1251 693; x_wconf 88' lang='lat' dir='ltr'><strong>dixerunt</strong></span> <span class='ocrx_word' id='word_1_36' title='bbox 1267 653 1328 692; x_wconf 83' lang='lat' dir='ltr'><strong>ea</strong></span> <span class='ocrx_word' id='word_1_37' title='bbox 1360 639 1563 702; x_wconf 83' lang='lat' dir='ltr'><strong>verbis,</strong></span> <span class='ocrx_word' id='word_1_38' title='bbox 1581 654 1700 708; x_wconf 71' lang='lat' dir='ltr'><strong>qua:</strong></span> <span class='ocrx_word' id='word_1_39' title='bbox 1719 640 1796 694; x_wconf 89' lang='lat' dir='ltr'><strong>illi</strong></span> <span class='ocrx_word' id='word_1_40' title='bbox 1820 638 2062 709; x_wconf 87' lang='lat' dir='ltr'><strong>perfece-</strong></span> 
     </span>
    </p>
   </div>
   <div class='ocr_carea' id='block_1_7' title="bbox 499 724 2062 804">
    <p class='ocr_par' dir='ltr' id='par_1_7' title="bbox 499 724 2062 804">
     <span class='ocr_line' id='line_1_7' title="bbox 499 724 2062 804; baseline 0.003 -26"><span class='ocrx_word' id='word_1_41' title='bbox 499 724 823 780; x_wconf 85' lang='lat' dir='ltr'><strong>runtfactis.</strong></span> <span class='ocrx_word' id='word_1_42' title='bbox 857 724 1094 780; x_wconf 81' lang='lat' dir='ltr'><strong>Fuerunt</strong></span> <span class='ocrx_word' id='word_1_43' title='bbox 1117 727 1246 780; x_wconf 73' lang='lat' dir='ltr'><strong>milii</strong></span> <span class='ocrx_word' id='word_1_44' title='bbox 1276 727 1524 804; x_wconf 70' lang='lat' dir='ltr'><strong>lacryma’</strong></span> <span class='ocrx_word' id='word_1_45' title='bbox 1558 745 1685 782; x_wconf 60' lang='lat' dir='ltr'><strong>meat</strong></span> <span class='ocrx_word' id='word_1_46' title='bbox 1699 744 1858 798; x_wconf 80' lang='lat' dir='ltr'><strong>partes</strong></span> <span class='ocrx_word' id='word_1_47' title='bbox 1892 729 1976 782; x_wconf 84' lang='lat' dir='ltr'><strong>die</strong></span> <span class='ocrx_word' id='word_1_48' title='bbox 1999 745 2062 782; x_wconf 85' lang='lat' dir='ltr'><strong>ac</strong></span> 
     </span>
    </p>
   </div>
   <div class='ocr_carea' id='block_1_8' title="bbox 492 813 2062 890">
    <p class='ocr_par' dir='ltr' id='par_1_8' title="bbox 492 813 2062 890">
     <span class='ocr_line' id='line_1_8' title="bbox 492 813 2062 890; baseline 0.004 -22"><span class='ocrx_word' id='word_1_49' title='bbox 492 823 644 868; x_wconf 82' lang='lat' dir='ltr'><strong>nocte</strong></span> <span class='ocrx_word' id='word_1_50' title='bbox 658 813 702 847; x_wconf 77' lang='grc'>⁸³</span> <span class='ocrx_word' id='word_1_51' title='bbox 723 830 738 880; x_wconf 89' lang='grc'>;</span> <span class='ocrx_word' id='word_1_52' title='bbox 760 825 814 870; x_wconf 86' lang='lat' dir='ltr'><strong>et</strong></span> <span class='ocrx_word' id='word_1_53' title='bbox 835 837 846 871; x_wconf 89' lang='lat'><strong>:</strong></span> <span class='ocrx_word' id='word_1_54' title='bbox 875 813 1083 871; x_wconf 80' lang='lat' dir='ltr'><strong>Oblitus</strong></span> <span class='ocrx_word' id='word_1_55' title='bbox 1102 832 1214 871; x_wconf 81' lang='lat' dir='ltr'><strong>sum</strong></span> <span class='ocrx_word' id='word_1_56' title='bbox 1236 820 1387 871; x_wconf 85' lang='lat' dir='ltr'><strong>edere</strong></span> <span class='ocrx_word' id='word_1_57' title='bbox 1405 834 1573 872; x_wconf 85' lang='lat' dir='ltr'><strong>meum</strong></span> <span class='ocrx_word' id='word_1_58' title='bbox 1591 835 1655 886; x_wconf 88' lang='lat' dir='ltr'><strong>pa</strong></span> <span class='ocrx_word' id='word_1_59' title='bbox 1665 835 1782 872; x_wconf 86' lang='lat' dir='ltr'><strong>nem</strong></span> <span class='ocrx_word' id='word_1_60' title='bbox 1799 837 1829 872; x_wconf 80' lang='lat' dir='ltr'><strong>tt</strong></span> <span class='ocrx_word' id='word_1_61' title='bbox 1843 834 1960 874; x_wconf 74' lang='lat' dir='ltr'><strong>voce</strong></span> <span class='ocrx_word' id='word_1_62' title='bbox 1981 836 2062 890; x_wconf 85' lang='lat' dir='ltr'><strong>ge-</strong></span> 
     </span>
    </p>
   </div>
   <div class='ocr_carea' id='block_1_9' title="bbox 493 905 2061 982">
    <p class='ocr_par' dir='ltr' id='par_1_9' title="bbox 493 905 2061 982">
     <span class='ocr_line' id='line_1_9' title="bbox 493 905 2061 982; baseline 0.006 -26"><span class='ocrx_word' id='word_1_63' title='bbox 493 905 717 958; x_wconf 74' lang='lat' dir='ltr'><strong>int&#39;tuum</strong></span> <span class='ocrx_word' id='word_1_64' title='bbox 737 922 973 961; x_wconf 78' lang='lat' dir='ltr'><strong>meorum</strong></span> <span class='ocrx_word' id='word_1_65' title='bbox 992 906 1058 976; x_wconf 73' lang='lat'><strong>”,</strong></span> <span class='ocrx_word' id='word_1_66' title='bbox 1083 918 1136 962; x_wconf 88' lang='lat' dir='ltr'><strong>et</strong></span> <span class='ocrx_word' id='word_1_67' title='bbox 1157 927 1172 962; x_wconf 87' lang='lat'><strong>:</strong></span> <span class='ocrx_word' id='word_1_68' title='bbox 1198 908 1402 963; x_wconf 78' lang='lat' dir='ltr'><strong>Potasti</strong></span> <span class='ocrx_word' id='word_1_69' title='bbox 1417 927 1507 964; x_wconf 85' lang='lat' dir='ltr'><strong>nos</strong></span> <span class='ocrx_word' id='word_1_70' title='bbox 1527 911 1770 982; x_wconf 78' lang='lat' dir='ltr'><strong>lacrymt’s</strong></span> <span class='ocrx_word' id='word_1_71' title='bbox 1787 913 1843 965; x_wconf 79' lang='lat' dir='ltr'><strong>in</strong></span> <span class='ocrx_word' id='word_1_72' title='bbox 1861 929 2061 966; x_wconf 85' lang='lat' dir='ltr'><strong>mensu-</strong></span> 
     </span>
    </p>
   </div>
   <div class='ocr_carea' id='block_1_10' title="bbox 493 994 2058 1071">
    <p class='ocr_par' dir='ltr' id='par_1_10' title="bbox 493 994 2058 1071">
     <span class='ocr_line' id='line_1_10' title="bbox 493 994 2058 1071; baseline 0.006 -25"><span class='ocrx_word' id='word_1_73' title='bbox 493 1012 554 1049; x_wconf 87' lang='lat' dir='ltr'><strong>ra</strong></span> <span class='ocrx_word' id='word_1_74' title='bbox 581 994 649 1052; x_wconf 73' lang='lat'><strong>“.</strong></span> <span class='ocrx_word' id='word_1_75' title='bbox 677 995 850 1051; x_wconf 85' lang='lat' dir='ltr'><strong>Tanta</strong></span> <span class='ocrx_word' id='word_1_76' title='bbox 885 1013 1016 1070; x_wconf 78' lang='lat' dir='ltr'><strong>ergo</strong></span> <span class='ocrx_word' id='word_1_77' title='bbox 1047 999 1264 1054; x_wconf 82' lang='lat' dir='ltr'><strong>tristitia</strong></span> <span class='ocrx_word' id='word_1_78' title='bbox 1311 1017 1376 1056; x_wconf 88' lang='lat' dir='ltr'><strong>ac</strong></span> <span class='ocrx_word' id='word_1_79' title='bbox 1415 1001 1622 1067; x_wconf 88' lang='lat' dir='ltr'><strong>dolore,</strong></span> <span class='ocrx_word' id='word_1_80' title='bbox 1657 1012 1709 1057; x_wconf 88' lang='lat' dir='ltr'><strong>et</strong></span> <span class='ocrx_word' id='word_1_81' title='bbox 1743 1004 2058 1071; x_wconf 74' lang='lat' dir='ltr'><strong>gemitibus,</strong></span> 
     </span>
    </p>
   </div>
   <div class='ocr_carea' id='block_1_11' title="bbox 488 1086 2059 1160">
    <p class='ocr_par' dir='ltr' id='par_1_11' title="bbox 488 1086 2059 1160">
     <span class='ocr_line' id='line_1_11' title="bbox 488 1086 2059 1160; baseline 0.003 -21"><span class='ocrx_word' id='word_1_82' title='bbox 488 1086 739 1154; x_wconf 85' lang='lat' dir='ltr'><strong>suspiriis</strong></span> <span class='ocrx_word' id='word_1_83' title='bbox 781 1099 997 1155; x_wconf 86' lang='lat' dir='ltr'><strong>quoque</strong></span> <span class='ocrx_word' id='word_1_84' title='bbox 1024 1097 1080 1141; x_wconf 91' lang='lat' dir='ltr'><strong>et</strong></span> <span class='ocrx_word' id='word_1_85' title='bbox 1135 1086 1408 1160; x_wconf 83' lang='lat' dir='ltr'><strong>lacrymis,</strong></span> <span class='ocrx_word' id='word_1_86' title='bbox 1456 1099 1622 1158; x_wconf 90' lang='lat' dir='ltr'><strong>atque</strong></span> <span class='ocrx_word' id='word_1_87' title='bbox 1671 1088 2059 1145; x_wconf 78' lang='lat' dir='ltr'><strong>lamentatione</strong></span> 
     </span>
    </p>
   </div>
   <div class='ocr_carea' id='block_1_12' title="bbox 496 1175 2058 1250">
    <p class='ocr_par' dir='ltr' id='par_1_12' title="bbox 496 1175 2058 1250">
     <span class='ocr_line' id='line_1_12' title="bbox 496 1175 2058 1250; baseline 0.006 -22"><span class='ocrx_word' id='word_1_88' title='bbox 496 1175 683 1244; x_wconf 86' lang='lat' dir='ltr'><strong>repleti</strong></span> <span class='ocrx_word' id='word_1_89' title='bbox 716 1186 842 1232; x_wconf 92' lang='lat' dir='ltr'><strong>sunt</strong></span> <span class='ocrx_word' id='word_1_90' title='bbox 893 1176 992 1231; x_wconf 83' lang='lat' dir='ltr'><strong>viri</strong></span> <span class='ocrx_word' id='word_1_91' title='bbox 1033 1177 1133 1244; x_wconf 85' lang='lat' dir='ltr'><strong>illi,</strong></span> <span class='ocrx_word' id='word_1_92' title='bbox 1165 1187 1224 1232; x_wconf 90' lang='lat' dir='ltr'><strong>ut</strong></span> <span class='ocrx_word' id='word_1_93' title='bbox 1262 1178 1506 1234; x_wconf 90' lang='lat' dir='ltr'><strong>omnium</strong></span> <span class='ocrx_word' id='word_1_94' title='bbox 1547 1180 1846 1234; x_wconf 81' lang='lat' dir='ltr'><strong>carnalium</strong></span> <span class='ocrx_word' id='word_1_95' title='bbox 1893 1190 2058 1250; x_wconf 89' lang='lat' dir='ltr'><strong>atque</strong></span> 
     </span>
    </p>
   </div>
   <div class='ocr_carea' id='block_1_13' title="bbox 489 1267 2057 1336">
    <p class='ocr_par' dir='ltr' id='par_1_13' title="bbox 489 1267 2057 1336">
     <span class='ocr_line' id='line_1_13' title="bbox 489 1267 2057 1336; baseline 0.003 -15"><span class='ocrx_word' id='word_1_96' title='bbox 489 1267 838 1336; x_wconf 72' lang='lat' dir='ltr'><strong>praesentium</strong></span> <span class='ocrx_word' id='word_1_97' title='bbox 869 1269 1362 1336; x_wconf 81' lang='lat' dir='ltr'><strong>obliviscerentur,</strong></span> <span class='ocrx_word' id='word_1_98' title='bbox 1409 1279 1466 1325; x_wconf 91' lang='lat' dir='ltr'><strong>et</strong></span> <span class='ocrx_word' id='word_1_99' title='bbox 1491 1269 1766 1326; x_wconf 88' lang='lat' dir='ltr'><strong>alerentur</strong></span> <span class='ocrx_word' id='word_1_100' title='bbox 1804 1281 1851 1326; x_wconf 90' lang='lat' dir='ltr'><strong>et</strong></span> <span class='ocrx_word' id='word_1_101' title='bbox 1904 1282 2057 1326; x_wconf 88' lang='lat' dir='ltr'><strong>satu-</strong></span> 
     </span>
    </p>
   </div>
   <div class='ocr_carea' id='block_1_14' title="bbox 489 1359 2054 1430">
    <p class='ocr_par' dir='ltr' id='par_1_14' title="bbox 489 1359 2054 1430">
     <span class='ocr_line' id='line_1_14' title="bbox 489 1359 2054 1430; baseline 0.003 -19"><span class='ocrx_word' id='word_1_102' title='bbox 489 1369 747 1414; x_wconf 88' lang='lat' dir='ltr'><strong>rareutur</strong></span> <span class='ocrx_word' id='word_1_103' title='bbox 785 1369 841 1414; x_wconf 91' lang='lat' dir='ltr'><strong>et</strong></span> <span class='ocrx_word' id='word_1_104' title='bbox 873 1359 1214 1430; x_wconf 85' lang='lat' dir='ltr'><strong>replerentur</strong></span> <span class='ocrx_word' id='word_1_105' title='bbox 1254 1361 1365 1430; x_wconf 89' lang='lat' dir='ltr'><strong>ipsa</strong></span> <span class='ocrx_word' id='word_1_106' title='bbox 1402 1361 1620 1416; x_wconf 87' lang='lat' dir='ltr'><strong>tristitia</strong></span> <span class='ocrx_word' id='word_1_107' title='bbox 1651 1372 1702 1416; x_wconf 89' lang='lat' dir='ltr'><strong>et</strong></span> <span class='ocrx_word' id='word_1_108' title='bbox 1729 1362 1892 1416; x_wconf 91' lang='lat' dir='ltr'><strong>luctu.</strong></span> <span class='ocrx_word' id='word_1_109' title='bbox 1922 1362 2054 1416; x_wconf 75' lang='lat' dir='ltr'><strong>Nam</strong></span> 
     </span>
    </p>
   </div>
   <div class='ocr_carea' id='block_1_15' title="bbox 485 1451 2056 1519">
    <p class='ocr_par' dir='ltr' id='par_1_15' title="bbox 485 1451 2056 1519">
     <span class='ocr_line' id='line_1_15' title="bbox 485 1451 2056 1519; baseline 0.001 -11"><span class='ocrx_word' id='word_1_110' title='bbox 485 1453 630 1508; x_wconf 82' lang='lat' dir='ltr'><strong>sicut</strong></span> <span class='ocrx_word' id='word_1_111' title='bbox 662 1451 764 1508; x_wconf 93' lang='lat' dir='ltr'><strong>Job</strong></span> <span class='ocrx_word' id='word_1_112' title='bbox 811 1453 1159 1509; x_wconf 87' lang='lat' dir='ltr'><strong>saturabatur</strong></span> <span class='ocrx_word' id='word_1_113' title='bbox 1207 1454 1708 1509; x_wconf 83' lang='lat' dir='ltr'><strong>vehementioribus</strong></span> <span class='ocrx_word' id='word_1_114' title='bbox 1750 1455 2056 1519; x_wconf 89' lang='lat' dir='ltr'><strong>doloribus,</strong></span> 
     </span>
    </p>
   </div>
   <div class='ocr_carea' id='block_1_16' title="bbox 484 1544 2056 1600">
    <p class='ocr_par' dir='ltr' id='par_1_16' title="bbox 484 1544 2056 1600">
     <span class='ocr_line' id='line_1_16' title="bbox 484 1544 2056 1600; baseline 0.001 -2"><span class='ocrx_word' id='word_1_115' title='bbox 484 1544 736 1599; x_wconf 91' lang='lat' dir='ltr'><strong>similiter</strong></span> <span class='ocrx_word' id='word_1_116' title='bbox 762 1547 907 1600; x_wconf 87' lang='lat' dir='ltr'><strong>beati</strong></span> <span class='ocrx_word' id='word_1_117' title='bbox 939 1546 1041 1600; x_wconf 90' lang='lat' dir='ltr'><strong>viri</strong></span> <span class='ocrx_word' id='word_1_118' title='bbox 1086 1545 1162 1600; x_wconf 93' lang='lat' dir='ltr'><strong>illi</strong></span> <span class='ocrx_word' id='word_1_119' title='bbox 1201 1545 1590 1600; x_wconf 89' lang='lat' dir='ltr'><strong>saturabantur</strong></span> <span class='ocrx_word' id='word_1_120' title='bbox 1642 1546 1904 1600; x_wconf 90' lang='lat' dir='ltr'><strong>immensa</strong></span> <span class='ocrx_word' id='word_1_121' title='bbox 1956 1548 2056 1600; x_wconf 90' lang='lat' dir='ltr'><strong>tri-</strong></span> 
     </span>
    </p>
   </div>
   <div class='ocr_carea' id='block_1_17' title="bbox 483 1635 2055 1709">
    <p class='ocr_par' dir='ltr' id='par_1_17' title="bbox 483 1635 2055 1709">
     <span class='ocr_line' id='line_1_17' title="bbox 483 1635 2055 1709; baseline 0.003 -22"><span class='ocrx_word' id='word_1_122' title='bbox 483 1635 630 1688; x_wconf 87' lang='lat' dir='ltr'><strong>stitia</strong></span> <span class='ocrx_word' id='word_1_123' title='bbox 664 1646 822 1705; x_wconf 89' lang='lat' dir='ltr'><strong>atque</strong></span> <span class='ocrx_word' id='word_1_124' title='bbox 855 1635 1172 1692; x_wconf 85' lang='lat' dir='ltr'><strong>ululatibus.</strong></span> <span class='ocrx_word' id='word_1_125' title='bbox 1229 1638 1320 1694; x_wconf 88' lang='lat' dir='ltr'><strong>Sic</strong></span> <span class='ocrx_word' id='word_1_126' title='bbox 1342 1678 1356 1702; x_wconf 91' lang='lat'><strong>,</strong></span> <span class='ocrx_word' id='word_1_127' title='bbox 1387 1639 1583 1709; x_wconf 84' lang='lat' dir='ltr'><strong>inquit,</strong></span> <span class='ocrx_word' id='word_1_128' title='bbox 1616 1639 1936 1692; x_wconf 82' lang='lat' dir='ltr'><strong>assederunt</strong></span> <span class='ocrx_word' id='word_1_129' title='bbox 1980 1639 2055 1692; x_wconf 91' lang='lat' dir='ltr'><strong>illi</strong></span> 
     </span>
    </p>
   </div>
   <div class='ocr_carea' id='block_1_18' title="bbox 481 1728 2050 1799">
    <p class='ocr_par' dir='ltr' id='par_1_18' title="bbox 481 1728 2050 1799">
     <span class='ocr_line' id='line_1_18' title="bbox 481 1728 2050 1799; baseline 0.003 -18"><span class='ocrx_word' id='word_1_130' title='bbox 481 1736 683 1795; x_wconf 87' lang='lat' dir='ltr'><strong>septem</strong></span> <span class='ocrx_word' id='word_1_131' title='bbox 709 1728 902 1783; x_wconf 84' lang='lat' dir='ltr'><strong>diebus</strong></span> <span class='ocrx_word' id='word_1_132' title='bbox 931 1739 984 1782; x_wconf 91' lang='lat' dir='ltr'><strong>et</strong></span> <span class='ocrx_word' id='word_1_133' title='bbox 1011 1739 1215 1799; x_wconf 88' lang='lat' dir='ltr'><strong>septem</strong></span> <span class='ocrx_word' id='word_1_134' title='bbox 1247 1731 1517 1794; x_wconf 91' lang='lat' dir='ltr'><strong>noctibus,</strong></span> <span class='ocrx_word' id='word_1_135' title='bbox 1550 1736 1605 1784; x_wconf 88' lang='lat' dir='ltr'><strong>et</strong></span> <span class='ocrx_word' id='word_1_136' title='bbox 1625 1731 1820 1784; x_wconf 90' lang='lat' dir='ltr'><strong>mortui</strong></span> <span class='ocrx_word' id='word_1_137' title='bbox 1851 1730 2050 1785; x_wconf 85' lang='lat' dir='ltr'><strong>luctum</strong></span> 
     </span>
    </p>
   </div>
   <div class='ocr_carea' id='block_1_19' title="bbox 481 1805 2125 1891">
    <p class='ocr_par' dir='ltr' id='par_1_19' title="bbox 481 1805 2125 1891">
     <span class='ocr_line' id='line_1_19' title="bbox 481 1805 2125 1891; baseline 0.005 -19"><span class='ocrx_word' id='word_1_138' title='bbox 481 1819 620 1889; x_wconf 89' lang='lat' dir='ltr'><strong>apud</strong></span> <span class='ocrx_word' id='word_1_139' title='bbox 656 1819 922 1873; x_wconf 81' lang='lat' dir='ltr'><strong>viventem</strong></span> <span class='ocrx_word' id='word_1_140' title='bbox 951 1819 1054 1876; x_wconf 87' lang='lat' dir='ltr'><strong>Job</strong></span> <span class='ocrx_word' id='word_1_141' title='bbox 1102 1822 1486 1891; x_wconf 88' lang='lat' dir='ltr'><strong>impleverunt.</strong></span> <span class='ocrx_word' id='word_1_142' title='bbox 1528 1820 1733 1879; x_wconf 87' lang='lat' dir='ltr'><strong>Luctus</strong></span> <span class='ocrx_word' id='word_1_143' title='bbox 1789 1823 1934 1876; x_wconf 90' lang='lat' dir='ltr'><strong>enim</strong></span> <span class='ocrx_word' id='word_1_144' title='bbox 1993 1823 2052 1880; x_wconf 87' lang='lat' dir='ltr'><strong>lit</strong></span> <span class='ocrx_word' id='word_1_145' title='bbox 2085 1805 2125 1859; x_wconf 79' lang='grc' dir='ltr'><strong>Β</strong></span> 
     </span>
    </p>
   </div>
   <div class='ocr_carea' id='block_1_20' title="bbox 481 1908 2047 1977">
    <p class='ocr_par' dir='ltr' id='par_1_20' title="bbox 481 1908 2047 1977">
     <span class='ocr_line' id='line_1_20' title="bbox 481 1908 2047 1977; baseline 0 -14"><span class='ocrx_word' id='word_1_146' title='bbox 481 1908 679 1963; x_wconf 89' lang='lat' dir='ltr'><strong>mortui</strong></span> <span class='ocrx_word' id='word_1_147' title='bbox 715 1919 920 1977; x_wconf 87' lang='lat' dir='ltr'><strong>septem</strong></span> <span class='ocrx_word' id='word_1_148' title='bbox 949 1909 1141 1964; x_wconf 90' lang='lat' dir='ltr'><strong>diebus</strong></span> <span class='ocrx_word' id='word_1_149' title='bbox 1170 1919 1225 1964; x_wconf 86' lang='lat' dir='ltr'><strong>et</strong></span> <span class='ocrx_word' id='word_1_150' title='bbox 1256 1920 1462 1976; x_wconf 82' lang='lat' dir='ltr'><strong>septem</strong></span> <span class='ocrx_word' id='word_1_151' title='bbox 1506 1911 1778 1965; x_wconf 91' lang='lat' dir='ltr'><strong>noctibus.</strong></span> <span class='ocrx_word' id='word_1_152' title='bbox 1828 1909 1873 1965; x_wconf 92' lang='grc'>0</span> <span class='ocrx_word' id='word_1_153' title='bbox 1902 1909 2047 1963; x_wconf 88' lang='lat' dir='ltr'><strong>solli-</strong></span> 
     </span>
    </p>
   </div>
   <div class='ocr_carea' id='block_1_21' title="bbox 479 2002 2048 2074">
    <p class='ocr_par' dir='ltr' id='par_1_21' title="bbox 479 2002 2048 2074">
     <span class='ocr_line' id='line_1_21' title="bbox 479 2002 2048 2074; baseline 0.001 -18"><span class='ocrx_word' id='word_1_154' title='bbox 479 2003 772 2057; x_wconf 90' lang='lat' dir='ltr'><strong>citudinem</strong></span> <span class='ocrx_word' id='word_1_155' title='bbox 827 2002 1108 2058; x_wconf 84' lang='lat' dir='ltr'><strong>beatorum</strong></span> <span class='ocrx_word' id='word_1_156' title='bbox 1169 2005 1379 2058; x_wconf 91' lang='lat' dir='ltr'><strong>illorum</strong></span> <span class='ocrx_word' id='word_1_157' title='bbox 1456 2014 1618 2074; x_wconf 91' lang='lat' dir='ltr'><strong>atque</strong></span> <span class='ocrx_word' id='word_1_158' title='bbox 1687 2004 2048 2070; x_wconf 77' lang='lat' dir='ltr'><strong>devotionem,</strong></span> 
     </span>
    </p>
   </div>
   <div class='ocr_carea' id='block_1_22' title="bbox 479 2094 2042 2163">
    <p class='ocr_par' dir='ltr' id='par_1_22' title="bbox 479 2094 2042 2163">
     <span class='ocr_line' id='line_1_22' title="bbox 479 2094 2042 2163; baseline 0.001 -15"><span class='ocrx_word' id='word_1_159' title='bbox 479 2110 639 2163; x_wconf 84' lang='lat' dir='ltr'><strong>quam</strong></span> <span class='ocrx_word' id='word_1_160' title='bbox 672 2096 815 2150; x_wconf 81' lang='lat' dir='ltr'><strong>circa</strong></span> <span class='ocrx_word' id='word_1_161' title='bbox 852 2094 952 2151; x_wconf 89' lang='lat' dir='ltr'><strong>Job</strong></span> <span class='ocrx_word' id='word_1_162' title='bbox 981 2097 1318 2152; x_wconf 86' lang='lat' dir='ltr'><strong>habuerunt!</strong></span> <span class='ocrx_word' id='word_1_163' title='bbox 1351 2096 1394 2152; x_wconf 90' lang='grc' dir='ltr'><strong>Ο</strong></span> <span class='ocrx_word' id='word_1_164' title='bbox 1418 2098 1590 2150; x_wconf 86' lang='lat' dir='ltr'><strong>virtus</strong></span> <span class='ocrx_word' id='word_1_165' title='bbox 1621 2107 1677 2151; x_wconf 89' lang='lat' dir='ltr'><strong>et</strong></span> <span class='ocrx_word' id='word_1_166' title='bbox 1702 2097 2000 2150; x_wconf 82' lang='lat' dir='ltr'><strong>constantia</strong></span> <span class='ocrx_word' id='word_1_167' title='bbox 2029 2098 2042 2151; x_wconf 76' lang='grc' dir='ltr'><strong>Ξ</strong></span> 
     </span>
    </p>
   </div>
   <div class='ocr_carea' id='block_1_23' title="bbox 475 2188 2046 2261">
    <p class='ocr_par' dir='ltr' id='par_1_23' title="bbox 475 2188 2046 2261">
     <span class='ocr_line' id='line_1_23' title="bbox 475 2188 2046 2261; baseline 0 -17"><span class='ocrx_word' id='word_1_168' title='bbox 475 2188 523 2244; x_wconf 91' lang='grc'>0</span> <span class='ocrx_word' id='word_1_169' title='bbox 581 2191 840 2258; x_wconf 86' lang='lat' dir='ltr'><strong>patientia</strong></span> <span class='ocrx_word' id='word_1_170' title='bbox 903 2200 1066 2261; x_wconf 90' lang='lat' dir='ltr'><strong>atque</strong></span> <span class='ocrx_word' id='word_1_171' title='bbox 1116 2191 1282 2246; x_wconf 91' lang='lat' dir='ltr'><strong>animi</strong></span> <span class='ocrx_word' id='word_1_172' title='bbox 1347 2189 1647 2244; x_wconf 78' lang='lat' dir='ltr'><strong>fortitudo!</strong></span> <span class='ocrx_word' id='word_1_173' title='bbox 1713 2189 2046 2245; x_wconf 88' lang='lat' dir='ltr'><strong>Commortui</strong></span> 
     </span>
    </p>
   </div>
   <div class='ocr_carea' id='block_1_24' title="bbox 476 2279 2044 2350">
    <p class='ocr_par' dir='ltr' id='par_1_24' title="bbox 476 2279 2044 2350">
     <span class='ocr_line' id='line_1_24' title="bbox 476 2279 2044 2350; baseline 0.001 -17"><span class='ocrx_word' id='word_1_174' title='bbox 476 2288 602 2334; x_wconf 91' lang='lat' dir='ltr'><strong>sunt</strong></span> <span class='ocrx_word' id='word_1_175' title='bbox 615 2280 758 2348; x_wconf 81' lang='lat' dir='ltr'><strong>justo</strong></span> <span class='ocrx_word' id='word_1_176' title='bbox 795 2281 865 2335; x_wconf 93' lang='lat' dir='ltr'><strong>illi</strong></span> <span class='ocrx_word' id='word_1_177' title='bbox 895 2280 997 2337; x_wconf 84' lang='lat' dir='ltr'><strong>Job</strong></span> <span class='ocrx_word' id='word_1_178' title='bbox 1026 2295 1132 2337; x_wconf 92' lang='lat' dir='ltr'><strong>non</strong></span> <span class='ocrx_word' id='word_1_179' title='bbox 1158 2281 1556 2346; x_wconf 87' lang='lat' dir='ltr'><strong>manducando,</strong></span> <span class='ocrx_word' id='word_1_180' title='bbox 1585 2294 1760 2350; x_wconf 83' lang='lat' dir='ltr'><strong>neque</strong></span> <span class='ocrx_word' id='word_1_181' title='bbox 1793 2279 2044 2342; x_wconf 85' lang='lat' dir='ltr'><strong>bibendo.</strong></span> 
     </span>
    </p>
   </div>
   <div class='ocr_carea' id='block_1_25' title="bbox 476 2371 2044 2444">
    <p class='ocr_par' dir='ltr' id='par_1_25' title="bbox 476 2371 2044 2444">
     <span class='ocr_line' id='line_1_25' title="bbox 476 2371 2044 2444; baseline -0.001 -18"><span class='ocrx_word' id='word_1_182' title='bbox 476 2387 598 2441; x_wconf 68' lang='lat' dir='ltr'><strong>qua:</strong></span> <span class='ocrx_word' id='word_1_183' title='bbox 625 2373 879 2428; x_wconf 86' lang='lat' dir='ltr'><strong>universa</strong></span> <span class='ocrx_word' id='word_1_184' title='bbox 920 2384 1152 2430; x_wconf 89' lang='lat' dir='ltr'><strong>mortem</strong></span> <span class='ocrx_word' id='word_1_185' title='bbox 1204 2373 1536 2444; x_wconf 82' lang='lat' dir='ltr'><strong>significant.</strong></span> <span class='ocrx_word' id='word_1_186' title='bbox 1569 2371 1702 2426; x_wconf 78' lang='lat' dir='ltr'><strong>Nam</strong></span> <span class='ocrx_word' id='word_1_187' title='bbox 1753 2371 1896 2426; x_wconf 82' lang='lat' dir='ltr'><strong>sicut</strong></span> <span class='ocrx_word' id='word_1_188' title='bbox 1941 2387 2044 2425; x_wconf 92' lang='lat' dir='ltr'><strong>non</strong></span> 
     </span>
    </p>
   </div>
   <div class='ocr_carea' id='block_1_26' title="bbox 476 2464 2043 2535">
    <p class='ocr_par' dir='ltr' id='par_1_26' title="bbox 476 2464 2043 2535">
     <span class='ocr_line' id='line_1_26' title="bbox 476 2464 2043 2535; baseline 0 -19"><span class='ocrx_word' id='word_1_189' title='bbox 476 2468 941 2519; x_wconf 89' lang='lat' dir='ltr'><strong>manducaverunt</strong></span> <span class='ocrx_word' id='word_1_190' title='bbox 990 2478 1168 2535; x_wconf 90' lang='lat' dir='ltr'><strong>neque</strong></span> <span class='ocrx_word' id='word_1_191' title='bbox 1221 2465 1510 2529; x_wconf 90' lang='lat' dir='ltr'><strong>biberunt,</strong></span> <span class='ocrx_word' id='word_1_192' title='bbox 1568 2464 1649 2519; x_wconf 92' lang='lat' dir='ltr'><strong>sic</strong></span> <span class='ocrx_word' id='word_1_193' title='bbox 1712 2479 1812 2520; x_wconf 88' lang='lat' dir='ltr'><strong>nec</strong></span> <span class='ocrx_word' id='word_1_194' title='bbox 1882 2464 2043 2519; x_wconf 84' lang='lat' dir='ltr'><strong>locuti</strong></span> 
     </span>
    </p>
   </div>
   <div class='ocr_carea' id='block_1_27' title="bbox 475 2555 2044 2627">
    <p class='ocr_par' dir='ltr' id='par_1_27' title="bbox 475 2555 2044 2627">
     <span class='ocr_line' id='line_1_27' title="bbox 475 2555 2044 2627; baseline -0.001 -17"><span class='ocrx_word' id='word_1_195' title='bbox 475 2564 601 2610; x_wconf 86' lang='lat' dir='ltr'><strong>sunt</strong></span> <span class='ocrx_word' id='word_1_196' title='bbox 625 2595 639 2616; x_wconf 87' lang='lat'><strong>,</strong></span> <span class='ocrx_word' id='word_1_197' title='bbox 673 2562 729 2609; x_wconf 87' lang='lat' dir='ltr'><strong>et</strong></span> <span class='ocrx_word' id='word_1_198' title='bbox 769 2555 914 2610; x_wconf 85' lang='lat' dir='ltr'><strong>sicut</strong></span> <span class='ocrx_word' id='word_1_199' title='bbox 957 2569 1064 2610; x_wconf 92' lang='lat' dir='ltr'><strong>non</strong></span> <span class='ocrx_word' id='word_1_200' title='bbox 1115 2563 1246 2610; x_wconf 91' lang='lat' dir='ltr'><strong>sunt</strong></span> <span class='ocrx_word' id='word_1_201' title='bbox 1287 2555 1449 2627; x_wconf 84' lang='lat' dir='ltr'><strong>locuti</strong></span> <span class='ocrx_word' id='word_1_202' title='bbox 1480 2565 1686 2624; x_wconf 89' lang='lat' dir='ltr'><strong>septem</strong></span> <span class='ocrx_word' id='word_1_203' title='bbox 1718 2555 1942 2620; x_wconf 91' lang='lat' dir='ltr'><strong>diebus,</strong></span> <span class='ocrx_word' id='word_1_204' title='bbox 1971 2555 2044 2608; x_wconf 86' lang='lat' dir='ltr'><strong>ita</strong></span> 
     </span>
    </p>
   </div>
   <div class='ocr_carea' id='block_1_28' title="bbox 475 2649 2041 2717">
    <p class='ocr_par' dir='ltr' id='par_1_28' title="bbox 475 2649 2041 2717">
     <span class='ocr_line' id='line_1_28' title="bbox 475 2649 2041 2717; baseline 0 -13"><span class='ocrx_word' id='word_1_205' title='bbox 475 2664 576 2705; x_wconf 91' lang='lat' dir='ltr'><strong>nec</strong></span> <span class='ocrx_word' id='word_1_206' title='bbox 599 2649 1060 2706; x_wconf 90' lang='lat' dir='ltr'><strong>manducaverunt</strong></span> <span class='ocrx_word' id='word_1_207' title='bbox 1090 2666 1193 2706; x_wconf 90' lang='lat' dir='ltr'><strong>nec</strong></span> <span class='ocrx_word' id='word_1_208' title='bbox 1223 2651 1493 2705; x_wconf 88' lang='lat' dir='ltr'><strong>biberunt.</strong></span> <span class='ocrx_word' id='word_1_209' title='bbox 1524 2651 1676 2717; x_wconf 81' lang='lat' dir='ltr'><strong>Quod</strong></span> <span class='ocrx_word' id='word_1_210' title='bbox 1709 2659 1888 2704; x_wconf 89' lang='lat' dir='ltr'><strong>autem</strong></span> <span class='ocrx_word' id='word_1_211' title='bbox 1935 2665 2041 2704; x_wconf 91' lang='lat' dir='ltr'><strong>non</strong></span> 
     </span>
    </p>
   </div>
   <div class='ocr_carea' id='block_1_29' title="bbox 475 2740 2042 2810">
    <p class='ocr_par' dir='ltr' id='par_1_29' title="bbox 475 2740 2042 2810">
     <span class='ocr_line' id='line_1_29' title="bbox 475 2740 2042 2810; baseline -0.001 -15"><span class='ocrx_word' id='word_1_212' title='bbox 475 2741 940 2795; x_wconf 88' lang='lat' dir='ltr'><strong>manducavernnt</strong></span> <span class='ocrx_word' id='word_1_213' title='bbox 971 2752 1176 2810; x_wconf 85' lang='lat' dir='ltr'><strong>septem</strong></span> <span class='ocrx_word' id='word_1_214' title='bbox 1218 2741 1441 2805; x_wconf 88' lang='lat' dir='ltr'><strong>diebus,</strong></span> <span class='ocrx_word' id='word_1_215' title='bbox 1473 2741 1710 2795; x_wconf 82' lang='lat' dir='ltr'><strong>OStendit</strong></span> <span class='ocrx_word' id='word_1_216' title='bbox 1757 2740 1808 2794; x_wconf 91' lang='lat' dir='ltr'><strong>in</strong></span> <span class='ocrx_word' id='word_1_217' title='bbox 1854 2741 2042 2794; x_wconf 78' lang='lat' dir='ltr'><strong>subse—</strong></span> 
     </span>
    </p>
   </div>
   <div class='ocr_carea' id='block_1_30' title="bbox 473 2834 2039 2903">
    <p class='ocr_par' dir='ltr' id='par_1_30' title="bbox 473 2834 2039 2903">
     <span class='ocr_line' id='line_1_30' title="bbox 473 2834 2039 2903; baseline -0.001 -15"><span class='ocrx_word' id='word_1_218' title='bbox 473 2834 763 2903; x_wconf 88' lang='lat' dir='ltr'><strong>quentibus</strong></span> <span class='ocrx_word' id='word_1_219' title='bbox 793 2835 981 2891; x_wconf 89' lang='lat' dir='ltr'><strong>dicens</strong></span> <span class='ocrx_word' id='word_1_220' title='bbox 1015 2850 1030 2889; x_wconf 88' lang='lat'><strong>:</strong></span> <span class='ocrx_word' id='word_1_221' title='bbox 1064 2836 1387 2890; x_wconf 83' lang='lat' dir='ltr'><strong>Assederunt</strong></span> <span class='ocrx_word' id='word_1_222' title='bbox 1424 2838 1472 2887; x_wconf 83' lang='lat' dir='ltr'><strong>ei</strong></span> <span class='ocrx_word' id='word_1_223' title='bbox 1515 2841 1708 2901; x_wconf 77' lang='lat' dir='ltr'><strong>septem</strong></span> <span class='ocrx_word' id='word_1_224' title='bbox 1756 2834 1939 2888; x_wconf 83' lang='lat' dir='ltr'><strong>diebus</strong></span> <span class='ocrx_word' id='word_1_225' title='bbox 1991 2846 2039 2888; x_wconf 86' lang='lat' dir='ltr'><strong>et</strong></span> 
     </span>
    </p>
   </div>
   <div class='ocr_carea' id='block_1_31' title="bbox 471 2923 2042 2994">
    <p class='ocr_par' dir='ltr' id='par_1_31' title="bbox 471 2923 2042 2994">
     <span class='ocr_line' id='line_1_31' title="bbox 471 2923 2042 2994; baseline -0.001 -16"><span class='ocrx_word' id='word_1_226' title='bbox 471 2935 663 2994; x_wconf 82' lang='lat' dir='ltr'><strong>septem</strong></span> <span class='ocrx_word' id='word_1_227' title='bbox 692 2926 954 2989; x_wconf 81' lang='lat' dir='ltr'><strong>noctibus,</strong></span> <span class='ocrx_word' id='word_1_228' title='bbox 987 2935 1034 2979; x_wconf 86' lang='lat' dir='ltr'><strong>et</strong></span> <span class='ocrx_word' id='word_1_229' title='bbox 1077 2941 1224 2980; x_wconf 82' lang='lat' dir='ltr'><strong>nemo</strong></span> <span class='ocrx_word' id='word_1_230' title='bbox 1257 2924 1470 2978; x_wconf 84' lang='lat' dir='ltr'><strong>illorum</strong></span> <span class='ocrx_word' id='word_1_231' title='bbox 1500 2927 1700 2978; x_wconf 82' lang='lat' dir='ltr'><strong>locutus</strong></span> <span class='ocrx_word' id='word_1_232' title='bbox 1722 2932 1798 2977; x_wconf 81' lang='lat' dir='ltr'><strong>est</strong></span> <span class='ocrx_word' id='word_1_233' title='bbox 1830 2923 1898 2977; x_wconf 84' lang='lat' dir='ltr'><strong>ad</strong></span> <span class='ocrx_word' id='word_1_234' title='bbox 1923 2940 2042 2977; x_wconf 84' lang='lat' dir='ltr'><strong>eum</strong></span> 
     </span>
    </p>
   </div>
   <div class='ocr_carea' id='block_1_32' title="bbox 471 3014 2040 3086">
    <p class='ocr_par' dir='ltr' id='par_1_32' title="bbox 471 3014 2040 3086">
     <span class='ocr_line' id='line_1_32' title="bbox 471 3014 2040 3086; baseline -0.002 -16"><span class='ocrx_word' id='word_1_235' title='bbox 471 3017 680 3070; x_wconf 77' lang='lat' dir='ltr'><strong>rerbum</strong></span> <span class='ocrx_word' id='word_1_236' title='bbox 704 3015 770 3072; x_wconf 77' lang='lat'><strong>“.</strong></span> <span class='ocrx_word' id='word_1_237' title='bbox 794 3015 1006 3082; x_wconf 82' lang='lat' dir='ltr'><strong>Quare?</strong></span> <span class='ocrx_word' id='word_1_238' title='bbox 1021 3017 1156 3084; x_wconf 85' lang='lat' dir='ltr'><strong>Quia</strong></span> <span class='ocrx_word' id='word_1_239' title='bbox 1177 3017 1424 3072; x_wconf 85' lang='lat' dir='ltr'><strong>viderant</strong></span> <span class='ocrx_word' id='word_1_240' title='bbox 1441 3014 1651 3086; x_wconf 82' lang='lat' dir='ltr'><strong>plagam</strong></span> <span class='ocrx_word' id='word_1_241' title='bbox 1669 3015 1787 3086; x_wconf 85' lang='lat' dir='ltr'><strong>ejus</strong></span> <span class='ocrx_word' id='word_1_242' title='bbox 1805 3015 2040 3070; x_wconf 74' lang='lat' dir='ltr'><strong>srevissi-</strong></span> 
     </span>
    </p>
   </div>
   <div class='ocr_carea' id='block_1_33' title="bbox 471 3107 2040 3179">
    <p class='ocr_par' dir='ltr' id='par_1_33' title="bbox 471 3107 2040 3179">
     <span class='ocr_line' id='line_1_33' title="bbox 471 3107 2040 3179; baseline -0.001 -18"><span class='ocrx_word' id='word_1_243' title='bbox 471 3124 613 3162; x_wconf 92' lang='lat' dir='ltr'><strong>mam</strong></span> <span class='ocrx_word' id='word_1_244' title='bbox 655 3123 796 3176; x_wconf 89' lang='lat' dir='ltr'><strong>esse,</strong></span> <span class='ocrx_word' id='word_1_245' title='bbox 853 3120 907 3164; x_wconf 92' lang='lat' dir='ltr'><strong>et</strong></span> <span class='ocrx_word' id='word_1_246' title='bbox 961 3124 1213 3179; x_wconf 85' lang='lat' dir='ltr'><strong>magnam</strong></span> <span class='ocrx_word' id='word_1_247' title='bbox 1267 3107 1439 3163; x_wconf 87' lang='lat' dir='ltr'><strong>valde.</strong></span> <span class='ocrx_word' id='word_1_248' title='bbox 1495 3107 1712 3176; x_wconf 87' lang='lat' dir='ltr'><strong>Septem</strong></span> <span class='ocrx_word' id='word_1_249' title='bbox 1750 3107 1938 3161; x_wconf 88' lang='lat' dir='ltr'><strong>diebus</strong></span> <span class='ocrx_word' id='word_1_250' title='bbox 1986 3116 2040 3160; x_wconf 82' lang='lat' dir='ltr'><strong>et</strong></span> 
     </span>
    </p>
   </div>
   <div class='ocr_carea' id='block_1_34' title="bbox 469 3198 2038 3271">
    <p class='ocr_par' dir='ltr' id='par_1_34' title="bbox 469 3198 2038 3271">
     <span class='ocr_line' id='line_1_34' title="bbox 469 3198 2038 3271; baseline -0.003 -15"><span class='ocrx_word' id='word_1_251' title='bbox 469 3209 674 3271; x_wconf 90' lang='lat' dir='ltr'><strong>septem</strong></span> <span class='ocrx_word' id='word_1_252' title='bbox 702 3203 955 3256; x_wconf 75' lang='lat' dir='ltr'><strong>noctibus</strong></span> <span class='ocrx_word' id='word_1_253' title='bbox 985 3217 1088 3256; x_wconf 92' lang='lat' dir='ltr'><strong>non</strong></span> <span class='ocrx_word' id='word_1_254' title='bbox 1125 3200 1338 3271; x_wconf 84' lang='lat' dir='ltr'><strong>aperire</strong></span> <span class='ocrx_word' id='word_1_255' title='bbox 1367 3215 1449 3264; x_wconf 90' lang='lat' dir='ltr'><strong>os,</strong></span> <span class='ocrx_word' id='word_1_256' title='bbox 1484 3215 1590 3253; x_wconf 92' lang='lat' dir='ltr'><strong>non</strong></span> <span class='ocrx_word' id='word_1_257' title='bbox 1613 3198 1759 3268; x_wconf 92' lang='lat' dir='ltr'><strong>loqui</strong></span> <span class='ocrx_word' id='word_1_258' title='bbox 1793 3200 2038 3266; x_wconf 88' lang='lat' dir='ltr'><strong>verbum,</strong></span> 
     </span>
    </p>
   </div>
   <div class='ocr_carea' id='block_1_35' title="bbox 471 3290 2041 3363">
    <p class='ocr_par' dir='ltr' id='par_1_35' title="bbox 471 3290 2041 3363">
     <span class='ocr_line' id='line_1_35' title="bbox 471 3290 2041 3363; baseline -0.001 -17"><span class='ocrx_word' id='word_1_259' title='bbox 471 3308 579 3348; x_wconf 89' lang='lat' dir='ltr'><strong>non</strong></span> <span class='ocrx_word' id='word_1_260' title='bbox 621 3293 866 3363; x_wconf 89' lang='lat' dir='ltr'><strong>proferre</strong></span> <span class='ocrx_word' id='word_1_261' title='bbox 897 3308 1238 3358; x_wconf 89' lang='lat' dir='ltr'><strong>sermonem,</strong></span> <span class='ocrx_word' id='word_1_262' title='bbox 1291 3292 1467 3360; x_wconf 82' lang='lat' dir='ltr'><strong>magni</strong></span> <span class='ocrx_word' id='word_1_263' title='bbox 1529 3299 1614 3346; x_wconf 91' lang='lat' dir='ltr'><strong>est</strong></span> <span class='ocrx_word' id='word_1_264' title='bbox 1661 3290 1863 3344; x_wconf 89' lang='lat' dir='ltr'><strong>doloris</strong></span> <span class='ocrx_word' id='word_1_265' title='bbox 1894 3291 2041 3344; x_wconf 88' lang='lat' dir='ltr'><strong>indi-</strong></span> 
     </span>
    </p>
   </div>
   <div class='ocr_carea' id='block_1_36' title="bbox 469 3382 2038 3452">
    <p class='ocr_par' dir='ltr' id='par_1_36' title="bbox 469 3382 2038 3452">
     <span class='ocr_line' id='line_1_36' title="bbox 469 3382 2038 3452; baseline -0.002 -13"><span class='ocrx_word' id='word_1_266' title='bbox 469 3386 634 3440; x_wconf 92' lang='lat' dir='ltr'><strong>cium.</strong></span> <span class='ocrx_word' id='word_1_267' title='bbox 664 3384 770 3440; x_wconf 84' lang='lat' dir='ltr'><strong>Sed</strong></span> <span class='ocrx_word' id='word_1_268' title='bbox 796 3385 1010 3438; x_wconf 90' lang='lat' dir='ltr'><strong>interim</strong></span> <span class='ocrx_word' id='word_1_269' title='bbox 1060 3384 1191 3439; x_wconf 89' lang='lat' dir='ltr'><strong>illud</strong></span> <span class='ocrx_word' id='word_1_270' title='bbox 1247 3384 1606 3452; x_wconf 88' lang='lat' dir='ltr'><strong>impleverunt</strong></span> <span class='ocrx_word' id='word_1_271' title='bbox 1659 3382 1800 3437; x_wconf 90' lang='lat' dir='ltr'><strong>beati</strong></span> <span class='ocrx_word' id='word_1_272' title='bbox 1829 3382 1902 3436; x_wconf 92' lang='lat' dir='ltr'><strong>illi</strong></span> <span class='ocrx_word' id='word_1_273' title='bbox 1932 3383 2038 3436; x_wconf 91' lang='lat' dir='ltr'><strong>viri</strong></span> 
     </span>
    </p>
   </div>
   <div class='ocr_carea' id='block_1_37' title="bbox 469 3475 2037 3547">
    <p class='ocr_par' dir='ltr' id='par_1_37' title="bbox 469 3475 2037 3547">
     <span class='ocr_line' id='line_1_37' title="bbox 469 3475 2037 3547; baseline 0.001 -19"><span class='ocrx_word' id='word_1_274' title='bbox 469 3491 576 3531; x_wconf 91' lang='lat' dir='ltr'><strong>non</strong></span> <span class='ocrx_word' id='word_1_275' title='bbox 623 3477 966 3531; x_wconf 82' lang='lat' dir='ltr'><strong>discedentes</strong></span> <span class='ocrx_word' id='word_1_276' title='bbox 989 3516 1004 3538; x_wconf 89' lang='lat'><strong>,</strong></span> <span class='ocrx_word' id='word_1_277' title='bbox 1035 3490 1209 3544; x_wconf 90' lang='lat' dir='ltr'><strong>neque</strong></span> <span class='ocrx_word' id='word_1_278' title='bbox 1256 3485 1568 3531; x_wconf 87' lang='lat' dir='ltr'><strong>avertentes</strong></span> <span class='ocrx_word' id='word_1_279' title='bbox 1593 3475 1786 3532; x_wconf 85' lang='lat' dir='ltr'><strong>faciem</strong></span> <span class='ocrx_word' id='word_1_280' title='bbox 1813 3517 1828 3541; x_wconf 95' lang='lat'><strong>,</strong></span> <span class='ocrx_word' id='word_1_281' title='bbox 1864 3492 2037 3547; x_wconf 87' lang='lat' dir='ltr'><strong>neque</strong></span> 
     </span>
    </p>
   </div>
   <div class='ocr_carea' id='block_1_38' title="bbox 469 3567 2040 3638">
    <p class='ocr_par' dir='ltr' id='par_1_38' title="bbox 469 3567 2040 3638">
     <span class='ocr_line' id='line_1_38' title="bbox 469 3567 2040 3638; baseline 0.001 -15"><span class='ocrx_word' id='word_1_282' title='bbox 469 3567 645 3623; x_wconf 89' lang='lat' dir='ltr'><strong>locum</strong></span> <span class='ocrx_word' id='word_1_283' title='bbox 678 3570 989 3622; x_wconf 84' lang='lat' dir='ltr'><strong>deserentes</strong></span> <span class='ocrx_word' id='word_1_284' title='bbox 1014 3607 1028 3630; x_wconf 92' lang='lat'><strong>,</strong></span> <span class='ocrx_word' id='word_1_285' title='bbox 1066 3567 1160 3622; x_wconf 88' lang='lat' dir='ltr'><strong>sed</strong></span> <span class='ocrx_word' id='word_1_286' title='bbox 1202 3567 1407 3637; x_wconf 87' lang='lat' dir='ltr'><strong>jogitcr</strong></span> <span class='ocrx_word' id='word_1_287' title='bbox 1434 3579 1845 3637; x_wconf 87' lang='lat' dir='ltr'><strong>permanentes,</strong></span> <span class='ocrx_word' id='word_1_288' title='bbox 1879 3580 2040 3638; x_wconf 85' lang='lat' dir='ltr'><strong>atque</strong></span> 
     </span>
    </p>
   </div>
   <div class='ocr_carea' id='block_1_39' title="bbox 468 3657 2036 3728">
    <p class='ocr_par' dir='ltr' id='par_1_39' title="bbox 468 3657 2036 3728">
     <span class='ocr_line' id='line_1_39' title="bbox 468 3657 2036 3728; baseline 0.001 -15"><span class='ocrx_word' id='word_1_289' title='bbox 468 3658 777 3714; x_wconf 84' lang='lat' dir='ltr'><strong>assidentes</strong></span> <span class='ocrx_word' id='word_1_290' title='bbox 809 3657 883 3712; x_wconf 93' lang='lat' dir='ltr'><strong>illi</strong></span> <span class='ocrx_word' id='word_1_291' title='bbox 924 3667 1131 3727; x_wconf 83' lang='lat' dir='ltr'><strong>septem</strong></span> <span class='ocrx_word' id='word_1_292' title='bbox 1169 3657 1359 3711; x_wconf 89' lang='lat' dir='ltr'><strong>diebus</strong></span> <span class='ocrx_word' id='word_1_293' title='bbox 1406 3668 1460 3711; x_wconf 91' lang='lat' dir='ltr'><strong>et</strong></span> <span class='ocrx_word' id='word_1_294' title='bbox 1497 3667 1701 3728; x_wconf 87' lang='lat' dir='ltr'><strong>septem</strong></span> <span class='ocrx_word' id='word_1_295' title='bbox 1761 3662 2036 3724; x_wconf 87' lang='lat' dir='ltr'><strong>noctibus,</strong></span> 
     </span>
    </p>
   </div>
   <div class='ocr_carea' id='block_1_40' title="bbox 466 3749 2037 3821">
    <p class='ocr_par' dir='ltr' id='par_1_40' title="bbox 466 3749 2037 3821">
     <span class='ocr_line' id='line_1_40' title="bbox 466 3749 2037 3821; baseline 0.001 -16"><span class='ocrx_word' id='word_1_296' title='bbox 466 3760 522 3805; x_wconf 87' lang='lat' dir='ltr'><strong>et</strong></span> <span class='ocrx_word' id='word_1_297' title='bbox 572 3764 734 3805; x_wconf 90' lang='lat' dir='ltr'><strong>nemo</strong></span> <span class='ocrx_word' id='word_1_298' title='bbox 785 3749 997 3804; x_wconf 91' lang='lat' dir='ltr'><strong>illorum</strong></span> <span class='ocrx_word' id='word_1_299' title='bbox 1046 3749 1260 3804; x_wconf 89' lang='lat' dir='ltr'><strong>locutus</strong></span> <span class='ocrx_word' id='word_1_300' title='bbox 1324 3759 1408 3805; x_wconf 91' lang='lat' dir='ltr'><strong>est</strong></span> <span class='ocrx_word' id='word_1_301' title='bbox 1454 3750 1502 3803; x_wconf 91' lang='lat' dir='ltr'><strong>ei</strong></span> <span class='ocrx_word' id='word_1_302' title='bbox 1546 3751 1792 3804; x_wconf 88' lang='lat' dir='ltr'><strong>verbum.</strong></span> <span class='ocrx_word' id='word_1_303' title='bbox 1837 3750 2037 3821; x_wconf 89' lang='lat' dir='ltr'><strong>Stupor</strong></span> 
     </span>
    </p>
   </div>
   <div class='ocr_carea' id='block_1_41' title="bbox 464 3841 2036 3912">
    <p class='ocr_par' dir='ltr' id='par_1_41' title="bbox 464 3841 2036 3912">
     <span class='ocr_line' id='line_1_41' title="bbox 464 3841 2036 3912; baseline 0.001 -16"><span class='ocrx_word' id='word_1_304' title='bbox 464 3841 609 3896; x_wconf 90' lang='lat' dir='ltr'><strong>enim</strong></span> <span class='ocrx_word' id='word_1_305' title='bbox 658 3852 819 3912; x_wconf 85' lang='lat' dir='ltr'><strong>atque</strong></span> <span class='ocrx_word' id='word_1_306' title='bbox 863 3856 1030 3912; x_wconf 87' lang='lat' dir='ltr'><strong>pavor</strong></span> <span class='ocrx_word' id='word_1_307' title='bbox 1069 3850 1430 3911; x_wconf 86' lang='lat' dir='ltr'><strong>occupaverat</strong></span> <span class='ocrx_word' id='word_1_308' title='bbox 1467 3841 1586 3896; x_wconf 88' lang='lat' dir='ltr'><strong>illos</strong></span> <span class='ocrx_word' id='word_1_309' title='bbox 1634 3843 1878 3898; x_wconf 84' lang='lat' dir='ltr'><strong>videntes</strong></span> <span class='ocrx_word' id='word_1_310' title='bbox 1911 3844 2036 3898; x_wconf 88' lang='lat' dir='ltr'><strong>talia</strong></span> 
     </span>
    </p>
   </div>
   <div class='ocr_carea' id='block_1_42' title="bbox 466 3929 2035 4004">
    <p class='ocr_par' dir='ltr' id='par_1_42' title="bbox 466 3929 2035 4004">
     <span class='ocr_line' id='line_1_42' title="bbox 466 3929 2035 4004; baseline 0 -18"><span class='ocrx_word' id='word_1_311' title='bbox 466 3933 574 4004; x_wconf 91' lang='lat' dir='ltr'><strong>pati</strong></span> <span class='ocrx_word' id='word_1_312' title='bbox 608 3931 782 3986; x_wconf 89' lang='lat' dir='ltr'><strong>virum</strong></span> <span class='ocrx_word' id='word_1_313' title='bbox 810 3940 1057 3987; x_wconf 88' lang='lat' dir='ltr'><strong>sanctum</strong></span> <span class='ocrx_word' id='word_1_314' title='bbox 1089 3929 1394 4000; x_wconf 84' lang='lat' dir='ltr'><strong>acjustnm,</strong></span> <span class='ocrx_word' id='word_1_315' title='bbox 1440 3948 1469 3987; x_wconf 91' lang='lat' dir='ltr'><strong>a</strong></span> <span class='ocrx_word' id='word_1_316' title='bbox 1519 3933 1630 3988; x_wconf 90' lang='lat' dir='ltr'><strong>Deo</strong></span> <span class='ocrx_word' id='word_1_317' title='bbox 1667 3933 2035 3989; x_wconf 89' lang='lat' dir='ltr'><strong>testimonium</strong></span> 
     </span>
    </p>
   </div>
   <div class='ocr_carea' id='block_1_43' title="bbox 463 4022 2033 4095">
    <p class='ocr_par' dir='ltr' id='par_1_43' title="bbox 463 4022 2033 4095">
     <span class='ocr_line' id='line_1_43' title="bbox 463 4022 2033 4095; baseline -0.001 -13"><span class='ocrx_word' id='word_1_318' title='bbox 463 4033 842 4082; x_wconf 86' lang='lat' dir='ltr'><strong>consecutum.</strong></span> <span class='ocrx_word' id='word_1_319' title='bbox 900 4022 1120 4078; x_wconf 84' lang='lat' dir='ltr'><strong>Certum</strong></span> <span class='ocrx_word' id='word_1_320' title='bbox 1172 4032 1255 4080; x_wconf 91' lang='lat' dir='ltr'><strong>est</strong></span> <span class='ocrx_word' id='word_1_321' title='bbox 1283 4024 1426 4092; x_wconf 86' lang='lat' dir='ltr'><strong>quod</strong></span> <span class='ocrx_word' id='word_1_322' title='bbox 1453 4039 1557 4078; x_wconf 94' lang='lat' dir='ltr'><strong>non</strong></span> <span class='ocrx_word' id='word_1_323' title='bbox 1586 4024 1758 4080; x_wconf 85' lang='lat' dir='ltr'><strong>solum</strong></span> <span class='ocrx_word' id='word_1_324' title='bbox 1793 4039 1889 4095; x_wconf 89' lang='lat' dir='ltr'><strong>pro</strong></span> <span class='ocrx_word' id='word_1_325' title='bbox 1911 4025 2033 4091; x_wconf 86' lang='lat' dir='ltr'><strong>Job,</strong></span> 
     </span>
    </p>
   </div>
   <div class='ocr_carea' id='block_1_44' title="bbox 462 4112 2030 4184">
    <p class='ocr_par' dir='ltr' id='par_1_44' title="bbox 462 4112 2030 4184">
     <span class='ocr_line' id='line_1_44' title="bbox 462 4112 2030 4184; baseline 0.001 -16"><span class='ocrx_word' id='word_1_326' title='bbox 462 4114 556 4168; x_wconf 90' lang='lat' dir='ltr'><strong>sed</strong></span> <span class='ocrx_word' id='word_1_327' title='bbox 585 4112 749 4167; x_wconf 90' lang='lat' dir='ltr'><strong>etiam</strong></span> <span class='ocrx_word' id='word_1_328' title='bbox 779 4128 878 4183; x_wconf 87' lang='lat' dir='ltr'><strong>pro</strong></span> <span class='ocrx_word' id='word_1_329' title='bbox 901 4128 958 4168; x_wconf 90' lang='lat' dir='ltr'><strong>se</strong></span> <span class='ocrx_word' id='word_1_330' title='bbox 986 4115 1357 4184; x_wconf 87' lang='lat' dir='ltr'><strong>unusquisque</strong></span> <span class='ocrx_word' id='word_1_331' title='bbox 1386 4131 1574 4171; x_wconf 88' lang='lat' dir='ltr'><strong>eorum</strong></span> <span class='ocrx_word' id='word_1_332' title='bbox 1609 4115 1872 4171; x_wconf 90' lang='lat' dir='ltr'><strong>sollicitus</strong></span> <span class='ocrx_word' id='word_1_333' title='bbox 1895 4129 2030 4177; x_wconf 89' lang='lat' dir='ltr'><strong>erat,</strong></span> 
     </span>
    </p>
   </div>
   <div class='ocr_carea' id='block_1_45' title="bbox 463 4205 2036 4278">
    <p class='ocr_par' dir='ltr' id='par_1_45' title="bbox 463 4205 2036 4278">
     <span class='ocr_line' id='line_1_45' title="bbox 463 4205 2036 4278; baseline 0.002 -18"><span class='ocrx_word' id='word_1_334' title='bbox 463 4215 711 4260; x_wconf 87' lang='lat' dir='ltr'><strong>metuens</strong></span> <span class='ocrx_word' id='word_1_335' title='bbox 744 4205 872 4276; x_wconf 91' lang='lat' dir='ltr'><strong>quid</strong></span> <span class='ocrx_word' id='word_1_336' title='bbox 901 4207 1065 4260; x_wconf 91' lang='lat' dir='ltr'><strong>etiam</strong></span> <span class='ocrx_word' id='word_1_337' title='bbox 1099 4208 1164 4260; x_wconf 90' lang='lat' dir='ltr'><strong>de</strong></span> <span class='ocrx_word' id='word_1_338' title='bbox 1197 4223 1254 4262; x_wconf 91' lang='lat' dir='ltr'><strong>se</strong></span> <span class='ocrx_word' id='word_1_339' title='bbox 1279 4219 1558 4278; x_wconf 79' lang='lat' dir='ltr'><strong>gereretur</strong></span> <span class='ocrx_word' id='word_1_340' title='bbox 1589 4248 1604 4273; x_wconf 93' lang='lat'><strong>,</strong></span> <span class='ocrx_word' id='word_1_341' title='bbox 1630 4209 1716 4264; x_wconf 91' lang='lat' dir='ltr'><strong>vel</strong></span> <span class='ocrx_word' id='word_1_342' title='bbox 1763 4209 1890 4278; x_wconf 90' lang='lat' dir='ltr'><strong>quid</strong></span> <span class='ocrx_word' id='word_1_343' title='bbox 1941 4225 2036 4263; x_wconf 87' lang='lat' dir='ltr'><strong>ex-</strong></span> 
     </span>
    </p>
   </div>
   <div class='ocr_carea' id='block_1_46' title="bbox 460 4297 2028 4367">
    <p class='ocr_par' dir='ltr' id='par_1_46' title="bbox 460 4297 2028 4367">
     <span class='ocr_line' id='line_1_46' title="bbox 460 4297 2028 4367; baseline 0.003 -15"><span class='ocrx_word' id='word_1_344' title='bbox 460 4306 818 4366; x_wconf 88' lang='lat' dir='ltr'><strong>spectaretur.</strong></span> <span class='ocrx_word' id='word_1_345' title='bbox 856 4297 988 4352; x_wconf 80' lang='lat' dir='ltr'><strong>Nam</strong></span> <span class='ocrx_word' id='word_1_346' title='bbox 1019 4299 1062 4351; x_wconf 89' lang='lat' dir='ltr'><strong>si</strong></span> <span class='ocrx_word' id='word_1_347' title='bbox 1100 4299 1304 4367; x_wconf 86' lang='lat' dir='ltr'><strong>justum</strong></span> <span class='ocrx_word' id='word_1_348' title='bbox 1347 4300 1472 4355; x_wconf 89' lang='lat' dir='ltr'><strong>talia</strong></span> <span class='ocrx_word' id='word_1_349' title='bbox 1522 4301 1844 4356; x_wconf 88' lang='lat' dir='ltr'><strong>invenerunt</strong></span> <span class='ocrx_word' id='word_1_350' title='bbox 1867 4302 2028 4367; x_wconf 89' lang='lat' dir='ltr'><strong>mala,</strong></span> 
     </span>
    </p>
   </div>
   <div class='ocr_carea' id='block_1_47' title="bbox 460 4389 2029 4461">
    <p class='ocr_par' dir='ltr' id='par_1_47' title="bbox 460 4389 2029 4461">
     <span class='ocr_line' id='line_1_47' title="bbox 460 4389 2029 4461; baseline 0.004 -20"><span class='ocrx_word' id='word_1_351' title='bbox 460 4403 580 4452; x_wconf 86' lang='lat' dir='ltr'><strong>nos,</strong></span> <span class='ocrx_word' id='word_1_352' title='bbox 631 4389 901 4458; x_wconf 78' lang='lat' dir='ltr'><strong>inquiunt,</strong></span> <span class='ocrx_word' id='word_1_353' title='bbox 948 4389 1041 4460; x_wconf 87' lang='lat' dir='ltr'><strong>qui</strong></span> <span class='ocrx_word' id='word_1_354' title='bbox 1073 4390 1230 4461; x_wconf 86' lang='lat' dir='ltr'><strong>longe</strong></span> <span class='ocrx_word' id='word_1_355' title='bbox 1269 4406 1454 4446; x_wconf 89' lang='lat' dir='ltr'><strong>sutnns</strong></span> <span class='ocrx_word' id='word_1_356' title='bbox 1495 4393 1564 4445; x_wconf 92' lang='lat' dir='ltr'><strong>ab</strong></span> <span class='ocrx_word' id='word_1_357' title='bbox 1595 4391 2029 4461; x_wconf 86' lang='lat' dir='ltr'><strong>bujusjustiflca-</strong></span> 
     </span>
    </p>
   </div>
   <div class='ocr_carea' id='block_1_48' title="bbox 2069 3157 2110 3212">
    <p class='ocr_par' dir='ltr' id='par_1_48' title="bbox 2069 3157 2110 3212">
     <span class='ocr_line' id='line_1_48' title="bbox 2069 3157 2110 3212; baseline 0 0"><span class='ocrx_word' id='word_1_358' title='bbox 2069 3157 2110 3212; x_wconf 90' lang='lat' dir='ltr'><strong><em>C</em></strong></span> 
     </span>
    </p>
   </div>
   <div class='ocr_carea' id='block_1_49' title="bbox 2167 538 3730 615">
    <p class='ocr_par' dir='ltr' id='par_1_49' title="bbox 2167 538 3730 615">
     <span class='ocr_line' id='line_1_49' title="bbox 2167 538 3730 615; baseline -0.005 -13"><span class='ocrx_word' id='word_1_359' title='bbox 2167 548 2270 602; x_wconf 91' lang='lat' dir='ltr'><strong>Sed</strong></span> <span class='ocrx_word' id='word_1_360' title='bbox 2297 563 2402 602; x_wconf 91' lang='lat' dir='ltr'><strong>non</strong></span> <span class='ocrx_word' id='word_1_361' title='bbox 2453 554 2706 615; x_wconf 88' lang='lat' dir='ltr'><strong>poterant</strong></span> <span class='ocrx_word' id='word_1_362' title='bbox 2747 543 2861 598; x_wconf 66' lang='lat' dir='ltr'><strong>hate</strong></span> <span class='ocrx_word' id='word_1_363' title='bbox 2889 545 3086 597; x_wconf 82' lang='lat' dir='ltr'><strong>dicere.</strong></span> <span class='ocrx_word' id='word_1_364' title='bbox 3130 539 3322 596; x_wconf 87' lang='lat' dir='ltr'><strong>Omnia</strong></span> <span class='ocrx_word' id='word_1_365' title='bbox 3372 539 3517 593; x_wconf 88' lang='lat' dir='ltr'><strong>enim</strong></span> <span class='ocrx_word' id='word_1_366' title='bbox 3561 538 3730 594; x_wconf 88' lang='lat' dir='ltr'><strong>subito</strong></span> 
     </span>
    </p>
   </div>
   <div class='ocr_carea' id='block_1_50' title="bbox 2167 630 3732 707">
    <p class='ocr_par' dir='ltr' id='par_1_50' title="bbox 2167 630 3732 707">
     <span class='ocr_line' id='line_1_50' title="bbox 2167 630 3732 707; baseline -0.008 -13"><span class='ocrx_word' id='word_1_367' title='bbox 2167 654 2276 695; x_wconf 90' lang='lat' dir='ltr'><strong>uno</strong></span> <span class='ocrx_word' id='word_1_368' title='bbox 2310 648 2551 707; x_wconf 87' lang='lat' dir='ltr'><strong>tempore</strong></span> <span class='ocrx_word' id='word_1_369' title='bbox 2588 637 2934 691; x_wconf 88' lang='lat' dir='ltr'><strong>interierunt.</strong></span> <span class='ocrx_word' id='word_1_370' title='bbox 2991 636 3072 690; x_wconf 85' lang='lat' dir='ltr'><strong>An</strong></span> <span class='ocrx_word' id='word_1_371' title='bbox 3115 635 3219 688; x_wconf 89' lang='lat' dir='ltr'><strong>boc</strong></span> <span class='ocrx_word' id='word_1_372' title='bbox 3263 630 3575 687; x_wconf 76' lang='lat' dir='ltr'><strong>dixissent?</strong></span> <span class='ocrx_word' id='word_1_373' title='bbox 3606 630 3732 684; x_wconf 88' lang='lat' dir='ltr'><strong>Cor-</strong></span> 
     </span>
    </p>
   </div>
   <div class='ocr_carea' id='block_1_51' title="bbox 2164 722 3733 800">
    <p class='ocr_par' dir='ltr' id='par_1_51' title="bbox 2164 722 3733 800">
     <span class='ocr_line' id='line_1_51' title="bbox 2164 722 3733 800; baseline -0.006 -16"><span class='ocrx_word' id='word_1_374' title='bbox 2164 730 2312 800; x_wconf 89' lang='lat' dir='ltr'><strong>poris</strong></span> <span class='ocrx_word' id='word_1_375' title='bbox 2343 728 2695 783; x_wconf 86' lang='lat' dir='ltr'><strong>incolumitas</strong></span> <span class='ocrx_word' id='word_1_376' title='bbox 2723 737 2778 781; x_wconf 92' lang='lat' dir='ltr'><strong>ct</strong></span> <span class='ocrx_word' id='word_1_377' title='bbox 2818 726 3186 784; x_wconf 89' lang='lat' dir='ltr'><strong>membrorum</strong></span> <span class='ocrx_word' id='word_1_378' title='bbox 3234 722 3534 785; x_wconf 84' lang='lat' dir='ltr'><strong>fortitudo,</strong></span> <span class='ocrx_word' id='word_1_379' title='bbox 3579 731 3733 789; x_wconf 82' lang='lat' dir='ltr'><strong>atque</strong></span> 
     </span>
    </p>
   </div>
   <div class='ocr_carea' id='block_1_52' title="bbox 2163 816 3733 891">
    <p class='ocr_par' dir='ltr' id='par_1_52' title="bbox 2163 816 3733 891">
     <span class='ocr_line' id='line_1_52' title="bbox 2163 816 3733 891; baseline -0.008 -13"><span class='ocrx_word' id='word_1_380' title='bbox 2163 822 2514 878; x_wconf 82' lang='lat' dir='ltr'><strong>brachiorum</strong></span> <span class='ocrx_word' id='word_1_381' title='bbox 2545 821 2736 886; x_wconf 87' lang='lat' dir='ltr'><strong>virtus,</strong></span> <span class='ocrx_word' id='word_1_382' title='bbox 2772 821 3028 891; x_wconf 80' lang='lat' dir='ltr'><strong>rependet</strong></span> <span class='ocrx_word' id='word_1_383' title='bbox 3075 818 3173 872; x_wconf 90' lang='lat' dir='ltr'><strong>tibi</strong></span> <span class='ocrx_word' id='word_1_384' title='bbox 3219 816 3401 871; x_wconf 89' lang='lat' dir='ltr'><strong>omnia</strong></span> <span class='ocrx_word' id='word_1_385' title='bbox 3445 824 3613 882; x_wconf 89' lang='lat' dir='ltr'><strong>atque</strong></span> <span class='ocrx_word' id='word_1_386' title='bbox 3657 828 3733 866; x_wconf 78' lang='lat' dir='ltr'><strong>re-</strong></span> 
     </span>
    </p>
   </div>
   <div class='ocr_carea' id='block_1_53' title="bbox 2161 905 3731 980">
    <p class='ocr_par' dir='ltr' id='par_1_53' title="bbox 2161 905 3731 980">
     <span class='ocr_line' id='line_1_53' title="bbox 2161 905 3731 980; baseline -0.006 -11"><span class='ocrx_word' id='word_1_387' title='bbox 2161 915 2369 970; x_wconf 84' lang='lat' dir='ltr'><strong>stituet.</strong></span> <span class='ocrx_word' id='word_1_388' title='bbox 2420 913 2526 968; x_wconf 86' lang='lat' dir='ltr'><strong>Sed</strong></span> <span class='ocrx_word' id='word_1_389' title='bbox 2560 914 2699 978; x_wconf 84' lang='lat' dir='ltr'><strong>hoc,</strong></span> <span class='ocrx_word' id='word_1_390' title='bbox 2732 912 3020 980; x_wconf 89' lang='lat' dir='ltr'><strong>inquiunt,</strong></span> <span class='ocrx_word' id='word_1_391' title='bbox 3067 909 3367 979; x_wconf 70' lang='lat' dir='ltr'><strong>prtesertitn</strong></span> <span class='ocrx_word' id='word_1_392' title='bbox 3408 905 3593 960; x_wconf 82' lang='lat' dir='ltr'><strong>dicere</strong></span> <span class='ocrx_word' id='word_1_393' title='bbox 3632 920 3731 960; x_wconf 90' lang='lat' dir='ltr'><strong>non</strong></span> 
     </span>
    </p>
   </div>
   <div class='ocr_carea' id='block_1_54' title="bbox 2162 1000 3732 1078">
    <p class='ocr_par' dir='ltr' id='par_1_54' title="bbox 2162 1000 3732 1078">
     <span class='ocr_line' id='line_1_54' title="bbox 2162 1000 3732 1078; baseline -0.005 -18"><span class='ocrx_word' id='word_1_394' title='bbox 2162 1021 2472 1078; x_wconf 86' lang='lat' dir='ltr'><strong>possumus.</strong></span> <span class='ocrx_word' id='word_1_395' title='bbox 2509 1005 2612 1075; x_wconf 87' lang='lat' dir='ltr'><strong>Ipsi</strong></span> <span class='ocrx_word' id='word_1_396' title='bbox 2647 1003 2789 1058; x_wconf 91' lang='lat' dir='ltr'><strong>enim</strong></span> <span class='ocrx_word' id='word_1_397' title='bbox 2819 1003 3063 1057; x_wconf 87' lang='lat' dir='ltr'><strong>videmus</strong></span> <span class='ocrx_word' id='word_1_398' title='bbox 3089 1015 3285 1071; x_wconf 88' lang='lat' dir='ltr'><strong>corpus</strong></span> <span class='ocrx_word' id='word_1_399' title='bbox 3321 1000 3549 1053; x_wconf 91' lang='lat' dir='ltr'><strong>bumore</strong></span> <span class='ocrx_word' id='word_1_400' title='bbox 3605 1011 3732 1052; x_wconf 86' lang='lat' dir='ltr'><strong>con-</strong></span> 
     </span>
    </p>
   </div>
   <div class='ocr_carea' id='block_1_55' title="bbox 2159 1087 3734 1164">
    <p class='ocr_par' dir='ltr' id='par_1_55' title="bbox 2159 1087 3734 1164">
     <span class='ocr_line' id='line_1_55' title="bbox 2159 1087 3734 1164; baseline -0.004 -16"><span class='ocrx_word' id='word_1_401' title='bbox 2159 1104 2462 1164; x_wconf 88' lang='lat' dir='ltr'><strong>sumptum,</strong></span> <span class='ocrx_word' id='word_1_402' title='bbox 2501 1104 2556 1148; x_wconf 91' lang='lat' dir='ltr'><strong>et</strong></span> <span class='ocrx_word' id='word_1_403' title='bbox 2585 1093 2762 1148; x_wconf 89' lang='lat' dir='ltr'><strong>omnia</strong></span> <span class='ocrx_word' id='word_1_404' title='bbox 2795 1096 3034 1147; x_wconf 91' lang='lat' dir='ltr'><strong>membra</strong></span> <span class='ocrx_word' id='word_1_405' title='bbox 3067 1102 3307 1146; x_wconf 83' lang='lat' dir='ltr'><strong>comesta</strong></span> <span class='ocrx_word' id='word_1_406' title='bbox 3333 1106 3363 1143; x_wconf 90' lang='lat' dir='ltr'><strong>a</strong></span> <span class='ocrx_word' id='word_1_407' title='bbox 3389 1087 3734 1144; x_wconf 88' lang='lat' dir='ltr'><strong>multitudine</strong></span> 
     </span>
    </p>
   </div>
   <div class='ocr_carea' id='block_1_56' title="bbox 2161 1183 3735 1256">
    <p class='ocr_par' dir='ltr' id='par_1_56' title="bbox 2161 1183 3735 1256">
     <span class='ocr_line' id='line_1_56' title="bbox 2161 1183 3735 1256; baseline -0.005 -14"><span class='ocrx_word' id='word_1_408' title='bbox 2161 1188 2448 1242; x_wconf 81' lang='lat' dir='ltr'><strong>vermium.</strong></span> <span class='ocrx_word' id='word_1_409' title='bbox 2505 1186 2608 1242; x_wconf 77' lang='lat' dir='ltr'><strong>Pro</strong></span> <span class='ocrx_word' id='word_1_410' title='bbox 2671 1187 2788 1240; x_wconf 86' lang='lat' dir='ltr'><strong>istis</strong></span> <span class='ocrx_word' id='word_1_411' title='bbox 2849 1201 2978 1256; x_wconf 88' lang='lat' dir='ltr'><strong>ergo</strong></span> <span class='ocrx_word' id='word_1_412' title='bbox 3028 1185 3278 1239; x_wconf 92' lang='lat' dir='ltr'><strong>omnibus</strong></span> <span class='ocrx_word' id='word_1_413' title='bbox 3308 1183 3624 1254; x_wconf 89' lang='lat' dir='ltr'><strong>quomodo,</strong></span> <span class='ocrx_word' id='word_1_414' title='bbox 3658 1183 3735 1234; x_wconf 83' lang='lat' dir='ltr'><strong>in-</strong></span> 
     </span>
    </p>
   </div>
   <div class='ocr_carea' id='block_1_57' title="bbox 2157 1277 3734 1349">
    <p class='ocr_par' dir='ltr' id='par_1_57' title="bbox 2157 1277 3734 1349">
     <span class='ocr_line' id='line_1_57' title="bbox 2157 1277 3734 1349; baseline -0.003 -16"><span class='ocrx_word' id='word_1_415' title='bbox 2157 1281 2385 1349; x_wconf 89' lang='lat' dir='ltr'><strong>quinnt,</strong></span> <span class='ocrx_word' id='word_1_416' title='bbox 2420 1291 2470 1334; x_wconf 89' lang='lat' dir='ltr'><strong>te</strong></span> <span class='ocrx_word' id='word_1_417' title='bbox 2498 1280 2843 1334; x_wconf 82' lang='lat' dir='ltr'><strong>consolemur</strong></span> <span class='ocrx_word' id='word_1_418' title='bbox 2886 1277 2966 1332; x_wconf 89' lang='lat' dir='ltr'><strong>vel</strong></span> <span class='ocrx_word' id='word_1_419' title='bbox 2997 1277 3268 1346; x_wconf 91' lang='lat' dir='ltr'><strong>quomodo</strong></span> <span class='ocrx_word' id='word_1_420' title='bbox 3297 1292 3357 1331; x_wconf 91' lang='lat' dir='ltr'><strong>os</strong></span> <span class='ocrx_word' id='word_1_421' title='bbox 3391 1277 3734 1345; x_wconf 87' lang='lat' dir='ltr'><strong>aperiamus,</strong></span> 
     </span>
    </p>
   </div>
   <div class='ocr_carea' id='block_1_58' title="bbox 2160 1367 3806 1441">
    <p class='ocr_par' dir='ltr' id='par_1_58' title="bbox 2160 1367 3806 1441">
     <span class='ocr_line' id='line_1_58' title="bbox 2160 1367 3806 1441; baseline -0.002 -17"><span class='ocrx_word' id='word_1_422' title='bbox 2160 1371 2242 1425; x_wconf 88' lang='lat' dir='ltr'><strong>vel</strong></span> <span class='ocrx_word' id='word_1_423' title='bbox 2273 1372 2400 1441; x_wconf 90' lang='lat' dir='ltr'><strong>quid</strong></span> <span class='ocrx_word' id='word_1_424' title='bbox 2435 1371 2678 1426; x_wconf 89' lang='lat' dir='ltr'><strong>dicanms</strong></span> <span class='ocrx_word' id='word_1_425' title='bbox 2714 1385 2818 1424; x_wconf 90' lang='lat' dir='ltr'><strong>non</strong></span> <span class='ocrx_word' id='word_1_426' title='bbox 2853 1369 3174 1423; x_wconf 82' lang='lat' dir='ltr'><strong>invenimus.</strong></span> <span class='ocrx_word' id='word_1_427' title='bbox 3218 1368 3300 1422; x_wconf 79' lang='lat' dir='ltr'><strong>An</strong></span> <span class='ocrx_word' id='word_1_428' title='bbox 3347 1369 3607 1437; x_wconf 87' lang='lat' dir='ltr'><strong>antiquas</strong></span> <span class='ocrx_word' id='word_1_429' title='bbox 3653 1367 3732 1421; x_wconf 83' lang='lat' dir='ltr'><strong>bi-</strong></span> <span class='ocrx_word' id='word_1_430' title='bbox 3799 1395 3806 1404; x_wconf 69' lang='grc' dir='ltr'>ι</span> 
     </span>
    </p>
   </div>
   <div class='ocr_carea' id='block_1_59' title="bbox 2157 1460 3732 1532">
    <p class='ocr_par' dir='ltr' id='par_1_59' title="bbox 2157 1460 3732 1532">
     <span class='ocr_line' id='line_1_59' title="bbox 2157 1460 3732 1532; baseline -0.004 -14"><span class='ocrx_word' id='word_1_431' title='bbox 2157 1463 2354 1518; x_wconf 88' lang='lat' dir='ltr'><strong>storias</strong></span> <span class='ocrx_word' id='word_1_432' title='bbox 2399 1463 2778 1532; x_wconf 87' lang='lat' dir='ltr'><strong>proferemus?</strong></span> <span class='ocrx_word' id='word_1_433' title='bbox 2825 1461 2930 1516; x_wconf 90' lang='lat' dir='ltr'><strong>Sed</strong></span> <span class='ocrx_word' id='word_1_434' title='bbox 2974 1478 3002 1514; x_wconf 92' lang='lat' dir='ltr'><strong>a</strong></span> <span class='ocrx_word' id='word_1_435' title='bbox 3038 1461 3236 1516; x_wconf 82' lang='lat' dir='ltr'><strong>sacculo</strong></span> <span class='ocrx_word' id='word_1_436' title='bbox 3273 1460 3397 1514; x_wconf 90' lang='lat' dir='ltr'><strong>talia</strong></span> <span class='ocrx_word' id='word_1_437' title='bbox 3441 1476 3553 1512; x_wconf 92' lang='lat' dir='ltr'><strong>non</strong></span> <span class='ocrx_word' id='word_1_438' title='bbox 3592 1460 3732 1513; x_wconf 86' lang='lat' dir='ltr'><strong>acci-</strong></span> 
     </span>
    </p>
   </div>
   <div class='ocr_carea' id='block_1_60' title="bbox 2157 1552 3730 1620">
    <p class='ocr_par' dir='ltr' id='par_1_60' title="bbox 2157 1552 3730 1620">
     <span class='ocr_line' id='line_1_60' title="bbox 2157 1552 3730 1620; baseline -0.003 -12"><span class='ocrx_word' id='word_1_439' title='bbox 2157 1553 2382 1619; x_wconf 92' lang='lat' dir='ltr'><strong>derunt,</strong></span> <span class='ocrx_word' id='word_1_440' title='bbox 2436 1557 2530 1609; x_wconf 92' lang='lat' dir='ltr'><strong>sed</strong></span> <span class='ocrx_word' id='word_1_441' title='bbox 2585 1554 2653 1606; x_wconf 91' lang='lat' dir='ltr'><strong>ab</strong></span> <span class='ocrx_word' id='word_1_442' title='bbox 2687 1554 2841 1608; x_wconf 91' lang='lat' dir='ltr'><strong>initio</strong></span> <span class='ocrx_word' id='word_1_443' title='bbox 2872 1552 2997 1608; x_wconf 86' lang='lat' dir='ltr'><strong>talia</strong></span> <span class='ocrx_word' id='word_1_444' title='bbox 3055 1567 3162 1607; x_wconf 94' lang='lat' dir='ltr'><strong>non</strong></span> <span class='ocrx_word' id='word_1_445' title='bbox 3215 1561 3609 1620; x_wconf 83' lang='lat' dir='ltr'><strong>provenerunt.</strong></span> <span class='ocrx_word' id='word_1_446' title='bbox 3654 1553 3730 1604; x_wconf 85' lang='lat' dir='ltr'><strong>An</strong></span> 
     </span>
    </p>
   </div>
   <div class='ocr_carea' id='block_1_61' title="bbox 2157 1644 3732 1716">
    <p class='ocr_par' dir='ltr' id='par_1_61' title="bbox 2157 1644 3732 1716">
     <span class='ocr_line' id='line_1_61' title="bbox 2157 1644 3732 1716; baseline 0 -18"><span class='ocrx_word' id='word_1_447' title='bbox 2157 1646 2502 1716; x_wconf 90' lang='lat' dir='ltr'><strong>antiquorum</strong></span> <span class='ocrx_word' id='word_1_448' title='bbox 2532 1647 2746 1700; x_wconf 83' lang='lat' dir='ltr'><strong>dolores</strong></span> <span class='ocrx_word' id='word_1_449' title='bbox 2775 1655 2940 1715; x_wconf 88' lang='lat' dir='ltr'><strong>atque</strong></span> <span class='ocrx_word' id='word_1_450' title='bbox 2969 1645 3250 1714; x_wconf 83' lang='lat' dir='ltr'><strong>passiones</strong></span> <span class='ocrx_word' id='word_1_451' title='bbox 3293 1644 3640 1715; x_wconf 87' lang='lat' dir='ltr'><strong>proferentes</strong></span> <span class='ocrx_word' id='word_1_452' title='bbox 3674 1659 3732 1698; x_wconf 86' lang='lat' dir='ltr'><strong>ac</strong></span> 
     </span>
    </p>
   </div>
   <div class='ocr_carea' id='block_1_62' title="bbox 2157 1734 3730 1803">
    <p class='ocr_par' dir='ltr' id='par_1_62' title="bbox 2157 1734 3730 1803">
     <span class='ocr_line' id='line_1_62' title="bbox 2157 1734 3730 1803; baseline -0.003 -13"><span class='ocrx_word' id='word_1_453' title='bbox 2157 1736 2706 1792; x_wconf 72' lang='lat' dir='ltr'><strong>commonefacientes</strong></span> <span class='ocrx_word' id='word_1_454' title='bbox 2737 1735 2908 1800; x_wconf 89' lang='lat' dir='ltr'><strong>illum,</strong></span> <span class='ocrx_word' id='word_1_455' title='bbox 2945 1735 3346 1790; x_wconf 83' lang='lat' dir='ltr'><strong>consolabimur</strong></span> <span class='ocrx_word' id='word_1_456' title='bbox 3384 1734 3554 1788; x_wconf 80' lang='lat' dir='ltr'><strong>etnn?</strong></span> <span class='ocrx_word' id='word_1_457' title='bbox 3596 1734 3730 1803; x_wconf 81' lang='lat' dir='ltr'><strong>Ergo</strong></span> 
     </span>
    </p>
   </div>
   <div class='ocr_carea' id='block_1_63' title="bbox 2153 1826 3728 1898">
    <p class='ocr_par' dir='ltr' id='par_1_63' title="bbox 2153 1826 3728 1898">
     <span class='ocr_line' id='line_1_63' title="bbox 2153 1826 3728 1898; baseline -0.003 -16"><span class='ocrx_word' id='word_1_458' title='bbox 2153 1829 2277 1895; x_wconf 88' lang='lat' dir='ltr'><strong>quia</strong></span> <span class='ocrx_word' id='word_1_459' title='bbox 2323 1843 2420 1883; x_wconf 85' lang='lat' dir='ltr'><strong>nec</strong></span> <span class='ocrx_word' id='word_1_460' title='bbox 2475 1829 2770 1898; x_wconf 89' lang='lat' dir='ltr'><strong>quidquam</strong></span> <span class='ocrx_word' id='word_1_461' title='bbox 2814 1838 2960 1891; x_wconf 88' lang='lat' dir='ltr'><strong>erat,</strong></span> <span class='ocrx_word' id='word_1_462' title='bbox 3017 1842 3118 1882; x_wconf 89' lang='lat' dir='ltr'><strong>nec</strong></span> <span class='ocrx_word' id='word_1_463' title='bbox 3168 1827 3220 1880; x_wconf 92' lang='lat' dir='ltr'><strong>in</strong></span> <span class='ocrx_word' id='word_1_464' title='bbox 3265 1826 3422 1881; x_wconf 89' lang='lat' dir='ltr'><strong>factis</strong></span> <span class='ocrx_word' id='word_1_465' title='bbox 3473 1842 3655 1894; x_wconf 88' lang='lat' dir='ltr'><strong>neque</strong></span> <span class='ocrx_word' id='word_1_466' title='bbox 3681 1828 3728 1879; x_wconf 90' lang='lat' dir='ltr'><strong>in</strong></span> 
     </span>
    </p>
   </div>
   <div class='ocr_carea' id='block_1_64' title="bbox 2153 1915 3729 1988">
    <p class='ocr_par' dir='ltr' id='par_1_64' title="bbox 2153 1915 3729 1988">
     <span class='ocr_line' id='line_1_64' title="bbox 2153 1915 3729 1988; baseline 0 -18"><span class='ocrx_word' id='word_1_467' title='bbox 2153 1919 2333 1974; x_wconf 82' lang='lat' dir='ltr'><strong>verbis</strong></span> <span class='ocrx_word' id='word_1_468' title='bbox 2391 1933 2488 1988; x_wconf 90' lang='lat' dir='ltr'><strong>per</strong></span> <span class='ocrx_word' id='word_1_469' title='bbox 2517 1919 2659 1987; x_wconf 91' lang='lat' dir='ltr'><strong>quod</strong></span> <span class='ocrx_word' id='word_1_470' title='bbox 2704 1918 2977 1972; x_wconf 89' lang='lat' dir='ltr'><strong>consolari</strong></span> <span class='ocrx_word' id='word_1_471' title='bbox 3024 1931 3148 1972; x_wconf 91' lang='lat' dir='ltr'><strong>eum</strong></span> <span class='ocrx_word' id='word_1_472' title='bbox 3207 1927 3462 1984; x_wconf 88' lang='lat' dir='ltr'><strong>possent,</strong></span> <span class='ocrx_word' id='word_1_473' title='bbox 3522 1915 3729 1970; x_wconf 89' lang='lat' dir='ltr'><strong>idcirco</strong></span> 
     </span>
    </p>
   </div>
   <div class='ocr_carea' id='block_1_65' title="bbox 2151 2005 3728 2074">
    <p class='ocr_par' dir='ltr' id='par_1_65' title="bbox 2151 2005 3728 2074">
     <span class='ocr_line' id='line_1_65' title="bbox 2151 2005 3728 2074; baseline -0.002 -11"><span class='ocrx_word' id='word_1_474' title='bbox 2151 2008 2414 2064; x_wconf 84' lang='lat' dir='ltr'><strong>sedebant</strong></span> <span class='ocrx_word' id='word_1_475' title='bbox 2467 2007 2839 2062; x_wconf 88' lang='lat' dir='ltr'><strong>taciturnitate</strong></span> <span class='ocrx_word' id='word_1_476' title='bbox 2883 2022 2976 2060; x_wconf 91' lang='lat' dir='ltr'><strong>sua</strong></span> <span class='ocrx_word' id='word_1_477' title='bbox 3008 2005 3108 2074; x_wconf 92' lang='lat' dir='ltr'><strong>ipsi</strong></span> <span class='ocrx_word' id='word_1_478' title='bbox 3163 2007 3517 2060; x_wconf 75' lang='lat' dir='ltr'><strong>vehementia:</strong></span> <span class='ocrx_word' id='word_1_479' title='bbox 3575 2006 3728 2060; x_wconf 84' lang='lat' dir='ltr'><strong>dolo-</strong></span> 
     </span>
    </p>
   </div>
   <div class='ocr_carea' id='block_1_66' title="bbox 2152 2098 3722 2170">
    <p class='ocr_par' dir='ltr' id='par_1_66' title="bbox 2152 2098 3722 2170">
     <span class='ocr_line' id='line_1_66' title="bbox 2152 2098 3722 2170; baseline -0.004 -14"><span class='ocrx_word' id='word_1_480' title='bbox 2152 2118 2266 2156; x_wconf 90' lang='lat' dir='ltr'><strong>rum</strong></span> <span class='ocrx_word' id='word_1_481' title='bbox 2290 2101 2405 2170; x_wconf 90' lang='lat' dir='ltr'><strong>ejus</strong></span> <span class='ocrx_word' id='word_1_482' title='bbox 2437 2112 2779 2155; x_wconf 79' lang='lat' dir='ltr'><strong>attestantes.</strong></span> <span class='ocrx_word' id='word_1_483' title='bbox 2813 2098 2943 2154; x_wconf 77' lang='lat' dir='ltr'><strong>Nam</strong></span> <span class='ocrx_word' id='word_1_484' title='bbox 2983 2099 3268 2153; x_wconf 84' lang='lat' dir='ltr'><strong>discedere</strong></span> <span class='ocrx_word' id='word_1_485' title='bbox 3310 2114 3414 2152; x_wconf 91' lang='lat' dir='ltr'><strong>non</strong></span> <span class='ocrx_word' id='word_1_486' title='bbox 3444 2109 3722 2169; x_wconf 76' lang='lat' dir='ltr'><strong>peterant,</strong></span> 
     </span>
    </p>
   </div>
   <div class='ocr_carea' id='block_1_67' title="bbox 2149 2191 3726 2266">
    <p class='ocr_par' dir='ltr' id='par_1_67' title="bbox 2149 2191 3726 2266">
     <span class='ocr_line' id='line_1_67' title="bbox 2149 2191 3726 2266; baseline -0.002 -16"><span class='ocrx_word' id='word_1_487' title='bbox 2149 2209 2446 2266; x_wconf 63' lang='lat' dir='ltr'><strong>praesentes</strong></span> <span class='ocrx_word' id='word_1_488' title='bbox 2478 2196 2621 2265; x_wconf 89' lang='lat' dir='ltr'><strong>loqui</strong></span> <span class='ocrx_word' id='word_1_489' title='bbox 2664 2209 2768 2248; x_wconf 93' lang='lat' dir='ltr'><strong>non</strong></span> <span class='ocrx_word' id='word_1_490' title='bbox 2818 2193 3112 2248; x_wconf 88' lang='lat' dir='ltr'><strong>audebant.</strong></span> <span class='ocrx_word' id='word_1_491' title='bbox 3164 2191 3458 2262; x_wconf 79' lang='lat' dir='ltr'><strong>Propterea</strong></span> <span class='ocrx_word' id='word_1_492' title='bbox 3501 2193 3726 2247; x_wconf 86' lang='lat' dir='ltr'><strong>assede-</strong></span> 
     </span>
    </p>
   </div>
   <div class='ocr_carea' id='block_1_68' title="bbox 2150 2283 3724 2358">
    <p class='ocr_par' dir='ltr' id='par_1_68' title="bbox 2150 2283 3724 2358">
     <span class='ocr_line' id='line_1_68' title="bbox 2150 2283 3724 2358; baseline -0.004 -14"><span class='ocrx_word' id='word_1_493' title='bbox 2150 2299 2275 2345; x_wconf 92' lang='lat' dir='ltr'><strong>runt</strong></span> <span class='ocrx_word' id='word_1_494' title='bbox 2312 2289 2388 2343; x_wconf 91' lang='lat' dir='ltr'><strong>illi</strong></span> <span class='ocrx_word' id='word_1_495' title='bbox 2430 2298 2636 2358; x_wconf 87' lang='lat' dir='ltr'><strong>septem</strong></span> <span class='ocrx_word' id='word_1_496' title='bbox 2674 2287 2900 2351; x_wconf 89' lang='lat' dir='ltr'><strong>diebus,</strong></span> <span class='ocrx_word' id='word_1_497' title='bbox 2931 2295 2986 2340; x_wconf 92' lang='lat' dir='ltr'><strong>et</strong></span> <span class='ocrx_word' id='word_1_498' title='bbox 3022 2294 3228 2354; x_wconf 89' lang='lat' dir='ltr'><strong>septem</strong></span> <span class='ocrx_word' id='word_1_499' title='bbox 3256 2285 3528 2348; x_wconf 86' lang='lat' dir='ltr'><strong>noctibus,</strong></span> <span class='ocrx_word' id='word_1_500' title='bbox 3567 2283 3724 2338; x_wconf 83' lang='lat' dir='ltr'><strong>incli-</strong></span> 
     </span>
    </p>
   </div>
   <div class='ocr_carea' id='block_1_69' title="bbox 2148 2375 3724 2442">
    <p class='ocr_par' dir='ltr' id='par_1_69' title="bbox 2148 2375 3724 2442">
     <span class='ocr_line' id='line_1_69' title="bbox 2148 2375 3724 2442; baseline -0.004 -8"><span class='ocrx_word' id='word_1_501' title='bbox 2148 2381 2293 2435; x_wconf 87' lang='lat' dir='ltr'><strong>natis</strong></span> <span class='ocrx_word' id='word_1_502' title='bbox 2319 2380 2576 2436; x_wconf 88' lang='lat' dir='ltr'><strong>deorsum</strong></span> <span class='ocrx_word' id='word_1_503' title='bbox 2611 2377 2676 2432; x_wconf 89' lang='lat' dir='ltr'><strong>ad</strong></span> <span class='ocrx_word' id='word_1_504' title='bbox 2723 2387 2921 2432; x_wconf 89' lang='lat' dir='ltr'><strong>terram</strong></span> <span class='ocrx_word' id='word_1_505' title='bbox 2962 2375 3226 2430; x_wconf 88' lang='lat' dir='ltr'><strong>faciebus.</strong></span> <span class='ocrx_word' id='word_1_506' title='bbox 3272 2375 3584 2442; x_wconf 86' lang='lat' dir='ltr'><strong>Aliquando</strong></span> <span class='ocrx_word' id='word_1_507' title='bbox 3632 2391 3724 2428; x_wconf 87' lang='lat' dir='ltr'><strong>au-</strong></span> 
     </span>
    </p>
   </div>
   <div class='ocr_carea' id='block_1_70' title="bbox 2149 2466 3724 2537">
    <p class='ocr_par' dir='ltr' id='par_1_70' title="bbox 2149 2466 3724 2537">
     <span class='ocr_line' id='line_1_70' title="bbox 2149 2466 3724 2537; baseline -0.002 -12"><span class='ocrx_word' id='word_1_508' title='bbox 2149 2481 2257 2526; x_wconf 89' lang='lat' dir='ltr'><strong>tem</strong></span> <span class='ocrx_word' id='word_1_509' title='bbox 2295 2471 2641 2524; x_wconf 86' lang='lat' dir='ltr'><strong>intendentes</strong></span> <span class='ocrx_word' id='word_1_510' title='bbox 2675 2469 2726 2523; x_wconf 94' lang='lat' dir='ltr'><strong>in</strong></span> <span class='ocrx_word' id='word_1_511' title='bbox 2761 2467 2912 2522; x_wconf 91' lang='lat' dir='ltr'><strong>illum</strong></span> <span class='ocrx_word' id='word_1_512' title='bbox 2955 2479 3011 2522; x_wconf 91' lang='lat' dir='ltr'><strong>et</strong></span> <span class='ocrx_word' id='word_1_513' title='bbox 3043 2466 3312 2522; x_wconf 85' lang='lat' dir='ltr'><strong>visionem</strong></span> <span class='ocrx_word' id='word_1_514' title='bbox 3347 2467 3518 2537; x_wconf 65' lang='lat' dir='ltr'><strong>plagae</strong></span> <span class='ocrx_word' id='word_1_515' title='bbox 3580 2467 3724 2522; x_wconf 85' lang='lat' dir='ltr'><strong>illius</strong></span> 
     </span>
    </p>
   </div>
   <div class='ocr_carea' id='block_1_71' title="bbox 2145 2555 3719 2633">
    <p class='ocr_par' dir='ltr' id='par_1_71' title="bbox 2145 2555 3719 2633">
     <span class='ocr_line' id='line_1_71' title="bbox 2145 2555 3719 2633; baseline -0.005 -15"><span class='ocrx_word' id='word_1_516' title='bbox 2145 2573 2456 2633; x_wconf 88' lang='lat' dir='ltr'><strong>stupentes,</strong></span> <span class='ocrx_word' id='word_1_517' title='bbox 2500 2561 2759 2616; x_wconf 88' lang='lat' dir='ltr'><strong>continuo</strong></span> <span class='ocrx_word' id='word_1_518' title='bbox 2815 2560 3113 2616; x_wconf 88' lang='lat' dir='ltr'><strong>identidem</strong></span> <span class='ocrx_word' id='word_1_519' title='bbox 3169 2558 3494 2627; x_wconf 86' lang='lat' dir='ltr'><strong>dejiciebant</strong></span> <span class='ocrx_word' id='word_1_520' title='bbox 3529 2555 3719 2611; x_wconf 87' lang='lat' dir='ltr'><strong>facies.</strong></span> 
     </span>
    </p>
   </div>
   <div class='ocr_carea' id='block_1_72' title="bbox 2143 2650 3721 2725">
    <p class='ocr_par' dir='ltr' id='par_1_72' title="bbox 2143 2650 3721 2725">
     <span class='ocr_line' id='line_1_72' title="bbox 2143 2650 3721 2725; baseline -0.007 -15"><span class='ocrx_word' id='word_1_521' title='bbox 2143 2655 2450 2725; x_wconf 83' lang='lat' dir='ltr'><strong>Aliquando</strong></span> <span class='ocrx_word' id='word_1_522' title='bbox 2475 2668 2534 2708; x_wconf 90' lang='lat' dir='ltr'><strong>se</strong></span> <span class='ocrx_word' id='word_1_523' title='bbox 2565 2653 2796 2723; x_wconf 77' lang='lat' dir='ltr'><strong>genibus</strong></span> <span class='ocrx_word' id='word_1_524' title='bbox 2823 2653 3184 2720; x_wconf 90' lang='lat' dir='ltr'><strong>imponentes,</strong></span> <span class='ocrx_word' id='word_1_525' title='bbox 3211 2650 3504 2718; x_wconf 90' lang='lat' dir='ltr'><strong>aliquando</strong></span> <span class='ocrx_word' id='word_1_526' title='bbox 3533 2659 3721 2704; x_wconf 88' lang='lat' dir='ltr'><strong>autem</strong></span> 
     </span>
    </p>
   </div>
   <div class='ocr_carea' id='block_1_73' title="bbox 2145 2738 3723 2816">
    <p class='ocr_par' dir='ltr' id='par_1_73' title="bbox 2145 2738 3723 2816">
     <span class='ocr_line' id='line_1_73' title="bbox 2145 2738 3723 2816; baseline -0.004 -17"><span class='ocrx_word' id='word_1_527' title='bbox 2145 2761 2308 2816; x_wconf 90' lang='lat' dir='ltr'><strong>super</strong></span> <span class='ocrx_word' id='word_1_528' title='bbox 2338 2759 2554 2799; x_wconf 89' lang='lat' dir='ltr'><strong>manum</strong></span> <span class='ocrx_word' id='word_1_529' title='bbox 2602 2742 3011 2805; x_wconf 88' lang='lat' dir='ltr'><strong>incumbentes,</strong></span> <span class='ocrx_word' id='word_1_530' title='bbox 3046 2755 3150 2796; x_wconf 92' lang='lat' dir='ltr'><strong>non</strong></span> <span class='ocrx_word' id='word_1_531' title='bbox 3207 2741 3258 2795; x_wconf 91' lang='lat' dir='ltr'><strong>in</strong></span> <span class='ocrx_word' id='word_1_532' title='bbox 3289 2738 3519 2802; x_wconf 87' lang='lat' dir='ltr'><strong>lectulis,</strong></span> <span class='ocrx_word' id='word_1_533' title='bbox 3548 2752 3723 2806; x_wconf 86' lang='lat' dir='ltr'><strong>neque</strong></span> 
     </span>
    </p>
   </div>
   <div class='ocr_carea' id='block_1_74' title="bbox 2146 2831 3718 2906">
    <p class='ocr_par' dir='ltr' id='par_1_74' title="bbox 2146 2831 3718 2906">
     <span class='ocr_line' id='line_1_74' title="bbox 2146 2831 3718 2906; baseline -0.007 -14"><span class='ocrx_word' id='word_1_534' title='bbox 2146 2839 2196 2892; x_wconf 92' lang='lat' dir='ltr'><strong>in</strong></span> <span class='ocrx_word' id='word_1_535' title='bbox 2233 2837 2506 2906; x_wconf 88' lang='lat' dir='ltr'><strong>grabatis,</strong></span> <span class='ocrx_word' id='word_1_536' title='bbox 2539 2850 2713 2904; x_wconf 80' lang='lat' dir='ltr'><strong>neque</strong></span> <span class='ocrx_word' id='word_1_537' title='bbox 2772 2835 2826 2888; x_wconf 90' lang='lat' dir='ltr'><strong>in</strong></span> <span class='ocrx_word' id='word_1_538' title='bbox 2875 2832 3232 2889; x_wconf 88' lang='lat' dir='ltr'><strong>straminibus</strong></span> <span class='ocrx_word' id='word_1_539' title='bbox 3295 2831 3718 2900; x_wconf 89' lang='lat' dir='ltr'><strong>requiescentes,</strong></span> 
     </span>
    </p>
   </div>
   <div class='ocr_carea' id='block_1_75' title="bbox 2143 2922 3720 2998">
    <p class='ocr_par' dir='ltr' id='par_1_75' title="bbox 2143 2922 3720 2998">
     <span class='ocr_line' id='line_1_75' title="bbox 2143 2922 3720 2998; baseline -0.006 -15"><span class='ocrx_word' id='word_1_540' title='bbox 2143 2929 2235 2983; x_wconf 88' lang='lat' dir='ltr'><strong>sed</strong></span> <span class='ocrx_word' id='word_1_541' title='bbox 2267 2927 2453 2998; x_wconf 91' lang='lat' dir='ltr'><strong>procul</strong></span> <span class='ocrx_word' id='word_1_542' title='bbox 2487 2927 2650 2981; x_wconf 88' lang='lat' dir='ltr'><strong>dubio</strong></span> <span class='ocrx_word' id='word_1_543' title='bbox 2688 2927 2740 2980; x_wconf 93' lang='lat' dir='ltr'><strong>in</strong></span> <span class='ocrx_word' id='word_1_544' title='bbox 2775 2927 2958 2980; x_wconf 91' lang='lat' dir='ltr'><strong>cinere</strong></span> <span class='ocrx_word' id='word_1_545' title='bbox 2987 2934 3042 2980; x_wconf 88' lang='lat' dir='ltr'><strong>et</strong></span> <span class='ocrx_word' id='word_1_546' title='bbox 3073 2922 3249 2978; x_wconf 88' lang='lat' dir='ltr'><strong>cilicio</strong></span> <span class='ocrx_word' id='word_1_547' title='bbox 3277 2963 3291 2987; x_wconf 93' lang='lat'><strong>,</strong></span> <span class='ocrx_word' id='word_1_548' title='bbox 3320 2923 3373 2976; x_wconf 94' lang='lat' dir='ltr'><strong>in</strong></span> <span class='ocrx_word' id='word_1_549' title='bbox 3431 2933 3579 2977; x_wconf 87' lang='lat' dir='ltr'><strong>terra</strong></span> <span class='ocrx_word' id='word_1_550' title='bbox 3637 2935 3720 2975; x_wconf 86' lang='lat' dir='ltr'><strong>se-</strong></span> 
     </span>
    </p>
   </div>
   <div class='ocr_carea' id='block_1_76' title="bbox 2141 3013 3717 3087">
    <p class='ocr_par' dir='ltr' id='par_1_76' title="bbox 2141 3013 3717 3087">
     <span class='ocr_line' id='line_1_76' title="bbox 2141 3013 3717 3087; baseline -0.006 -13"><span class='ocrx_word' id='word_1_551' title='bbox 2141 3021 2350 3083; x_wconf 86' lang='lat' dir='ltr'><strong>dentes,</strong></span> <span class='ocrx_word' id='word_1_552' title='bbox 2381 3026 2542 3087; x_wconf 83' lang='lat' dir='ltr'><strong>atque</strong></span> <span class='ocrx_word' id='word_1_553' title='bbox 2576 3019 2628 3072; x_wconf 91' lang='lat' dir='ltr'><strong>in</strong></span> <span class='ocrx_word' id='word_1_554' title='bbox 2661 3016 2761 3073; x_wconf 87' lang='lat' dir='ltr'><strong>Job</strong></span> <span class='ocrx_word' id='word_1_555' title='bbox 2801 3017 3175 3081; x_wconf 81' lang='lat' dir='ltr'><strong>intendentes,</strong></span> <span class='ocrx_word' id='word_1_556' title='bbox 3208 3014 3424 3083; x_wconf 92' lang='lat' dir='ltr'><strong>quando</strong></span> <span class='ocrx_word' id='word_1_557' title='bbox 3469 3013 3717 3077; x_wconf 83' lang='lat' dir='ltr'><strong>sedebat,</strong></span> 
     </span>
    </p>
   </div>
   <div class='ocr_carea' id='block_1_77' title="bbox 2143 3103 3720 3176">
    <p class='ocr_par' dir='ltr' id='par_1_77' title="bbox 2143 3103 3720 3176">
     <span class='ocr_line' id='line_1_77' title="bbox 2143 3103 3720 3176; baseline -0.003 -14"><span class='ocrx_word' id='word_1_558' title='bbox 2143 3109 2424 3171; x_wconf 85' lang='lat' dir='ltr'><strong>sedebant,</strong></span> <span class='ocrx_word' id='word_1_559' title='bbox 2465 3108 2513 3162; x_wconf 85' lang='lat' dir='ltr'><strong>si</strong></span> <span class='ocrx_word' id='word_1_560' title='bbox 2546 3117 2722 3162; x_wconf 91' lang='lat' dir='ltr'><strong>tamen</strong></span> <span class='ocrx_word' id='word_1_561' title='bbox 2745 3107 2968 3162; x_wconf 90' lang='lat' dir='ltr'><strong>omnino</strong></span> <span class='ocrx_word' id='word_1_562' title='bbox 2995 3121 3102 3176; x_wconf 65' lang='lat' dir='ltr'><strong>pra:</strong></span> <span class='ocrx_word' id='word_1_563' title='bbox 3121 3105 3396 3159; x_wconf 87' lang='lat' dir='ltr'><strong>dolorilms</strong></span> <span class='ocrx_word' id='word_1_564' title='bbox 3424 3103 3720 3172; x_wconf 86' lang='lat' dir='ltr'><strong>aliquando</strong></span> 
     </span>
    </p>
   </div>
   <div class='ocr_carea' id='block_1_78' title="bbox 2139 3192 3721 3269">
    <p class='ocr_par' dir='ltr' id='par_1_78' title="bbox 2139 3192 3721 3269">
     <span class='ocr_line' id='line_1_78' title="bbox 2139 3192 3721 3269; baseline -0.006 -15"><span class='ocrx_word' id='word_1_565' title='bbox 2139 3199 2321 3268; x_wconf 81' lang='lat' dir='ltr'><strong>jacere</strong></span> <span class='ocrx_word' id='word_1_566' title='bbox 2342 3207 2568 3268; x_wconf 87' lang='lat' dir='ltr'><strong>poterat.</strong></span> <span class='ocrx_word' id='word_1_567' title='bbox 2601 3198 2694 3254; x_wconf 92' lang='lat' dir='ltr'><strong>Sic</strong></span> <span class='ocrx_word' id='word_1_568' title='bbox 2718 3213 2948 3269; x_wconf 89' lang='lat' dir='ltr'><strong>namque</strong></span> <span class='ocrx_word' id='word_1_569' title='bbox 2977 3199 3029 3252; x_wconf 91' lang='lat' dir='ltr'><strong>in</strong></span> <span class='ocrx_word' id='word_1_570' title='bbox 3096 3197 3386 3267; x_wconf 81' lang='lat' dir='ltr'><strong>gemitibus</strong></span> <span class='ocrx_word' id='word_1_571' title='bbox 3425 3209 3492 3249; x_wconf 91' lang='lat' dir='ltr'><strong>ac</strong></span> <span class='ocrx_word' id='word_1_572' title='bbox 3539 3192 3721 3260; x_wconf 83' lang='lat' dir='ltr'><strong>suspi-</strong></span> 
     </span>
    </p>
   </div>
   <div class='ocr_carea' id='block_1_79' title="bbox 2147 3286 3715 3360">
    <p class='ocr_par' dir='ltr' id='par_1_79' title="bbox 2147 3286 3715 3360">
     <span class='ocr_line' id='line_1_79' title="bbox 2147 3286 3715 3360; baseline -0.004 -13"><span class='ocrx_word' id='word_1_573' title='bbox 2147 3294 2241 3347; x_wconf 90' lang='lat' dir='ltr'><strong>riis</strong></span> <span class='ocrx_word' id='word_1_574' title='bbox 2278 3291 2413 3346; x_wconf 89' lang='lat' dir='ltr'><strong>istos</strong></span> <span class='ocrx_word' id='word_1_575' title='bbox 2442 3301 2645 3359; x_wconf 85' lang='lat' dir='ltr'><strong>septem</strong></span> <span class='ocrx_word' id='word_1_576' title='bbox 2677 3290 2792 3344; x_wconf 81' lang='lat' dir='ltr'><strong>dies</strong></span> <span class='ocrx_word' id='word_1_577' title='bbox 2827 3298 3143 3360; x_wconf 87' lang='lat' dir='ltr'><strong>peragentes</strong></span> <span class='ocrx_word' id='word_1_578' title='bbox 3171 3287 3496 3344; x_wconf 89' lang='lat' dir='ltr'><strong>assederunt</strong></span> <span class='ocrx_word' id='word_1_579' title='bbox 3525 3286 3631 3350; x_wconf 91' lang='lat' dir='ltr'><strong>illi,</strong></span> <span class='ocrx_word' id='word_1_580' title='bbox 3655 3300 3715 3340; x_wconf 86' lang='lat' dir='ltr'><strong>os</strong></span> 
     </span>
    </p>
   </div>
   <div class='ocr_carea' id='block_1_80' title="bbox 2144 3377 3719 3454">
    <p class='ocr_par' dir='ltr' id='par_1_80' title="bbox 2144 3377 3719 3454">
     <span class='ocr_line' id='line_1_80' title="bbox 2144 3377 3719 3454; baseline -0.006 -14"><span class='ocrx_word' id='word_1_581' title='bbox 2144 3401 2251 3440; x_wconf 93' lang='lat' dir='ltr'><strong>non</strong></span> <span class='ocrx_word' id='word_1_582' title='bbox 2279 3385 2610 3454; x_wconf 86' lang='lat' dir='ltr'><strong>aperientes,</strong></span> <span class='ocrx_word' id='word_1_583' title='bbox 2637 3397 2814 3450; x_wconf 89' lang='lat' dir='ltr'><strong>neque</strong></span> <span class='ocrx_word' id='word_1_584' title='bbox 2837 3380 3056 3435; x_wconf 89' lang='lat' dir='ltr'><strong>verbum</strong></span> <span class='ocrx_word' id='word_1_585' title='bbox 3092 3377 3404 3447; x_wconf 87' lang='lat' dir='ltr'><strong>loquentes,</strong></span> <span class='ocrx_word' id='word_1_586' title='bbox 3452 3377 3558 3431; x_wconf 90' lang='lat' dir='ltr'><strong>nisi</strong></span> <span class='ocrx_word' id='word_1_587' title='bbox 3604 3386 3719 3430; x_wconf 65' lang='lat' dir='ltr'><strong>lano</strong></span> 
     </span>
    </p>
   </div>
   <div class='ocr_carea' id='block_1_81' title="bbox 2145 3469 3715 3546">
    <p class='ocr_par' dir='ltr' id='par_1_81' title="bbox 2145 3469 3715 3546">
     <span class='ocr_line' id='line_1_81' title="bbox 2145 3469 3715 3546; baseline -0.007 -14"><span class='ocrx_word' id='word_1_588' title='bbox 2145 3489 2254 3532; x_wconf 90' lang='lat' dir='ltr'><strong>tum</strong></span> <span class='ocrx_word' id='word_1_589' title='bbox 2316 3477 2554 3546; x_wconf 75' lang='lat' dir='ltr'><strong>graviter</strong></span> <span class='ocrx_word' id='word_1_590' title='bbox 2608 3475 2980 3542; x_wconf 88' lang='lat' dir='ltr'><strong>suspirantes,</strong></span> <span class='ocrx_word' id='word_1_591' title='bbox 3032 3480 3194 3541; x_wconf 86' lang='lat' dir='ltr'><strong>atque</strong></span> <span class='ocrx_word' id='word_1_592' title='bbox 3269 3469 3715 3538; x_wconf 88' lang='lat' dir='ltr'><strong>ingemiscentes.</strong></span> 
     </span>
    </p>
   </div>
   <div class='ocr_carea' id='block_1_82' title="bbox 2142 3561 3717 3631">
    <p class='ocr_par' dir='ltr' id='par_1_82' title="bbox 2142 3561 3717 3631">
     <span class='ocr_line' id='line_1_82' title="bbox 2142 3561 3717 3631; baseline -0.006 -8"><span class='ocrx_word' id='word_1_593' title='bbox 2142 3569 2531 3623; x_wconf 83' lang='lat' dir='ltr'><strong>Verumtamen</strong></span> <span class='ocrx_word' id='word_1_594' title='bbox 2569 3582 2668 3622; x_wconf 89' lang='lat' dir='ltr'><strong>nec</strong></span> <span class='ocrx_word' id='word_1_595' title='bbox 2701 3569 2766 3621; x_wconf 88' lang='lat' dir='ltr'><strong>de</strong></span> <span class='ocrx_word' id='word_1_596' title='bbox 2795 3567 2895 3620; x_wconf 87' lang='lat' dir='ltr'><strong>hoc</strong></span> <span class='ocrx_word' id='word_1_597' title='bbox 2919 3565 3198 3628; x_wconf 89' lang='lat' dir='ltr'><strong>sileamus,</strong></span> <span class='ocrx_word' id='word_1_598' title='bbox 3244 3562 3336 3631; x_wconf 90' lang='lat' dir='ltr'><strong>qui</strong></span> <span class='ocrx_word' id='word_1_599' title='bbox 3383 3561 3611 3614; x_wconf 90' lang='lat' dir='ltr'><strong>fuerunt</strong></span> <span class='ocrx_word' id='word_1_600' title='bbox 3665 3561 3717 3614; x_wconf 91' lang='lat' dir='ltr'><strong>bi</strong></span> 
     </span>
    </p>
   </div>
   <div class='ocr_carea' id='block_1_83' title="bbox 2141 3652 3718 3728">
    <p class='ocr_par' dir='ltr' id='par_1_83' title="bbox 2141 3652 3718 3728">
     <span class='ocr_line' id='line_1_83' title="bbox 2141 3652 3718 3728; baseline -0.004 -16"><span class='ocrx_word' id='word_1_601' title='bbox 2141 3662 2261 3722; x_wconf 85' lang='lat' dir='ltr'><strong>viri,</strong></span> <span class='ocrx_word' id='word_1_602' title='bbox 2298 3659 2380 3713; x_wconf 90' lang='lat' dir='ltr'><strong>vel</strong></span> <span class='ocrx_word' id='word_1_603' title='bbox 2409 3659 2593 3728; x_wconf 79' lang='lat' dir='ltr'><strong>quales</strong></span> <span class='ocrx_word' id='word_1_604' title='bbox 2638 3657 2721 3712; x_wconf 87' lang='lat' dir='ltr'><strong>vel</strong></span> <span class='ocrx_word' id='word_1_605' title='bbox 2774 3656 2941 3711; x_wconf 90' lang='lat' dir='ltr'><strong>unde.</strong></span> <span class='ocrx_word' id='word_1_606' title='bbox 2993 3653 3109 3709; x_wconf 85' lang='lat' dir='ltr'><strong>Non</strong></span> <span class='ocrx_word' id='word_1_607' title='bbox 3156 3654 3374 3708; x_wconf 86' lang='lat' dir='ltr'><strong>fuerunt</strong></span> <span class='ocrx_word' id='word_1_608' title='bbox 3407 3653 3578 3722; x_wconf 92' lang='lat' dir='ltr'><strong>aliqui</strong></span> <span class='ocrx_word' id='word_1_609' title='bbox 3621 3652 3718 3705; x_wconf 90' lang='lat' dir='ltr'><strong>mi-</strong></span> 
     </span>
    </p>
   </div>
   <div class='ocr_carea' id='block_1_84' title="bbox 2141 3744 3714 3820">
    <p class='ocr_par' dir='ltr' id='par_1_84' title="bbox 2141 3744 3714 3820">
     <span class='ocr_line' id='line_1_84' title="bbox 2141 3744 3714 3820; baseline -0.006 -14"><span class='ocrx_word' id='word_1_610' title='bbox 2141 3753 2268 3806; x_wconf 91' lang='lat' dir='ltr'><strong>nimi</strong></span> <span class='ocrx_word' id='word_1_611' title='bbox 2298 3793 2315 3818; x_wconf 90' lang='lat'><strong>,</strong></span> <span class='ocrx_word' id='word_1_612' title='bbox 2349 3767 2522 3820; x_wconf 89' lang='lat' dir='ltr'><strong>neque</strong></span> <span class='ocrx_word' id='word_1_613' title='bbox 2565 3748 2997 3820; x_wconf 89' lang='lat' dir='ltr'><strong>contemptibiles</strong></span> <span class='ocrx_word' id='word_1_614' title='bbox 3019 3788 3034 3812; x_wconf 92' lang='lat'><strong>,</strong></span> <span class='ocrx_word' id='word_1_615' title='bbox 3065 3748 3158 3802; x_wconf 89' lang='lat' dir='ltr'><strong>sed</strong></span> <span class='ocrx_word' id='word_1_616' title='bbox 3212 3746 3417 3817; x_wconf 77' lang='lat' dir='ltr'><strong>egregii</strong></span> <span class='ocrx_word' id='word_1_617' title='bbox 3474 3744 3714 3808; x_wconf 92' lang='lat' dir='ltr'><strong>fuerunt,</strong></span> 
     </span>
    </p>
   </div>
   <div class='ocr_carea' id='block_1_85' title="bbox 2138 3839 3713 3914">
    <p class='ocr_par' dir='ltr' id='par_1_85' title="bbox 2138 3839 3713 3914">
     <span class='ocr_line' id='line_1_85' title="bbox 2138 3839 3713 3914; baseline -0.004 -16"><span class='ocrx_word' id='word_1_618' title='bbox 2138 3857 2192 3898; x_wconf 92' lang='lat' dir='ltr'><strong>et</strong></span> <span class='ocrx_word' id='word_1_619' title='bbox 2222 3845 2493 3914; x_wconf 89' lang='lat' dir='ltr'><strong>principes</strong></span> <span class='ocrx_word' id='word_1_620' title='bbox 2521 3843 2827 3912; x_wconf 81' lang='lat' dir='ltr'><strong>regionum,</strong></span> <span class='ocrx_word' id='word_1_621' title='bbox 2855 3853 3018 3908; x_wconf 84' lang='lat' dir='ltr'><strong>atque</strong></span> <span class='ocrx_word' id='word_1_622' title='bbox 3045 3839 3444 3908; x_wconf 85' lang='lat' dir='ltr'><strong>provinciarum</strong></span> <span class='ocrx_word' id='word_1_623' title='bbox 3491 3855 3713 3892; x_wconf 90' lang='lat' dir='ltr'><strong>suarum</strong></span> 
     </span>
    </p>
   </div>
   <div class='ocr_carea' id='block_1_86' title="bbox 2139 3929 3714 4005">
    <p class='ocr_par' dir='ltr' id='par_1_86' title="bbox 2139 3929 3714 4005">
     <span class='ocr_line' id='line_1_86' title="bbox 2139 3929 3714 4005; baseline -0.008 -12"><span class='ocrx_word' id='word_1_624' title='bbox 2139 3938 2374 4003; x_wconf 88' lang='lat' dir='ltr'><strong>domini,</strong></span> <span class='ocrx_word' id='word_1_625' title='bbox 2408 3951 2472 3990; x_wconf 91' lang='lat' dir='ltr'><strong>ac</strong></span> <span class='ocrx_word' id='word_1_626' title='bbox 2514 3937 2681 3990; x_wconf 91' lang='lat' dir='ltr'><strong>duces</strong></span> <span class='ocrx_word' id='word_1_627' title='bbox 2734 3934 2910 4005; x_wconf 84' lang='lat' dir='ltr'><strong>gentis</strong></span> <span class='ocrx_word' id='word_1_628' title='bbox 2949 3949 3079 3990; x_wconf 69' lang='lat' dir='ltr'><strong>sum.</strong></span> <span class='ocrx_word' id='word_1_629' title='bbox 3111 3932 3180 3988; x_wconf 82' lang='lat' dir='ltr'><strong>Et</strong></span> <span class='ocrx_word' id='word_1_630' title='bbox 3239 3947 3359 3987; x_wconf 92' lang='lat' dir='ltr'><strong>cum</strong></span> <span class='ocrx_word' id='word_1_631' title='bbox 3409 3931 3484 3982; x_wconf 90' lang='lat' dir='ltr'><strong>ita</strong></span> <span class='ocrx_word' id='word_1_632' title='bbox 3535 3929 3714 3998; x_wconf 85' lang='lat' dir='ltr'><strong>magni</strong></span> 
     </span>
    </p>
   </div>
   <div class='ocr_carea' id='block_1_87' title="bbox 2138 4022 3712 4100">
    <p class='ocr_par' dir='ltr' id='par_1_87' title="bbox 2138 4022 3712 4100">
     <span class='ocr_line' id='line_1_87' title="bbox 2138 4022 3712 4100; baseline -0.008 -16"><span class='ocrx_word' id='word_1_633' title='bbox 2138 4043 2301 4100; x_wconf 71' lang='lat' dir='ltr'><strong>atque</strong></span> <span class='ocrx_word' id='word_1_634' title='bbox 2327 4038 2574 4098; x_wconf 89' lang='lat' dir='ltr'><strong>potentes</strong></span> <span class='ocrx_word' id='word_1_635' title='bbox 2627 4025 2878 4091; x_wconf 86' lang='lat' dir='ltr'><strong>fuissent,</strong></span> <span class='ocrx_word' id='word_1_636' title='bbox 2916 4035 3122 4079; x_wconf 90' lang='lat' dir='ltr'><strong>tantum</strong></span> <span class='ocrx_word' id='word_1_637' title='bbox 3179 4039 3238 4079; x_wconf 87' lang='lat' dir='ltr'><strong>se</strong></span> <span class='ocrx_word' id='word_1_638' title='bbox 3265 4022 3712 4086; x_wconf 85' lang='lat' dir='ltr'><strong>humiliaverunt,</strong></span> 
     </span>
    </p>
   </div>
   <div class='ocr_carea' id='block_1_88' title="bbox 2137 4113 3714 4189">
    <p class='ocr_par' dir='ltr' id='par_1_88' title="bbox 2137 4113 3714 4189">
     <span class='ocr_line' id='line_1_88' title="bbox 2137 4113 3714 4189; baseline -0.007 -15"><span class='ocrx_word' id='word_1_639' title='bbox 2137 4131 2298 4189; x_wconf 91' lang='lat' dir='ltr'><strong>atque</strong></span> <span class='ocrx_word' id='word_1_640' title='bbox 2332 4118 2660 4184; x_wconf 73' lang='lat' dir='ltr'><strong>amiserunt,</strong></span> <span class='ocrx_word' id='word_1_641' title='bbox 2693 4127 2748 4171; x_wconf 93' lang='lat' dir='ltr'><strong>ut</strong></span> <span class='ocrx_word' id='word_1_642' title='bbox 2798 4117 2851 4171; x_wconf 93' lang='lat' dir='ltr'><strong>in</strong></span> <span class='ocrx_word' id='word_1_643' title='bbox 2907 4116 3094 4170; x_wconf 88' lang='lat' dir='ltr'><strong>cinere</strong></span> <span class='ocrx_word' id='word_1_644' title='bbox 3131 4123 3185 4170; x_wconf 89' lang='lat' dir='ltr'><strong>et</strong></span> <span class='ocrx_word' id='word_1_645' title='bbox 3230 4113 3409 4168; x_wconf 89' lang='lat' dir='ltr'><strong>cilicio</strong></span> <span class='ocrx_word' id='word_1_646' title='bbox 3459 4113 3714 4167; x_wconf 84' lang='lat' dir='ltr'><strong>sederent</strong></span> 
     </span>
    </p>
   </div>
   <div class='ocr_carea' id='block_1_89' title="bbox 2137 4204 3709 4282">
    <p class='ocr_par' dir='ltr' id='par_1_89' title="bbox 2137 4204 3709 4282">
     <span class='ocr_line' id='line_1_89' title="bbox 2137 4204 3709 4282; baseline -0.008 -14"><span class='ocrx_word' id='word_1_647' title='bbox 2137 4221 2341 4282; x_wconf 89' lang='lat' dir='ltr'><strong>septem</strong></span> <span class='ocrx_word' id='word_1_648' title='bbox 2372 4211 2568 4265; x_wconf 89' lang='lat' dir='ltr'><strong>diebus</strong></span> <span class='ocrx_word' id='word_1_649' title='bbox 2597 4219 2816 4279; x_wconf 83' lang='lat' dir='ltr'><strong>propter</strong></span> <span class='ocrx_word' id='word_1_650' title='bbox 2852 4209 3223 4262; x_wconf 89' lang='lat' dir='ltr'><strong>sinceritatem</strong></span> <span class='ocrx_word' id='word_1_651' title='bbox 3256 4221 3322 4260; x_wconf 90' lang='lat' dir='ltr'><strong>ac</strong></span> <span class='ocrx_word' id='word_1_652' title='bbox 3365 4204 3709 4260; x_wconf 87' lang='lat' dir='ltr'><strong>dilectionem</strong></span> 
     </span>
    </p>
   </div>
   <div class='ocr_carea' id='block_1_90' title="bbox 2137 4297 3710 4374">
    <p class='ocr_par' dir='ltr' id='par_1_90' title="bbox 2137 4297 3710 4374">
     <span class='ocr_line' id='line_1_90' title="bbox 2137 4297 3710 4374; baseline -0.004 -16"><span class='ocrx_word' id='word_1_653' title='bbox 2137 4321 2298 4374; x_wconf 92' lang='lat' dir='ltr'><strong>quam</strong></span> <span class='ocrx_word' id='word_1_654' title='bbox 2337 4303 2486 4358; x_wconf 89' lang='lat' dir='ltr'><strong>circa</strong></span> <span class='ocrx_word' id='word_1_655' title='bbox 2519 4301 2666 4355; x_wconf 92' lang='lat' dir='ltr'><strong>illum</strong></span> <span class='ocrx_word' id='word_1_656' title='bbox 2693 4300 3000 4354; x_wconf 86' lang='lat' dir='ltr'><strong>habuerunt</strong></span> <span class='ocrx_word' id='word_1_657' title='bbox 3020 4337 3036 4363; x_wconf 90' lang='lat'><strong>,</strong></span> <span class='ocrx_word' id='word_1_658' title='bbox 3064 4297 3210 4368; x_wconf 92' lang='lat' dir='ltr'><strong>quod</strong></span> <span class='ocrx_word' id='word_1_659' title='bbox 3253 4312 3412 4352; x_wconf 91' lang='lat' dir='ltr'><strong>nemo</strong></span> <span class='ocrx_word' id='word_1_660' title='bbox 3441 4314 3583 4352; x_wconf 88' lang='lat' dir='ltr'><strong>nunc</strong></span> <span class='ocrx_word' id='word_1_661' title='bbox 3613 4299 3710 4352; x_wconf 82' lang='lat' dir='ltr'><strong>bo-</strong></span> 
     </span>
    </p>
   </div>
   <div class='ocr_carea' id='block_1_91' title="bbox 2139 4389 3710 4461">
    <p class='ocr_par' dir='ltr' id='par_1_91' title="bbox 2139 4389 3710 4461">
     <span class='ocr_line' id='line_1_91' title="bbox 2139 4389 3710 4461; baseline -0.004 -12"><span class='ocrx_word' id='word_1_662' title='bbox 2139 4396 2344 4449; x_wconf 91' lang='lat' dir='ltr'><strong>minum</strong></span> <span class='ocrx_word' id='word_1_663' title='bbox 2395 4392 2548 4458; x_wconf 81' lang='lat' dir='ltr'><strong>facit,</strong></span> <span class='ocrx_word' id='word_1_664' title='bbox 2607 4407 2782 4461; x_wconf 87' lang='lat' dir='ltr'><strong>neque</strong></span> <span class='ocrx_word' id='word_1_665' title='bbox 2810 4392 3037 4456; x_wconf 91' lang='lat' dir='ltr'><strong>amicos,</strong></span> <span class='ocrx_word' id='word_1_666' title='bbox 3087 4403 3260 4459; x_wconf 85' lang='lat' dir='ltr'><strong>neque</strong></span> <span class='ocrx_word' id='word_1_667' title='bbox 3295 4389 3504 4454; x_wconf 87' lang='lat' dir='ltr'><strong>frater,</strong></span> <span class='ocrx_word' id='word_1_668' title='bbox 3541 4404 3710 4458; x_wconf 87' lang='lat' dir='ltr'><strong>neque</strong></span> 
     </span>
    </p>
   </div>
   <div class='ocr_carea' id='block_1_92' title="bbox 459 4479 3709 4554">
    <p class='ocr_par' dir='ltr' id='par_1_92' title="bbox 459 4479 3709 4554">
     <span class='ocr_line' id='line_1_92' title="bbox 459 4479 3709 4554; baseline 0.001 -24"><span class='ocrx_word' id='word_1_669' title='bbox 459 4479 716 4541; x_wconf 86' lang='lat' dir='ltr'><strong>ti0nibus.</strong></span> <span class='ocrx_word' id='word_1_670' title='bbox 773 4482 901 4550; x_wconf 90' lang='lat' dir='ltr'><strong>quid</strong></span> <span class='ocrx_word' id='word_1_671' title='bbox 953 4482 1402 4551; x_wconf 81' lang='lat' dir='ltr'><strong>exspectabimus,</strong></span> <span class='ocrx_word' id='word_1_672' title='bbox 1445 4483 1527 4538; x_wconf 89' lang='lat' dir='ltr'><strong>vel</strong></span> <span class='ocrx_word' id='word_1_673' title='bbox 1569 4484 1698 4554; x_wconf 92' lang='lat' dir='ltr'><strong>quid</strong></span> <span class='ocrx_word' id='word_1_674' title='bbox 1745 4486 2034 4540; x_wconf 85' lang='lat' dir='ltr'><strong>sustinebi-</strong></span> <span class='ocrx_word' id='word_1_675' title='bbox 2069 4499 2108 4552; x_wconf 85' lang='grc' dir='ltr'><strong>ι)</strong></span> <span class='ocrx_word' id='word_1_676' title='bbox 2140 4486 2301 4550; x_wconf 90' lang='lat' dir='ltr'><strong>filius,</strong></span> <span class='ocrx_word' id='word_1_677' title='bbox 2331 4495 2393 4539; x_wconf 93' lang='lat' dir='ltr'><strong>ut</strong></span> <span class='ocrx_word' id='word_1_678' title='bbox 2422 4481 2893 4552; x_wconf 84' lang='lat' dir='ltr'><strong>assideatjejunus</strong></span> <span class='ocrx_word' id='word_1_679' title='bbox 2921 4493 3013 4535; x_wconf 90' lang='lat' dir='ltr'><strong>ant</strong></span> <span class='ocrx_word' id='word_1_680' title='bbox 3065 4481 3181 4536; x_wconf 88' lang='lat' dir='ltr'><strong>sine</strong></span> <span class='ocrx_word' id='word_1_681' title='bbox 3212 4491 3340 4550; x_wconf 90' lang='lat' dir='ltr'><strong>potu</strong></span> <span class='ocrx_word' id='word_1_682' title='bbox 3367 4496 3473 4534; x_wconf 91' lang='lat' dir='ltr'><strong>una</strong></span> <span class='ocrx_word' id='word_1_683' title='bbox 3502 4481 3608 4545; x_wconf 89' lang='lat' dir='ltr'><strong>die,</strong></span> <span class='ocrx_word' id='word_1_684' title='bbox 3644 4497 3709 4534; x_wconf 90' lang='lat' dir='ltr'><strong>ne</strong></span> 
     </span>
    </p>
   </div>
   <div class='ocr_carea' id='block_1_93' title="bbox 465 4569 2031 4646">
    <p class='ocr_par' dir='ltr' id='par_1_93' title="bbox 465 4569 2031 4646">
     <span class='ocr_line' id='line_1_93' title="bbox 465 4569 2031 4646; baseline 0.004 -22"><span class='ocrx_word' id='word_1_685' title='bbox 465 4570 624 4625; x_wconf 78' lang='lat' dir='ltr'><strong>mus?</strong></span> <span class='ocrx_word' id='word_1_686' title='bbox 649 4569 776 4625; x_wconf 69' lang='lat' dir='ltr'><strong>llam</strong></span> <span class='ocrx_word' id='word_1_687' title='bbox 808 4573 1157 4628; x_wconf 87' lang='lat' dir='ltr'><strong>recordantes</strong></span> <span class='ocrx_word' id='word_1_688' title='bbox 1185 4575 1387 4643; x_wconf 87' lang='lat' dir='ltr'><strong>posteri</strong></span> <span class='ocrx_word' id='word_1_689' title='bbox 1417 4575 1674 4632; x_wconf 86' lang='lat' dir='ltr'><strong>dixerunt</strong></span> <span class='ocrx_word' id='word_1_690' title='bbox 1712 4593 1724 4628; x_wconf 93' lang='lat'>:</span> <span class='ocrx_word' id='word_1_691' title='bbox 1766 4577 1825 4631; x_wconf 87' lang='lat' dir='ltr'><strong>Si</strong></span> <span class='ocrx_word' id='word_1_692' title='bbox 1848 4577 2031 4646; x_wconf 81' lang='lat' dir='ltr'><strong>justus</strong></span> 
     </span>
    </p>
   </div>
   <div class='ocr_carea' id='block_1_94' title="bbox 457 4662 2032 4737">
    <p class='ocr_par' dir='ltr' id='par_1_94' title="bbox 457 4662 2032 4737">
     <span class='ocr_line' id='line_1_94' title="bbox 457 4662 2032 4737; baseline 0.004 -21"><span class='ocrx_word' id='word_1_693' title='bbox 457 4664 546 4716; x_wconf 73' lang='lat' dir='ltr'><strong>via:</strong></span> <span class='ocrx_word' id='word_1_694' title='bbox 568 4662 858 4717; x_wconf 78' lang='lat' dir='ltr'><strong>salvabitur</strong></span> <span class='ocrx_word' id='word_1_695' title='bbox 878 4703 894 4728; x_wconf 93' lang='lat'><strong>,</strong></span> <span class='ocrx_word' id='word_1_696' title='bbox 919 4674 1162 4732; x_wconf 83' lang='lat' dir='ltr'><strong>peccator</strong></span> <span class='ocrx_word' id='word_1_697' title='bbox 1198 4676 1246 4720; x_wconf 86' lang='lat' dir='ltr'><strong>et</strong></span> <span class='ocrx_word' id='word_1_698' title='bbox 1270 4668 1462 4737; x_wconf 82' lang='lat' dir='ltr'><strong>impius</strong></span> <span class='ocrx_word' id='word_1_699' title='bbox 1493 4667 1579 4720; x_wconf 86' lang='lat' dir='ltr'><strong>ubi</strong></span> <span class='ocrx_word' id='word_1_700' title='bbox 1601 4668 1917 4736; x_wconf 83' lang='lat' dir='ltr'><strong>apparebunt</strong></span> <span class='ocrx_word' id='word_1_701' title='bbox 1948 4669 2032 4722; x_wconf 73' lang='grc' dir='ltr'><strong>⁸θῖ</strong></span> 
     </span>
    </p>
   </div>
   <div class='ocr_carea' id='block_1_95' title="bbox 456 4752 2032 4828">
    <p class='ocr_par' dir='ltr' id='par_1_95' title="bbox 456 4752 2032 4828">
     <span class='ocr_line' id='line_1_95' title="bbox 456 4752 2032 4828; baseline 0.003 -22"><span class='ocrx_word' id='word_1_702' title='bbox 456 4752 728 4808; x_wconf 87' lang='lat' dir='ltr'><strong>lmmensa</strong></span> <span class='ocrx_word' id='word_1_703' title='bbox 755 4770 886 4825; x_wconf 85' lang='lat' dir='ltr'><strong>ergo</strong></span> <span class='ocrx_word' id='word_1_704' title='bbox 917 4755 1134 4812; x_wconf 86' lang='lat' dir='ltr'><strong>tristitia</strong></span> <span class='ocrx_word' id='word_1_705' title='bbox 1167 4767 1331 4826; x_wconf 90' lang='lat' dir='ltr'><strong>atque</strong></span> <span class='ocrx_word' id='word_1_706' title='bbox 1369 4757 1523 4811; x_wconf 88' lang='lat' dir='ltr'><strong>dolor</strong></span> <span class='ocrx_word' id='word_1_707' title='bbox 1549 4759 1751 4822; x_wconf 90' lang='lat' dir='ltr'><strong>cordis,</strong></span> <span class='ocrx_word' id='word_1_708' title='bbox 1785 4774 1886 4811; x_wconf 92' lang='lat' dir='ltr'><strong>non</strong></span> <span class='ocrx_word' id='word_1_709' title='bbox 1911 4773 2032 4828; x_wconf 87' lang='lat' dir='ltr'><strong>per-</strong></span> 
     </span>
    </p>
   </div>
   <div class='ocr_carea' id='block_1_96' title="bbox 457 4845 2028 4918">
    <p class='ocr_par' dir='ltr' id='par_1_96' title="bbox 457 4845 2028 4918">
     <span class='ocr_line' id='line_1_96' title="bbox 457 4845 2028 4918; baseline 0.002 -19"><span class='ocrx_word' id='word_1_710' title='bbox 457 4845 607 4900; x_wconf 84' lang='lat' dir='ltr'><strong>misit</strong></span> <span class='ocrx_word' id='word_1_711' title='bbox 638 4860 732 4899; x_wconf 75' lang='lat' dir='ltr'><strong>eos</strong></span> <span class='ocrx_word' id='word_1_712' title='bbox 757 4848 1032 4901; x_wconf 88' lang='lat' dir='ltr'><strong>reminisci</strong></span> <span class='ocrx_word' id='word_1_713' title='bbox 1065 4864 1244 4917; x_wconf 88' lang='lat' dir='ltr'><strong>neque</strong></span> <span class='ocrx_word' id='word_1_714' title='bbox 1273 4850 1548 4913; x_wconf 90' lang='lat' dir='ltr'><strong>ciborum,</strong></span> <span class='ocrx_word' id='word_1_715' title='bbox 1579 4864 1753 4918; x_wconf 90' lang='lat' dir='ltr'><strong>neque</strong></span> <span class='ocrx_word' id='word_1_716' title='bbox 1784 4860 2028 4915; x_wconf 91' lang='lat' dir='ltr'><strong>potuum,</strong></span> 
     </span>
    </p>
   </div>
   <div class='ocr_carea' id='block_1_97' title="bbox 455 4939 2025 5012">
    <p class='ocr_par' dir='ltr' id='par_1_97' title="bbox 455 4939 2025 5012">
     <span class='ocr_line' id='line_1_97' title="bbox 455 4939 2025 5012; baseline 0.004 -22"><span class='ocrx_word' id='word_1_717' title='bbox 455 4952 630 5008; x_wconf 88' lang='lat' dir='ltr'><strong>neque</strong></span> <span class='ocrx_word' id='word_1_718' title='bbox 651 4939 854 5008; x_wconf 83' lang='lat' dir='ltr'><strong>aliquid</strong></span> <span class='ocrx_word' id='word_1_719' title='bbox 871 4940 1092 4994; x_wconf 90' lang='lat' dir='ltr'><strong>humani</strong></span> <span class='ocrx_word' id='word_1_720' title='bbox 1115 4942 1384 4995; x_wconf 89' lang='lat' dir='ltr'><strong>recordari</strong></span> <span class='ocrx_word' id='word_1_721' title='bbox 1405 4950 1714 5012; x_wconf 90' lang='lat' dir='ltr'><strong>potuerunt.</strong></span> <span class='ocrx_word' id='word_1_722' title='bbox 1736 4941 2025 5010; x_wconf 89' lang='lat' dir='ltr'><strong>Pr0pterea</strong></span> 
     </span>
    </p>
   </div>
   <div class='ocr_carea' id='block_1_98' title="bbox 446 5022 2024 5098">
    <p class='ocr_par' dir='ltr' id='par_1_98' title="bbox 446 5022 2024 5098">
     <span class='ocr_line' id='line_1_98' title="bbox 446 5022 2024 5098; baseline 0.003 -16"><span class='ocrx_word' id='word_1_723' title='bbox 446 5022 642 5097; x_wconf 75' lang='lat' dir='ltr'><strong>jelnni,</strong></span> <span class='ocrx_word' id='word_1_724' title='bbox 668 5038 721 5084; x_wconf 90' lang='lat' dir='ltr'><strong>et</strong></span> <span class='ocrx_word' id='word_1_725' title='bbox 750 5029 868 5083; x_wconf 86' lang='lat' dir='ltr'><strong>sine</strong></span> <span class='ocrx_word' id='word_1_726' title='bbox 897 5041 1049 5098; x_wconf 88' lang='lat' dir='ltr'><strong>potu,</strong></span> <span class='ocrx_word' id='word_1_727' title='bbox 1081 5040 1135 5086; x_wconf 92' lang='lat' dir='ltr'><strong>et</strong></span> <span class='ocrx_word' id='word_1_728' title='bbox 1165 5031 1284 5087; x_wconf 89' lang='lat' dir='ltr'><strong>sine</strong></span> <span class='ocrx_word' id='word_1_729' title='bbox 1329 5047 1579 5087; x_wconf 90' lang='lat' dir='ltr'><strong>sermone</strong></span> <span class='ocrx_word' id='word_1_730' title='bbox 1623 5035 1942 5088; x_wconf 75' lang='lat' dir='ltr'><strong>assedermtt</strong></span> <span class='ocrx_word' id='word_1_731' title='bbox 1976 5035 2024 5087; x_wconf 85' lang='lat' dir='ltr'><strong>ei</strong></span> 
     </span>
    </p>
   </div>
   <div class='ocr_carea' id='block_1_99' title="bbox 453 5119 2026 5191">
    <p class='ocr_par' dir='ltr' id='par_1_99' title="bbox 453 5119 2026 5191">
     <span class='ocr_line' id='line_1_99' title="bbox 453 5119 2026 5191; baseline 0.001 -16"><span class='ocrx_word' id='word_1_732' title='bbox 453 5130 657 5190; x_wconf 77' lang='lat' dir='ltr'><strong>septem</strong></span> <span class='ocrx_word' id='word_1_733' title='bbox 734 5119 927 5176; x_wconf 88' lang='lat' dir='ltr'><strong>diebus</strong></span> <span class='ocrx_word' id='word_1_734' title='bbox 1004 5132 1058 5176; x_wconf 88' lang='lat' dir='ltr'><strong>et</strong></span> <span class='ocrx_word' id='word_1_735' title='bbox 1129 5134 1334 5191; x_wconf 90' lang='lat' dir='ltr'><strong>septem</strong></span> <span class='ocrx_word' id='word_1_736' title='bbox 1410 5125 1681 5178; x_wconf 87' lang='lat' dir='ltr'><strong>noctibus.</strong></span> <span class='ocrx_word' id='word_1_737' title='bbox 1744 5124 2026 5190; x_wconf 84' lang='lat' dir='ltr'><strong>Quomodo</strong></span> 
     </span>
    </p>
   </div>
   <div class='ocr_carea' id='block_1_100' title="bbox 451 5213 2022 5284">
    <p class='ocr_par' dir='ltr' id='par_1_100' title="bbox 451 5213 2022 5284">
     <span class='ocr_line' id='line_1_100' title="bbox 451 5213 2022 5284; baseline 0.002 -18"><span class='ocrx_word' id='word_1_738' title='bbox 451 5213 674 5267; x_wconf 74' lang='lat' dir='ltr'><strong>omnino</strong></span> <span class='ocrx_word' id='word_1_739' title='bbox 719 5213 990 5268; x_wconf 90' lang='lat' dir='ltr'><strong>reminisci</strong></span> <span class='ocrx_word' id='word_1_740' title='bbox 1033 5224 1283 5282; x_wconf 88' lang='lat' dir='ltr'><strong>poterant</strong></span> <span class='ocrx_word' id='word_1_741' title='bbox 1308 5214 1537 5284; x_wconf 87' lang='lat' dir='ltr'><strong>alicujus</strong></span> <span class='ocrx_word' id='word_1_742' title='bbox 1589 5216 1707 5281; x_wconf 87' lang='lat' dir='ltr'><strong>rei,</strong></span> <span class='ocrx_word' id='word_1_743' title='bbox 1735 5231 1858 5270; x_wconf 87' lang='lat' dir='ltr'><strong>cum</strong></span> <span class='ocrx_word' id='word_1_744' title='bbox 1914 5226 2022 5270; x_wconf 89' lang='lat' dir='ltr'><strong>tam</strong></span> 
     </span>
    </p>
   </div>
   <div class='ocr_carea' id='block_1_101' title="bbox 453 5306 2027 5380">
    <p class='ocr_par' dir='ltr' id='par_1_101' title="bbox 453 5306 2027 5380">
     <span class='ocr_line' id='line_1_101' title="bbox 453 5306 2027 5380; baseline 0.004 -23"><span class='ocrx_word' id='word_1_745' title='bbox 453 5319 650 5359; x_wconf 71' lang='lat' dir='ltr'><strong>stevam</strong></span> <span class='ocrx_word' id='word_1_746' title='bbox 677 5317 838 5376; x_wconf 87' lang='lat' dir='ltr'><strong>atque</strong></span> <span class='ocrx_word' id='word_1_747' title='bbox 859 5306 1155 5362; x_wconf 90' lang='lat' dir='ltr'><strong>terribilem</strong></span> <span class='ocrx_word' id='word_1_748' title='bbox 1187 5308 1434 5363; x_wconf 86' lang='lat' dir='ltr'><strong>viderent</strong></span> <span class='ocrx_word' id='word_1_749' title='bbox 1454 5307 1665 5380; x_wconf 89' lang='lat' dir='ltr'><strong>plagam</strong></span> <span class='ocrx_word' id='word_1_750' title='bbox 1691 5309 1846 5364; x_wconf 88' lang='lat' dir='ltr'><strong>istius</strong></span> <span class='ocrx_word' id='word_1_751' title='bbox 1858 5308 2027 5376; x_wconf 79' lang='lat' dir='ltr'><strong>justi?</strong></span> 
     </span>
    </p>
   </div>
   <div class='ocr_carea' id='block_1_102' title="bbox 453 5395 2024 5472">
    <p class='ocr_par' dir='ltr' id='par_1_102' title="bbox 453 5395 2024 5472">
     <span class='ocr_line' id='line_1_102' title="bbox 453 5395 2024 5472; baseline 0.005 -25"><span class='ocrx_word' id='word_1_752' title='bbox 453 5395 733 5460; x_wconf 86' lang='lat' dir='ltr'><strong>Quomodo</strong></span> <span class='ocrx_word' id='word_1_753' title='bbox 779 5398 1031 5454; x_wconf 87' lang='lat' dir='ltr'><strong>videlicet</strong></span> <span class='ocrx_word' id='word_1_754' title='bbox 1085 5401 1357 5455; x_wconf 89' lang='lat' dir='ltr'><strong>consolari</strong></span> <span class='ocrx_word' id='word_1_755' title='bbox 1416 5401 1560 5456; x_wconf 93' lang='lat' dir='ltr'><strong>illum</strong></span> <span class='ocrx_word' id='word_1_756' title='bbox 1609 5411 1892 5472; x_wconf 85' lang='lat' dir='ltr'><strong>poterant,</strong></span> <span class='ocrx_word' id='word_1_757' title='bbox 1941 5403 2024 5455; x_wconf 89' lang='lat' dir='ltr'><strong>vel</strong></span> 
     </span>
    </p>
   </div>
   <div class='ocr_carea' id='block_1_103' title="bbox 450 5489 2028 5555">
    <p class='ocr_par' dir='ltr' id='par_1_103' title="bbox 450 5489 2028 5555">
     <span class='ocr_line' id='line_1_103' title="bbox 450 5489 2028 5555; baseline 0.004 -16"><span class='ocrx_word' id='word_1_758' title='bbox 450 5489 582 5555; x_wconf 91' lang='lat' dir='ltr'><strong>quid</strong></span> <span class='ocrx_word' id='word_1_759' title='bbox 616 5491 682 5542; x_wconf 93' lang='lat' dir='ltr'><strong>ad</strong></span> <span class='ocrx_word' id='word_1_760' title='bbox 712 5504 834 5544; x_wconf 91' lang='lat' dir='ltr'><strong>eum</strong></span> <span class='ocrx_word' id='word_1_761' title='bbox 866 5492 1167 5546; x_wconf 79' lang='lat' dir='ltr'><strong>dixissent?</strong></span> <span class='ocrx_word' id='word_1_762' title='bbox 1208 5492 1489 5548; x_wconf 82' lang='lat' dir='ltr'><strong>i-loccine?</strong></span> <span class='ocrx_word' id='word_1_763' title='bbox 1541 5491 1596 5546; x_wconf 91' lang='lat' dir='ltr'><strong>Si</strong></span> <span class='ocrx_word' id='word_1_764' title='bbox 1641 5509 1751 5547; x_wconf 87' lang='lat' dir='ltr'><strong>rem</strong></span> <span class='ocrx_word' id='word_1_765' title='bbox 1798 5493 2028 5547; x_wconf 82' lang='lat' dir='ltr'><strong>familia-</strong></span> 
     </span>
    </p>
   </div>
   <div class='ocr_carea' id='block_1_104' title="bbox 455 5578 2032 5654">
    <p class='ocr_par' dir='ltr' id='par_1_104' title="bbox 455 5578 2032 5654">
     <span class='ocr_line' id='line_1_104' title="bbox 455 5578 2032 5654; baseline 0.007 -25"><span class='ocrx_word' id='word_1_766' title='bbox 455 5587 569 5630; x_wconf 89' lang='lat' dir='ltr'><strong>rem</strong></span> <span class='ocrx_word' id='word_1_767' title='bbox 599 5578 865 5646; x_wconf 89' lang='lat' dir='ltr'><strong>amisisti,</strong></span> <span class='ocrx_word' id='word_1_768' title='bbox 923 5585 1250 5654; x_wconf 84' lang='lat' dir='ltr'><strong>reparabuut</strong></span> <span class='ocrx_word' id='word_1_769' title='bbox 1290 5599 1406 5639; x_wconf 88' lang='lat' dir='ltr'><strong>eam</strong></span> <span class='ocrx_word' id='word_1_770' title='bbox 1454 5585 1551 5641; x_wconf 86' lang='lat' dir='ltr'><strong>tibi</strong></span> <span class='ocrx_word' id='word_1_771' title='bbox 1586 5584 1705 5639; x_wconf 87' lang='lat' dir='ltr'><strong>lilii.</strong></span> <span class='ocrx_word' id='word_1_772' title='bbox 1735 5585 1815 5639; x_wconf 86' lang='lat' dir='ltr'><strong>An</strong></span> <span class='ocrx_word' id='word_1_773' title='bbox 1857 5585 2032 5640; x_wconf 89' lang='lat' dir='ltr'><strong>illud?</strong></span> 
     </span>
    </p>
   </div>
   <div class='ocr_carea' id='block_1_105' title="bbox 527 5697 1477 5772">
    <p class='ocr_par' dir='ltr' id='par_1_105' title="bbox 527 5697 1477 5772">
     <span class='ocr_line' id='line_1_105' title="bbox 527 5697 1477 5772; baseline 0.008 -20"><span class='ocrx_word' id='word_1_774' title='bbox 527 5697 568 5730; x_wconf 70' lang='grc' dir='ltr'><strong>δ’</strong></span> <span class='ocrx_word' id='word_1_775' title='bbox 603 5697 745 5756; x_wconf 80' lang='lat' dir='ltr'><strong>Psal.</strong></span> <span class='ocrx_word' id='word_1_776' title='bbox 800 5715 907 5770; x_wconf 76' lang='lat' dir='ltr'><strong>xu,</strong></span> <span class='ocrx_word' id='word_1_777' title='bbox 952 5704 998 5758; x_wconf 67' lang='grc' dir='ltr'><strong>ι.</strong></span> <span class='ocrx_word' id='word_1_778' title='bbox 1055 5706 1097 5737; x_wconf 69' lang='grc'>⁸³</span> <span class='ocrx_word' id='word_1_779' title='bbox 1129 5703 1269 5762; x_wconf 78' lang='lat' dir='ltr'><strong>i‘sal.</strong></span> <span class='ocrx_word' id='word_1_780' title='bbox 1321 5723 1394 5772; x_wconf 88' lang='lat' dir='ltr'><strong>Cl,</strong></span> <span class='ocrx_word' id='word_1_781' title='bbox 1425 5707 1477 5761; x_wconf 82' lang='lat'><strong>5.</strong></span> 
     </span>
    </p>
   </div>
   <div class='ocr_carea' id='block_1_106' title="bbox 1555 5707 2084 5778">
    <p class='ocr_par' dir='ltr' id='par_1_106' title="bbox 1555 5707 2084 5778">
     <span class='ocr_line' id='line_1_106' title="bbox 1555 5707 2084 5778; baseline 0.009 -18"><span class='ocrx_word' id='word_1_782' title='bbox 1555 5707 1600 5738; x_wconf 72' lang='lat'><strong>“</strong></span> <span class='ocrx_word' id='word_1_783' title='bbox 1639 5709 1776 5764; x_wconf 84' lang='lat' dir='ltr'><strong>Psal.</strong></span> <span class='ocrx_word' id='word_1_784' title='bbox 1818 5725 2000 5778; x_wconf 73' lang='lat' dir='ltr'><strong>Lxxtx,</strong></span> <span class='ocrx_word' id='word_1_785' title='bbox 2030 5709 2084 5765; x_wconf 84' lang='lat'><strong>6.</strong></span> 
     </span>
    </p>
   </div>
   <div class='ocr_carea' id='block_1_107' title="bbox 2129 4573 3708 4644">
    <p class='ocr_par' dir='ltr' id='par_1_107' title="bbox 2129 4573 3708 4644">
     <span class='ocr_line' id='line_1_107' title="bbox 2129 4573 3708 4644; baseline -0.003 -13"><span class='ocrx_word' id='word_1_786' title='bbox 2129 4577 2306 4631; x_wconf 87' lang='lat' dir='ltr'><strong>dicam</strong></span> <span class='ocrx_word' id='word_1_787' title='bbox 2377 4586 2582 4644; x_wconf 89' lang='lat' dir='ltr'><strong>septem</strong></span> <span class='ocrx_word' id='word_1_788' title='bbox 2617 4574 2811 4628; x_wconf 89' lang='lat' dir='ltr'><strong>diebus</strong></span> <span class='ocrx_word' id='word_1_789' title='bbox 2869 4582 2921 4626; x_wconf 90' lang='lat' dir='ltr'><strong>et</strong></span> <span class='ocrx_word' id='word_1_790' title='bbox 2988 4583 3192 4642; x_wconf 89' lang='lat' dir='ltr'><strong>septem</strong></span> <span class='ocrx_word' id='word_1_791' title='bbox 3255 4573 3527 4627; x_wconf 87' lang='lat' dir='ltr'><strong>noctibus.</strong></span> <span class='ocrx_word' id='word_1_792' title='bbox 3583 4575 3708 4639; x_wconf 83' lang='lat' dir='ltr'><strong>Qua:</strong></span> 
     </span>
    </p>
   </div>
   <div class='ocr_carea' id='block_1_108' title="bbox 2131 4664 3705 4733">
    <p class='ocr_par' dir='ltr' id='par_1_108' title="bbox 2131 4664 3705 4733">
     <span class='ocr_line' id='line_1_108' title="bbox 2131 4664 3705 4733; baseline -0.003 -12"><span class='ocrx_word' id='word_1_793' title='bbox 2131 4679 2310 4723; x_wconf 88' lang='lat' dir='ltr'><strong>autem</strong></span> <span class='ocrx_word' id='word_1_794' title='bbox 2345 4667 2564 4720; x_wconf 89' lang='lat' dir='ltr'><strong>fuerunt</strong></span> <span class='ocrx_word' id='word_1_795' title='bbox 2617 4665 2842 4719; x_wconf 90' lang='lat' dir='ltr'><strong>nomina</strong></span> <span class='ocrx_word' id='word_1_796' title='bbox 2895 4665 3088 4720; x_wconf 86' lang='lat' dir='ltr'><strong>horum</strong></span> <span class='ocrx_word' id='word_1_797' title='bbox 3131 4665 3415 4718; x_wconf 89' lang='lat' dir='ltr'><strong>virorum?</strong></span> <span class='ocrx_word' id='word_1_798' title='bbox 3447 4664 3705 4733; x_wconf 84' lang='lat' dir='ltr'><strong>llelipbaz</strong></span> 
     </span>
    </p>
   </div>
   <div class='ocr_carea' id='block_1_109' title="bbox 2130 4755 3702 4826">
    <p class='ocr_par' dir='ltr' id='par_1_109' title="bbox 2130 4755 3702 4826">
     <span class='ocr_line' id='line_1_109' title="bbox 2130 4755 3702 4826; baseline -0.004 -13"><span class='ocrx_word' id='word_1_799' title='bbox 2130 4758 2574 4813; x_wconf 81' lang='lat' dir='ltr'><strong>Tltemanitarum</strong></span> <span class='ocrx_word' id='word_1_800' title='bbox 2625 4758 2768 4824; x_wconf 90' lang='lat' dir='ltr'><strong>dux,</strong></span> <span class='ocrx_word' id='word_1_801' title='bbox 2823 4755 3048 4811; x_wconf 88' lang='lat' dir='ltr'><strong>Baldatb</strong></span> <span class='ocrx_word' id='word_1_802' title='bbox 3094 4755 3374 4810; x_wconf 88' lang='lat' dir='ltr'><strong>Suitarum</strong></span> <span class='ocrx_word' id='word_1_803' title='bbox 3417 4767 3702 4826; x_wconf 78' lang='lat' dir='ltr'><strong>tyrannus,</strong></span> 
     </span>
    </p>
   </div>
   <div class='ocr_carea' id='block_1_110' title="bbox 2131 4849 3706 4920">
    <p class='ocr_par' dir='ltr' id='par_1_110' title="bbox 2131 4849 3706 4920">
     <span class='ocr_line' id='line_1_110' title="bbox 2131 4849 3706 4920; baseline -0.003 -14"><span class='ocrx_word' id='word_1_804' title='bbox 2131 4851 2344 4920; x_wconf 79' lang='lat' dir='ltr'><strong>Sopltar</strong></span> <span class='ocrx_word' id='word_1_805' title='bbox 2398 4849 2762 4905; x_wconf 85' lang='lat' dir='ltr'><strong>Nomadarnm</strong></span> <span class='ocrx_word' id='word_1_806' title='bbox 2825 4864 2944 4904; x_wconf 86' lang='lat' dir='ltr'><strong>rex.</strong></span> <span class='ocrx_word' id='word_1_807' title='bbox 2998 4849 3063 4902; x_wconf 86' lang='lat' dir='ltr'><strong>Et</strong></span> <span class='ocrx_word' id='word_1_808' title='bbox 3097 4864 3219 4917; x_wconf 72' lang='lat' dir='ltr'><strong>qua:</strong></span> <span class='ocrx_word' id='word_1_809' title='bbox 3268 4849 3493 4902; x_wconf 87' lang='lat' dir='ltr'><strong>fuerunt</strong></span> <span class='ocrx_word' id='word_1_810' title='bbox 3526 4860 3706 4917; x_wconf 85' lang='lat' dir='ltr'><strong>gentes</strong></span> 
     </span>
    </p>
   </div>
   <div class='ocr_carea' id='block_1_111' title="bbox 2133 4940 3706 5012">
    <p class='ocr_par' dir='ltr' id='par_1_111' title="bbox 2133 4940 3706 5012">
     <span class='ocr_line' id='line_1_111' title="bbox 2133 4940 3706 5012; baseline -0.003 -15"><span class='ocrx_word' id='word_1_811' title='bbox 2133 4944 2329 5012; x_wconf 90' lang='lat' dir='ltr'><strong>quibus</strong></span> <span class='ocrx_word' id='word_1_812' title='bbox 2355 4943 2440 4996; x_wconf 81' lang='lat' dir='ltr'><strong>isti</strong></span> <span class='ocrx_word' id='word_1_813' title='bbox 2483 4941 2779 5011; x_wconf 83' lang='lat' dir='ltr'><strong>regnabant</strong></span> <span class='ocrx_word' id='word_1_814' title='bbox 2815 4951 2978 5011; x_wconf 88' lang='lat' dir='ltr'><strong>atque</strong></span> <span class='ocrx_word' id='word_1_815' title='bbox 3027 4940 3484 4995; x_wconf 84' lang='lat' dir='ltr'><strong>dominabantur?</strong></span> <span class='ocrx_word' id='word_1_816' title='bbox 3527 4940 3706 4996; x_wconf 83' lang='lat' dir='ltr'><strong>Genus</strong></span> 
     </span>
    </p>
   </div>
   <div class='ocr_carea' id='block_1_112' title="bbox 2135 5031 3699 5102">
    <p class='ocr_par' dir='ltr' id='par_1_112' title="bbox 2135 5031 3699 5102">
     <span class='ocr_line' id='line_1_112' title="bbox 2135 5031 3699 5102; baseline -0.003 -13"><span class='ocrx_word' id='word_1_817' title='bbox 2135 5037 2348 5090; x_wconf 90' lang='lat' dir='ltr'><strong>fuerunt</strong></span> <span class='ocrx_word' id='word_1_818' title='bbox 2382 5035 2521 5090; x_wconf 86' lang='lat' dir='ltr'><strong>Esau</strong></span> <span class='ocrx_word' id='word_1_819' title='bbox 2550 5035 2642 5087; x_wconf 83' lang='lat' dir='ltr'><strong>lilii</strong></span> <span class='ocrx_word' id='word_1_820' title='bbox 2674 5032 2823 5088; x_wconf 87' lang='lat' dir='ltr'><strong>Isaac</strong></span> <span class='ocrx_word' id='word_1_821' title='bbox 2853 5033 3036 5087; x_wconf 86' lang='lat' dir='ltr'><strong>fratris</strong></span> <span class='ocrx_word' id='word_1_822' title='bbox 3066 5031 3255 5096; x_wconf 84' lang='lat' dir='ltr'><strong>Jacob,</strong></span> <span class='ocrx_word' id='word_1_823' title='bbox 3288 5048 3481 5102; x_wconf 86' lang='lat' dir='ltr'><strong>genus,</strong></span> <span class='ocrx_word' id='word_1_824' title='bbox 3514 5035 3699 5095; x_wconf 88' lang='lat' dir='ltr'><strong>tribus,</strong></span> 
     </span>
    </p>
   </div>
   <div class='ocr_carea' id='block_1_113' title="bbox 2133 5123 3704 5198">
    <p class='ocr_par' dir='ltr' id='par_1_113' title="bbox 2133 5123 3704 5198">
     <span class='ocr_line' id='line_1_113' title="bbox 2133 5123 3704 5198; baseline -0.004 -17"><span class='ocrx_word' id='word_1_825' title='bbox 2133 5129 2437 5198; x_wconf 86' lang='lat' dir='ltr'><strong>progenies.</strong></span> <span class='ocrx_word' id='word_1_826' title='bbox 2471 5126 2793 5195; x_wconf 69' lang='lat' dir='ltr'><strong>provinciae,</strong></span> <span class='ocrx_word' id='word_1_827' title='bbox 2853 5126 3116 5194; x_wconf 87' lang='lat' dir='ltr'><strong>regiones.</strong></span> <span class='ocrx_word' id='word_1_828' title='bbox 3163 5124 3294 5178; x_wconf 82' lang='lat' dir='ltr'><strong>Nam</strong></span> <span class='ocrx_word' id='word_1_829' title='bbox 3349 5125 3496 5179; x_wconf 78' lang='lat' dir='ltr'><strong>sicut</strong></span> <span class='ocrx_word' id='word_1_830' title='bbox 3542 5123 3704 5178; x_wconf 86' lang='lat' dir='ltr'><strong>Jacob</strong></span> 
     </span>
    </p>
   </div>
   <div class='ocr_carea' id='block_1_114' title="bbox 2133 5215 3701 5288">
    <p class='ocr_par' dir='ltr' id='par_1_114' title="bbox 2133 5215 3701 5288">
     <span class='ocr_line' id='line_1_114' title="bbox 2133 5215 3701 5288; baseline -0.003 -16"><span class='ocrx_word' id='word_1_831' title='bbox 2133 5219 2532 5274; x_wconf 90' lang='lat' dir='ltr'><strong>multitudinem</strong></span> <span class='ocrx_word' id='word_1_832' title='bbox 2595 5219 2781 5288; x_wconf 90' lang='lat' dir='ltr'><strong>genuit</strong></span> <span class='ocrx_word' id='word_1_833' title='bbox 2837 5217 3015 5287; x_wconf 84' lang='lat' dir='ltr'><strong>gentis</strong></span> <span class='ocrx_word' id='word_1_834' title='bbox 3087 5217 3448 5271; x_wconf 84' lang='lat' dir='ltr'><strong>lsraelitarutn</strong></span> <span class='ocrx_word' id='word_1_835' title='bbox 3504 5228 3558 5271; x_wconf 92' lang='lat' dir='ltr'><strong>et</strong></span> <span class='ocrx_word' id='word_1_836' title='bbox 3609 5215 3701 5271; x_wconf 83' lang='lat' dir='ltr'><strong>Ju-</strong></span> 
     </span>
    </p>
   </div>
   <div class='ocr_carea' id='block_1_115' title="bbox 2134 5309 3698 5380">
    <p class='ocr_par' dir='ltr' id='par_1_115' title="bbox 2134 5309 3698 5380">
     <span class='ocr_line' id='line_1_115' title="bbox 2134 5309 3698 5380; baseline -0.003 -15"><span class='ocrx_word' id='word_1_837' title='bbox 2134 5312 2392 5374; x_wconf 72' lang='lat' dir='ltr'><strong>dteorum,</strong></span> <span class='ocrx_word' id='word_1_838' title='bbox 2448 5313 2518 5363; x_wconf 87' lang='lat' dir='ltr'><strong>ita</strong></span> <span class='ocrx_word' id='word_1_839' title='bbox 2573 5310 2717 5364; x_wconf 77' lang='lat' dir='ltr'><strong>Esau</strong></span> <span class='ocrx_word' id='word_1_840' title='bbox 2771 5309 3170 5363; x_wconf 88' lang='lat' dir='ltr'><strong>nmltitudinem</strong></span> <span class='ocrx_word' id='word_1_841' title='bbox 3225 5309 3412 5379; x_wconf 88' lang='lat' dir='ltr'><strong>genuit</strong></span> <span class='ocrx_word' id='word_1_842' title='bbox 3466 5309 3698 5380; x_wconf 89' lang='lat' dir='ltr'><strong>gentimu</strong></span> 
     </span>
    </p>
   </div>
   <div class='ocr_carea' id='block_1_116' title="bbox 2133 5403 3695 5474">
    <p class='ocr_par' dir='ltr' id='par_1_116' title="bbox 2133 5403 3695 5474">
     <span class='ocr_line' id='line_1_116' title="bbox 2133 5403 3695 5474; baseline 0.001 -19"><span class='ocrx_word' id='word_1_843' title='bbox 2133 5405 2223 5474; x_wconf 89' lang='lat' dir='ltr'><strong>qui</strong></span> <span class='ocrx_word' id='word_1_844' title='bbox 2259 5404 2668 5474; x_wconf 88' lang='lat' dir='ltr'><strong>appellabantur</strong></span> <span class='ocrx_word' id='word_1_845' title='bbox 2700 5403 2944 5458; x_wconf 72' lang='lat' dir='ltr'><strong>ldumtei.</strong></span> <span class='ocrx_word' id='word_1_846' title='bbox 2978 5403 3083 5458; x_wconf 85' lang='lat' dir='ltr'><strong>Sed</strong></span> <span class='ocrx_word' id='word_1_847' title='bbox 3111 5405 3163 5458; x_wconf 93' lang='lat' dir='ltr'><strong>in</strong></span> <span class='ocrx_word' id='word_1_848' title='bbox 3193 5405 3356 5458; x_wconf 88' lang='lat' dir='ltr'><strong>Israel</strong></span> <span class='ocrx_word' id='word_1_849' title='bbox 3397 5405 3513 5459; x_wconf 85' lang='lat' dir='ltr'><strong>sive</strong></span> <span class='ocrx_word' id='word_1_850' title='bbox 3539 5404 3695 5471; x_wconf 87' lang='lat' dir='ltr'><strong>judex</strong></span> 
     </span>
    </p>
   </div>
   <div class='ocr_carea' id='block_1_117' title="bbox 2137 5491 3698 5562">
    <p class='ocr_par' dir='ltr' id='par_1_117' title="bbox 2137 5491 3698 5562">
     <span class='ocr_line' id='line_1_117' title="bbox 2137 5491 3698 5562; baseline -0.001 -17"><span class='ocrx_word' id='word_1_851' title='bbox 2137 5503 2256 5545; x_wconf 90' lang='lat' dir='ltr'><strong>erat</strong></span> <span class='ocrx_word' id='word_1_852' title='bbox 2286 5507 2444 5557; x_wconf 91' lang='lat' dir='ltr'><strong>unus,</strong></span> <span class='ocrx_word' id='word_1_853' title='bbox 2466 5493 2557 5562; x_wconf 89' lang='lat' dir='ltr'><strong>qui</strong></span> <span class='ocrx_word' id='word_1_854' title='bbox 2589 5502 2758 5546; x_wconf 89' lang='lat' dir='ltr'><strong>totum</strong></span> <span class='ocrx_word' id='word_1_855' title='bbox 2785 5491 2950 5547; x_wconf 87' lang='lat' dir='ltr'><strong>Israel</strong></span> <span class='ocrx_word' id='word_1_856' title='bbox 2974 5491 3273 5560; x_wconf 90' lang='lat' dir='ltr'><strong>judicabat,</strong></span> <span class='ocrx_word' id='word_1_857' title='bbox 3303 5494 3417 5549; x_wconf 90' lang='lat' dir='ltr'><strong>sive</strong></span> <span class='ocrx_word' id='word_1_858' title='bbox 3447 5509 3539 5548; x_wconf 87' lang='lat' dir='ltr'><strong>rex</strong></span> <span class='ocrx_word' id='word_1_859' title='bbox 3567 5507 3698 5546; x_wconf 91' lang='lat' dir='ltr'><strong>unus</strong></span> 
     </span>
    </p>
   </div>
   <div class='ocr_carea' id='block_1_118' title="bbox 2136 5584 3696 5658">
    <p class='ocr_par' dir='ltr' id='par_1_118' title="bbox 2136 5584 3696 5658">
     <span class='ocr_line' id='line_1_118' title="bbox 2136 5584 3696 5658; baseline 0 -20"><span class='ocrx_word' id='word_1_860' title='bbox 2136 5595 2274 5651; x_wconf 81' lang='lat' dir='ltr'><strong>erat,</strong></span> <span class='ocrx_word' id='word_1_861' title='bbox 2307 5588 2398 5655; x_wconf 85' lang='lat' dir='ltr'><strong>qui</strong></span> <span class='ocrx_word' id='word_1_862' title='bbox 2424 5585 2674 5641; x_wconf 88' lang='lat' dir='ltr'><strong>universo</strong></span> <span class='ocrx_word' id='word_1_863' title='bbox 2695 5584 2857 5641; x_wconf 87' lang='lat' dir='ltr'><strong>Israel</strong></span> <span class='ocrx_word' id='word_1_864' title='bbox 2885 5586 3220 5656; x_wconf 83' lang='lat' dir='ltr'><strong>imperabat,</strong></span> <span class='ocrx_word' id='word_1_865' title='bbox 3247 5587 3485 5658; x_wconf 88' lang='lat' dir='ltr'><strong>quandiu</strong></span> <span class='ocrx_word' id='word_1_866' title='bbox 3520 5585 3590 5641; x_wconf 88' lang='lat' dir='ltr'><strong>illi</strong></span> <span class='ocrx_word' id='word_1_867' title='bbox 3621 5599 3696 5639; x_wconf 87' lang='lat' dir='ltr'><strong>se-</strong></span> 
     </span>
    </p>
   </div>
   <div class='ocr_carea' id='block_1_119' title="bbox 2160 5707 3096 5775">
    <p class='ocr_par' dir='ltr' id='par_1_119' title="bbox 2160 5707 3096 5775">
     <span class='ocr_line' id='line_1_119' title="bbox 2160 5707 3096 5775; baseline 0.002 -13"><span class='ocrx_word' id='word_1_868' title='bbox 2160 5709 2205 5740; x_wconf 75' lang='lat'><strong>&quot;</strong></span> <span class='ocrx_word' id='word_1_869' title='bbox 2234 5707 2333 5763; x_wconf 82' lang='lat' dir='ltr'><strong>Job</strong></span> <span class='ocrx_word' id='word_1_870' title='bbox 2360 5725 2419 5772; x_wconf 87' lang='lat' dir='ltr'><strong>tt,</strong></span> <span class='ocrx_word' id='word_1_871' title='bbox 2456 5710 2542 5764; x_wconf 78' lang='lat' dir='ltr'><strong>l3.</strong></span> <span class='ocrx_word' id='word_1_872' title='bbox 2622 5710 2664 5741; x_wconf 72' lang='lat'><strong>“</strong></span> <span class='ocrx_word' id='word_1_873' title='bbox 2693 5709 2708 5763; x_wconf 95' lang='grc' dir='ltr'><strong>Ι</strong></span> <span class='ocrx_word' id='word_1_874' title='bbox 2735 5709 2876 5764; x_wconf 73' lang='lat' dir='ltr'><strong>Petr.</strong></span> <span class='ocrx_word' id='word_1_875' title='bbox 2909 5725 2980 5775; x_wconf 88' lang='lat' dir='ltr'><strong>tv,</strong></span> <span class='ocrx_word' id='word_1_876' title='bbox 3013 5709 3096 5764; x_wconf 77' lang='grc'><strong>18.</strong></span> 
     </span>
    </p>
   </div>
  </div>
