3942 6516
167 352 274 411 $05

1257 353 1638 416 ANOl‘dMUS
1674 354 1744 411 lN
1775 351 1916 413 JOB.
1955 387 2024 399 —
2055 354 2183 413 LIB.
2223 352 2312 411 Ill.

3297 346 3402 404 506

161 474 399 530 cundum
437 473 723 532 consilium
768 475 863 533 Dei
910 476 1345 533 ambulaverunt.
1388 477 1444 532 In
1480 473 1726 533 ldumaeis
1753 475 1802 532 Α
1826 487 2003 539 versa,
2048 472 2200 544 juxta
2230 474 2334 529 hoc
2364 471 2506 541 quod
2539 469 2747 529 dictum
2781 474 2868 523 est
2923 480 2941 525 :
2987 463 3054 519 In
3099 463 3231 518 escis
3283 462 3403 532 plu:

158 576 344 622 autem
382 567 509 637 (hoc
531 578 614 624 est
639 568 693 623 in
721 582 921 639 genere
962 567 1125 641 Esau)
1164 570 1457 624 secundum
1501 581 1727 622 consue-

162 660 408 714 tudinem
438 660 677 715 omnium
702 661 942 731 gentium
972 678 1069 732 per
1102 661 1343 731 singulas
1381 660 1630 715 civitates
1675 666 1730 715 et

161 751 419 821 regiones
459 768 614 824 reges
648 751 888 815 luerunt.
924 764 1085 823 atque
1116 756 1282 809 duces
1303 752 1729 823 provinciarum,

159 855 213 899 et
244 844 446 914 singuli
485 846 537 898 in
582 845 801 915 regione
842 860 936 900 sua
976 846 1275 916 regnabam
1318 854 1478 915 atque
1505 845 1732 914 impera-

160 938 314 993 bant.
352 937 493 1007 Ergo
516 939 642 1007 quia
674 955 814 993 nunc
836 938 1079 1009 proxime
1115 948 1233 992 erat
1266 938 1439 993 adhuc
1470 936 1731 992 memoria

161 1028 436 1083 Abraham
458 1070 475 1093 ,
517 1040 571 1084 et
602 1029 750 1085 lsaac
787 1030 1056 1101 justorum
1088 1030 1299 1085 illorum
1323 1069 1337 1095 ,
1364 1038 1418 1084 et
1459 1029 1583 1099 quia
1617 1028 1733 1098 ipse

161 1122 302 1177 Esau
338 1122 433 1177 Dei
473 1122 648 1177 cultor
676 1131 793 1176 erat
826 1138 840 1175 :
872 1137 1181 1193 quanquam
1211 1122 1355 1178 enim
1388 1122 1440 1176 in
1463 1120 1734 1176 nonnullis

161 1210 470 1275 violaverit,
526 1220 764 1267 attamen
822 1212 1071 1266 eamdem
1131 1211 1223 1266 Dei
1276 1212 1542 1267 culturam
1606 1210 1733 1266 ﬁliis

160 1301 271 1355 suis
304 1301 529 1355 tradidit
561 1317 575 1353 :
614 1304 806 1358 merito
833 1302 1078 1374 plerique
1104 1302 1461 1358 ldumzeorum
1496 1301 1733 1358 cultores

160 1389 253 1443 Dei
292 1388 548 1455 fuerunt,
584 1400 638 1445 et
679 1392 943 1462 aliquanti
969 1393 1126 1448 valde
1156 1393 1433 1463 religiosi,
1467 1394 1609 1448 sicut
1633 1392 1735 1449 Job

158 1477 240 1531 vel
266 1480 433 1534 amici
474 1480 588 1547 ejus
616 1483 704 1551 qni
745 1492 1008 1537 venerunt
1046 1486 1110 1539 ad
1153 1499 1298 1539 eum.
1335 1483 1735 1555 Cognominatz

159 1585 396 1641 namque
430 1582 557 1627 sunt
582 1573 824 1641 quaedam
860 1573 1211 1630 Idumaeorum
1240 1576 1483 1647 regiones
1512 1577 1733 1645 Arabia,

160 1662 209 1715 in
240 1663 401 1731 cujus
432 1663 641 1718 Arabia:
674 1664 872 1721 ﬁnibus
897 1666 1146 1720 manebat
1173 1666 1292 1721 Job.
1330 1665 1463 1721 Nam
1497 1677 1551 1721 et
1604 1682 1737 1721 uxo~

160 1767 274 1808 rem
342 1754 409 1808 de
472 1754 671 1813 Arabia
730 1757 981 1825 accepit,
1025 1766 1209 1826 utpote
1239 1756 1478 1826 ejusdem
1524 1756 1737 1827 generis

155 1845 557 1901 exsistentibus
588 1847 852 1901 Arabitis.
882 1846 993 1901 Nisi
1022 1849 1164 1902 enim
1202 1848 1362 1902 unius
1409 1847 1627 1917 generis
1650 1862 1735 1901 es-
1766 1842 1809 1897 B

156 1949 297 2002 sent,
332 1953 609 2008 nunquam
641 1938 742 1993 Job
776 1955 840 1993 ex
873 1939 1174 2010 alienigena
1220 1949 1379 2010 gente
1415 1954 1638 1994 uxorem
1678 1953 1737 1994 se

158 2030 405 2100 accipere
437 2045 628 2099 passus
656 2029 867 2086 fuisset.
902 2030 1055 2086 Nunc
1090 2045 1222 2086 sane
1267 2030 1429 2101 periit
1478 2029 1739 2085 ldumaao-

159 2136 275 2173 rum
314 2133 371 2175 et
400 2136 595 2177 nomen
621 2130 675 2175 et
706 2121 888 2192 lingua
909 2163 926 2189 ,
953 2130 1007 2177 et
1033 2136 1222 2175 omnes
1246 2120 1411 2176 Arabi
1453 2120 1737 2175 norninan-

159 2219 246 2262 tur
276 2219 448 2279 atque
484 2225 673 2266 omnes
722 2210 946 2282 Syriace
978 2211 1292 2283 loquuntur.
1351 2211 1505 2280 Quod
1557 2220 1738 2266 autem

156 2301 254 2357 Job
303 2318 371 2357 ex
408 2318 609 2371 genere
637 2303 798 2358 fuerit
833 2288 972 2357 Esau
1001 2316 1057 2359 et
1079 2320 1144 2358 ex
1180 2304 1320 2358 Esau
1367 2303 1515 2371 ﬁliis,
1549 2303 1739 2360 simili-

161 2398 238 2441 ter
299 2395 359 2441 et
390 2388 551 2442 amici
589 2388 706 2457 ejus
753 2389 842 2459 qui
895 2400 1162 2444 venerunt
1202 2390 1269 2444 ad
1306 2404 1457 2456 eum,
1501 2390 1737 2461 religiosi

163 2480 250 2535 Dei
281 2480 528 2536 cultores
568 2480 812 2544 fuerunt,
857 2492 1233 2537 verumtamen
1281 2497 1471 2537 omnes
1520 2482 1742 2537 fuerunt

158 2588 219 2627 ex
251 2588 459 2645 genere
498 2573 638 2628 Esau
662 2616 675 2637 ,
703 2573 944 2643 ejusdem
983 2575 1198 2645 generis
1225 2585 1385 2644 atque
1442 2573 1637 2643 lingua:
1684 2583 1743 2628 ut

155 2663 291 2729 Job,
329 2665 537 2719 idcirco
583 2664 657 2718 illi
712 2665 997 2721 unanimes
1040 2665 1259 2719 fuerunt
1305 2680 1370 2721 ac
1416 2663 1737 2720 concordes.

159 2757 426 2813 Similiter
477 2759 638 2812 etiam
677 2758 775 2812 illa?
811 2758 1098 2828 provincia:
1153 2773 1217 2813 ac
1248 2758 1511 2828 regiones,
1548 2758 1742 2826 quibus

158 2851 258 2921 ipsi
301 2853 606 2921 regnabant
662 2862 824 2920 atque
853 2851 1213 2922 imperabant,
1245 2851 1408 2904 etiam
1441 2850 1527 2904 ha:
1553 2864 1743 2905 omnes

157 2957 367 3012 genere
399 2940 620 2995 luerunt
656 2942 831 3006 Esau,
864 2952 921 2997 et
958 2941 1353 2997 contribulibus
1392 2943 1506 2996 suis
1550 2956 1742 3012 regna-

154 3037 291 3091 bant
369 3046 536 3105 atque
586 3036 946 3105 imperabant.
1008 3034 1135 3090 Sive
1186 3034 1333 3089 enim
1380 3033 1740 3099 Themanitm,

156 3129 362 3196 quibus
400 3120 659 3198 lleliphaz
692 3127 971 3195 regnabat,
1004 3127 1120 3181 sive
1151 3124 1314 3180 Suitze
1343 3165 1359 3191 ,
1397 3126 1593 3194 quibus
1621 3124 1743 3178 Bal-

156 3218 286 3272 datb
349 3217 715 3287 principatum
769 3216 1014 3285 gerebat,
1066 3214 1184 3270 sive
1242 3212 1497 3269 Nomadae
1546 3214 1743 3283 quibus

157 3308 376 3377 Sephar
412 3309 734 3377 imperabat,
758 3322 949 3363 omnes
976 3322 1148 3377 genus
1177 3306 1315 3361 Esau
1370 3317 1533 3376 atque
1570 3306 1743 3362 tribus

159 3402 407 3455 luerunt.
439 3400 548 3454 lloc
578 3400 833 3453 nimirum
863 3398 1170 3454 ostenditur
1191 3415 1256 3453 ex
1298 3398 1438 3454 libro
1464 3397 1744 3467 Paralipo-

158 3506 360 3545 menon
397 3491 486 3544 ubi
520 3490 649 3544 dicit
690 3505 702 3541 :
756 3487 1018 3542 Venerunt
1058 3498 1230 3542 autem
1264 3503 1385 3540 cum
1416 3487 1523 3541 illis
1549 3495 1599 3541 et
1630 3485 1746 3541 Νο-

158 3584 337 3636 tnadtr
386 3597 551 3652 genus
598 3580 764 3635 Esau.
820 3580 953 3636 Cum
988 3580 1060 3634 ita
1112 3595 1243 3648 ergo
1283 3579 1503 3649 gloriosi
1559 3588 1745 3634 essent

160 3676 257 3731 viri
298 3675 380 3729 illi
436 3690 613 3742 reges,
668 3689 732 3727 ac
788 3674 1103 3743 principes,
1136 3682 1298 3737 atque
1346 3672 1745 3742 provinciarum

160 3768 353 3834 duces,
422 3767 742 3822 assederunt
797 3766 871 3820 illi
940 3775 1146 3835 septem
1196 3764 1389 3820 diebus
1442 3773 1498 3819 et
1541 3774 1745 3835 septem

162 3860 440 3914 noctibus.
504 3857 613 3912 Sed
680 3860 999 3912 assederunt
1064 3866 1321 3927 tanquam
1376 3855 1615 3927 religiosi
1652 3854 1747 3910 Dei

159 3950 429 4015 cultores,
482 3965 586 4003 non
646 3958 952 4019 quaarentes
1008 3961 1185 4016 neque
1241 3947 1539 4011 maleﬁcia,
1572 3961 1749 4016 neque

162 4044 431 4114 auguria,
486 4057 662 4111 neque
707 4042 1111 4107 divinationes,
1168 4055 1344 4111 neque
1388 4040 1746 4112 phylacteria,

161 4148 341 4204 neque
375 4133 659 4200 lamellas,
712 4147 889 4201 neque
932 4131 1336 4186 incantationes
1386 4130 1745 4185 damnabiles.

162 4226 319 4282 Scire
348 4240 587 4295 namque
610 4226 809 4279 debent
838 4223 1071 4294 religiosi
1103 4224 1225 4289 viri,
1259 4224 1386 4294 quia
1417 4224 1531 4278 haec
1567 4222 1750 4277 omnia

160 4317 368 4371 diaboli
398 4326 527 4372 sunt
558 4316 923 4381 seductiones,
952 4316 1255 4371 dzemouum
1290 4324 1419 4369 sunt
1448 4314 1749 4379 irrisiones,

162 4410 495 4468 idololatriae
537 4421 662 4466 sunt
686 4410 824 4477 ﬁes,
875 4409 1178 4464 animarum
1220 4406 1543 4471 inlatuatio,
1591 4416 1752 4475 atque

1834 565 1983 619 rimis
2026 564 2084 633 ﬁt
2116 564 2398 632 inﬁrmitas
2435 562 2477 593 ‘7
2510 579 2524 617 :
2552 572 2681 617 tunc
2730 559 2984 613 nimirum
3035 556 3220 610 dicunt
3274 551 3405 606 insi-

1834 657 2066 726 pienter,
2095 655 2236 725 quod
2262 653 2561 710 fascinatus
2591 654 2663 709 sit
2696 652 2942 722 quilibet.
2991 648 3218 716 Quando
3266 644 3407 716 jeju-

1837 763 2053 811 namus,
2088 749 2246 802 oviri
2276 788 2293 813 ,
2339 748 2674 801 abstinemus
2722 759 2822 799 nos
2871 754 2931 799 ut
2979 757 3082 798 non
3126 752 3406 813 gustemus

1837 857 2028 897 carnes
2059 856 2234 911 neque
2276 842 2458 895 vinqu
2505 856 2678 911 neque
2716 838 3017 910 superﬂuas
3047 850 3234 899 escas,
3278 842 3406 887 tunc

1837 949 2006 1005 quare
2034 949 2140 989 non
2170 933 2548 989 fascinamur?
2579 933 2698 987 Mox
2731 943 2912 986 autem
2936 941 2993 985 ut
3026 944 3215 984 rursus
3248 942 3405 982 man-

1837 1026 2041 1081 dueare
2070 1036 2231 1096 atque
2263 1026 2449 1081 bibere
2475 1025 2838 1095 coeperimus,
2871 1024 3127 1078 continuo
3180 1030 3235 1076 et
3277 1034 3409 1073 ven-

1838 1118 1939 1173 tris
1967 1117 2259 1173 commotio
2294 1128 2456 1186 atque
2490 1118 2760 1171 viscerum
2797 1114 3139 1184 perturbatio
3179 1115 3257 1177 lit,
3302 1111 3405 1165 nisi

1839 1208 1887 1265 is
1910 1209 2058 1264 solus
2087 1208 2354 1279 effugerit,
2390 1208 2481 1278 qui
2512 1207 2669 1262 valde
2720 1205 3040 1275 sibimetipsi
3090 1202 3407 1267 intenderit,

1840 1316 1910 1357 ne
1959 1310 2139 1371 gustet
2193 1301 2485 1371 quidquam
2534 1299 2885 1370 superﬂuum.
2948 1299 3043 1352 Sic
3089 1298 3271 1365 itaque
3303 1310 3409 1350 non

1839 1395 2231 1452 fascinationes
2276 1395 2569 1463 praevalent
2612 1393 2943 1462 quidquam,
2992 1390 3086 1444 sed
3134 1388 3413 1442 hominum

1842 1489 2253 1545 iucontinentia.
2284 1487 2351 1541 Et
2390 1484 2640 1540 videlicet
2673 1487 2773 1539 hoc
2794 1499 3007 1546 verum,
3034 1496 3156 1536 cum
3185 1480 3414 1534 mandu-

1840 1596 2033 1637 camus
2073 1579 2155 1634 vel
2191 1578 2449 1641 bibimus,
2481 1575 2527 1632 si
2559 1576 2677 1630 ﬁdei
2735 1587 3001 1628 memores
3030 1572 3324 1636 fuerimus,
3366 1569 3412 1623 si

1844 1671 2083 1729 terribile
2114 1686 2307 1724 nomen
2329 1669 2445 1736 ejus
2473 1666 2914 1721 invocaverimus
2935 1702 2951 1728 ,
2980 1664 3025 1717 si
3051 1661 3415 1730 nosmetipsos

1845 1767 1927 1819 vel
1966 1765 2145 1818 cibqu
2174 1773 2227 1817 et
2260 1771 2443 1830 potqu
2474 1770 2716 1815 nostrum
2745 1757 2900 1825 signo
2933 1752 3262 1808 venerabilis
3288 1767 3415 1806 cru-

1839 1859 1916 1911 cis
1961 1854 2164 1909 Christi
2216 1853 2744 1924 signilicaverimus,
2780 1850 2825 1902 si
2887 1847 2955 1901 ad
2995 1846 3195 1901 ctutum
3229 1845 3417 1899 oculos

1838 1958 2059 2005 nostros
2111 1948 2351 2002 levantes
2408 1947 2653 2000 dicamus
2699 1961 2714 1996 :
2763 1941 2867 2006 Qui
2897 1940 2989 1993 dat
3043 1954 3214 1991 earnm
3272 1936 3416 1989 omni

1837 2040 1987 2095 carni
2013 2038 2084 2104 ⁸⁸,
2128 2039 2220 2093 dat
2268 2038 2432 2093 etiam
2487 2035 2647 2091 nobis
2700 2049 2822 2089 cum
2867 2031 3241 2087 benedictione
3274 2027 3418 2081 hunc

1837 2132 2017 2188 cibum
2051 2147 2306 2197 sumere,
2357 2130 2402 2185 si
2450 2128 2749 2183 dixerimus
2795 2140 2919 2181 cum
2979 2122 3301 2179 sinceritate
3349 2122 3417 2174 ad

1838 2225 2128 2281 Dominum
2162 2234 2409 2280 nostrum
2458 2239 2471 2275 :
2516 2219 2595 2275 Tu
2639 2220 2849 2283 dixisti,
2894 2217 3140 2279 Domine,
3191 2216 3318 2283 quia
3371 2213 3416 2268 si

1839 2319 2043 2389 aliquid
2072 2316 2414 2372 mortiferum
2451 2315 2749 2371 biberimus
2785 2322 2937 2366 tuum
2977 2313 3290 2365 invocantes
3322 2320 3417 2359 no-

1840 2426 1985 2474 men,
2018 2425 2121 2465 non
2152 2410 2257 2465 erit
2287 2408 2442 2463 nobis
2471 2406 2752 2460 molestum
2786 2425 2799 2459 :
2839 2415 2895 2458 tu
2955 2405 3158 2470 itaque,
3196 2397 3420 2455 Domine

1838 2502 2054 2558 virtutis
2101 2511 2156 2557 et
2204 2501 2422 2571 glorim,
2472 2508 2661 2554 averte
2724 2496 3022 2552 veneﬁcam
3077 2502 3130 2548 et
3177 2492 3417 2559 iniquam

1838 2595 2208 2664 operationem
2263 2608 2295 2647 a
2349 2592 2507 2646 nobis
2548 2590 2697 2645 etab
2724 2587 2976 2645 omnibus
3014 2586 3152 2641 cibis
3194 2581 3417 2637 nostris.

1840 2681 1955 2738 Nisi
1999 2683 2143 2738 enim
2178 2691 2265 2734 tua
2304 2680 2675 2735 misericordia
2699 2676 3127 2738 conservaverit,
3151 2670 3422 2744 quomodo

1842 2790 2128 2845 possumus
2149 2773 2387 2844 eﬁ‘ugere
2421 2785 2567 2828 tanta
2611 2770 2850 2841 pericula
2885 2770 3129 2823 ciborum
3177 2781 3312 2820 sane
3358 2778 3423 2818 ac

1842 2879 2086 2939 potuuni,
2120 2883 2242 2937 qua:
2282 2865 2596 2935 frequenter
2646 2864 2764 2932 plus
2817 2868 3013 2930 repunt
3063 2873 3126 2912 ac
3172 2863 3420 2926 serpunt,

1842 2974 2004 3028 quam
2029 2957 2271 3026 maligna:
2301 2971 2365 3010 ac
2396 2968 2681 3008 venenosa:
2709 2950 2895 3005 bestia:
2927 2948 2950 3001 ἲ
2979 2947 3209 3013 Quidam
3238 2953 3423 2998 autem

1845 3046 2296 3104 sternutamentis
2345 3047 2524 3099 adhuc
2573 3042 2916 3105 observiunt,
2964 3050 3019 3095 et
3069 3035 3424 3091 invocationi-

1847 3142 1945 3194 bus
1977 3148 2144 3208 atque
2172 3136 2614 3191 revocationibus
2639 3174 2652 3198 ,
2680 3143 2735 3187 et
2764 3131 3085 3187 occursibus
3128 3138 3292 3198 atque
3329 3140 3425 3179 vo-

1847 3230 2055 3285 lucrum
2110 3229 2360 3294 vocibus,
2394 3243 2498 3282 non
2546 3226 2916 3293 intelligentes
2979 3221 3165 3276 miseri
3225 3230 3280 3274 et
3331 3232 3427 3288 spe

1846 3322 2003 3377 vacui
2037 3363 2055 3389 ,
2094 3322 2220 3391 quia
2249 3337 2279 3375 a
2315 3320 2541 3375 Domino
2573 3331 2794 3389 gressus
2830 3315 3070 3371 hominis
3094 3312 3425 3382 diriguntur,

1845 3429 2023 3485 neque
2050 3415 2293 3469 valentes
2317 3413 2499 3469 dicere
2528 3412 2593 3467 ad
2632 3413 2800 3467 Deum
2824 3423 2951 3463 eum
2977 3406 3187 3463 sanctis
3220 3422 3233 3458 :
3270 3403 3430 3458 Grea-

1845 3521 1936 3561 sus
1959 3521 2099 3559 meos
2122 3505 2292 3574 dirige
2329 3504 2613 3558 secundum
2645 3502 2909 3570 eloquium
2937 3509 3088 3552 tuum
3114 3536 3129 3562 ,
3161 3507 3210 3551 et
3241 3511 3304 3549 ne
3329 3496 3431 3547 do-

1846 3598 2074 3651 minetur
2128 3598 2253 3650 milti
2305 3594 2474 3650 omnis
2514 3595 2765 3664 iniquitas
2823 3593 2893 3646 ".
2949 3588 3082 3644 Nam
3113 3589 3160 3643 is
3186 3588 3277 3657 qui
3306 3601 3431 3639 cum

1850 3690 1955 3745 ﬁde
1985 3693 2050 3745 ad
2094 3691 2379 3745 Dominum
2410 3690 2525 3743 luce
2556 3687 2775 3752 dixerit,
2811 3686 3059 3755 implevit
3102 3683 3237 3738 illud
3290 3680 3435 3751 quod

1850 3781 2135 3837 dicendum
2173 3791 2299 3845 est,
2332 3781 2594 3835 Dominus
2624 3780 2727 3834 erit
2786 3779 2838 3832 in
2886 3777 3138 3832 omnibus
3170 3775 3273 3831 viis
3306 3775 3434 3842 tuis,

1848 3883 1904 3928 et
1926 3888 2144 3944 gressus
2174 3881 2294 3926 tuos
2325 3872 2378 3926 in
2409 3886 2545 3941 pace
2577 3873 2825 3927 deducet.
2858 3869 2959 3934 Qui
2987 3879 3166 3923 autem
3201 3869 3266 3921 ad
3298 3883 3436 3923 vana

1850 3962 2183 4016 intenderiut
2212 3962 2438 4030 auguria
2477 3975 2540 4014 ac
2564 3961 2830 4015 veneﬁcia
2853 3999 2868 4023 ,
2901 3959 3265 4013 divinationes
3304 3972 3440 4025 quo-

1851 4071 1958 4125 que
2001 4069 2066 4110 ac
2122 4054 2459 4125 phylaeteria
2529 4062 2692 4122 atque
2749 4053 3182 4115 incantationes,
3240 4051 3436 4104 horum

1854 4162 2073 4217 gressus
2100 4146 2594 4211 conturbabuntur,
2630 4146 2823 4200 horum
2859 4157 3024 4212 opera
3055 4140 3441 4211 impediuntur,

1853 4240 1921 4293 ab
1961 4239 2084 4294 istis
2134 4238 2233 4293 Dei
2288 4237 2529 4292 visitatio
2585 4236 2813 4303 recedit,
2869 4235 3004 4289 istos
3051 4234 3224 4289 sancti
3264 4233 3439 4303 angeli

1850 4330 2249 4399 derelinquunt,
2273 4346 2395 4384 cum
2418 4330 2537 4384 istis
2562 4329 2813 4384 diabolus
2839 4336 3123 4398 permanet
3168 4325 3445 4379 infatuans

1853 4431 2065 4475 mentes
2112 4435 2323 4484 eorum,
2373 4422 2678 4475 obtundens
2733 4420 2900 4474 corda
2950 4418 3191 4476 illorum.
3224 4416 3445 4469 abstra-

161 4503 419 4558 cordium
468 4501 781 4557 scandalum
812 4518 827 4555 :
866 4516 985 4571 qua:
1028 4516 1133 4557 non
1170 4500 1536 4568 intelligentes
1574 4499 1741 4569 pleri-

1858 4519 1991 4568 hens
2021 4529 2050 4567 a
2084 4515 2191 4568 Deo
2221 4528 2419 4568 sensus
2468 4527 2682 4567 eorum.
2729 4512 2806 4566 De
2857 4508 3235 4581 hujuscemodi
3285 4508 3446 4578 digne

162 4612 272 4667 que
304 4596 414 4651 hoc
441 4610 584 4649 nunc
615 4604 858 4664 tempore
883 4634 899 4661 ,
931 4608 1055 4649 mox
1112 4602 1169 4647 ut
1218 4593 1495 4662 quidpiam
1546 4592 1751 4661 aliquid

163 4687 568 4751 molestaverit,
596 4687 856 4741 continuo
912 4685 1310 4741 incantationes
1350 4693 1516 4753 atque
1559 4685 1751 4738 incan-

165 4791 382 4835 tatores
415 4780 722 4849 requirunt,
747 4778 934 4833 statim
958 4776 1297 4847 phylacteria
1326 4775 1570 4846 alligant,
1605 4775 1754 4830 illico

164 4871 465 4926 maleﬁciis
493 4870 805 4937 intendunt,
836 4881 931 4924 aut
962 4869 1014 4923 in
1041 4868 1229 4922 charta
1259 4868 1507 4923 scribunt
1527 4906 1541 4930 ,
1573 4877 1665 4922 aut
1701 4867 1753 4920 in

162 4974 369 5019 stanno
398 4972 495 5017 aut
526 4962 766 5031 plumbo,
798 4971 854 5016 et
886 4961 1110 5031 alligant
1160 4960 1208 5015 ei
1242 4960 1332 5029 qui
1387 4959 1628 5014 dolorem
1662 4972 1756 5012 su-

161 5056 450 5112 stiuuerit.
482 5055 587 5109 Alii
636 5064 818 5109 autem
844 5054 1175 5125 serpentium
1200 5052 1625 5114 incantationes,
1655 5050 1760 5105 dae-

166 5164 397 5203 monum
450 5147 857 5215 persuasiones,
907 5156 1070 5216 atque
1106 5145 1199 5201 Dei
1251 5142 1616 5214 blaSphemias
1670 5142 1756 5196 in-

162 5248 419 5295 cantant.
445 5238 583 5315 Item
601 5252 730 5292 vero
755 5236 843 5291 alii
871 5237 1139 5292 fascinare
1173 5235 1448 5301 dicuntur,
1479 5234 1593 5290 sive
1617 5235 1758 5304 quod

162 5332 467 5395 fascinant,
489 5331 604 5385 sive
622 5331 765 5399 quod
786 5330 1137 5394 lascinentur,
1157 5337 1212 5384 ct
1227 5327 1487 5384 daemonis
1505 5327 1761 5383 adiuven-

163 5426 348 5480 tioues
367 5433 517 5477 sunt.
548 5422 681 5477 Cum
720 5423 865 5476 enim
903 5422 1161 5476 infrunite
1195 5421 1655 5484 manducaverint,
1684 5420 1766 5474 vel

160 5516 437 5579 biberint,
458 5530 579 5569 eum
609 5514 722 5581 ipsa
743 5514 951 5569 viscera
979 5529 1085 5568 non
1113 5512 1424 5568 suﬁ‘erentia
1454 5512 1765 5581 perturbata

162 5608 397 5673 fuerint,
417 5616 472 5660 et.
499 5607 551 5659 in
583 5606 820 5662 dolorem
845 5616 1006 5675 atque
1028 5605 1395 5661 inﬁrmitatem
1415 5603 1612 5660 fuerint
1631 5618 1761 5658 con-

235 5818 283 5851 "
333 5814 499 5873 Eccli.
537 5828 746 5882 xxxvii,
778 5812 867 5868 55.
944 5810 991 5844 ⁸⁸
1022 5810 1164 5868 Psal.
1194 5826 1391 5877 exxxv,
1418 5810 1510 5868 25.

1860 4605 2071 4661 dicetur
2107 4623 2121 4658 :
2155 4604 2201 4659 0
2229 4604 2471 4660 infelicia
2517 4603 2797 4659 hominum
2830 4602 3079 4666 consilia,
3117 4615 3150 4653 ο
3173 4611 3324 4653 vante
3362 4607 3447 4651 at-

1860 4712 1965 4765 que
2016 4711 2366 4766 supervacua:
2412 4706 2759 4751 terrenorum
2812 4693 3215 4763 cogitationes,
3270 4688 3362 4759 qui
3414 4702 3448 4742 a

1863 4791 1975 4847 Deo
2016 4792 2273 4845 abstracti
2328 4800 2492 4860 atque
2528 4788 2871 4859 prazvaricati
2901 4827 2916 4852 ,
2947 4787 3014 4840 de
3052 4783 3279 4837 mortuis
3301 4780 3445 4837 salu-

1864 4892 1972 4940 tem
2006 4893 2344 4954 exspectant,
2374 4883 2442 4935 ab
2488 4881 2807 4936 inanimatis
2846 4879 3138 4934 consilium
3180 4883 3449 4945 quierunt,

1865 4986 2069 5033 etcum
2114 4973 2473 5029 idololatriam
2522 4972 2794 5027 declinare
2832 4971 3152 5031 videantur,
3182 4965 3449 5019 idolorqu

1864 5067 2026 5123 faeces
2058 5076 2222 5134 atque
2267 5063 2524 5133 reliquias
2573 5063 2804 5117 adorare
2848 5067 3175 5120 noscuntur,
3223 5052 3451 5133 aug-tria

1868 5170 1924 5218 et
1950 5160 2346 5221 divinationes,
2378 5156 2782 5211 incantationes
2814 5165 3031 5222 quoque
3069 5165 3133 5203 ac
3187 5147 3451 5203 maletieia

1869 5264 2034 5325 atque
2064 5253 2397 5324 phylacteria
2436 5268 2449 5304 :
2484 5259 2539 5305 et
2579 5252 2646 5304 ab
2676 5247 3068 5317 omnipotentis
3117 5258 3178 5297 ac
3211 5242 3451 5296 viventis

1872 5348 1967 5404 Dei
1991 5345 2366 5402 misericordia
2393 5358 2543 5413 spem
2568 5355 2723 5397 suam
2747 5347 3022 5401 avertunt,
3052 5348 3108 5392 et
3138 5337 3191 5391 in
3220 5335 3454 5389 mortuis

1873 5450 2038 5510 atque
2097 5436 2412 5492 inanimatis
2470 5442 2717 5504 sperant,
2766 5434 2820 5486 in
2876 5429 3228 5502 phylaeteriis
3292 5436 3457 5494 atque

1874 5531 2089 5587 caeteris
2116 5530 2367 5596 superius
2396 5526 2660 5582 recitatis.
2694 5522 2844 5579 Mitte
2866 5537 2929 5577 ea
2964 5524 3015 5575 in
3046 5522 3223 5591 ignem
3265 5518 3311 5572 si
3358 5532 3455 5569 νε-

1874 5622 2023 5676 leant
2049 5621 2337 5691 semetipsa
2365 5620 2639 5690 adjuvare,
2691 5617 2735 5673 si
2789 5614 3002 5671 valeant
3049 5609 3344 5680 semetipsa
3381 5605 3457 5663 de

1586 5810 1628 5843 ’δ’
1657 5808 1799 5867 Psal.
1827 5821 2017 5866 cum,
2055 5803 2178 5859 155.
