3902 6526
516 385 622 443 5οΊ

1613 375 1988 432 ANONYMUS
2026 373 2091 426 IN
2125 373 2262 428 JOB.
2306 372 2532 430 —.LIB.
2574 373 2663 430 Ill.

3651 371 3763 427 508

518 502 640 573 igne
677 515 889 557 eruere.
931 499 988 554 Si
1017 507 1195 552 autem
1229 511 1290 551 se
1335 496 1588 565 adjuvare
1619 511 1723 550 non
1755 503 2000 565 possunt,
2037 501 2088 546 te
2118 501 2164 556 Α
2193 493 2564 556 relinquamus
2602 501 2855 559 tanquam
2883 504 3092 561 paruam
3118 490 3414 562 gehennze,
3446 489 3566 543 haec
3595 503 3763 542 exse-

517 594 749 664 qualiter
799 589 1347 658 adjuvabnnt‘lQuod
1393 589 1439 642 si
1489 603 1548 642 se
1595 587 1660 642 de
1704 590 1834 657 igne”
1853 602 1958 640 non
1991 600 2086 638 va-

520 684 630 740 lent
667 699 878 748 eruere,
911 698 944 738 o
972 683 1154 746 homo,
1192 680 1427 750 qualiter
1467 689 1659 734 eruent
1692 690 1741 734 te
1764 679 1832 732 ab
1863 676 2090 730 inﬁrmi-

519 773 675 828 tate?
709 773 802 827 Dic
829 815 842 836 ,
869 788 902 826 ο
925 772 1086 826 homo
1111 813 1126 836 ,
1158 770 1300 839 quod
1357 769 1808 824 medicamentum
1863 777 1947 824 est
1981 784 2090 823 me-

517 861 624 916 lius
653 877 792 931 pane
816 864 906 932 qui
944 862 1179 917 laetiﬁcat
1211 877 1307 915 cor
1327 860 1608 916 hominis?
1648 860 1751 915 Sed
1797 869 1852 914 et
1896 877 2088 930 panem

519 958 563 1009 si
598 956 736 1009 collo
767 956 1088 1025 appenderis
1110 964 1166 1008 et
1196 969 1300 1006 non
1331 953 1715 1015 momorderis,
1749 952 1831 1006 vel
1861 954 2086 1006 mandu-

519 1049 751 1111 caveris,
790 1048 921 1100 nihil
955 1047 1049 1100 tibi
1076 1045 1324 1113 prodest,
1355 1043 1488 1098 nihil
1541 1053 1591 1097 te
1635 1043 1806 1112 juvat.
1861 1045 1917 1096 Si
1962 1059 2092 1112 ergo

520 1138 678 1208 panis
723 1137 812 1206 qui
858 1147 942 1190 est
991 1137 1232 1206 corporis
1277 1136 1410 1198 vita,
1473 1134 1611 1188 collo
1664 1149 1930 1202 appensus
1960 1135 2090 1187 nihil

521 1229 760 1300 adjuvat,
785 1230 1058 1298 quomodo
1087 1226 1345 1292 adjurent
1382 1223 1711 1294 phylacteria
1751 1223 1832 1277 vel
1878 1223 2092 1278 lamina;

523 1323 831 1379 inanimatae
867 1331 1028 1390 atque
1059 1320 1222 1372 totius
1249 1319 1372 1371 vita:
1392 1318 1674 1371 exsortes?
1718 1315 1814 1369 Vel
1863 1316 2095 1384 qualiter

525 1413 784 1481 adjuvent
834 1408 1236 1463 incantationes
1305 1418 1359 1460 et
1420 1405 1677 1474 auguria,
1735 1405 2095 1460 divinationes

524 1517 736 1572 quoque
774 1510 934 1570 atque
985 1498 1278 1563 maleﬁcia,
1330 1513 1595 1552 occursus
1641 1497 1994 1552 nihilominus
2042 1507 2096 1552 ct

523 1593 838 1646 vocationes
864 1601 1026 1658 atque
1062 1590 1456 1652 revocationes,
1483 1604 1603 1659 qua:
1632 1600 1754 1644 sunt
1785 1589 2093 1643 daemonum

524 1684 812 1737 servitutes
855 1689 908 1734 et
939 1682 1238 1733 dzenmnum
1268 1680 1543 1734 illusiones
1585 1690 1747 1749 atque
1774 1681 2089 1736 idololatria:

525 1770 1001 1828 communicatio?
1034 1769 1214 1823 Infelix
1268 1783 1500 1836 namque
1546 1778 1628 1824 est
1670 1771 1759 1838 qui
1807 1770 1862 1824 in
1916 1779 2092 1825 statua

526 1864 820 1918 inanimata
849 1871 1052 1929 sperat,
1096 1860 1365 1914 infelicior
1409 1875 1535 1914 vero
1577 1862 1668 1929 qui
1722 1861 1774 1914 in
1825 1862 2098 1932 phylacte-
2131 1843 2173 1896 Β

505 1955 622 2024 ,ι’ἰίε
650 1954 877 2008 mortuis
900 1963 1100 2021 sperat.
1140 1952 1271 2006 Nam
1302 1953 1440 2006 sicut
1465 1953 1508 2007 is
1527 1953 1616 2023 qui
1643 1953 1801 2007 idolis
1829 1955 2094 2017 servierit,

528 2045 784 2101 interﬁci.
806 2056 1110 2116 praeceptus
1143 2055 1226 2100 est
1281 2046 1334 2099 in
1385 2045 1500 2115 lege
1556 2045 1672 2109 Dei,
1728 2045 1801 2098 ita
1844 2045 2099 2100 similiter

527 2139 706 2192 omnis
736 2140 1058 2200 incantator,
1089 2146 1144 2190 et
1170 2153 1466 2206 auguralis,
1495 2151 1559 2189 ac
1587 2135 1854 2199 divinans,
1885 2146 1940 2190 et
1970 2151 2100 2190 ven-

530 2227 818 2294 triloquus,
854 2237 1016 2296 atque
1069 2226 1344 2280 volucrum
1391 2241 1549 2280 voces
1598 2227 1919 2289 observans,
1975 2242 2097 2280 cum

527 2320 778 2372 omnibus
814 2319 1023 2373 caeteris
1063 2318 1343 2374 maleﬁciis
1382 2319 1602 2372 interire
1649 2327 1814 2387 atque
1867 2319 2097 2372 interﬁci

529 2421 830 2478 praeceptus
857 2419 957 2462 est.
985 2407 1110 2461 Post
1133 2423 1252 2476 quae
1276 2409 1552 2472 universa,
1581 2406 1876 2462 inferorum
1897 2407 2098 2471 ira,at-

527 2514 635 2569 que
663 2510 986 2554 tormentum
1022 2501 1303 2568 gehennae,
1341 2499 1602 2567 supplicia
1643 2512 1858 2568 quoque
1909 2499 2098 2554 :eterni

525 2592 737 2664 judicii,
783 2601 944 2660 atque
969 2591 1199 2644 ﬂammae
1237 2591 1378 2658 ignis
1412 2590 1866 2660 inexstinguibilis
1900 2605 2099 2659 exspe-

529 2691 896 2736 clanlomncs
930 2680 1232 2747 hujusmodi
1282 2681 1334 2733 in
1380 2693 1617 2750 tempore
1659 2681 2098 2736 resurrectionis.

531 2772 638 2827 Sed
667 2772 880 2825 interim
904 2772 1104 2825 bonum
1135 2781 1219 2825 est
1240 2771 1578 2841 interrogare
1609 2772 1740 2827 istos
1763 2775 1852 2842 qui
1878 2774 2100 2843 auguria

529 2863 870 2928 observant,
901 2874 1064 2932 atque
1093 2863 1408 2918 occursibus
1456 2873 1550 2917 aut
1593 2863 1968 2918 vocationibus
2013 2873 2104 2918 aut

532 2956 965 3010 revocationibus
993 2955 1299 3020 intendunt,
1329 2969 1447 3022 qua:
1480 2955 1691 3024 augurii
1743 2965 1883 3008 meta
1920 2970 2100 3007 occur-

533 3044 605 3100 rit
639 3043 928 3110 Pharaoni,
958 3060 1080 3098 cum
1135 3045 1274 3099 ﬁlios
1326 3045 1489 3099 Israel
1541 3057 1777 3112 secutus,
1828 3049 2103 3100 demersus

531 3142 616 3188 est
642 3135 693 3186 in
717 3135 955 3189 Rubrum
986 3150 1152 3196 mare,
1194 3144 1252 3188 ut
1291 3151 1388 3188 nec
1415 3136 1635 3190 nuntius
1657 3136 1926 3189 innumeri
1956 3151 2103 3190 exer-

533 3224 672 3278 citus
703 3222 1080 3294 .‘Egyptiorum
1107 3226 1456 3292 superesset?
1479 3226 1610 3290 Quis
1645 3227 1855 3280 vocavit
1889 3225 2098 3280 Senna-

533 3316 723 3370 cherib
757 3331 936 3385 regem
967 3317 1338 3387 Assyriorum,
1373 3317 1457 3371 vel
1491 3332 1609 3385 qua:
1637 3319 1752 3372 avis
1776 3319 1971 3373 cecinit
2002 3317 2099 3384 illi,

534 3419 654 3460 cum
689 3422 718 3460 a
762 3405 946 3460 Judaea
975 3407 1248 3475 profectus
1280 3408 1533 3462 omnibus
1580 3409 1680 3462 sub
1713 3424 1816 3461 una
1849 3421 2004 3463 nocte
2034 3413 2101 3462 ad

534 3503 750 3549 centum
769 3496 1040 3565 octoginta
1059 3496 1299 3564 quinque
1324 3495 1488 3549 millia
1519 3496 1857 3550 exercituum
1883 3511 2102 3550 suorum

538 3583 782 3646 amissis,
811 3595 865 3638 et
895 3584 1154 3638 confusus
1185 3586 1252 3638 ad
1306 3587 1579 3656 regionem
1627 3602 1780 3640 suam
1834 3603 2100 3653 reversus,

535 3673 715 3743 gladio
749 3675 800 3728 in
832 3675 994 3729 domo
1019 3675 1110 3730 Dei
1141 3677 1224 3730 sui
1269 3678 1544 3742 ceciderit,
1579 3687 1634 3732 et
1685 3693 1791 3732 non
1835 3681 2106 3748 potuerint

535 3781 658 3818 eum
679 3763 960 3831 adjuvare.
985 3781 1160 3836 neque
1181 3767 1318 3821 idola
1335 3767 1472 3836 ejus,
1496 3783 1670 3838 neque
1690 3771 2121 3834 incantationes,‘

540 3871 710 3926 neque
756 3857 1048 3922 veneﬁcia,
1105 3874 1279 3929 neque
1352 3861 1615 3931 auguria?
1684 3861 1946 3915 Similiter
2006 3877 2105 3916 nec

537 3946 875 4002 Pharaonem
911 3950 1085 4016 potuit
1137 3949 1429 4006 defendere
1478 3951 1765 4006 multitudo
1812 3952 2101 4015 idolorum,

538 4048 699 4108 atque
725 4041 960 4094 omnium
990 4041 1276 4105 maleﬁcia,
1313 4055 1367 4097 et
1400 4043 1755 4112 plurintorum
1785 4044 2107 4098 incantatio-

538 4149 633 4190 nes
674 4151 793 4205 quze
823 4135 1040 4190 fuerunt
1079 4139 1132 4191 in
1167 4136 1406 4208 ASgypto
1441 4154 1550 4208 prae
1592 4139 1807 4194 caeteris
1853 4140 2107 4194 oumibus

536 4226 808 4296 gentibus.
854 4228 994 4281 sicut
1031 4229 1227 4282 dicitur
1269 4229 1501 4298 quodam
1549 4229 1602 4282 in
1638 4229 1758 4284 loco
1803 4227 2106 4285 :Fecerunt

537 4325 711 4370 autem
738 4321 1089 4372 incantatores
1129 4317 1500 4387 [Egyptiorum
1545 4318 1791 4372 similiter
1839 4311 2106 4387 maleﬁciis

537 4407 646 4459 suis
671 4407 736 4459 '°.
767 4409 871 4461 Sed
901 4423 1004 4461 non
1047 4409 1225 4461 timuit
1250 4407 1492 4462 Rubrum
1523 4425 1673 4463 mare
1707 4410 2107 4464 incantationes

538 4507 699 4565 atque
716 4498 978 4553 maleﬁcia
1014 4515 1220 4564 eorum,
1251 4510 1414 4569 atque
1443 4500 1722 4569 accipiens
1755 4502 1842 4554 Dei
1878 4503 2106 4556 manda-

540 4600 652 4645 tum
703 4601 922 4645 cunctos
969 4592 1146 4646 subito
1194 4592 1456 4647 demersit
1503 4594 1553 4646 in
1586 4593 1929 4660 profundum.
1966 4592 2104 4659 Quid

539 4681 738 4752 profuit
781 4681 926 4736 Sauli
964 4683 1103 4750 quod
1154 4684 1396 4739 exiturus
1430 4685 1496 4738 ad
1535 4684 1777 4752 praelium
1813 4686 2044 4752 primum
2073 4701 2102 4738 a

539 4773 649 4828 Deo
677 4774 958 4827 discedens
987 4775 1052 4827 ad
1079 4774 1288 4828 divinos
1315 4777 1595 4842 confugit,
1631 4786 1686 4830 et
1713 4776 1991 4829 mulierem
2041 4777 2106 4830 de

537 4873 733 4920 eventu
777 4865 1082 4932 loquentem
1130 4865 1400 4932 quaesivit,
1465 4875 1520 4918 et
1562 4881 1685 4919 cum
1737 4866 1913 4919 adhuc
1956 4881 2103 4935 spem

537 4975 690 5015 suam
709 4969 1070 5025 converteret,
1100 4968 1156 5013 et
1175 4969 1538 5029 exspecmret,
1568 4973 1691 5013 cum
1722 4959 1909 5013 multis
1934 4961 2106 5028 proti-

537 5069 640 5107 nus
667 5053 874 5107 interiit
898 5053 942 5084 ⁵¹
971 5053 993 5106 ?
1023 5054 1202 5121 Atque
1231 5051 1502 5106 innumeri
1537 5051 1788 5106 similiter
1817 5053 1870 5106 in
1917 5052 2109 5105 incan-

540 5148 837 5209 tationibus
889 5158 946 5201 et
995 5145 1237 5215 auguriis
1271 5156 1434 5212 atque
1479 5144 1762 5198 maleﬁciis
1802 5154 2108 5213 sperantes,

539 5256 704 5312 super
740 5251 940 5296 terram
973 5240 1179 5304 miseri,
1209 5254 1275 5294 ac
1305 5239 1420 5294 sine
1448 5253 1543 5306 spe
1568 5239 1696 5292 facti
1727 5249 1868 5299 sunt,
1893 5247 1948 5291 et
1970 5237 2109 5304 apud

544 5333 749 5386 inferos
780 5341 1040 5400 perpetuo
1073 5330 1269 5398 puniti,
1301 5329 1728 5384 miserabiliores
1761 5329 1812 5382 in
1843 5335 2106 5382 mternum

543 5423 956 5490 permanebunt.
998 5421 1122 5476 Haec
1163 5423 1344 5490 itaque
1384 5423 1630 5474 universa
1660 5421 1994 5476 declinemus
2021 5459 2034 5478 ,
2065 5433 2108 5486 ⁶ο

542 5516 741 5582 amici;
778 5518 888 5570 haec
911 5517 1178 5584 fugiamus
1201 5525 1452 5583 tanquam
1484 5515 1751 5569 flammam
1785 5514 1926 5583 ignis
1949 5552 1965 5577 ,
1996 5513 2110 5565 haec

615 5713 664 5783 '?
699 5715 865 5769 Exod.
894 5731 987 5783 vn,
1025 5716 1106 5771 ll.

1182 5717 1223 5748 ⁸¹
1262 5717 1278 5770 l
1307 5716 1435 5786 Reg.
1458 5730 1646 5769 xxvttt.

545 5785 592 5818 "
624 5782 725 5842 Job
753 5801 834 5852 ιιι,
870 5787 917 5839 l.

1726 5715 1768 5745 "
1799 5713 1958 5768 Rom.
1987 5729 2102 5777 IIV,
2135 5712 2184 5766 8.

2189 597 2404 638 cremor
2429 591 2609 650 utpote
2632 582 2943 637 societatem
2977 581 3299 636 daemonum.
3335 579 3540 636 Omnes
3575 590 3762 632 autem

2191 688 2384 728 causas
2412 682 2628 727 nostras
2663 672 2776 727 sive
2801 671 3066 734 dolorum,
3093 670 3208 726 sive
3251 669 3602 739 languornm,
3637 667 3764 721 sive

2191 780 2492 836 poenarum,
2518 764 2631 818 sive
2653 762 3078 828 tribulationum,
3105 761 3218 815 sive
3251 761 3482 822 viarum,
3515 759 3632 812 sive
3666 758 3764 811 iti—

2192 871 2378 910 nerum
2401 894 2415 918 ,
2453 855 2565 908 sive
2586 854 3067 923 ingressuum,sive
3088 866 3396 920 cgressuum
3427 859 3626 905 cuncta
3649 849 3763 902 Deo

2191 944 2646 1006 commendemus,
2663 952 2854 996 cuneta
2871 940 2974 995 Deo
2988 941 3404 1006 committamus,
3420 950 3479 994 ut
3495 938 3764 993 Dominus

2192 1035 2458 1090 custodiat
2472 1049 2657 1089 omnes
2680 1037 2949 1101 ingressus
2962 1042 3120 1113 atque
3139 1033 3315 1086 exitus
3329 1041 3633 1097 nostros,ut
3654 1032 3764 1085 Do-

2195 1131 2368 1184 minus
2387 1129 2640 1183 fiatnobis
2656 1138 2972 1197 cooperator
3004 1135 3060 1182 et
3089 1141 3290 1191 comes,
3311 1135 3471 1195 atque
3496 1125 3765 1196 suifraga-

2197 1231 2281 1276 tor
2313 1223 2363 1274 in
2385 1223 2527 1273 omni
2555 1229 2810 1289 tempore,
2848 1219 2968 1274 etin
2999 1218 3143 1272 omni
3173 1217 3310 1281 loco,
3340 1217 3624 1286 utangelis
3644 1218 3765 1271 suis

2197 1313 2409 1366 mandet
2435 1311 2500 1365 de
2530 1311 2680 1364 nobis
2715 1319 2766 1362 ut
2805 1309 3103 1364 custodiant
3142 1323 3238 1364 nos
3271 1309 3322 1362 itt
3363 1307 3620 1362 omnibus
3659 1309 3766 1363 viis

2196 1402 2426 1466 nostris,
2456 1411 2514 1456 ut
2554 1417 2673 1454 cum
2723 1401 2922 1455 sanctis
2967 1400 3330 1454 connumerati
3366 1409 3769 1468 consequenter

2197 1495 2490 1548 etiamcum
2511 1492 2639 1561 ipsis
2655 1492 2893 1546 dicamus
2917 1507 2932 1545 :
2960 1491 3080 1546 Sive
3108 1491 3340 1553 vivimus,
3357 1489 3461 1544 sive
3483 1490 3765 1546 morimur.

2198 1584 2410 1638 Domini
2441 1600 2619 1637 sumus
2653 1584 2719 1638 ⁵⁸.
2760 1581 2873 1636 Νοιι
2901 1597 3085 1635 sumus
3117 1582 3416 1647 idolorum,
3465 1595 3646 1649 neque
3681 1581 3769 1634 in-

2199 1679 2604 1742 cantationum,
2643 1690 2816 1744 neque
2847 1675 3193 1746 auguriorum
3213 1715 3228 1740 ,
3252 1690 3430 1745 neque
3467 1675 3770 1728 divinatio-

2202 1782 2324 1820 num
2345 1805 2360 1830 ,
2396 1780 2571 1836 neque
2599 1764 2984 1820 maleﬁciorum
3011 1803 3026 1827 ,
3059 1779 3231 1833 neque
3277 1765 3769 1836 phylacteriorum.

2199 1873 2373 1926 neque
2407 1858 2568 1912 ullius
2615 1859 2804 1912 horum
2843 1872 2964 1926 quae
3006 1865 3134 1910 sunt
3179 1858 3414 1912 servitus
3457 1857 3770 1912 da'monum

2198 1957 2252 2003 et
2292 1948 2490 2002 diaboli
2527 1949 2869 2004 seductiones
2903 1968 2916 2003 :
2956 1949 3047 2002 sed
3081 1948 3290 2003 Domini
3315 1964 3527 2016 sumus,
3553 1950 3649 2019 qui
3683 1952 3772 2004 do-

2199 2041 2433 2094 minatur
2461 2041 2583 2094 vita-
2611 2051 2666 2094 et
2695 2041 2876 2104 morti,
2910 2041 2997 2109 qui
3033 2042 3192 2096 habet
3226 2050 3554 2110 potestatem
3584 2043 3773 2096 carnis

2197 2141 2251 2185 et
2279 2132 2522 2201 spiritus,
2556 2133 2606 2184 in
2633 2132 2784 2200 cujus
2810 2132 3057 2186 manibus
3078 2133 3326 2187 vivorum
3364 2133 3771 2202 spiramentum

2198 2233 2300 2278 est.
2331 2223 2422 2278 Sic
2471 2239 2701 2292 namque
2730 2232 2784 2278 et
2833 2224 2971 2277 beati
3031 2223 3103 2277 illi
3132 2225 3228 2278 viri
3283 2223 3372 2292 qui
3400 2233 3671 2278 venerunt
3706 2224 3774 2277 ad

2198 2314 2318 2381 Job,
2339 2315 2502 2379 idest,
2528 2315 2683 2368 amici
2709 2314 2847 2383 ejus,
2870 2330 2988 2369 cum
3010 2325 3189 2369 essent
3216 2315 3452 2385 religiosi
3483 2313 3578 2368 Dei
3597 2315 3777 2368 culto-

2202 2419 2312 2472 res,
2345 2420 2539 2460 onmes
2566 2407 2935 2461 exsecrabiles
2969 2409 3268 2461 dazmonum
3303 2407 3656 2461 seductiones
3680 2406 3776 2459 de-

2201 2495 2485 2561 clinantes,
2523 2497 2844 2550 assederunt
2876 2497 2921 2551 ei
2966 2507 3174 2565 septem
3217 2496 3408 2552 diebus
3465 2506 3522 2549 et
3563 2504 3776 2564 septem

2203 2587 2472 2641 noctibus.
2501 2585 2761 2640 Maleﬁcia
2789 2596 2842 2640 et
2868 2586 3229 2641 divinationes
3248 2602 3351 2640 non
3372 2586 3773 2655 requisierunt,

2203 2680 2304 2732 nisi
2363 2681 2428 2733 ad
2472 2679 2644 2734 solum
2679 2677 2845 2733 Deum
2880 2681 3088 2734 animas
3127 2695 3252 2735 suas
3286 2679 3629 2741 levaverunt,
3675 2692 3779 2746 pro

2202 2771 2476 2825 doloribus
2514 2770 2616 2825 Job
2651 2781 2971 2841 gemuerunt
3002 2781 3162 2840 atque
3197 2771 3639 2840 suspiraverunt.
3674 2770 3779 2824 Se-

2201 2863 2395 2917 derunt
2424 2864 2562 2931 apud
2591 2879 2716 2917 eum
2751 2863 3014 2918 facientes
3051 2863 3172 2929 hoc,
3205 2863 3347 2932 quod
3392 2863 3444 2916 in
3487 2861 3777 2929 Scriptura

2199 2960 2322 3020 post
2358 2952 2464 3005 hoc
2493 2953 2749 3006 traditum
2779 2961 2863 3006 est
2885 2961 3010 3005 ante
3042 2951 3381 3021 Scripturam
3429 2951 3722 3020 implentes
3762 2969 3778 3004 :

2203 3041 2286 3096 Nc
2322 3043 2652 3113 denegaveris
2704 3053 2752 3097 te
2808 3044 3050 3107 ﬂentibus
3087 3043 3140 3095 in
3181 3044 3632 3107 consolationem;
3666 3055 3724 3098 et
3765 3065 3778 3097 :

2206 3132 2352 3189 Flete
2380 3152 2496 3188 cum
2531 3135 2865 3204 ﬂentibus";
2891 3145 2945 3191 et
2973 3153 2988 3192 :
3019 3135 3207 3190 Melius
3242 3147 3317 3188 est
3356 3135 3436 3190 ire
3473 3137 3529 3188 in
3561 3134 3782 3188 domum

2202 3226 2372 3280 luctus
2390 3243 2544 3296 quam
2574 3228 2629 3279 in
2658 3226 2867 3280 domum
2893 3229 3203 3296 epulationis
3231 3227 3298 3280 “.
3319 3227 3597 3282 Sedcrunt
3633 3226 3778 3293 apud

2202 3332 2324 3371 emn
2359 3326 2595 3372 tacentes
2631 3332 2794 3386 super
2820 3319 3078 3372 immensa
3127 3317 3243 3385 ejus
3287 3317 3552 3388 patientia
3599 3332 3662 3370 ac
3704 3326 3784 3370 to-

2204 3407 2452 3473 lerantia,
2494 3417 2656 3478 atque
2701 3410 3028 3463 constantia.
3081 3407 3213 3463 Nam
3257 3424 3378 3464 cum
3429 3423 3458 3461 a
3492 3407 3779 3462 vermibus

2204 3515 2398 3554 carnes
2455 3516 2582 3555 suas
2644 3501 2892 3555 devorari
2936 3502 3180 3566 videret,
3232 3501 3474 3571 gaudens
3518 3501 3784 3556 suStinuit

2204 3595 2344 3660 apud
2369 3593 2716 3661 semetipsum
2746 3593 3061 3648 existimans
3085 3609 3149 3648 ac
3173 3593 3360 3649 dicens
3387 3610 3402 3647 :
3437 3593 3495 3648 Si
3524 3593 3787 3648 celeriter

2203 3698 2392 3737 omnes
2437 3699 2632 3738 carnes
2674 3699 2806 3738 mea:
2843 3694 3174 3754 consumpta:
3234 3683 3468 3748 fuerint,
3524 3686 3785 3742 celeriter

2205 3772 2258 3826 in
2294 3773 2751 3843 incorruptionem
2807 3774 3136 3844 suscipietur
3165 3775 3389 3844 spiritus
3413 3816 3429 3840 ,
3462 3776 3783 3845 properabit

2205 3865 2271 3916 ad
2298 3863 2462 3918 Deum
2496 3865 2670 3918 anima
2697 3880 2818 3919 mea
2870 3869 3193 3934 quantocius
3232 3876 3431 3920 terram
3473 3877 3644 3922 terra;
3701 3883 3782 3921 re.

2206 3957 2475 4024 linquens,
2501 3966 2552 4010 et
2573 3969 2767 4026 corpus
2824 3957 2927 4013 hoc
2970 3967 3093 4012 ante
3140 3959 3451 4029 sepulcrmn
3497 3961 3555 4013 in
3600 3973 3781 4013 escam

2205 4050 2482 4104 vermibus
2533 4051 2773 4105 tradens.
2822 4049 2949 4105 Sive
2997 4059 3120 4105 ante
3164 4059 3428 4116 mortem,
3497 4053 3619 4105 sive
3663 4058 3783 4118 post

2208 4150 2438 4194 mortem
2482 4157 2678 4212 corpus
2715 4143 2816 4196 hoc
2871 4143 3142 4198 vermibus
3177 4144 3231 4198 in
3263 4144 3662 4198 comestioiiem
3697 4157 3782 4194 re-

2208 4233 2484 4302 linquetur
2518 4236 2657 4290 sicut
2689 4236 2817 4289 dicit
2845 4247 2960 4304 post
3008 4238 3120 4291 haec
3150 4254 3164 4289 :
3203 4236 3332 4290 Cum
3381 4247 3630 4290 mortuus
3663 4235 3782 4303 fue-

2210 4325 2275 4375 rit
2303 4326 2455 4376 homo
2495 4325 2658 4391 capiet
2709 4327 3062 4378 [nereditatem
3107 4327 3296 4378 bestias
3343 4337 3391 4379 et
3451 4325 3704 4390 replilia,
3733 4333 3782 4378 et

2210 4429 2402 4466 vermes
2417 4415 2483 4467 ⁸⁸.
2510 4414 2642 4468 Cum
2682 4414 2985 4482 hujusmodi
3019 4415 3249 4484 plurima
3287 4416 3479 4469 beatus
3507 4415 3612 4470 Job
3643 4414 3784 4482 apud

2211 4506 2559 4574 semetipsum
2635 4505 2982 4574 loqueretur,
3055 4517 3258 4574 septem
3323 4506 3517 4559 diebus
3597 4514 3783 4557 tacens

2211 4597 2483 4651 sustinuit.
2515 4597 2712 4651 Eadem
2760 4598 3005 4653 videlicet
3051 4607 3348 4652 tractantes
3387 4607 3441 4650 et
3473 4596 3635 4650 amici
3665 4595 3781 4663 ejus

2211 4688 2301 4756 qni
2327 4687 2390 4742 ad
2423 4703 2545 4742 eum
2595 4699 2876 4754 venerunt,
2906 4699 3188 4744 tacuerunt
3218 4692 3382 4742 etiam
3420 4689 3520 4757 ipsi
3549 4689 3696 4742 velut
3727 4688 3781 4740 in

2212 4789 2486 4849 stuporem
2523 4781 2760 4845 deducti,
2793 4796 2854 4836 os
2888 4781 3100 4851 aperire
3150 4796 3257 4835 non
3295 4780 3564 4843 valentes,
3607 4791 3785 4850 neque

2212 4870 2425 4924 initium
2462 4871 2747 4924 locutionis
2777 4871 3130 4926 invenientes.
3169 4870 3274 4925 Sed
3301 4870 3441 4924 ultra
3475 4885 3581 4925 non
3615 4869 3782 4924 suSti~

2213 4962 2326 5014 nuit
2339 4961 2808 5016 constantissimus
2823 4961 3021 5016 illeJob
3035 4963 3206 5029 ipsam
3226 4963 3671 5024 taciturnitatem,
3688 4963 3783 5016 sed

2215 5058 2420 5126 primus
2457 5059 2621 5126 carpit
2647 5057 2815 5124 loqui,
2845 5067 3028 5126 utpote
3057 5058 3261 5126 primus
3289 5059 3344 5112 in
3367 5060 3482 5127 ipsa
3513 5060 3782 5129 passione,

2215 5157 2398 5214 utpote
2443 5147 2590 5202 solus
2632 5158 2904 5202 sustinens
2950 5149 3061 5216 ipsa
3095 5148 3312 5202 vulnera
3361 5159 3525 5219 atque
3551 5149 3782 5203 dolores.

2213 5234 2513 5290 Dicitenim
2553 5255 2567 5290 :
2595 5236 2721 5289 Post
2751 5239 2860 5290 lucc
2895 5239 3098 5306 aperuit
3134 5255 3190 5290 os
3217 5255 3369 5291 suum
3389 5239 3453 5290 “.
3489 5238 3618 5292 Post
3649 5237 3783 5291 haec.

2213 5324 2504 5395 Postquam
2534 5327 2854 5395 praecipuam
2880 5327 3021 5381 illam
3048 5328 3351 5396 passionem
3384 5330 3621 5387 transiit.
3640 5336 3790 5396 post-

2215 5433 2373 5483 quam
2403 5418 2930 5472 vebementissimum
2958 5419 3195 5474 dolorem
3221 5419 3460 5482 sustulit,
3495 5430 3788 5489 postquam

2215 5508 2268 5561 in
2301 5509 2492 5564 validis
2525 5510 2809 5582 impetuosi
2845 5513 3161 5582 nequissimi
3201 5512 3649 5568 inundationibus
3678 5525 3788 5565 non

2261 5714 2305 5744 ⁸³
2335 5714 2490 5769 Rom.
2531 5731 2627 5781 xu,
2659 5716 2740 5770 l5.
2819 5718 2863 5748 δ’
2895 5716 3069 5771 Ecclc.
3102 5731 3192 5780 vn,
3223 5715 3273 5768 5.
3355 5715 3400 5746 ⁵⁸
3423 5711 3523 5768 Job
3549 5727 3662 5775 xxi,
3690 5709 3788 5781 26.
