3942 6526
241 389 357 448 509

1348 384 1734 445 ANONYMUS
1769 385 1835 442 IN
1875 384 2015 444 JOB.
2053 419 2123 430 —
2158 385 2290 444 LIB.
2331 386 2420 446 ιιι.

3409 395 3513 453 515

236 521 332 568 est
360 508 704 572 submersus,
732 516 1018 579 postquam
1060 522 1159 578 pro
1184 508 1440 565 omnibus
1469 524 1590 578 qum
1619 509 1667 565 ei
1693 507 1831 564 acci-
1861 511 1907 571 Δ
1934 507 2250 565 vulneribus
2294 506 2609 574 defecerint,
2647 507 2887 578 atquein
2919 505 3194 566 doloribus
3219 512 3515 569 succubue-

237 603 442 658 derant
475 599 679 668 gratias
726 599 956 655 Domino
989 601 1132 671 egit.
1172 611 1334 670 atque
1371 616 1566 657 nomen
1621 600 1832 656 Domini

235 691 544 748 benedixit.
595 691 886 758 Postquam
939 690 1104 761 igitur
1155 705 1250 761 per
1302 700 1496 746 cuncta
1543 690 1831 746 victoriam

232 783 496 852 sumpsit,
524 791 643 853 post
673 782 790 837 haec
814 781 1168 838 nihilominus
1191 782 1403 852 aperuit
1437 797 1500 837 os
1521 798 1676 837 suum
1706 797 1829 838 cum

233 874 460 940 ﬁducia,
478 890 600 928 cum
616 874 899 945 patientia.
923 874 1154 930 Posthac
1173 876 1385 944 aperuit
1404 889 1465 930 os
1489 890 1666 939 suum,
1682 883 1832 945 post-

229 982 401 1037 quam
430 967 692 1023 adversus
713 975 888 1022 tantos
905 967 1176 1022 daemones
1197 981 1518 1037 congressus
1545 977 1626 1022 est
1647 967 1822 1030 solus,

229 1068 471 1125 quantos
503 1059 850 1114 sustinebant
880 1060 974 1130 qui
1029 1059 1266 1115 edebant
1299 1074 1491 1114 carnes
1518 1058 1653 1127 ejus.
1689 1057 1824 1113 Nam

227 1151 378 1206 sicut
421 1151 674 1220 superius
723 1151 776 1207 in
818 1152 1100 1221 praedones
1149 1149 1465 1218 aliquando,
1500 1151 1824 1220 quandoque

227 1252 416 1296 autem
448 1242 504 1297 in
541 1242 741 1312 ignem,
772 1258 1162 1312 nonnunquam
1193 1241 1245 1295 in
1276 1243 1497 1296 ventum
1538 1242 1823 1295 vertebant

224 1333 639 1403 senequissimi
668 1334 894 1403 spiritus
937 1351 951 1388 :
990 1334 1070 1390 sic
1099 1341 1155 1387 et
1198 1349 1340 1388 nunc
1372 1333 1493 1388 istic
1539 1333 1591 1388 in
1641 1333 1822 1388 multi-

226 1425 477 1480 tudinem
501 1427 768 1482 vermium
811 1424 1292 1482 innumerabilium
1321 1441 1380 1480 se
1413 1433 1685 1481 vertentes
1718 1427 1820 1480 im-

223 1528 523 1585 parcenter
543 1519 874 1574 devorabam
908 1534 1104 1576 carnes
1132 1519 1254 1574 Job.
1273 1518 1405 1573 Nam
1431 1533 1555 1574 cum
1580 1519 1816 1574 animam

222 1623 337 1663 non
366 1609 613 1666 valerent
641 1620 882 1682 tangere,
907 1627 1119 1667 omnem
1146 1612 1488 1682 iniquitatem
1517 1621 1572 1668 et
1599 1628 1814 1668 onmem

223 1701 371 1756 iram
407 1717 560 1757 suam
593 1703 645 1756 in
671 1718 901 1772 corpore
937 1704 1066 1774 justi
1115 1705 1262 1759 illius
1307 1704 1670 1770 exercebant,
1702 1713 1820 1758 tan-

221 1804 339 1848 tum
372 1811 496 1849 eum
541 1794 840 1866 aﬂligentes
877 1806 1140 1867 quantum
1184 1795 1488 1867 iniquitatis
1518 1798 1808 1864 ltabebant,

219 1895 392 1954 atque
445 1901 706 1941 exercere
758 1887 1007 1956 permissi
1060 1887 1294 1944 fuerant.
1356 1890 1630 1944 Adversus
1680 1903 1810 1961 ergo

220 1983 410 2030 tantos
441 1975 718 2031 daemones
750 1977 992 2032 certabat
1016 1977 1118 2034 Job
1143 2018 1160 2042 ,
1190 1989 1422 2046 quantos
1465 1997 1677 2036 vermes
1716 1982 1812 2036 ha-

216 2063 394 2120 bebat
429 2067 483 2120 in
528 2081 762 2137 corpore
817 2085 938 2125 suo.
975 2068 1108 2124 Nam
1156 2072 1427 2127 daemones
1473 2087 1568 2140 per
1599 2088 1812 2130 vermes

216 2158 589 2213 cumedebant
623 2170 789 2228 atque
819 2161 1175 2229 perforabant
1205 2177 1398 2218 carnes
1418 2163 1554 2234 ejus.
1593 2163 1670 2219 De
1700 2167 1810 2234 qui-

216 2251 323 2305 bus
345 2251 603 2306 omnibus
627 2253 907 2307 victoriam
926 2269 1022 2324 per
1049 2254 1390 2310 tolerantiam
1419 2271 1657 2323 sumens,
1673 2270 1724 2312 et
1745 2261 1809 2314 de

213 2345 474 2400 omnibus
493 2360 745 2414 persnam
759 2347 1118 2401 constantiam
1141 2348 1506 2418 triumphator
1519 2351 1806 2414 exSistens.

213 2447 346 2506 post
379 2437 498 2492 haec
555 2438 810 2492 universa
841 2438 1056 2506 aperuit
1083 2455 1146 2494 ns
1174 2425 1373 2494 suum.
1407 2439 1545 2508 Quid
1573 2443 1757 2498 dicens
1783 2443 1806 2497 ?

212 2527 438 2582 Certum
465 2537 551 2582 est
578 2528 704 2596 quia
747 2528 850 2582 hoc
891 2529 1032 2582 dixit
1064 2529 1206 2598 quod
1244 2539 1365 2600 post
1404 2531 1508 2586 hoc
1537 2532 1710 2586 sancti
1752 2533 1804 2587 in

215 2615 504 2686 Scriptura
552 2629 877 2685 posuerunt.
917 2617 1142 2688 Tempus
1192 2636 1254 2672 ac
1305 2630 1504 2689 tempus
1547 2624 1688 2676 omni
1732 2627 1804 2677 rei

210 2706 308 2759 sub
344 2705 475 2768 sole,
513 2717 717 2776 tempus
759 2706 1027 2777 loquendi,
1046 2718 1094 2762 et
1135 2719 1334 2778 tempus
1370 2713 1574 2765 tacendi
1600 2712 1668 2768 ⁸⁷.
1699 2711 1804 2766 Ta-

209 2795 450 2862 cuimus,
499 2796 696 2866 inquit,
726 2812 760 2851 o
789 2798 886 2852 viri
939 2815 1110 2868 usque
1151 2802 1217 2854 ad
1251 2811 1480 2872 tempus,
1520 2803 1804 2874 loquamur

209 2901 358 2940 nunc
389 2886 446 2940 in
485 2896 745 2956 tempore.
781 2887 904 2943 llaec
945 2889 1130 2960 itaque
1162 2891 1348 2947 dicens
1379 2893 1590 2962 aperuit
1621 2894 1721 2950 Joh
1741 2912 1803 2951 os

206 2991 394 3031 suum.
419 2977 729 3043 Persarum,
751 2979 1020 3048 inquiens,
1059 2996 1122 3036 ac
1151 2980 1424 3038 Medorum
1453 2996 1613 3055 atque
1637 2985 1802 3042 Chal-

207 3069 452 3123 daeorum
492 3085 656 3140 regna
705 3079 757 3125 et
791 3082 1016 3142 gentes,
1059 3087 1250 3128 omnes
1286 3076 1490 3143 pariter
1532 3078 1705 3146 pusilli
1745 3089 1800 3134 et

1935 603 2060 666 rim,
2102 616 2169 655 ne
2211 615 2298 656 me
2331 607 2642 670 superatum
2679 600 2843 655 fuisse
2877 608 3067 669 putent
3101 611 3194 655 aut
3222 600 3510 668 defecisse,

1931 701 2027 747 aut
2053 692 2417 758 debilitatum,
2437 691 2532 747 sed
2561 692 2745 746 norint
2769 692 2896 763 quia
2925 692 3163 747 viriliter
3191 703 3277 748 sto
3318 694 3512 748 adver-

1929 799 2023 839 sus
2068 782 2360 853 nequitiam
2386 797 2598 848 eorum,
2633 791 2686 838 et
2721 798 2842 839 cum
2874 784 3068 838 fiducia
3110 784 3336 854 loquens
3380 801 3510 840 con-

1930 885 2111 931 tcnmo
2142 875 2376 930 malitias
2404 885 2568 941 atque
2606 876 2876 931 versutias
2915 876 3146 930 illorum.
3201 876 3305 930 Sed
3331 877 3509 931 adhuc

1927 969 1997 1023 ob
2027 971 2149 1030 hoc,
2175 968 2372 1038 inquit,
2400 976 2460 1020 ut
2483 967 2892 1022 advenientibus
2919 968 3109 1022 amicis
3133 968 3268 1023 meis
3297 984 3358 1022 os
3379 983 3506 1038 ape-

1926 1059 2084 1124 riam,
2137 1070 2300 1131 atque
2347 1061 2598 1131 loquendi
2652 1060 2756 1114 illis
2794 1070 3002 1128 tempus
3050 1061 3354 1116 ostendam.
3389 1061 3501 1116 Nisi

1923 1153 2067 1206 enim
2093 1167 2191 1222 ego
2228 1167 2446 1223 cmpero
2482 1151 2652 1219 loqui,
2702 1166 2977 1218 nunquam
3014 1151 3101 1206 isti
3138 1168 3199 1208 os
3238 1155 3502 1208 auderent

1923 1241 2139 1307 aperire
2181 1239 2680 1295 vehementioribus
2729 1239 3009 1295 doloribus
3046 1242 3342 1311 perterriti.
3394 1241 3503 1299 Pro

1924 1331 2006 1386 bis
2047 1348 2176 1402 ergo
2224 1332 2476 1387 omnibus
2517 1341 2682 1400 atque
2715 1347 2814 1402 pro
2863 1333 3056 1387 horum
3097 1334 3337 1387 omnium
3371 1349 3501 1389 con~

1919 1422 2301 1486 summatione,
2329 1423 2540 1491 aperuit
2572 1438 2635 1477 os
2665 1438 2822 1477 suum
2843 1465 2857 1488 ,
2887 1434 2941 1477 et
2971 1423 3327 1478 maledicebat
3358 1425 3498 1479 diem

1918 1530 2094 1569 suum.
2127 1513 2250 1568 Haec
2278 1515 2562 1568 audientes
2603 1514 2820 1583 quidam
2861 1529 2923 1568 ex
2956 1514 3316 1578 vcrtibilihus,
3347 1524 3400 1570 et
3425 1515 3502 1570 in-

1915 1607 2239 1676 sipientibus
2284 1621 2349 1660 ac
2393 1607 2681 1676 imperitis,
2715 1622 2974 1660 accusare
3016 1616 3176 1676 atque
3207 1608 3500 1675 reprehen-

1915 1700 2042 1754 dere
2067 1699 2272 1768 justum
2321 1699 2466 1752 illum
2515 1697 2616 1754 Job
2678 1699 2791 1752 ausi
2839 1710 2986 1756 sunt.
3018 1701 3172 1765 quasi
3210 1701 3298 1768 qui
3331 1701 3494 1753 Deum

1915 1791 2396 1862 blasphemavcrit,
2424 1802 2477 1846 et
2509 1791 2650 1846 diem
2693 1807 2848 1846 suum
2895 1793 3260 1846 maledixcrit.
3291 1792 3497 1859 Quibus

1915 1881 2128 1936 duriter
2160 1882 2357 1936 restitit
2388 1882 2503 1949 ipse
2538 1881 2682 1936 Deus
2707 1883 2759 1936 in
2793 1883 2951 1936 ﬁnem
2985 1882 3144 1950 huius
3176 1880 3493 1948 Scripturaa,

1912 1990 2032 2029 cum
2057 1990 2304 2030 veracem
2335 1985 2587 2030 astruens
2621 1974 2722 2030 Job
2746 1976 2874 2030 dicit
2902 1975 2966 2029 ad
3006 1973 3225 2043 Eliphaz
3257 1990 3268 2020 τ
3301 1972 3499 2028 Pecca-

1910 2069 1979 2123 sti
2005 2077 2061 2121 tu
2084 2068 2172 2138 qui
2207 2068 2272 2122 dc
2323 2079 2542 2134 peccato
2587 2067 2856 2123 accusasti
2888 2065 3010 2134 Joh,
3057 2065 3160 2120 Joh
3207 2081 3337 2121 vero
3387 2082 3493 2122 non

1909 2160 2156 2228 peccavit
2195 2176 2209 2212 :
2252 2159 2489 2214 Peccasti
2539 2170 2596 2213 tu
2633 2171 2680 2214 et
2724 2161 2831 2214 duo
2876 2160 3034 2212 amici
3081 2159 3180 2213 tui.
3212 2158 3292 2213 ΘΙ)
3331 2175 3493 2227 quam

1911 2266 2024 2305 rem
2047 2251 2071 2304 i
2093 2249 2173 2307 0h
2203 2252 2324 2314 hoc,
2365 2252 2560 2319 inquit,
2579 2253 2701 2315 quia
2729 2268 2833 2305 non
2863 2250 3028 2304 locuti
3053 2252 3178 2304 estis
3207 2251 3494 2320 quidquam

1908 2341 2140 2395 ueritatis
2165 2341 2217 2394 in
2237 2351 2519 2409 conspectu
2545 2357 2677 2399 meo.
2704 2342 2838 2396 sicut
2864 2340 3098 2409 {anzulus
3126 2358 3267 2394 meus
3305 2340 3404 2394 Job
3424 2339 3491 2394 ’ὀ

1908 2433 2079 2501 Quem
2128 2450 2259 2504 ergo
2294 2435 2407 2504 ipse
2444 2433 2586 2489 Dens
2626 2434 3162 2503 irreprehensibilem
3210 2435 3492 2489 confessus

1907 2536 2008 2589 est,
2041 2525 2298 2580 famulum
2334 2541 2490 2580 suum
2526 2541 2650 2581 eum
2701 2527 3043 2596 appellando,
3074 2536 3128 2580 et
3171 2527 3348 2581 hocin
3385 2527 3492 2581 line

1909 2618 2075 2673 totius
2121 2618 2467 2680 tolerantiae,
2519 2619 2642 2685 quis
2689 2634 2856 2673 sanus
2891 2619 3170 2673 criminari
3232 2619 3429 2672 audent
3467 2620 3493 2673 τ

1905 2707 2044 2774 Quis
2069 2708 2286 2776 sapiens
2325 2708 2729 2777 reprehendere
2757 2708 3103 2778 aggrediatur
3131 2708 3307 2775 iQuis
3343 2708 3487 2763 enim

1903 2800 2182 2855 accusabit
2210 2800 2414 2856 electos
2447 2800 2539 2855 Dei
2577 2800 2831 2855 iJustum
2878 2803 3146 2864 maxime,
3180 2816 3338 2870 quem
3370 2812 3490 2853 tan.

1907 2899 2017 2944 tum
2064 2888 2259 2956 elegit,
2300 2897 2357 2944 et
2397 2904 2456 2943 se
2508 2889 2735 2959 dignum
2782 2891 3110 2945 testilicatus
3158 2901 3276 2956 est,
3311 2891 3382 2944 ita
3431 2901 3489 2945 ιιι

1902 2982 2063 3035 etiam
2109 2982 2448 3036 sacerdotem
2507 2983 2656 3036 illum
2711 2981 3140 3052 delinquentium
3187 2984 3484 3037 amicorum

1901 3074 2280 3135 constitueret,
2311 3084 2366 3126 et
2416 3087 2512 3142 per
2544 3072 2690 3125 illum
2730 3081 2948 3140 peccata
2991 3088 3176 3126 eorum
3222 3073 3326 3127 illis
3362 3088 3487 3142 pro-

207 3160 392 3229 magni
424 3175 547 3215 cum
576 3163 1017 3219 manducaverint
1039 3182 1142 3220 non
1168 3168 1477 3237 loquuntur,
1501 3184 1620 3223 cum
1651 3169 1796 3224 bibe-
1825 3191 1868 3246 ο
1906 3163 2144 3216 mille"?!
2182 3164 2485 3218 remillel'e-
2530 3161 2744 3217 305W!“
2783 3177 2914 3230 ετεο
2945 3163 3035 3232 (ΙυῘ
3074 3177 3102 3214 ³
3137 3162 3246 3216 Deo
3288 3177 3486 3232 ουνεπ-

207 3253 321 3307 rint
373 3269 480 3308 non
513 3256 971 3322 sermocinantur,
1006 3259 1298 3313 maximam
1325 3268 1505 3314 notam
1571 3261 1798 3318 irratio-

205 3343 514 3401 nabiiitatis
554 3346 696 3402 hanc
744 3362 867 3404 esse
918 3349 1330 3416 existimantes,
1365 3353 1406 3405 si
1463 3354 1797 3410 manducans

200 3438 333 3506 quis
380 3437 678 3509 loquatur,
707 3441 791 3497 vel
834 3441 1028 3498 bibens
1077 3446 1446 3501 concionetur.
1488 3445 1696 3528 Idcirco
1740 3451 1793 3505 in

200 3527 345 3582 escis
371 3543 438 3584 ac
473 3531 689 3600 potibus
717 3548 779 3587 os
815 3549 920 3588 non
951 3535 1202 3604 aperiunt
1237 3537 1302 3590 ad
1333 3527 1680 3610 loquendum,
1702 3557 1795 3599 ne-

199 3635 306 3687 que
341 3621 440 3688 qui
482 3621 826 3690 ministrant,
869 3639 1043 3694 neque
1067 3626 1262 3695 quibus
1295 3629 1671 3696 ministratur,
1697 3633 1792 3688 sed

199 3711 427 3767 nutibus
476 3715 730 3770 omnibus
781 3717 1218 3773 ministrantibus
1267 3721 1609 3792 praecipiunt,
1654 3726 1791 3781 hanc

197 3805 651 3860 consuetudinem
677 3821 776 3874 pro
803 3809 1057 3863 mandato
1080 3826 1107 3863 a
1133 3812 1405 3878 prioribus
1437 3814 1785 3884 accipientes,

194 3904 249 3948 et
280 3894 434 3950 veiut
477 3895 650 3966 legem
694 3898 832 3952 hanc
862 3914 985 3953 cum
1019 3900 1382 3957 sollicitudine
1409 3905 1784 3977 observantes,

193 3996 252 4038 et
279 3985 374 4055 qui
416 3986 557 4041 hanc
596 3985 879 4042 violaverit
925 3998 1182 4060 tanquam
1224 3995 1459 4049 maxima
1512 4005 1787 4067 transgre-

193 4076 496 4147 diensjnra
533 4089 840 4148 torquetur.
876 4079 933 4136 Si
975 4081 1174 4146 Persae.
1212 4083 1406 4156 inquit,
1437 4103 1501 4142 ac
1537 4088 1673 4144 Medi
1699 4100 1784 4144 at-

191 4182 300 4238 que
334 4183 532 4224 omnes
567 4169 801 4224 Chaldaei
824 4185 1156 4239 supervacue
1199 4176 1358 4229 istam
1386 4175 1676 4234 observant
1706 4189 1785 4235 ta-

191 4259 568 4313 citurnitatem
597 4301 612 4323 ,
661 4275 760 4316 nos
805 4275 954 4325 vero,
993 4277 1026 4316 o
1065 4262 1190 4329 viri,
1237 4263 1348 4330 ait,
1380 4274 1545 4321 totam
1581 4267 1783 4324 hebdo-

192 4353 412 4407 madam
455 4353 512 4406 in
568 4355 945 4411 taciturnitate
985 4365 1148 4427 atque
1197 4356 1405 4426 jejunio
1455 4371 1779 4432 peragentes

193 4443 603 4499 rationabiliter
655 4460 798 4501 nunc
850 4447 995 4519 loqui
1045 4448 1388 4518 incipiamus.
1449 4451 1668 4519 Aperuit
1720 4469 1778 4509 os

1903 3267 1988 3310 tus
2017 3256 2472 3324 est,quisaudeal
2504 3255 2907 3325 reprehendere
2929 3256 3014 3309 vel
3043 3270 3304 3310 accusare
3328 3257 3482 3326 quasi

1899 3346 2092 3402 illicite
2125 3348 2267 3402 diem
2315 3363 2472 3402 suum
2509 3347 2927 3401 maledicentem
2954 3346 2978 3399 ἲ
3009 3345 3183 3414 Super
3216 3361 3336 3415 ane
3367 3362 3483 3401 om-

1897 3438 2010 3499 nia,
2039 3452 2073 3492 ο
2099 3437 2222 3501 viri,
2257 3437 2300 3492 si
2345 3439 2414 3491 ob
2460 3438 2563 3492 hoc
2597 3437 3018 3508 reprehenditur
3048 3435 3168 3501 Job,
3207 3438 3291 3492 vel
3323 3453 3483 3494 accu-

1894 3537 2046 3582 satur
2078 3529 2224 3598 quod
2254 3528 2398 3582 diem
2444 3542 2604 3581 suum
2640 3526 3002 3590 :naledixerit,
3053 3527 3484 3598 reprehendatur

1895 3619 2098 3688 pariter
2142 3634 2267 3673 cum
2315 3618 2405 3672 illo
2440 3618 2525 3673 vel
2565 3628 2850 3673 accusetur
2914 3619 3290 3674 sanctissimus
3329 3618 3483 3674 Jere-

1893 3709 2030 3764 mias
2059 3711 2342 3780 propheta.
2380 3707 2517 3763 Nam
2545 3710 2687 3765 sicut
2724 3707 2826 3764 Job
2859 3709 3136 3765 maledixit
3163 3712 3302 3766 diem
3342 3715 3482 3767 nati-

1893 3801 2073 3855 vitatis
2101 3816 2232 3864 suae,
2271 3802 2343 3855 ita
2382 3810 2438 3854 et
2476 3798 2750 3856 Jeremias
2794 3801 3069 3856 devotavit
3098 3802 3238 3855 diem
3285 3803 3481 3858 nativi-

1891 3893 2020 3947 tatis
2063 3908 2174 3947 suae
2207 3893 2274 3957 ‘°,
2339 3904 2391 3948 et
2434 3893 2618 3947 omnia
2674 3903 3079 3962 consequenter
3115 3894 3367 3949 similiter
3422 3903 3478 3948 ut

1885 3981 1986 4037 Juh
2025 3983 2232 4037 locutus
2277 3991 2358 4036 est
2394 3983 2460 4037 de
2498 3983 2585 4036 die
2618 3983 2940 4047 nativitatis,
2978 3993 3144 4053 atque
3171 3985 3238 4039 de
3264 3986 3478 4040 caeteris

1885 4076 2156 4131 onmibus.
2214 4074 2272 4129 Si
2326 4089 2457 4144 ergo
2513 4075 2861 4145 reprehendit
2907 4077 3051 4146 quis,
3086 4077 3166 4131 vel
3220 4086 3474 4140 accusat,

1885 4177 2148 4237 utrosque
2195 4166 2595 4238 reprehendere
2657 4167 2739 4220 vel
2776 4183 3037 4222 accusare
3067 4168 3246 4233 debet,
3294 4179 3345 4222 et
3376 4166 3478 4224 Job

1883 4272 1937 4316 et
1974 4260 2363 4326 Jeremiam,ot
2387 4261 2434 4318 si
2460 4263 2528 4317 de
2571 4261 2903 4330 blasphemia
2938 4271 3179 4326 accusat,
3210 4272 3470 4330 utrosque

1882 4355 2037 4411 debet
2071 4369 2353 4418 accusare,
2381 4365 2435 4408 et
2470 4352 2570 4408 Job
2598 4363 2652 4408 et
2686 4353 3002 4408 Jercmiam.
3043 4353 3282 4424 Uterque
3305 4354 3469 4418 enim,

1879 4456 1932 4499 et
1955 4442 2054 4499 Job
2091 4454 2146 4498 et
2181 4441 2469 4508 Jeremias,
2511 4443 2710 4498 similia
2755 4443 3033 4512 dixerunt,
3066 4443 3262 4498 similia
3299 4442 3469 4497 locuti

188 4552 345 4590 suum
375 4536 442 4591 ³³.
488 4535 665 4594 Persae
690 4578 705 4603 ,
747 4541 968 4610 inquit,
993 4550 1154 4611 atque
1189 4541 1308 4597 alia:
1336 4558 1459 4612 quae
1505 4560 1627 4600 cum
1674 4545 1779 4602 illis
1814 4549 1856 4604 ι)
1887 4546 2034 4601 sttnt,
2071 4538 2321 4592 eumdem
2361 4537 2504 4592 diem
2552 4537 2856 4592 nativitatis
2902 4552 3014 4592 sua:
3053 4537 3466 4602 maledixerunt,

189 4637 314 4683 sunt
347 4640 565 4698 gentes,
605 4645 728 4686 cum
763 4633 1211 4690 manducaverint
1244 4650 1351 4691 non
1379 4636 1692 4706 loquuntur,
1725 4651 1780 4695 et

188 4731 309 4770 cum
335 4717 578 4773 biberint
617 4737 722 4775 non
771 4722 1213 4778 sermocinantur
1245 4742 1260 4781 :
1290 4739 1390 4794 ego
1434 4740 1564 4781 vero
1595 4744 1625 4781 a
1649 4743 1776 4782 ver-

192 4808 370 4863 mibus
405 4820 680 4865 comestus
708 4819 870 4880 atque
899 4823 1274 4884 consumptus,
1303 4817 1596 4886 etsanguis
1622 4835 1775 4875 meus

190 4909 353 4970 atque
375 4901 612 4956 medulla
647 4917 770 4957 cum
795 4905 864 4958 ab
903 4905 1094 4960 iisdem
1137 4908 1415 4964 vermibus
1444 4908 1607 4966 fuerit
1633 4911 1776 4966 bibi-

191 5004 293 5058 tus,
331 4996 480 5050 tacui
513 5006 567 5050 et
591 5012 695 5051 non
719 5013 838 5052 sum
873 4998 1103 5054 locutus.
1133 4998 1288 5055 Nunc
1313 5011 1492 5058 autem
1519 5006 1778 5061 saturatis

187 5086 490 5151 vermibus,
540 5098 703 5157 atque
744 5089 851 5143 illis
875 5091 965 5160 qui
1004 5105 1089 5145 me
1129 5107 1224 5160 per
1265 5108 1477 5148 vermes
1501 5096 1690 5161 edunt,
1725 5098 1776 5152 id

186 5189 268 5233 est
291 5179 660 5244 daemonibus,
689 5195 832 5236 nunc
855 5181 967 5252 jam
1001 5181 1215 5253 loquar,
1240 5199 1385 5239 nunc
1413 5184 1525 5254 jam
1562 5202 1772 5243 sermo-

188 5271 358 5324 cincr.
387 5269 471 5326 0b
499 5287 662 5341 quam
687 5288 799 5327 rem
826 5274 1084 5344 loqueris,
1110 5275 1195 5330 vel
1236 5277 1618 5333 sermocinaris
1645 5279 1668 5333 ?
1693 5279 1774 5336 Ob

190 5362 310 5425 hoc,
337 5362 542 5432 inquit,
571 5363 693 5432 quia
719 5363 1000 5434 impletum
1019 5375 1104 5419 est
1125 5374 1336 5436 tempus
1360 5369 1774 5428 taciturnitatis.

188 5451 253 5506 Et
289 5454 494 5520 adhuc,
521 5455 592 5510 ob
628 5471 790 5526 quam
832 5473 945 5512 rem
989 5459 1302 5528 aggrederis
1350 5459 1518 5530 loqui,
1559 5479 1594 5517 ο
1623 5462 1722 5518 Job
1752 5463 1776 5518 ἲ

191 5543 270 5600 Ob
302 5545 432 5613 hoc,
479 5546 675 5617 inquit,
719 5563 786 5603 ne
813 5563 934 5603 cum
971 5547 1176 5620 jugiter
1219 5560 1408 5615 taceo,
1438 5553 1776 5608 arbitrentur

189 5632 468 5692 daemones
512 5639 607 5707 qui
657 5638 946 5694 adversum
983 5653 1067 5694 me
1113 5642 1510 5711 certant,quod
1542 5641 1596 5698 in
1639 5643 1775 5714 ipsis

257 5819 299 5850 ³⁷
333 5817 516 5875 Ecclc.
567 5834 651 5888 tu,
686 5818 810 5885 1,7.
887 5813 1056 5874 "Job
1120 5835 1201 5888 Ill,
1243 5821 1290 5875 1.

1414 5821 1583 5895 ’Ἴου
1619 5839 1754 5891 XLII.
1790 5824 1840 5884 7.
1896 5825 1939 5855 "°
1967 5823 2074 5880 Jcr.
2112 5841 2214 5893 xx,
2255 5824 2340 5880 l7.

1888 4639 2052 4698 atque
2079 4629 2494 4684 devotaverunt.
2543 4627 2648 4684 Sed
2681 4638 2736 4684 et
2764 4627 2867 4683 Job
2912 4628 3101 4685 beatus
3129 4630 3292 4685 estin
3333 4644 3466 4684 cou-

1884 4730 2070 4790 specta
2116 4721 2349 4784 Domini,
2385 4731 2441 4776 et
2481 4719 2748 4776 Jeretnias
2788 4721 3058 4792 gloriosus
3083 4734 3165 4778 est
3202 4737 3324 4776 cum
3349 4737 3468 4776 san-

1881 4817 2006 4869 ctis.
2033 4813 2121 4869 Va:
2144 4823 2322 4868 autem
2356 4815 2440 4869 his
2470 4816 2559 4884 qui
2598 4823 2814 4869 sanctos
2837 4813 3351 4881 hlasphemavcrint,
3371 4815 3464 4882 qui

1877 4907 2088 4968 amicos
2128 4906 2220 4962 Dei
2258 4907 2658 4972 accusaverint,
2688 4907 2923 4961 maxime
2951 4922 3088 4976 quos
3122 4909 3284 4961 etiam
3323 4907 3466 4960 Deus

1876 5011 1998 5067 post
2050 5009 2280 5054 mortem
2331 4999 2592 5055 memoria
2630 4998 3042 5062 honoriﬁcavit,
3078 4999 3217 5053 sicut
3254 4996 3356 5052 Job
3399 4997 3464 5051 de

1876 5107 1984 5162 quo
2037 5092 2164 5146 dicit
2196 5109 2210 5146 :
2245 5089 2304 5146 Si
2348 5101 2524 5145 autem
2560 5091 2760 5145 steterit
2793 5088 2896 5143 Job
2926 5104 2974 5144 et
3026 5087 3141 5143 Noe
3181 5099 3228 5144 et
3273 5087 3464 5142 Daniel

1881 5184 1936 5238 in
1980 5194 2259 5252 conspectu
2303 5200 2417 5238 meo
2448 5184 2492 5215 ⁶¹
2525 5202 2537 5238 :
2571 5194 2662 5238 aut
2701 5184 2844 5238 sicut
2873 5181 3187 5244 Jeremiam,
3216 5195 3375 5250 quem
3411 5181 3464 5235 in

1881 5277 1991 5330 vita
2029 5277 2148 5344 plus
2200 5278 2454 5333 omnibus
2508 5278 2904 5347 magniﬁcans,
2937 5275 3069 5329 dicit
3115 5292 3130 5329 :
3168 5274 3462 5344 Antequam

1877 5367 2161 5438 formarem
2192 5379 2240 5422 te
2267 5369 2321 5422 in
2356 5378 2503 5422 utero
2533 5370 2650 5420 novi
2678 5377 2727 5421 te
2747 5407 2762 5430 ,
2788 5378 2832 5418 et
2878 5376 3155 5435 antequam
3197 5365 3366 5419 exires
3397 5365 3462 5419 de

1875 5460 2025 5516 vulva
2067 5459 2396 5527 sancti/icavi
2437 5468 2506 5526 te,
2549 5468 2595 5511 et
2627 5458 2932 5527 prophetam
2959 5457 3013 5510 in
3041 5457 3278 5528 gentibus
3305 5454 3458 5524 posui

1873 5565 1922 5608 te
1942 5553 2305 5622 “.Postquam
2328 5563 2508 5607 autem
2534 5551 3039 5622 irreptebensibiles
3063 5550 3226 5606 fuisse
3242 5561 3460 5606 sanctus

1873 5643 2232 5708 ostendimus,
2271 5657 2377 5697 non
2401 5656 2518 5708 nos,
2537 5641 2631 5696 sed
2666 5641 2832 5695 etiam
2865 5638 2978 5710 ipse
3002 5642 3163 5711 Dens,
3188 5640 3328 5696 beati
3357 5637 3458 5695 Job
3485 5680 3492 5686 .

2418 5824 2460 5854 ⁶¹
2490 5822 2686 5881 Ezech.
2737 5837 2858 5886 xlv,
2885 5822 2969 5879 i5.
3015 5823 3058 5856 ⁶²
3085 5821 3287 5883 Jrrcm.
3319 5839 3357 5890 ι,
3391 5842 3448 5879 o.
