3902 6524
517 383 622 446 511

1606 393 1988 450 ANONYMUS
2028 393 2093 448 ΙΝ
2131 393 2270 450 JOB.
2311 421 2380 432 --
2416 391 2547 448 LIB.
2588 391 2673 448 111.

3673 396 3782 451 512

517 527 832 568 sermonum
881 531 1392 582 coutmentoremur,
1420 519 1508 589 qui
1542 521 1676 573 bene
1704 537 1732 573 a
1785 533 1973 575 sancto
2003 520 2092 573 illo
2122 525 2167 578 Α
2194 532 2299 585 que
2326 517 2379 569 in
2402 515 2658 569 saeculum
2687 528 2942 569 numerus
2972 522 3292 584 supputatus
3311 523 3394 569 est
3415 529 3602 570 coram
3630 515 3780 570 Deo:

518 602 690 654 sancti
723 603 851 658 dicti
880 613 1028 671 sunt,
1063 605 1202 660 male
1232 615 1412 660 autem
1448 608 1514 662 ab
1545 608 1720 677 impiis
1754 609 1803 662 in
1839 610 2084 677 blasphe-

517 692 681 745 tniam
712 693 852 747 versi
882 703 1051 750 sunt:
1091 695 1336 764 Aperuit,
1379 698 1570 768 inquit,
1606 699 1708 754 Job
1752 718 1810 756 os
1849 712 2088 763 suum,“

514 782 860 837 maledicebat
894 785 1030 838 diem
1062 787 1348 844 nativitatis
1370 807 1479 844 suae
1507 791 1571 844 “.
1603 789 1838 846 Primum
1872 793 1975 848 hoc
1997 793 2088 848 ad-

513 881 810 938 vertamus,
841 889 874 928 o
899 875 998 928 viri
1028 875 1206 944 periti,
1241 880 1383 947 quod
1415 881 1634 946 dicitur,
1665 880 1765 936 Job
1789 898 1943 937 suum
1969 898 2088 937 ma-

513 958 780 1016 ledicebat
809 978 913 1017 non
938 965 1075 1018 diem
1102 965 1215 1030 Dei,
1245 983 1350 1023 non
1377 969 1700 1026 conditionis
1729 987 1902 1042 neque
1934 988 2087 1028 crea—

512 1061 647 1106 tura:
690 1053 805 1119 Dei,
849 1056 944 1111 sed
971 1056 1112 1112 diem
1152 1074 1330 1114 suum.
1361 1061 1530 1129 Quem
1571 1063 1712 1119 diem
1744 1079 1898 1118 suum
1928 1065 1953 1118 ?
1985 1065 2085 1132 Qui

512 1157 620 1197 non
676 1145 808 1212 fuit,
839 1163 1000 1216 quem
1043 1165 1149 1203 non
1209 1151 1431 1217 habuit,
1475 1169 1632 1223 quem
1675 1171 1779 1210 non
1826 1157 2083 1227 possedit.

511 1231 682 1298 Quem
706 1249 837 1304 ergo
865 1253 970 1293 non
1000 1239 1211 1306 habuit,
1237 1255 1412 1312 neque
1449 1246 1707 1313 possedit,
1730 1261 1904 1315 neque
1933 1247 2084 1314 vidit,

510 1338 685 1393 neque
708 1326 761 1382 in
786 1328 903 1397 ejus
935 1339 1202 1398 potestate
1235 1331 1356 1397 fuit,
1388 1335 1530 1388 hunc
1555 1352 1676 1390 cum
1717 1338 2084 1406 malediceret,

509 1417 644 1471 nihil
683 1419 981 1475 maledixit.
1013 1421 1284 1479 Malediin
1333 1426 1472 1494 quod
1505 1443 1607 1482 non
1638 1428 1774 1500 fuit,
1805 1431 1949 1500 qttod
1980 1448 2085 1486 non

509 1507 730 1574 habuit,
763 1514 905 1580 quod
959 1526 1064 1567 non
1098 1515 1262 1570 vidit.
1309 1514 1438 1573 item
1490 1519 1663 1576 adhuc
1717 1521 2088 1594 maledicebat,

508 1600 713 1671 inquit,
749 1617 906 1657 suum
952 1607 1116 1662 diem.
1165 1607 1290 1662 Sive
1337 1609 1479 1664 dicm
1525 1625 1680 1666 suum
1729 1614 2087 1688 maledixerit,

505 1691 619 1745 sive
675 1693 934 1760 alienum,
970 1698 1104 1752 nihil
1152 1699 1462 1768 maledixit,
1500 1703 1603 1758 hoc
1636 1706 1778 1774 quod
1832 1723 1936 1763 non
1989 1709 2092 1766 fuit

507 1783 808 1840 maledixit.
845 1787 969 1844 Dies
1012 1791 1156 1845 enim
1189 1807 1296 1846 tton
1340 1802 1422 1848 est
1457 1794 1507 1848 itt
1535 1805 1750 1861 natura,
1779 1816 1882 1854 non
1914 1811 1996 1856 est
2033 1805 2086 1857 in

2191 608 2264 662 ita
2297 618 2351 662 et
2395 606 2636 662 omnium
2669 605 2877 660 dierum
2909 619 2939 658 a
2973 605 3170 660 saeculo
3209 614 3264 660 et
3303 621 3476 673 usque
3506 606 3560 660 in
3597 623 3782 662 saecu—

2189 699 2296 752 lum
2327 712 2581 753 numerus
2610 704 2665 750 et
2693 703 2969 766 computus
3002 697 3053 750 in
3087 707 3377 767 conspectu
3413 698 3785 766 praescientia:

2193 789 2282 843 Dei
2335 798 2418 844 est
2443 796 2783 858 supputatus,
2811 796 2866 842 et
2899 801 3094 842 omnes
3132 787 3324 841 animm
3362 788 3648 842 hominum
3681 804 3785 858 per

2189 880 2431 951 singulas
2459 887 2650 947 gentes
2691 889 2746 932 et
2772 877 3009 947 linguas,
3036 892 3131 947 per
3165 878 3549 946 generationes
3584 893 3650 931 ac
3679 893 3784 947 per

2189 984 2376 1027 omnes
2425 969 2596 1024 tribus
2657 975 2844 1031 terrae,
2882 980 3218 1036 unaquaeque
3256 967 3437 1020 anima
3481 967 3549 1019 de
3610 967 3786 1020 totius

2189 1063 2313 1118 vita:
2349 1076 2462 1118 suae
2506 1071 2666 1116 aetate
2714 1059 2988 1114 redditura
3018 1067 3104 1113 est
3147 1059 3198 1112 in
3224 1058 3429 1128 judicio
3477 1060 3781 1113 rationem.

2190 1153 2296 1210 Sed
2324 1163 2379 1209 et
2413 1152 2540 1222 qttid
2573 1167 2671 1221 per
2705 1165 3138 1220 unamquamque
3179 1151 3354 1214 diem,
3387 1149 3474 1205 vel
3511 1150 3780 1219 gesserit,

2189 1248 2272 1302 vel
2306 1247 2482 1302 locuta
2524 1245 2716 1307 fuerit,
2753 1243 2837 1297 vel
2874 1243 3213 1313 cogitaverit,
3247 1243 3429 1296 omnia
3459 1255 3783 1310 proponen—

2192 1349 2281 1394 tur
2329 1340 2380 1394 in
2423 1335 2849 1404 judicio,omnia
2884 1334 3216 1390 deducentur
3245 1334 3298 1388 in
3335 1333 3781 1402 inquisitionem,

2190 1446 2293 1485 non
2327 1427 2734 1499 resurgentibus
2753 1426 2944 1482 diebus
2977 1425 3068 1496 qui
3103 1441 3277 1496 neque
3306 1435 3559 1482 naturam
3598 1439 3782 1494 neque

2188 1519 2545 1576 substantiam
2591 1517 2826 1583 habent,
2855 1516 2952 1572 sed
3000 1515 3156 1571 factis
3201 1517 3443 1570 omnium
3487 1515 3781 1569 hominum

2187 1611 2574 1667 demonstratis
2605 1610 2660 1664 in
2700 1618 2894 1684 natura
2947 1607 3253 1662 animarum
3305 1616 3362 1662 et
3391 1621 3688 1675 corporum
3725 1608 3780 1658 in

2188 1703 2589 1773 corruptionem
2630 1699 3058 1770 resurgentium.
3105 1699 3365 1767 Exigetur
3407 1713 3541 1768 ergo
3583 1697 3641 1752 in
3689 1697 3787 1752 die

2192 1793 2611 1850 resurrectionis
2647 1790 2914 1861 etjudicii
2939 1790 3007 1845 ab
3038 1791 3183 1844 omni
3224 1790 3403 1843 anima
3457 1789 3784 1844 Christiana

505 1876 828 1942 substantia,
862 1893 1036 1949 neque
1064 1881 1114 1934 in
1149 1883 1364 1952 pr0pria
1399 1894 1681 1954 potestate.
1705 1887 1816 1944 Lux
1846 1890 2080 1959 videtur,
2115 1880 2154 1934 Β
2183 1885 2420 1939 omnium
2457 1885 2666 1938 dierum
2697 1883 2819 1934 vitae
2847 1879 2965 1949 ejus
2989 1881 3168 1934 omnis
3205 1882 3437 1935 servitus
3461 1897 3629 1952 quam
3671 1882 3787 1935 Deo

505 1969 810 2024 substantia
847 1981 1026 2026 autem
1070 1990 1173 2027 non
1211 1975 1446 2042 videtur,
1478 1989 1671 2034 natura
1704 1997 1833 2036 vero
1865 2000 1969 2040 non
2002 1995 2080 2041 te-

503 2072 684 2128 netur,
735 2078 912 2134 neque
966 2067 1422 2136 apprehenditur,
1451 2073 1575 2140 quia
1610 2075 1729 2131 dies
1778 2093 1886 2132 non
1921 2080 2083 2136 habet

501 2161 751 2208 naturam
786 2170 960 2225 neque
984 2159 1366 2215 substantiam.
1386 2161 1592 2219 Nomen
1620 2166 1801 2233 habet,
1832 2179 2078 2226 naturam

501 2257 630 2299 vero
657 2260 764 2301 non
797 2247 982 2304 habet.
1023 2248 1177 2305 Sicut
1218 2252 1348 2307 hora
1387 2269 1577 2310 nomen
1615 2258 1795 2326 habet,
1833 2263 2080 2318 substan-

501 2335 629 2389 tiam
655 2349 838 2398 atttent
879 2355 984 2394 non
1013 2341 1194 2409 habet,
1222 2345 1300 2400 sic
1329 2356 1382 2402 et
1421 2349 1536 2404 dies
1560 2366 1753 2406 nomen
1789 2353 2080 2420 habet,sed

501 2427 859 2484 substantiam
895 2433 975 2488 vel
1033 2447 1281 2492 naturam
1315 2456 1419 2494 non
1460 2443 1642 2497 habet.
1676 2445 1814 2512 Quid
1845 2462 1974 2518 ergo
1999 2460 2083 2505 est

499 2519 668 2575 dies?
706 2521 867 2578 Lucis
908 2535 1150 2597 tempus,
1181 2529 1316 2587 htcis
1355 2535 1610 2591 transitus
1655 2547 1709 2592 et
1741 2539 1870 2595 solis
1903 2553 2076 2609 ortus,

501 2614 568 2664 ab
605 2613 810 2670 oriente
854 2632 1024 2686 usque
1064 2621 1129 2673 ad
1175 2637 1425 2677 occasum
1458 2625 1740 2683 decursus.
1777 2628 1916 2686 Solis
1949 2649 2078 2704 ergo

499 2701 613 2768 lux,
640 2705 754 2760 dies
785 2708 1114 2776 appellatur:
1139 2712 1270 2766 solis
1299 2718 1584 2783 transitus,
1615 2719 1730 2774 dies
1756 2701 2072 2779 aestimatur.

498 2795 632 2852 Nam
667 2809 721 2855 et
754 2816 881 2856 vere
905 2803 977 2856 ita
999 2814 1100 2858 est.
1120 2804 1258 2861 Solis
1281 2809 1424 2861 enim
1449 2809 1708 2864 decursus
1734 2811 1834 2865 diei
1870 2823 2077 2882 tempus

494 2891 804 2961 dimetitur,
839 2896 945 2950 diei
975 2898 1261 2952 terminum
1301 2903 1468 2970 ponit,
1491 2903 1604 2956 sive
1630 2902 1695 2955 ad
1726 2903 2074 2962 breviandum

495 2983 661 3049 diem,
693 2985 807 3038 sive
838 2987 905 3041 ad
957 2987 1409 3060 prolongandum.
1457 2993 1610 3060 Quod
1660 3009 1838 3054 autem
1871 3001 1941 3054 ita
1971 3012 2074 3066 est,

493 3073 657 3128 etiam
685 3074 962 3146 Scriptura
991 3078 1322 3136 demonstrat
1345 3085 1527 3140 dicens
1564 3103 1577 3140 :
1609 3087 1790 3144 Omnis
1825 3091 1918 3144 lux
1972 3093 2077 3146 diei

493 3180 560 3218 ea:
602 3163 730 3218 sole.
778 3167 854 3220 Ac
888 3168 932 3222 si
975 3170 1182 3226 diceret
1221 3195 1232 3228 :
1270 3172 1439 3230 Onme
1476 3185 1684 3246 tempus
1713 3194 1744 3232 a
1781 3181 1912 3238 sole.
1945 3182 2073 3236 Nam

2183 1981 2304 2026 erat
2338 1970 2670 2034 exhibitura,
2695 1979 2751 2023 et
2775 1983 2936 2022 omne
2961 1982 3096 2038 opus
3143 1969 3471 2033 sanctitatis,
3501 1972 3650 2040 quod
3682 1985 3788 2039 per

2183 2062 2421 2132 singulos
2459 2062 2577 2116 dies
2601 2071 2718 2115 erat
2756 2058 3057 2131 perfectura
3085 2061 3202 2116 sive
3233 2062 3291 2116 in
3327 2063 3636 2131 gratiarum
3679 2079 3785 2119 ac-

2185 2155 2418 2210 tionibus
2447 2164 2502 2209 et
2549 2153 3014 2218 confessionibus,
3059 2155 3176 2208 sive
3228 2155 3280 2208 in
3329 2156 3679 2211 orationibus
3716 2173 3787 2212 ac

2182 2252 2650 2321 deprecationibus
2683 2251 2964 2304 matutinis
2986 2260 3040 2303 et
3069 2250 3412 2319 vespertinis,
3437 2251 3556 2305 sive
3582 2252 3637 2304 in
3656 2267 3783 2305 om-

2133 2349 2136 2352 ’
2183 2344 2341 2398 nibus
2378 2343 2536 2398 bonis
2565 2343 2824 2411 operibus
2853 2356 2974 2408 qua:
3007 2342 3058 2396 in
3097 2343 3314 2396 nomine
3347 2341 3569 2395 Domini
3602 2344 3781 2396 nostri

2180 2436 2305 2492 Jesu
2334 2437 2535 2492 Christi
2558 2436 2936 2506 perficiuntur.
2971 2436 3082 2490 iloc
3121 2435 3333 2489 scilicet
3373 2437 3633 2504 ignorant
3663 2437 3784 2506 ple-

2183 2528 2338 2596 rique
2369 2526 2738 2596 insipientium
2772 2535 2937 2594 atque
2983 2525 3434 2592 irreligiosorum,
3461 2527 3555 2594 qui
3587 2528 3782 2581 admo-

2182 2631 2376 2673 nentur
2431 2618 2688 2672 festinare
2715 2620 2780 2673 ad
2809 2617 3064 2688 templum
3113 2617 3226 2681 Dei,
3263 2620 3353 2687 qui
3404 2629 3677 2672 vocantur
3702 2622 3771 2673 ad

2183 2710 2477 2764 Ecclesiam
2507 2708 2598 2763 Dei
2637 2709 2964 2771 accelerare,
2989 2718 3042 2763 et
3073 2710 3366 2763 terribilem
3399 2707 3497 2763 Dei
3540 2711 3778 2780 gloriam

2181 2802 2434 2863 adorare,
2459 2812 2514 2854 et
2544 2809 2637 2853 aut
2677 2815 2775 2868 pro
2806 2800 3049 2870 neglectu
3099 2801 3334 2868 habent,
3363 2803 3539 2855 autin
3587 2808 3781 2858 vacui-

2183 2902 2346 2946 tatem
2378 2893 2605 2956 ducunt,
2631 2901 2724 2946 aut
2779 2893 2915 2946 alias
2947 2894 3330 2947 excusationes
3369 2894 3666 2948 inveniunt
3693 2898 3780 2948 di-

2178 2994 2366 3041 centes
2415 2998 2430 3036 :
2469 2983 2729 3039 Hesterna
2766 2983 3109 3045 manducavi,
3142 2984 3377 3038 crastina
3405 2985 3774 3051 manducent;

2179 3079 2270 3132 sed
2293 3076 2534 3146 quotidie
2568 3084 2622 3130 et
2648 3079 2792 3129 omni
2840 3084 3083 3144 tempore
3129 3073 3510 3132 indifferenter
3546 3079 3778 3132 student

2181 3167 2439 3235 reperire,
2465 3176 2518 3220 et
2537 3167 2797 3221 exhibere
2845 3165 3062 3234 corpori
3091 3175 3286 3220 cuncta
3318 3181 3440 3235 qua:
3464 3180 3772 3223 consuetu-

492 3257 632 3312 sicut
657 3259 877 3328 quilibet
903 3261 1098 3318 alicubi
1129 3267 1180 3320 in
1216 3269 1449 3322 tenebris
1481 3285 1602 3323 cum
1641 3271 1857 3327 lucerna
1893 3285 2071 3330 trans-

2180 3259 2320 3313 diuis
2371 3270 2545 3314 sunt:
2595 3260 2702 3312 Deo
2733 3268 2938 3324 autem,
2985 3258 3068 3313 vel
3117 3258 3312 3312 animae
3360 3274 3476 3313 suae
3522 3269 3775 3328 tempora

492 3346 636 3413 ierit,
683 3366 964 3424 usquequo
997 3355 1210 3410 lucerna
1245 3357 1419 3422 adest,
1459 3358 1549 3413 illo
1575 3375 1741 3429 usque
1764 3373 1817 3416 et
1859 3363 1944 3417 lux
1971 3375 2075 3430 est,

492 3451 667 3506 neque
729 3444 1084 3498 substantiam
1146 3446 1350 3501 habens
1404 3463 1580 3517 neque
1642 3462 1926 3517 naturam,
1985 3457 2077 3510 sed

490 3528 830 3595 splendorem
867 3542 1074 3586 tantum
1099 3551 1112 3586 :
1138 3536 1183 3588 si
1212 3553 1340 3605 ergo
1367 3539 1491 3606 quis
1525 3541 1870 3597 maledixerit
1900 3546 2079 3614 splen-

491 3618 676 3673 dorem
710 3619 962 3688 luceruze,
998 3625 1128 3678 nihil
1160 3627 1457 3694 maledicit,
1500 3632 1602 3686 nisi
1645 3637 1930 3688 transitum
1959 3637 2075 3691 ina-

491 3726 637 3774 nem,
679 3721 839 3780 atque
898 3715 1188 3770 decursum
1227 3737 1331 3774 non
1381 3735 1686 3776 manentem
1718 3743 1731 3778 :
1774 3725 1924 3782 itaet
1953 3728 2074 3797 Job,

490 3814 612 3853 cum
643 3801 862 3856 luminis
899 3815 1064 3873 atque
1107 3808 1413 3877 splendoris
1463 3813 1751 3868 transitum
1797 3818 2079 3876 maledice-

493 3901 598 3954 ret,
624 3890 726 3947 hoc
754 3894 896 3960 quod
926 3911 1034 3949 non
1074 3907 1190 3953 erat
1221 3900 1513 3956 maledixit.
1536 3901 1672 3958 Nam
1699 3906 1813 3962 dies
1837 3923 1958 3964 cum
1989 3928 2077 3966 so-

489 3979 557 4036 lis
610 3983 839 4040 decursu
891 3991 1161 4044 transiens
1218 3995 1489 4061 transivit,
1518 4005 1572 4049 et
1613 3997 1749 4051 ultra
1788 3999 1929 4055 idem
1963 4003 2076 4073 ipse

489 4087 597 4127 non
629 4085 950 4132 revertetur.
974 4079 1107 4133 Cum
1137 4082 1430 4138 identidem
1449 4096 1605 4142 ortus
1622 4088 1790 4144 fuerit
1811 4092 1910 4155 sol,
1937 4095 2074 4150 alius

486 4165 693 4220 orietur
722 4167 835 4223 dies
861 4207 877 4234 ,
903 4169 1143 4238 ejusdem
1178 4176 1408 4232 nominis
1443 4190 1502 4233 ut
1533 4181 1655 4248 ille,
1687 4186 1781 4239 sed
1820 4202 1926 4242 non
1959 4189 2074 4258 ipse

487 4255 579 4323 qui
627 4256 736 4312 ille.
771 4258 861 4314 Ille
909 4276 1041 4331 ergo
1086 4265 1200 4319 dies
1234 4269 1508 4326 transiens
1551 4276 1823 4342 transivit,
1864 4291 1919 4332 et
1957 4255 2072 4334 aim-

486 4344 628 4414 plius
650 4363 753 4402 non
774 4351 974 4416 veniet,
1003 4358 1130 4424 quia
1151 4358 1289 4413 ultra
1317 4373 1540 4418 nonest.
1570 4363 1705 4420 Nam
1739 4368 1878 4424 sicut
1910 4371 2072 4426 homo

487 4437 577 4504 qui
617 4451 857 4496 mortuus
889 4442 1070 4510 fuerit,
1112 4451 1388 4520 transivit,
1421 4463 1474 4508 et
1521 4457 1661 4511 ultra
1707 4474 1813 4513 non
1855 4463 2066 4529 veniet,

487 4541 664 4595 neque
695 4533 922 4600 amplius
953 4540 1260 4606 revertitur,
1297 4545 1436 4600 alius
1491 4550 1732 4603 nascitur
1776 4561 1832 4606 et
1873 4558 2062 4609 eodem

2181 3360 2428 3405 statuunt
2468 3365 2530 3405 ac
2569 3350 2869 3404 metiuntur
2903 3362 2956 3404 et
2992 3353 3108 3406 dies
3160 3361 3478 3421 supputant,
3513 3351 3774 3421 ignoran-

2185 3453 2266 3498 tes
2294 3444 2418 3512 quia
2462 3443 2695 3496 irrident
2748 3444 3072 3513 semetipsos
3099 3454 3152 3499 et
3181 3445 3394 3498 animas
3433 3459 3586 3497 suas.
3633 3443 3773 3496 Nam

2179 3537 2318 3591 sicut
2361 3535 2608 3603 superius
2640 3535 2910 3601 diximus,
2937 3536 3177 3590 omnium
3225 3536 3436 3590 dierum
3488 3537 3618 3590 vitae
3659 3551 3774 3589 sua:

2181 3630 2448 3684 rationem
2479 3629 2740 3683 reddituri
2770 3639 2896 3683 sunt
2927 3645 3025 3699 pro
3047 3630 3302 3697 operibus
3333 3630 3649 3684 sanctitatis
3674 3646 3772 3699 per

2179 3719 2422 3786 singulos
2477 3719 2590 3772 dies
2633 3720 2819 3773 Malis
2867 3735 2996 3783 suae,
3033 3720 3114 3774 vel
3169 3721 3255 3774 hic
3305 3736 3470 3788 super
3520 3729 3767 3786 terram,

2179 3812 2262 3865 vel
2307 3813 2360 3865 in
2403 3810 2628 3878 judicio.
2664 3810 2865 3880 Pagani
2895 3813 3076 3876 enim,
3105 3822 3268 3883 atque
3297 3827 3488 3868 omnes
3519 3814 3770 3869 infideles

2179 3902 2230 3955 in
2251 3901 2455 3969 judicio
2479 3918 2580 3956 non
2610 3905 2854 3970 venient,
2873 3903 2964 3958 sed
2988 3904 3098 3974 jam
3133 3918 3199 3957 ex
3225 3903 3326 3959 hoc
3353 3905 3593 3959 damnati
3612 3917 3765 3972 sunt,

2177 4003 2228 4048 et
2259 4000 2480 4063 propter
2528 3993 2904 4048 inﬁdelitatem
2937 3993 3337 4049 inexcusabiies
3370 3993 3425 4048 in
3455 4009 3649 4063 pmnas
3683 3997 3770 4048 in-

2179 4084 2417 4139 ferorum
2457 4085 2800 4155 expellentur
2833 4103 2846 4139 :
2891 4085 2926 4138 ii
2976 4099 3108 4140 vero
3155 4087 3251 4154 qui
3291 4084 3344 4138 in
3386 4085 3492 4140 fide
3524 4099 3648 4139 esse
3684 4087 3766 4138 vi-

2174 4177 2390 4242 dentur,
2421 4187 2476 4232 et
2523 4193 2690 4248 pravo
2723 4178 2938 4232 nomine
2985 4187 3306 4239 censentur,
3345 4177 3456 4242 isti,
3508 4178 3763 4249 inquam,

2173 4283 2363 4324 omnes
2395 4269 2447 4322 iu
2481 4267 2710 4323 terribili
2753 4267 2840 4322 illa
2879 4268 3068 4338 jndicii
3123 4268 3474 4337 inquisitione
3509 4271 3762 4322 omnium

2172 4362 2383 4415 dierum
2417 4361 2539 4414 vitae
2574 4374 2685 4414 suae
2720 4358 3142 4429 uniuscujusque
3173 4360 3277 4414 diei
3315 4361 3539 4415 reddent
3588 4362 3764 4416 ratio-

2173 4469 2318 4516 nem,
2345 4452 2620 4521 quomodo
2664 4451 3014 4521 impleverint
3063 4449 3154 4502 Dei
3202 4452 3546 4512 servitutem,
3583 4461 3765 4518 atque

2171 4561 2306 4614 Opus
2347 4543 2644 4601 sanctitatis
2662 4559 2757 4614 per
2782 4558 3218 4612 unumquemque
3261 4543 3425 4597 diem.
3452 4542 3569 4597 Haec
3607 4544 3764 4598 vide-

487 4620 707 4711 nomine
757 4625 1079 4697 appellatur,
1112 4641 1167 4685 et
1217 4638 1606 4704 coguominalis
1644 4641 1718 4694 illi
1757 4644 2055 4711 vocitatur,
2093 4629 2135 4683 D
2167 4639 2294 4692 licet
2343 4637 2596 4691 ιιηίνθτεὸ
2627 4637 2758 4691 [Oris
2788 4652 2888 4690 "08
2918 4636 3143 4690 deViWS
3186 4635 3274 4688 hic
3309 4650 3486 4690 Sermo
3520 4651 3620 4703 νει·
3667 4651 3764 4689 ου’

487 4710 583 4804 sed
619 4727 725 4765 non
762 4714 900 4768 idem
939 4717 1052 4787 ipse
1097 4726 1328 4785 est,‘sed
1365 4725 1503 4782 alius
1536 4747 1549 4782 :
1589 4729 1660 4783 ita
1688 4742 1742 4785 et
1771 4733 1888 4789 dies
1916 4710 2057 4804 ejus-

483 4797 607 4887 dem
656 4805 890 4858 nominis
928 4810 1126 4876 veniet,
1177 4814 1314 4868 idem
1367 4817 1482 4887 ipse
1541 4835 1668 4875 vero
1707 4839 1812 4876 non
1861 4797 2060 4883 veniet.

483 4885 618 4944 Nam
672 4891 810 4947 sicut
858 4897 1078 4966 spiritus
1109 4904 1299 4960 exiens
1328 4905 1509 4963 denuo
1549 4925 1654 4966 non
1693 4917 1983 4971 revertitur
2009 4931 2062 4974 et

483 4995 589 5036 non
617 4995 901 5041 revocatur
923 4992 1103 5046 anima
1128 4995 1366 5063 sublata,
1388 5000 1640 5057 similiter
1665 5005 1782 5060 dies
1800 5012 2064 5066 transiens

480 5072 658 5167 denuo
689 5091 794 5132 non
842 5084 1154 5151 revertitur,
1187 5103 1362 5158 neque
1408 5092 1545 5148 ultra
1591 5096 1640 5149 in
1677 5102 1928 5167 prazsenti
1961 5104 2062 5158 hoc

483 5166 683 5223 saeculo
715 5184 1023 5230 revocatur.
1055 5175 1189 5232 Nam
1244 5183 1387 5238 sicut
1425 5188 1572 5241 omni
1608 5166 1814 5244 homini
1846 5195 2065 5248 ordina-

483 5269 596 5360 tum
652 5270 736 5362 est
793 5273 1038 5336 tempus,
1086 5280 1246 5340 atque
1301 5275 1602 5334 dimensum
1656 5283 1779 5338 vitae
1827 5286 2060 5355 spatium

483 5360 904 5422 uniuscujusque
954 5374 970 5411 :
1015 5360 1264 5417 similiter
1317 5367 1542 5437 singulis
1600 5370 1792 5426 diebus
1848 5383 2059 5443 tempus

483 5443 789 5499 ordinatum
841 5458 944 5517 est,
988 5461 1152 5522 atque
1179 5455 1455 5515 dimensus
1485 5461 1613 5517 solis
1645 5466 1927 5532 transitus,
1951 5481 2060 5535 quo

488 5538 799 5590 transeunte
831 5553 932 5592 non
963 5551 1046 5595 est
1071 5543 1186 5599 dies
1212 5545 1302 5600 ille
1329 5547 1466 5602 ultra
1502 5551 1592 5619 qni
1629 5559 1932 5606 transactus
1955 5562 2058 5606 est.

487 5621 556 5678 Et
580 5627 757 5684 adhuc
786 5631 929 5688 sicut
955 5637 1203 5691 omnibus
1234 5639 1543 5698 hominibus
1584 5659 1611 5697 τι
1652 5646 1850 5701 saeculo
1884 5654 1938 5700 et
1971 5661 2060 5701 ns-

1048 5812 1091 5842 °"
1121 5811 1247 5866 ibid.

649 5800 749 5859 Joh
786 5821 887 5873 ιιι,
923 5809 970 5867 l.
1048 5812 1091 5842 6"
1121 5811 1247 5866 ibid.
1325 5815 1368 5845 “
1399 5813 1498 5871 Job
1532 5833 1570 5881 t,
1595 5816 1681 5870 21.

2173 4729 2448 4782 casionem
2484 4727 2768 4781 memorati
2810 4726 2914 4780 diei
2970 4727 3152 4779 dicere
3203 4725 3480 4779 admonuit
3507 4726 3650 4777 bene
3697 4742 3763 4778 ae

2171 4817 2477 4872 necessarie
2501 4858 2516 4878 ,
2553 4827 2737 4885 utpote
2773 4832 2871 4886 pro
2922 4818 3186 4870 bonorum
3238 4815 3765 4868 commemoratione

2171 4908 2253 4962 his
2283 4908 2375 4977 qui
2400 4907 2532 4962 salvi
2563 4906 2676 4961 fieri
2711 4907 3047 4961 desiderant.
3083 4905 3190 4960 Sed
3218 4919 3429 4958 rursum
3457 4903 3520 4956 ad
3548 4919 3734 4972 propo

2171 4997 2334 5051 situm
2391 5006 2746 5052 revertamur.
2794 4996 3165 5060 Maledtcebat,
3217 4995 3406 5063 inquit,
3453 4993 3548 5046 Job
3607 4994 3760 5044 diem

2167 5107 2322 5145 suum
2349 5091 2415 5154 “;
2469 5105 2574 5144 non
2619 5089 2973 5143 maledicebat
3005 5086 3173 5141 Dettut
3201 5127 3216 5150 ,
3253 5103 3358 5141 non
3397 5083 3760 5154 reprehende-

2168 5185 2280 5250 bat,
2313 5199 2425 5238 non
2466 5181 2914 5250 blasphemabat,
2943 5195 3048 5233 non
3091 5179 3401 5242 accusabat,
3435 5191 3535 5230 non
3591 5191 3757 5228 mur-

2167 5261 2418 5329 tnurabat
2442 5273 2509 5328 de
2537 5275 2646 5327 Deo
2671 5311 2686 5336 ,
2732 5287 2837 5326 non
2889 5271 3133 5340 ingratus
3173 5269 3462 5324 exsistebat
3504 5266 3635 5330 Deo,
3651 5267 3757 5320 sed

2117 5402 2134 5415 .
2163 5363 2305 5417 diem
2367 5361 2722 5417 maledicebat
2769 5361 2861 5430 qui
2909 5376 3012 5414 non
3055 5368 3190 5414 erat.
3236 5357 3367 5411 Nam
3401 5357 3506 5409 Deo
3532 5356 3755 5423 gratias

2168 5461 2381 5526 agebat,
2430 5455 2810 5517 confitebatur,
2863 5452 3182 5515 invocabat,
3213 5448 3576 5506 benedicebat.
3632 5446 3751 5508 Sit,

2169 5549 2362 5618 inquit,
2399 5563 2585 5602 nomen
2635 5546 2847 5600 Domini
2896 5546 3222 5599 benedictum
3247 5543 3301 5596 in
3343 5539 3529 5595 sucula
3562 5538 3752 5591 “.Sic

2169 5642 2352 5712 itaque
2401 5640 2769 5698 benedicendo
2791 5679 2807 5707 ,
2836 5654 2898 5694 ac
2931 5637 3136 5708 gratias
3184 5637 3389 5705 agendo
3434 5631 3556 5695 Deo,
3589 5631 3748 5682 diem
