3942 6524
190 443 305 502 513

1295 457 1685 521 ANONYMUS
1723 464 1790 520 IN
1825 464 1967 521 JOB.
2006 495 2074 506 -—
2114 466 2242 523 LIB.
2285 469 2375 526 Ill.
2469 487 2480 490 ·

3362 491 3464 548 5H

187 556 288 624 qni
333 569 433 612 nec
480 556 778 623 visionem,
815 577 916 618 nec
968 573 1214 620 naturam
1237 607 1254 633 ,
1289 583 1388 625 nec
1423 574 1780 630 substantiam
1809 582 1854 638 Α
1887 578 1972 646 tis,
2010 598 2182 650 neque
2205 585 2322 643 dies
2359 588 2519 656 ﬁliis,
2553 557 2727 664 neque
2765 595 2886 652 dies
2923 598 3105 656 exitus
3131 600 3202 657 de
3237 604 3338 661 hoc
3366 623 3461 662 ste-

189 646 381 712 habet,
416 650 800 719 maledicebat,
837 654 921 710 vel
967 658 1148 726 potius
1199 675 1320 715 eum
1360 665 1450 732 qui
1487 680 1592 719 non
1630 679 1769 738 erat,

185 739 337 792 sicut
376 739 523 808 prius
547 754 825 799 ostensum
856 757 956 810 est,
989 757 1044 805 et
1071 750 1170 806 hoc
1203 763 1262 806 ut
1296 762 1498 810 tantum
1535 756 1783 828 loquere-

189 838 302 884 tur.
348 830 454 886 Sed
491 831 739 890 fortassis
767 836 900 892 dicit
938 839 1154 909 aliquis,
1187 858 1286 896 cur
1320 847 1541 901 omnino
1570 847 1671 904 hoc
1698 851 1781 906 di-

185 923 287 985 cit,
330 923 414 978 vcl
439 939 537 979 cur
565 926 666 982 hoc
694 927 905 986 locutus
934 944 1018 987 est
1050 933 1258 1000 ?Audi,
1289 954 1322 990 ο
1346 936 1529 994 homo.
1555 939 1636 996 0b
1678 943 1781 1000 hoc

185 1013 405 1069 locutas
447 1016 562 1071 haec
611 1019 774 1085 dicit,
809 1023 933 1090 quia
963 1025 1253 1080 validiores
1287 1027 1503 1086 dolores
1529 1046 1650 1086 eum
1684 1049 1779 1104 ap-

183 1107 600 1176 prehendcrunt
629 1113 800 1180 magis
830 1129 990 1183 quam
1026 1134 1168 1174 nunc
1196 1129 1250 1172 ιιι
1301 1122 1551 1178 arbitrari
1585 1127 1776 1194 possis,

184 1197 317 1268 quia
352 1197 811 1257 lamentabiliores
833 1205 1131 1263 sustinebat
1161 1210 1404 1267 miserias
1424 1213 1592 1284 magis
1617 1229 1777 1284 quam

187 1297 245 1340 tu
279 1289 524 1360 cogitare
547 1291 743 1346 valeas.
781 1293 917 1350 Nam
957 1311 1076 1367 qua:
1106 1299 1194 1353 iile
1228 1304 1530 1360 sustinebat
1555 1305 1601 1359 si
1638 1323 1780 1364 nunc

180 1381 425 1445 videres,
447 1398 545 1438 nec
576 1386 644 1439 ad
679 1387 962 1444 videndum
996 1393 1219 1447 omnino
1244 1394 1536 1452 suiliceres.
1562 1398 1627 1453 Et
1647 1415 1782 1470 quo-

181 1475 352 1528 modo
379 1477 488 1545 pati
518 1476 601 1530 vel
634 1479 906 1534 sustinere
941 1497 1128 1550 posses
1165 1487 1232 1538 ad
1271 1487 1558 1542 videndum
1603 1491 1780 1548 homi-

180 1579 309 1617 nem
338 1565 627 1635 perforatis
653 1569 868 1625 ossibus
893 1582 948 1625 et
972 1573 1398 1642 liquescentihns
1433 1579 1687 1635 carnibus
1717 1595 1782 1638 ac

179 1657 369 1710 nervis
402 1660 739 1727 consumptis
770 1662 793 1714 ?
820 1662 944 1718 Haec
975 1664 1227 1720 universa
1258 1668 1561 1723 sustinebat
1581 1670 1781 1739 gratias

179 1763 358 1819 agens
402 1751 537 1816 Deo,
574 1754 828 1809 universa
883 1757 996 1813 haec
1054 1762 1409 1830 supportabat
1453 1762 1780 1818 benedicens

179 1839 377 1895 Deum.
405 1842 752 1913 Loquebatur
800 1864 929 1903 vero
963 1865 1059 1906 ore
1105 1867 1167 1906 ea
1209 1867 1328 1921 quae
1365 1869 1466 1908 nec
1503 1855 1609 1908 Deo
1632 1893 1649 1920 ,
1682 1869 1781 1910 nec

178 1932 396 2002 angelis
424 1933 540 2001 ejus
561 1936 784 2003 sanctis,
819 1952 918 1993 nec
956 1939 1116 2001 caalo,
1150 1956 1324 2010 neque
1357 1951 1516 1996 terra:
1541 1943 1774 1996 homini-
1811 1938 1852 1993 Β

179 2024 307 2086 bus,
339 2040 514 2094 neque
543 2036 757 2097 pelago,
788 2044 960 2098 neque
984 2031 1120 2096 aeri,
1146 2046 1320 2101 neque
1350 2032 1473 2086 ullis
1503 2049 1622 2102 quae
1646 2043 1775 2088 sunt

176 2114 232 2168 in
293 2127 526 2181 natura,
577 2117 642 2169 ad
687 2118 920 2188 aliquam
971 2121 1355 2177 contumeliam
1406 2123 1772 2190 profecerunt.

177 2206 530 2276 Loquebatur
553 2209 804 2263 nimirum
828 2212 983 2280 quasi
1020 2213 1294 2268 miseriam
1317 2215 1603 2279 ventilatis,
1620 2215 1773 2286 quasi

173 2309 363 2347 acrem
417 2296 748 2360 verberans.
789 2301 942 2368 quasi
1001 2301 1240 2357 dolorem
1295 2304 1584 2371 deferens,
1617 2307 1770 2376 quasi

171 2387 496 2440 esttediatus
542 2397 596 2441 et
641 2389 939 2444 molestiam
992 2407 1186 2461 passus
1240 2404 1402 2463 atque
1441 2397 1634 2450 anxius
1675 2414 1773 2466 pro

175 2479 682 2534 vehementioribus
728 2483 1072 2549 passionibus
1100 2493 1155 2538 et
1199 2484 1514 2541 fortioribus
1564 2488 1770 2542 dolori-

173 2567 295 2621 bus.
327 2566 568 2622 Locutus
593 2579 678 2624 est
709 2580 962 2641 tanquam
988 2574 1216 2642 quilibet
1256 2575 1307 2630 in
1340 2576 1522 2631 dolore
1564 2580 1772 2648 positus

170 2673 428 2726 quaerens
476 2661 794 2716 remedium.
829 2663 1110 2734 Tanquam
1148 2668 1271 2735 quis
1307 2666 1360 2720 in
1414 2668 1600 2724 dolore
1637 2673 1770 2725 den-

171 2751 332 2812 tium,
365 2759 460 2804 aut
490 2751 789 2820 oculorum,
826 2764 919 2808 aut
950 2758 1162 2811 aurium
1191 2759 1509 2830 frequenter
1533 2765 1769 2832 parietes

126 2868 129 2869 ν
170 2840 450 2908 unguibus
487 2853 699 2908 exarat,
745 2845 1059 2916 frequenter
1086 2850 1251 2903 etiam
1292 2853 1637 2921 semetipsum
1671 2871 1768 2909 un-

166 2935 310 2999 gults
343 2931 618 2986 exulcerat
647 2949 755 3002 prae
789 2935 1069 2992 nimietate
1090 2939 1294 2994 doloris
1317 2957 1477 3011 quem
1507 2946 1764 3011 sustinet,

166 3021 410 3075 corrasis
449 3025 664 3078 ossibus
691 3030 743 3077 ‘et
765 3028 1037 3095 palpebris
1067 3039 1231 3100 atque
1275 3033 1497 3086 auribus
1547 3051 1562 3088 :
1598 3036 1679 3089 sic
1711 3047 1766 3091 et

167 3112 364 3168 beatus
389 3111 491 3167 Job
519 3129 642 3168 cum
671 3114 1081 3184 perforarentur
1107 3135 1230 3174 ossa
1265 3122 1407 3196 ejus,
1427 3133 1480 3178 et
1520 3123 1769 3194 liqueﬁe-

165 3215 292 3261 rent
327 3222 524 3262 carnes
552 3209 702 3280 ejus,
730 3211 943 3265 locutus
987 3222 1070 3267 est
1119 3215 1449 3270 maledicens
1491 3217 1634 3272 diem
1670 3221 1760 3287 qui

166 3312 274 3352 non
303 3306 447 3352 erat.
485 3297 577 3354 Sic
603 3316 834 3372 namque
865 3311 913 3356 et
942 3300 1205 3359 Jeremias
1227 3315 1447 3360 sanctus
1471 3285 1756 3378 postquam
1789 3285 1831 3341 (δ

165 3388 482 3444 Iudaeorum
517 3392 782 3462 injustitia
807 3404 970 3465 atque
996 3396 1276 3466 impietate
1317 3414 1485 3468 usque
1518 3399 1586 3454 ad
1619 3417 1764 3454 mnr—

170 3493 276 3535 tem
327 3482 750 3554 suggillaretur,
790 3487 1043 3542 similiter
1083 3488 1364 3544 maledixit
1398 3500 1561 3561 atque
1601 3492 1764 3547 devo-

168 3573 306 3626 tavit
339 3571 488 3627 diem
539 3575 834 3632 nativitatis
863 3592 974 3632 suae
1004 3577 1070 3630 “.
1095 3575 1161 3632 Et
1217 3579 1396 3636 adhuc
1435 3582 1520 3636 his
1559 3582 1765 3652 majora

165 3667 304 3721 dixit
349 3664 641 3723 Jeremias.
668 3667 815 3723 Dixit
866 3670 1012 3725 enim
1057 3672 1122 3724 de
1173 3672 1392 3727 nomine
1440 3672 1600 3744 ejus:
1641 3674 1765 3728 Non

170 3762 459 3815 nominabo
492 3778 676 3816 nomen
704 3763 817 3832 ejus
850 3765 1098 3835 amplius,
1135 3777 1182 3821 et
1224 3783 1326 3821 non
1350 3767 1538 3838 loquar
1558 3768 1651 3821 ulli
1672 3770 1765 3821 Ito-

170 3854 374 3904 minum
403 3853 460 3906 in
490 3855 696 3908 nomine
723 3853 835 3923 ejus
861 3856 924 3911 ³⁷.
948 3855 1028 3912 Ob
1061 3872 1224 3927 quam
1257 3873 1397 3926 rem,
1425 3859 1580 3914 beate
1605 3858 1762 3914 Jere-

170 3946 328 4000 mia?
361 3945 592 4014 PrOpter
645 3945 1064 4002 inobedienliam
1100 3963 1324 4012 eorum,
1371 3959 1538 4020 atque
1567 3962 1760 4007 contu-

173 4037 406 4092 maciam
443 4036 682 4102 Illorum,
725 4038 851 4106 quia
886 4039 1061 4092 factus
1083 4051 1160 4094 est
1192 4039 1296 4094 illis
1331 4055 1510 4095 sermo
1543 4040 1756 4097 Domini

174 4129 225 4184 in
255 4129 615 4194 derisiOnem,
654 4129 845 4186 nolunt
884 4130 1055 4199 illum,
1091 4141 1145 4186 et
1179 4148 1278 4201 ego
1310 4139 1415 4186 tota
1449 4131 1537 4187 die
1578 4133 1759 4203 peregi

164 4221 535 4276 subsannatus
564 4222 633 4276 ab
664 4221 790 4276 illis.
816 4220 1026 4276 Idcirco
1071 4222 1218 4276 enim
1254 4222 1421 4274 animi
1459 4221 1644 4276 dolore
1671 4237 1760 4276 re-

165 4315 360 4384 pletus,
385 4325 444 4369 et
481 4315 624 4368 diem
656 4315 957 4370 nativitatis
993 4314 1306 4378 maledixit,
1338 4325 1387 4368 et
1431 4325 1624 4369 caetera
1654 4315 1758 4368 alia

163 4406 379 4460 locutus
421 4414 524 4459 est.
565 4405 655 4460 Sic
693 4419 930 4476 namque
967 4415 1023 4460 et
1067 4403 1168 4458 Job
1208 4407 1358 4473 prior
1398 4405 1488 4458 illo
1518 4409 1760 4476 prteveth

169 4507 248 4554 tus
293 4498 584 4552 nimietate
638 4499 886 4552 dolorum
942 4499 1224 4553 maledixit
1272 4499 1414 4552 diem
1455 4498 1760 4554 nativitatis

166 4605 294 4654 suae,
321 4601 377 4644 et
403 4591 882 4658 respomlitdicens
910 4608 924 4645 ε
958 4590 1276 4646 Maledicta:
1301 4594 1410 4644 dies
1440 4590 1528 4642 ille
1557 4590 1612 4643 in
1653 4605 1756 4651 quo

167 4691 322 4736 natus
350 4697 472 4735 sum
503 4681 570 4736 ⁸⁸.
606 4680 781 4753 Super
803 4682 983 4736 omnia
1015 4698 1135 4752 qua:
1172 4683 1421 4752 superius
1459 4691 1756 4735 memorata

164 4782 309 4838 sunt,
342 4782 399 4828 et
428 4771 592 4826 etiam
645 4771 750 4831 hoc
799 4773 1131 4843 prmeipuum
1175 4774 1300 4840 quia
1353 4771 1631 4825 maledixit
1656 4768 1756 4826 Job

165 4862 298 4916 diem
355 4862 705 4918 nativitatis:
739 4863 865 4934 quia
913 4863 1017 4918 nisi
1065 4863 1135 4916 ita
1175 4877 1364 4916 amare
1406 4859 1627 4916 deﬁeret
1655 4859 1755 4915 Job

165 4969 352 5021 punias
405 4955 556 5024 ipsas
594 4965 758 5023 atque
799 4953 1046 5018 dolores,
1087 4970 1191 5008 non
1239 4955 1420 5022 utique
1455 4953 1753 5007 arstimaret

167 5047 322 5103 homo
377 5064 559 5116 neque
613 5051 862 5104 crederet
912 5050 1055 5120 quod
1099 5049 1172 5102 ita
1228 5062 1418 5117 aSpera
1469 5056 1526 5101 et
1566 5061 1751 5100 amara

166 5137 395 5194 fuissent
427 5142 476 5194 ei
509 5142 623 5208 ipsa
655 5141 919 5210 supplicia
948 5151 1111 5209 atque
1134 5149 1421 5194 tormenta.
1443 5138 1596 5192 Nunc
1625 5153 1752 5192 vero

163 5231 342 5287 volens
377 5232 634 5287 omnibus
657 5233 946 5287 ostendere
981 5235 1174 5286 beatus
1208 5229 1308 5285 Job
1355 5231 1747 5283 immanitatem

162 5323 625 5378 amarissimarum
683 5338 966 5393 poenarum
1025 5332 1190 5390 atque
1236 5321 1482 5374 dolorum
1529 5335 1648 5389 qua:
1701 5319 1751 5376 ei

161 5412 404 5468 diabolus
435 5413 685 5482 ingessit,
706 5411 886 5478 deﬂet,
913 5411 1287 5481 conqueritur,
1308 5411 1381 5463 ita
1415 5418 1468 5463 et
1496 5409 1754 5462 amat-iter

163 5513 217 5556 et
247 5504 631 5558 miserabiliter
659 5511 825 5572 atque
863 5500 1320 5563 lamentabiliter,
1352 5508 1410 5552 ut
1441 5498 1752 5553 nativitatis

163 5609 272 5648 sua:
301 5595 654 5650 malediceret
688 5594 872 5657 diem,
909 5594 1094 5647 dicens
1136 5609 1152 5648 :
1188 5589 1505 5645 Maledictus
1553 5589 1664 5641 dies
1698 5591 1752 5643 in

161 5703 436 5756 quonam:
484 5702 624 5743 sum.
661 5686 777 5740 Non
815 5684 1194 5749 maledicatur,
1227 5684 1422 5753 inquit,
1453 5681 1572 5736 dies
1608 5694 1754 5735 mor-

852 5881 895 5915 ⁶⁷
925 5881 1055 5939 ibid.
1090 5881 1144 5938 9.
1223 5877 1369 5935 “Job
1406 5893 1482 5946 ut,
1512 5877 1568 5934 3.

238 5883 278 5916 “
314 5883 512 5944 Jerem.
555 5901 646 5952 xx,
685 5883 773 5939 17.

1645 5876 1690 5910 ⁶⁹
1723 5873 1900 5933 Eccle.
1934 5889 2008 5942 vt,
2033 5873 2087 5929 ⁸5.

1881 675 2019 730 culo.
2052 674 2148 732 Est
2188 695 2422 751 namque
2464 690 2855 746 consummatio
2881 700 2939 748 et
2978 695 3193 763 requies
3234 708 3287 752 et
3321 700 3465 756 dolo-

1883 781 2001 820 rum
2029 773 2268 826 omnium
2305 777 2567 832 transitus
2595 794 2660 834 ac
2683 783 2969 852 depositio.
3003 785 3128 842 Dies
3165 791 3465 848 nativitatis

1880 859 2121 914 omnium
2145 863 2548 923 tribulationum
2573 879 2628 924 et
2649 875 3043 942 angustiarum,
3063 879 3308 935 dolorum
3332 897 3466 952 quo-

1881 965 1986 1020 que
2007 965 2062 1008 et
2083 955 2452 1026 miseriarum,
2471 962 2715 1018 omnium
2743 967 3096 1027 nihilominus
3118 983 3465 1042 peccatorum

1881 1055 2048 1116 atque
2087 1050 2425 1120 impietatem
2479 1055 2691 1112 initium
2719 1067 2804 1114 est
2852 1071 3016 1130 atque
3050 1063 3340 1133 introitus,
3372 1081 3469 1137 per

1879 1152 2042 1207 quem
2071 1152 2298 1209 pereunt
2323 1143 2504 1214 impiae
2531 1159 2694 1219 atque
2747 1150 3065 1223 irreligiosa:
3092 1158 3306 1225 anima»,
3338 1175 3466 1231 ergo

1880 1231 2118 1286 omnium
2159 1233 2348 1289 horum
2378 1252 2500 1307 qute
2542 1253 2839 1298 memorata
2888 1254 3016 1300 sunt.
3059 1247 3274 1303 initium
3303 1261 3466 1322 atque

1883 1322 2138 1379 introitus
2185 1329 2557 1397 corruptibilis
2603 1335 2902 1391 nativitatis
2959 1338 3075 1393 dies
3113 1350 3215 1395 est.
3276 1342 3466 1399 Merito

1883 1415 2202 1473 maledictus
2229 1419 2346 1477 dies
2380 1423 2431 1476 in
2473 1439 2582 1493 quo
2619 1437 2776 1482 natus
2810 1443 2928 1482 sum
2955 1470 2969 1495 ,
3002 1432 3127 1500 quia
3172 1433 3362 1490 melior
3383 1446 3468 1492 est

1882 1513 2000 1568 dies
2050 1518 2241 1572 mortis
2273 1533 2434 1587 quam
2471 1523 2790 1589 nativitatis,
2835 1527 2979 1582 sicut
3023 1529 3153 1585 dicit
3192 1531 3466 1588 Ecclesia-

1883 1611 1995 1656 stes
2023 1602 2090 1667 ⁸⁸,
2113 1613 2169 1658 et
2194 1615 2478 1675 propterea
2517 1612 2840 1669 maledictits
2891 1617 3009 1672 dies
3054 1619 3106 1674 in
3146 1635 3254 1689 quo
3307 1633 3466 1678 natus

1882 1708 2022 1748 sum.
2051 1697 2232 1763 Quare
2258 1698 2430 1768 ?quia
2473 1717 2569 1771 per
2597 1704 2767 1772 hunc,
2803 1707 3008 1777 inquit,
3041 1712 3108 1766 ad
3141 1727 3331 1772 omnes
3366 1717 3465 1772 hos

1884 1786 2146 1841 nefandos
2178 1792 2407 1857 perveni
2448 1793 2681 1862 dolores,
2725 1798 2850 1866 quia
2888 1815 2984 1870 per
3012 1803 3154 1860 hunc
3182 1806 3250 1859 ad
3280 1809 3463 1862 omnia

1884 1877 1998 1933 haec
2023 1881 2361 1936 amarissima
2392 1887 2616 1954 perveni
2642 1890 2925 1958 suppltcia,
2951 1892 3076 1962 quia
3111 1910 3204 1964 per
3227 1896 3372 1952 hunc
3395 1899 3464 1954 ad

1882 1980 2154 2025 terrenum
2184 1973 2287 2028 hoc
2322 1976 2544 2032 veniens
2571 1979 2828 2034 saeculum
2859 1985 3175 2052 nequissimi
3206 1988 3466 2045 adversa-

1880 2063 1945 2117 rii
1976 2066 2216 2120 sustineo
2243 2066 2446 2134 zelum,
2473 2085 2538 2125 ac
2563 2071 2940 2141 malignissimi
2977 2077 3175 2133 diaboli
3206 2091 3466 2151 supporto

1876 2157 2438 2226 supplicium.Prohis
2458 2175 2590 2234 ergo
2623 2166 2877 2221 onmibus
2913 2168 3234 2228 maledictus
3268 2174 3386 2230 dles
3409 2176 3462 2230 in

1875 2262 1982 2316 quo
2004 2259 2160 2304 natus
2183 2266 2324 2305 sum.
2357 2252 2632 2325 Plerique,
2661 2257 2858 2326 inquit,
2881 2258 3166 2316 hominum
3193 2264 3294 2320 sub
3321 2267 3464 2323 ctelo

1875 2341 2144 2395 carnalem
2169 2341 2312 2399 hanc.
2327 2345 2496 2399 solam
2522 2347 2849 2405 delectantes
2870 2351 3059 2420 vitam,
3081 2370 3142 2410 ac
3156 2356 3268 2411 sola
3291 2366 3462 2414 terre-

1874 2446 1939 2484 na
1961 2447 2080 2501 qua:
2112 2444 2238 2488 sunt
2263 2436 2314 2490 in
2340 2439 2688 2509 corruptione
2713 2443 3244 2512 reapicientes,diem
3264 2449 3460 2502 nativi-

1873 2523 1998 2576 tatis
2019 2540 2128 2578 sua:
2155 2525 2542 2583 delectabiliter
2559 2530 2835 2589 celebrare
2873 2535 3110 2602 student,
3150 2537 3375 2594 honesm
3408 2540 3460 2596 in

1872 2616 1958 2670 die
1979 2617 2276 2675 nativitatis
2301 2636 2410 2675 suae
2435 2621 2797 2690 jucundantes
2827 2627 3124 2697 splendide.
3158 2628 3290 2684 Nam
3323 2632 3462 2688 hanc

1870 2708 2186 2764 existimant
2231 2713 2531 2780 portionem
2568 2731 2744 2782 suam,
2775 2728 2940 2788 atque
2974 2721 3374 2786 hazreditatem,
3405 2733 3461 2778 et

1869 2815 1967 2870 per
2011 2802 2123 2856 haec
2156 2803 2379 2872 speran't
2405 2821 2464 2859 se
2487 2808 2690 2863 diutius
2727 2810 2914 2865 vivere
2940 2812 2992 2864 in
3021 2827 3267 2883 corpore,
3297 2824 3461 2882 atque

1868 2896 2203 2962 augmentari
2241 2897 2342 2950 sibi
2384 2912 2557 2952 annos
2586 2909 2641 2953 et
2663 2899 2807 2954 diem
2842 2903 3143 2957 nativitatis
3171 2921 3302 2960 suat.
3347 2905 3460 2962 Hoc

1867 2987 2119 3041 videlicet
2150 2987 2355 3042 faciunt
2413 3006 2517 3046 non
2546 2992 2617 3048 ob
2671 2993 2774 3049 hoc
2802 2997 2944 3064 quod
2976 3007 3174 3051 atterna
3210 3009 3456 3068 sperent,

1867 3079 1950 3133 vel
1975 3094 2091 3134 eam
2114 3096 2232 3150 qua:
2256 3099 2362 3137 non
2378 3084 2597 3139 videtur
2620 3086 3080 3156 incorruptionem
3104 3101 3457 3160 exspectent:

1867 3172 1955 3240 qui
1985 3180 2246 3227 aeternam
2297 3175 2463 3229 vitam
2505 3177 2644 3246 apud
2700 3177 2866 3248 Deum
2902 3180 2955 3234 in
2995 3181 3149 3236 etelis
3187 3195 3310 3237 esse
3351 3198 3457 3238 non

1865 3262 2130 3340 credunt,
2185 3267 2379 3322 merito
2431 3276 2701 3324 terrenam
2755 3251 2898 3326 hanc
2965 3285 3128 3341 atque
3179 3275 3455 3330 carnalem

1869 3355 2030 3409 vitam
2061 3357 2230 3412 solam
2274 3359 2607 3416 delectantes
2633 3362 2910 3418 celebrant
2962 3365 3105 3419 diem
3151 3366 3455 3421 nativitatis

1869 3462 2007 3516 suae;
2062 3450 2204 3504 diem
2256 3467 2387 3507 vero
2429 3455 2619 3509 mortis
2672 3469 2773 3509 nec
2822 3457 3089 3510 nominari
3153 3459 3454 3529 patiuntur.

1870 3538 2001 3610 Ego,
2035 3541 2228 3611 inquit.
2263 3544 2443 3612 oviri,
2507 3554 2715 3600 tantum
2769 3547 2895 3602 odio
2953 3547 3125 3604 habeo
3176 3550 3452 3605 carnalem

1869 3633 2009 3688 hanc
2037 3634 2224 3697 vitam,
2263 3643 2324 3688 ut
2356 3650 2453 3705 pro
2487 3636 2762 3694 celebrare
2791 3639 2931 3693 diem
2981 3640 3300 3707 nativitatis,
3335 3659 3452 3697 ma-

1867 3727 2097 3781 ledicam
2153 3735 2316 3795 atque
2361 3727 2602 3782 abdicem
2652 3727 2802 3782 illum
2849 3730 3039 3787 dicens
3075 3749 3090 3785 :
3135 3731 3451 3790 Maledictus

1866 3818 1976 3872 dies
2008 3819 2062 3872 in
2093 3835 2194 3890 quo
2229 3830 2384 3873 natus
2414 3836 2528 3873 sum
2557 3821 2602 3851 ⁷ο
2671 3821 2713 3875 0
2742 3836 2904 3891 quam
2933 3825 3231 3890 profundus
3249 3839 3330 3880 est
3363 3827 3452 3882 hic

1863 3926 2044 3966 sermo
2072 3896 2373 3966 valentibus
2399 3912 2706 3981 inquirere!
2759 3912 2891 3967 Nam
2923 3917 3153 3986 primam
3205 3917 3452 3987 disputa-

1864 4004 2063 4058 tionem
2095 4002 2357 4058 facientes
2387 4005 2547 4057 etiam
2571 4020 2717 4059 nunc
2745 4005 2902 4073 hujus
2932 4022 3122 4062 sensus
3151 4024 3248 4078 per
3277 4024 3448 4080 pauca

1864 4096 2172 4150 necessarie
2234 4095 2563 4151 mentionem
2645 4097 2923 4152 iaciemus.
2983 4099 3318 4169 Maledictus,
3365 4103 3445 4157 in-

1862 4190 1997 4258 quit,
2029 4189 2144 4244 dies
2174 4189 2495 4253 nativitatis,
2562 4189 2686 4260 quia
2737 4199 3082 4260 peccatorum
3115 4208 3177 4247 ac
3216 4193 3445 4248 delicto-

1861 4297 1979 4337 rum
2003 4293 2087 4336 est
2125 4283 2470 4353 principium.
2499 4281 2883 4338 Verumtamen
2914 4285 3054 4339 beati
3086 4284 3119 4339 ii
3151 4286 3241 4355 qui
3280 4286 3332 4339 in
3361 4286 3448 4342 die

1862 4374 2182 4440 nativitatis,
2215 4375 2318 4430 hoc
2350 4382 2454 4439 est,
2483 4374 2535 4429 in
2588 4374 2854 4445 principio
2899 4375 3023 4430 vitae
3060 4391 3170 4431 suae
3218 4378 3447 4433 benedi-

1859 4478 2080 4534 cuntur,
2112 4467 2214 4522 hoe
2259 4477 2343 4522 est
2389 4481 2452 4521 ea
2505 4483 2626 4538 quae
2676 4468 2838 4539 digna
2891 4480 3019 4524 sunt
3069 4469 3446 4526 benedictione

1863 4559 2168 4631 perﬁciunt.
2210 4560 2356 4615 Beati
2393 4575 2608 4630 quoque
2637 4570 2692 4614 et
2729 4560 2763 4614 ii
2800 4558 2893 4630 qui
2932 4560 2985 4614 in
3022 4569 3265 4630 tempore
3300 4563 3445 4617 nati-

1788 4633 1832 4688 D
1863 4655 2047 4708 vitatis
2077 4668 2208 4722 sua,
2261 4653 2362 4707 hoc
2391 4662 2473 4708 est
2504 4651 2557 4706 in
2589 4652 2855 4722 principio
2885 4651 3064 4707 :etatis
3093 4662 3254 4723 atque
3288 4653 3442 4724 igno-

1864 4748 2037 4802 rantia
2065 4745 2369 4817 juventutis
2401 4761 2532 4810 ante,
2593 4745 2717 4800 licet
2749 4743 3140 4800 maledicantur
3179 4760 3277 4816 pro
3313 4762 3444 4817 pec-

1863 4837 2000 4892 catis
2049 4848 2212 4908 atque
2266 4838 2568 4907 ignorantia
2627 4837 2945 4906 juventutis,
2975 4838 3030 4892 in
3077 4839 3219 4892 diem
3251 4838 3440 4892 mortis

1859 4941 2022 4999 atque
2055 4931 2107 4984 in
2144 4931 2303 4985 tinem
2350 4931 2523 4984 aetatis
2555 4945 2665 4985 sum
2693 4944 2880 4984 rursus
2934 4929 3345 4993 benedicentur,
3387 4937 3442 4983 et

1860 5023 2289 5078 benedictionem
2341 5024 2797 5092 promerehuntur
2832 5036 2928 5088 per
2954 5022 3226 5074 sinceram
3267 5021 3440 5088 potni-

1861 5119 2122 5178 ludinem.
2149 5124 2312 5183 atque
2341 5115 2533 5184 dignos
2573 5114 2904 5184 paenitentia:
2947 5111 3176 5166 fructus.
3213 5111 3303 5165 Va:
3336 5126 3434 5165 auo

1861 5220 1966 5263 tem
2023 5208 2151 5272 illis,
2200 5215 2254 5261 et
2296 5206 2582 5260 animabus
2608 5221 2820 5269 eorum,
2852 5205 2943 5272 qui
2980 5213 3034 5258 et
3083 5206 3136 5256 in
3172 5203 3437 5272 principio

1860 5320 1979 5370 suo,
2009 5314 2064 5358 et
2091 5302 2374 5370 juventute
2408 5313 2502 5354 sua
2536 5297 2928 5352 maledicentur
2954 5295 3348 5363 delinquentes,
3381 5304 3436 5350 et

1861 5397 1913 5451 in
1939 5395 2043 5449 line
2080 5409 2191 5448 suze
2218 5391 2397 5447 aetatis
2427 5406 2533 5444 non
2578 5389 2931 5442 absolventur
2960 5388 3308 5455 pcenitcntes,
3336 5402 3434 5440 nc-

1859 5503 1966 5559 que
2003 5487 2391 5542 benedicentur
2420 5498 2516 5554 per
2545 5481 2734 5550 dignos
2771 5480 2978 5534 fructus
3008 5479 3336 5548 ptenitentize
3364 5477 3432 5531 ad

1859 5582 2026 5637 Deum
2101 5578 2472 5638 confugientes
2535 5592 2552 5633 :
2607 5589 2834 5645 quorum
2893 5571 3202 5626 maledictio
3271 5581 3432 5638 atque

1861 5671 2136 5730 damnatio
2175 5678 2372 5725 aeterna
2401 5668 2544 5738 apud
2593 5667 2796 5722 inferos
2834 5671 3137 5736 permanet,
3167 5661 3307 5718 sicut
3333 5673 3430 5718 eo-

2201 5870 2248 5904 "
2279 5867 2377 5927 Job
2407 5883 2490 5936 In,
2515 5866 2569 5921 5.
