  <div class='ocr_page' id='page_1' title='image "/cluster/home/n/w/nwhite01/storage/ocr_20150623/17/hvd.32044051719607/269.png"; bbox 0 0 3902 6518; ppageno 0'>
   <div class='ocr_carea' id='block_1_1' title="bbox 531 466 646 522">
    <p class='ocr_par' dir='ltr' id='par_1_1' title="bbox 531 466 646 522">
     <span class='ocr_line' id='line_1_1' title="bbox 531 466 646 522; baseline 0 0"><span class='ocrx_word' id='word_1_1' title='bbox 531 466 646 522; x_wconf 80' lang='grc'><strong>515</strong></span> 
     </span>
    </p>
   </div>
   <div class='ocr_carea' id='block_1_2' title="bbox 1631 459 2688 517">
    <p class='ocr_par' dir='ltr' id='par_1_2' title="bbox 1631 459 2688 517">
     <span class='ocr_line' id='line_1_2' title="bbox 1631 459 2688 517; baseline -0.005 0"><span class='ocrx_word' id='word_1_2' title='bbox 1631 459 2008 517; x_wconf 77' lang='lat' dir='ltr'><strong>ANONYMUS</strong></span> <span class='ocrx_word' id='word_1_3' title='bbox 2038 460 2105 515; x_wconf 85' lang='lat' dir='ltr'><strong>IN</strong></span> <span class='ocrx_word' id='word_1_4' title='bbox 2144 459 2285 516; x_wconf 87' lang='lat' dir='ltr'><strong>JOB.</strong></span> <span class='ocrx_word' id='word_1_5' title='bbox 2326 493 2391 503; x_wconf 91' lang='lat'><strong>—-</strong></span> <span class='ocrx_word' id='word_1_6' title='bbox 2431 460 2557 517; x_wconf 81' lang='lat' dir='ltr'><strong>LIB.</strong></span> <span class='ocrx_word' id='word_1_7' title='bbox 2601 461 2688 516; x_wconf 82' lang='lat' dir='ltr'><strong>Ill.</strong></span> 
     </span>
    </p>
   </div>
   <div class='ocr_carea' id='block_1_3' title="bbox 3657 466 3747 523">
    <p class='ocr_par' dir='ltr' id='par_1_3' title="bbox 3657 466 3747 523">
     <span class='ocr_line' id='line_1_3' title="bbox 3657 466 3747 523; baseline 0.033 -4"><span class='ocrx_word' id='word_1_8' title='bbox 3657 466 3747 523; x_wconf 80' lang='grc'><strong>516</strong></span> 
     </span>
    </p>
   </div>
   <div class='ocr_carea' id='block_1_4' title="bbox 532 574 3748 674">
    <p class='ocr_par' dir='ltr' id='par_1_4' title="bbox 532 574 3748 674">
     <span class='ocr_line' id='line_1_4' title="bbox 532 574 3748 674; baseline -0.002 -32"><span class='ocrx_word' id='word_1_9' title='bbox 532 587 798 674; x_wconf 43' lang='grc' dir='ltr'><strong>τιιηηῳιὶ</strong></span> <span class='ocrx_word' id='word_1_10' title='bbox 838 583 1222 656; x_wconf 63' lang='lat' dir='ltr'><strong>paenitudinem</strong></span> <span class='ocrx_word' id='word_1_11' title='bbox 1277 581 1566 638; x_wconf 77' lang='lat' dir='ltr'><strong>sinceriter</strong></span> <span class='ocrx_word' id='word_1_12' title='bbox 1591 580 1861 651; x_wconf 88' lang='lat' dir='ltr'><strong>gesserint</strong></span> <span class='ocrx_word' id='word_1_13' title='bbox 1899 589 2100 634; x_wconf 76' lang='lat' dir='ltr'><strong>aeterna</strong></span> <span class='ocrx_word' id='word_1_14' title='bbox 2130 583 2176 640; x_wconf 77' lang='grc' dir='ltr'><strong>Α</strong></span> <span class='ocrx_word' id='word_1_15' title='bbox 2203 588 2258 633; x_wconf 92' lang='lat' dir='ltr'><strong>et</strong></span> <span class='ocrx_word' id='word_1_16' title='bbox 2282 577 2460 632; x_wconf 85' lang='lat' dir='ltr'><strong>anima</strong></span> <span class='ocrx_word' id='word_1_17' title='bbox 2497 577 2637 632; x_wconf 84' lang='lat' dir='ltr'><strong>idem</strong></span> <span class='ocrx_word' id='word_1_18' title='bbox 2669 586 2793 632; x_wconf 90' lang='lat' dir='ltr'><strong>sunt</strong></span> <span class='ocrx_word' id='word_1_19' title='bbox 2837 577 3132 633; x_wconf 84' lang='lat' dir='ltr'><strong>indiscrete</strong></span> <span class='ocrx_word' id='word_1_20' title='bbox 3184 584 3346 645; x_wconf 89' lang='lat' dir='ltr'><strong>atque</strong></span> <span class='ocrx_word' id='word_1_21' title='bbox 3386 574 3674 646; x_wconf 90' lang='lat' dir='ltr'><strong>indivisive,</strong></span> <span class='ocrx_word' id='word_1_22' title='bbox 3701 589 3748 639; x_wconf 82' lang='lat' dir='ltr'><strong>et</strong></span> 
     </span>
    </p>
   </div>
   <div class='ocr_carea' id='block_1_5' title="bbox 533 670 2108 746">
    <p class='ocr_par' dir='ltr' id='par_1_5' title="bbox 533 670 2108 746">
     <span class='ocr_line' id='line_1_5' title="bbox 533 670 2108 746; baseline -0.006 -14"><span class='ocrx_word' id='word_1_23' title='bbox 533 670 749 746; x_wconf 79' lang='lat' dir='ltr'><strong>requies</strong></span> <span class='ocrx_word' id='word_1_24' title='bbox 779 677 831 730; x_wconf 90' lang='lat' dir='ltr'><strong>in</strong></span> <span class='ocrx_word' id='word_1_25' title='bbox 876 676 1274 731; x_wconf 78' lang='lat' dir='ltr'><strong>resurrectione</strong></span> <span class='ocrx_word' id='word_1_26' title='bbox 1332 675 1478 730; x_wconf 86' lang='lat' dir='ltr'><strong>erit!</strong></span> <span class='ocrx_word' id='word_1_27' title='bbox 1545 673 1660 728; x_wconf 82' lang='lat' dir='ltr'><strong>Alia</strong></span> <span class='ocrx_word' id='word_1_28' title='bbox 1712 670 2108 742; x_wconf 78' lang='lat' dir='ltr'><strong>quamplurima</strong></span> 
     </span>
    </p>
   </div>
   <div class='ocr_carea' id='block_1_6' title="bbox 528 761 2110 838">
    <p class='ocr_par' dir='ltr' id='par_1_6' title="bbox 528 761 2110 838">
     <span class='ocr_line' id='line_1_6' title="bbox 528 761 2110 838; baseline -0.006 -15"><span class='ocrx_word' id='word_1_29' title='bbox 528 783 655 823; x_wconf 89' lang='lat' dir='ltr'><strong>cum</strong></span> <span class='ocrx_word' id='word_1_30' title='bbox 695 769 964 838; x_wconf 77' lang='lat' dir='ltr'><strong>possimus</strong></span> <span class='ocrx_word' id='word_1_31' title='bbox 995 769 1176 822; x_wconf 87' lang='lat' dir='ltr'><strong>dicere</strong></span> <span class='ocrx_word' id='word_1_32' title='bbox 1211 768 1278 822; x_wconf 88' lang='lat' dir='ltr'><strong>de</strong></span> <span class='ocrx_word' id='word_1_33' title='bbox 1328 769 1429 821; x_wconf 90' lang='lat' dir='ltr'><strong>hoe</strong></span> <span class='ocrx_word' id='word_1_34' title='bbox 1467 779 1740 830; x_wconf 88' lang='lat' dir='ltr'><strong>sermone,</strong></span> <span class='ocrx_word' id='word_1_35' title='bbox 1793 764 1905 818; x_wconf 66' lang='lat' dir='ltr'><strong>haec</strong></span> <span class='ocrx_word' id='word_1_36' title='bbox 1968 761 2110 816; x_wconf 90' lang='lat' dir='ltr'><strong>desi-</strong></span> 
     </span>
    </p>
   </div>
   <div class='ocr_carea' id='block_1_7' title="bbox 531 852 2107 928">
    <p class='ocr_par' dir='ltr' id='par_1_7' title="bbox 531 852 2107 928">
     <span class='ocr_line' id='line_1_7' title="bbox 531 852 2107 928; baseline -0.006 -15"><span class='ocrx_word' id='word_1_37' title='bbox 531 869 724 916; x_wconf 81' lang='lat' dir='ltr'><strong>nentes</strong></span> <span class='ocrx_word' id='word_1_38' title='bbox 749 873 869 928; x_wconf 74' lang='lat' dir='ltr'><strong>quae</strong></span> <span class='ocrx_word' id='word_1_39' title='bbox 894 868 1194 926; x_wconf 90' lang='lat' dir='ltr'><strong>sequuntur</strong></span> <span class='ocrx_word' id='word_1_40' title='bbox 1233 869 1740 910; x_wconf 90' lang='lat' dir='ltr'><strong>commemoremus.</strong></span> <span class='ocrx_word' id='word_1_41' title='bbox 1786 853 1998 919; x_wconf 81' lang='lat' dir='ltr'><strong>Pereat,</strong></span> <span class='ocrx_word' id='word_1_42' title='bbox 2029 852 2107 904; x_wconf 86' lang='lat' dir='ltr'><strong>in-</strong></span> 
     </span>
    </p>
   </div>
   <div class='ocr_carea' id='block_1_8' title="bbox 529 943 2108 1020">
    <p class='ocr_par' dir='ltr' id='par_1_8' title="bbox 529 943 2108 1020">
     <span class='ocr_line' id='line_1_8' title="bbox 529 943 2108 1020; baseline -0.005 -15"><span class='ocrx_word' id='word_1_43' title='bbox 529 951 667 1020; x_wconf 90' lang='lat' dir='ltr'><strong>qult,</strong></span> <span class='ocrx_word' id='word_1_44' title='bbox 699 951 806 1004; x_wconf 81' lang='lat' dir='ltr'><strong>dies</strong></span> <span class='ocrx_word' id='word_1_45' title='bbox 832 951 884 1002; x_wconf 79' lang='lat' dir='ltr'><strong>in</strong></span> <span class='ocrx_word' id='word_1_46' title='bbox 907 965 1010 1018; x_wconf 85' lang='lat' dir='ltr'><strong>quo</strong></span> <span class='ocrx_word' id='word_1_47' title='bbox 1043 959 1197 1001; x_wconf 83' lang='lat' dir='ltr'><strong>natus</strong></span> <span class='ocrx_word' id='word_1_48' title='bbox 1225 963 1341 1000; x_wconf 81' lang='lat' dir='ltr'><strong>sum</strong></span> <span class='ocrx_word' id='word_1_49' title='bbox 1378 948 1446 999; x_wconf 83' lang='lat'><strong>&quot;.</strong></span> <span class='ocrx_word' id='word_1_50' title='bbox 1514 945 1638 999; x_wconf 63' lang='lat' dir='ltr'><strong>Haec</strong></span> <span class='ocrx_word' id='word_1_51' title='bbox 1690 947 1942 998; x_wconf 85' lang='lat' dir='ltr'><strong>nimirum</strong></span> <span class='ocrx_word' id='word_1_52' title='bbox 1979 943 2108 997; x_wconf 92' lang='lat' dir='ltr'><strong>dicit</strong></span> 
     </span>
    </p>
   </div>
   <div class='ocr_carea' id='block_1_9' title="bbox 530 1034 2106 1106">
    <p class='ocr_par' dir='ltr' id='par_1_9' title="bbox 530 1034 2106 1106">
     <span class='ocr_line' id='line_1_9' title="bbox 530 1034 2106 1106; baseline -0.007 -9"><span class='ocrx_word' id='word_1_53' title='bbox 530 1043 722 1097; x_wconf 85' lang='lat' dir='ltr'><strong>beatus</strong></span> <span class='ocrx_word' id='word_1_54' title='bbox 753 1041 873 1103; x_wconf 86' lang='lat' dir='ltr'><strong>Job,</strong></span> <span class='ocrx_word' id='word_1_55' title='bbox 899 1052 955 1094; x_wconf 94' lang='lat' dir='ltr'><strong>ut</strong></span> <span class='ocrx_word' id='word_1_56' title='bbox 979 1041 1291 1094; x_wconf 82' lang='lat' dir='ltr'><strong>ostenderet</strong></span> <span class='ocrx_word' id='word_1_57' title='bbox 1315 1038 1568 1092; x_wconf 91' lang='lat' dir='ltr'><strong>omnibus</strong></span> <span class='ocrx_word' id='word_1_58' title='bbox 1592 1035 1780 1106; x_wconf 80' lang='lat' dir='ltr'><strong>quales</strong></span> <span class='ocrx_word' id='word_1_59' title='bbox 1804 1034 2106 1090; x_wconf 83' lang='lat' dir='ltr'><strong>sustinebat</strong></span> 
     </span>
    </p>
   </div>
   <div class='ocr_carea' id='block_1_10' title="bbox 528 1125 2104 1202">
    <p class='ocr_par' dir='ltr' id='par_1_10' title="bbox 528 1125 2104 1202">
     <span class='ocr_line' id='line_1_10' title="bbox 528 1125 2104 1202; baseline -0.006 -14"><span class='ocrx_word' id='word_1_60' title='bbox 528 1133 763 1198; x_wconf 84' lang='lat' dir='ltr'><strong>dolores,</strong></span> <span class='ocrx_word' id='word_1_61' title='bbox 787 1133 869 1186; x_wconf 85' lang='lat' dir='ltr'><strong>vel</strong></span> <span class='ocrx_word' id='word_1_62' title='bbox 893 1133 1073 1202; x_wconf 79' lang='lat' dir='ltr'><strong>qualia</strong></span> <span class='ocrx_word' id='word_1_63' title='bbox 1106 1131 1457 1200; x_wconf 85' lang='lat' dir='ltr'><strong>supportabat</strong></span> <span class='ocrx_word' id='word_1_64' title='bbox 1488 1127 1773 1198; x_wconf 87' lang='lat' dir='ltr'><strong>supplicia.</strong></span> <span class='ocrx_word' id='word_1_65' title='bbox 1793 1125 1886 1180; x_wconf 90' lang='lat' dir='ltr'><strong>Sic</strong></span> <span class='ocrx_word' id='word_1_66' title='bbox 1914 1126 2104 1180; x_wconf 88' lang='lat' dir='ltr'><strong>beatus</strong></span> 
     </span>
    </p>
   </div>
   <div class='ocr_carea' id='block_1_11' title="bbox 529 1216 2104 1288">
    <p class='ocr_par' dir='ltr' id='par_1_11' title="bbox 529 1216 2104 1288">
     <span class='ocr_line' id='line_1_11' title="bbox 529 1216 2104 1288; baseline -0.006 -10"><span class='ocrx_word' id='word_1_67' title='bbox 529 1241 595 1279; x_wconf 92' lang='lat' dir='ltr'><strong>ac</strong></span> <span class='ocrx_word' id='word_1_68' title='bbox 631 1224 1006 1280; x_wconf 83' lang='lat' dir='ltr'><strong>sanctissimus</strong></span> <span class='ocrx_word' id='word_1_69' title='bbox 1042 1221 1305 1276; x_wconf 84' lang='lat' dir='ltr'><strong>Jeremias</strong></span> <span class='ocrx_word' id='word_1_70' title='bbox 1362 1221 1414 1274; x_wconf 92' lang='lat' dir='ltr'><strong>in</strong></span> <span class='ocrx_word' id='word_1_71' title='bbox 1478 1219 1860 1288; x_wconf 72' lang='lat' dir='ltr'><strong>suggillatione</strong></span> <span class='ocrx_word' id='word_1_72' title='bbox 1911 1216 2104 1270; x_wconf 67' lang='lat' dir='ltr'><strong>animae</strong></span> 
     </span>
    </p>
   </div>
   <div class='ocr_carea' id='block_1_12' title="bbox 527 1309 2100 1380">
    <p class='ocr_par' dir='ltr' id='par_1_12' title="bbox 527 1309 2100 1380">
     <span class='ocr_line' id='line_1_12' title="bbox 527 1309 2100 1380; baseline -0.006 -9"><span class='ocrx_word' id='word_1_73' title='bbox 527 1316 834 1380; x_wconf 81' lang='lat' dir='ltr'><strong>devolutus,</strong></span> <span class='ocrx_word' id='word_1_74' title='bbox 865 1315 1060 1370; x_wconf 79' lang='lat' dir='ltr'><strong>similia</strong></span> <span class='ocrx_word' id='word_1_75' title='bbox 1094 1325 1152 1367; x_wconf 94' lang='lat' dir='ltr'><strong>ut</strong></span> <span class='ocrx_word' id='word_1_76' title='bbox 1193 1313 1300 1368; x_wconf 89' lang='lat' dir='ltr'><strong>Job</strong></span> <span class='ocrx_word' id='word_1_77' title='bbox 1343 1312 1556 1365; x_wconf 88' lang='lat' dir='ltr'><strong>locutus</strong></span> <span class='ocrx_word' id='word_1_78' title='bbox 1589 1320 1690 1370; x_wconf 88' lang='lat' dir='ltr'><strong>est,</strong></span> <span class='ocrx_word' id='word_1_79' title='bbox 1743 1309 1896 1378; x_wconf 84' lang='lat' dir='ltr'><strong>juxta</strong></span> <span class='ocrx_word' id='word_1_80' title='bbox 1921 1309 2100 1378; x_wconf 86' lang='lat' dir='ltr'><strong>omnia</strong></span> 
     </span>
    </p>
   </div>
   <div class='ocr_carea' id='block_1_13' title="bbox 528 1399 2101 1478">
    <p class='ocr_par' dir='ltr' id='par_1_13' title="bbox 528 1399 2101 1478">
     <span class='ocr_line' id='line_1_13' title="bbox 528 1399 2101 1478; baseline -0.006 -16"><span class='ocrx_word' id='word_1_81' title='bbox 528 1423 650 1478; x_wconf 72' lang='lat' dir='ltr'><strong>qua:</strong></span> <span class='ocrx_word' id='word_1_82' title='bbox 685 1407 934 1475; x_wconf 87' lang='lat' dir='ltr'><strong>superius</strong></span> <span class='ocrx_word' id='word_1_83' title='bbox 969 1405 1234 1459; x_wconf 80' lang='lat' dir='ltr'><strong>veraciter</strong></span> <span class='ocrx_word' id='word_1_84' title='bbox 1281 1410 1578 1456; x_wconf 87' lang='lat' dir='ltr'><strong>memorata</strong></span> <span class='ocrx_word' id='word_1_85' title='bbox 1635 1410 1760 1454; x_wconf 90' lang='lat' dir='ltr'><strong>sunt</strong></span> <span class='ocrx_word' id='word_1_86' title='bbox 1803 1401 1869 1452; x_wconf 85' lang='lat'><strong>&quot;&#39;.</strong></span> <span class='ocrx_word' id='word_1_87' title='bbox 1927 1399 2101 1470; x_wconf 88' lang='lat' dir='ltr'><strong>Super</strong></span> 
     </span>
    </p>
   </div>
   <div class='ocr_carea' id='block_1_14' title="bbox 528 1492 2096 1568">
    <p class='ocr_par' dir='ltr' id='par_1_14' title="bbox 528 1492 2096 1568">
     <span class='ocr_line' id='line_1_14' title="bbox 528 1492 2096 1568; baseline -0.005 -16"><span class='ocrx_word' id='word_1_88' title='bbox 528 1514 648 1568; x_wconf 73' lang='lat' dir='ltr'><strong>qua:</strong></span> <span class='ocrx_word' id='word_1_89' title='bbox 683 1497 931 1551; x_wconf 88' lang='lat' dir='ltr'><strong>universa</strong></span> <span class='ocrx_word' id='word_1_90' title='bbox 981 1495 1087 1550; x_wconf 91' lang='lat' dir='ltr'><strong>hoc</strong></span> <span class='ocrx_word' id='word_1_91' title='bbox 1128 1497 1292 1549; x_wconf 90' lang='lat' dir='ltr'><strong>etiam</strong></span> <span class='ocrx_word' id='word_1_92' title='bbox 1325 1495 1588 1548; x_wconf 86' lang='lat' dir='ltr'><strong>debemus</strong></span> <span class='ocrx_word' id='word_1_93' title='bbox 1639 1492 1944 1556; x_wconf 80' lang='lat' dir='ltr'><strong>advertere,</strong></span> <span class='ocrx_word' id='word_1_94' title='bbox 1973 1492 2096 1559; x_wconf 84' lang='lat' dir='ltr'><strong>quia</strong></span> 
     </span>
    </p>
   </div>
   <div class='ocr_carea' id='block_1_15' title="bbox 530 1583 2099 1649">
    <p class='ocr_par' dir='ltr' id='par_1_15' title="bbox 530 1583 2099 1649">
     <span class='ocr_line' id='line_1_15' title="bbox 530 1583 2099 1649; baseline -0.003 -7"><span class='ocrx_word' id='word_1_95' title='bbox 530 1605 634 1643; x_wconf 91' lang='lat' dir='ltr'><strong>non</strong></span> <span class='ocrx_word' id='word_1_96' title='bbox 668 1588 950 1642; x_wconf 78' lang='lat' dir='ltr'><strong>defuerunt</strong></span> <span class='ocrx_word' id='word_1_97' title='bbox 973 1588 1181 1642; x_wconf 88' lang='lat' dir='ltr'><strong>sanctis</strong></span> <span class='ocrx_word' id='word_1_98' title='bbox 1211 1585 1426 1639; x_wconf 87' lang='lat' dir='ltr'><strong>dolores</strong></span> <span class='ocrx_word' id='word_1_99' title='bbox 1453 1597 1517 1638; x_wconf 88' lang='lat' dir='ltr'><strong>ac</strong></span> <span class='ocrx_word' id='word_1_100' title='bbox 1561 1583 1953 1649; x_wconf 88' lang='lat' dir='ltr'><strong>tribulationes,</strong></span> <span class='ocrx_word' id='word_1_101' title='bbox 1985 1597 2099 1638; x_wconf 85' lang='lat' dir='ltr'><strong>mo-</strong></span> 
     </span>
    </p>
   </div>
   <div class='ocr_carea' id='block_1_16' title="bbox 528 1677 2096 1748">
    <p class='ocr_par' dir='ltr' id='par_1_16' title="bbox 528 1677 2096 1748">
     <span class='ocr_line' id='line_1_16' title="bbox 528 1677 2096 1748; baseline -0.001 -16"><span class='ocrx_word' id='word_1_102' title='bbox 528 1677 697 1734; x_wconf 71' lang='lat' dir='ltr'><strong>lestiae</strong></span> <span class='ocrx_word' id='word_1_103' title='bbox 722 1693 936 1748; x_wconf 90' lang='lat' dir='ltr'><strong>quoque</strong></span> <span class='ocrx_word' id='word_1_104' title='bbox 965 1687 1128 1747; x_wconf 88' lang='lat' dir='ltr'><strong>atque</strong></span> <span class='ocrx_word' id='word_1_105' title='bbox 1173 1677 1474 1747; x_wconf 84' lang='lat' dir='ltr'><strong>passiones,</strong></span> <span class='ocrx_word' id='word_1_106' title='bbox 1533 1689 1640 1729; x_wconf 93' lang='lat' dir='ltr'><strong>non</strong></span> <span class='ocrx_word' id='word_1_107' title='bbox 1675 1684 1882 1728; x_wconf 90' lang='lat' dir='ltr'><strong>tantum</strong></span> <span class='ocrx_word' id='word_1_108' title='bbox 1917 1691 2014 1745; x_wconf 90' lang='lat' dir='ltr'><strong>pro</strong></span> <span class='ocrx_word' id='word_1_109' title='bbox 2037 1690 2096 1731; x_wconf 86' lang='lat' dir='ltr'><strong>se</strong></span> 
     </span>
    </p>
   </div>
   <div class='ocr_carea' id='block_1_17' title="bbox 523 1765 2094 1839">
    <p class='ocr_par' dir='ltr' id='par_1_17' title="bbox 523 1765 2094 1839">
     <span class='ocr_line' id='line_1_17' title="bbox 523 1765 2094 1839; baseline -0.001 -19"><span class='ocrx_word' id='word_1_110' title='bbox 523 1780 785 1839; x_wconf 84' lang='lat' dir='ltr'><strong>quantum</strong></span> <span class='ocrx_word' id='word_1_111' title='bbox 817 1785 912 1839; x_wconf 84' lang='lat' dir='ltr'><strong>pro</strong></span> <span class='ocrx_word' id='word_1_112' title='bbox 955 1770 1111 1824; x_wconf 89' lang='lat' dir='ltr'><strong>nobis</strong></span> <span class='ocrx_word' id='word_1_113' title='bbox 1146 1784 1161 1821; x_wconf 90' lang='lat'><strong>:</strong></span> <span class='ocrx_word' id='word_1_114' title='bbox 1202 1776 1260 1822; x_wconf 94' lang='lat' dir='ltr'><strong>ut</strong></span> <span class='ocrx_word' id='word_1_115' title='bbox 1283 1769 1591 1822; x_wconf 88' lang='lat' dir='ltr'><strong>noverimus</strong></span> <span class='ocrx_word' id='word_1_116' title='bbox 1612 1781 1709 1819; x_wconf 92' lang='lat' dir='ltr'><strong>nos</strong></span> <span class='ocrx_word' id='word_1_117' title='bbox 1736 1776 1896 1834; x_wconf 88' lang='lat' dir='ltr'><strong>atque</strong></span> <span class='ocrx_word' id='word_1_118' title='bbox 1923 1765 2094 1820; x_wconf 84' lang='lat' dir='ltr'><strong>infor-</strong></span> 
     </span>
    </p>
   </div>
   <div class='ocr_carea' id='block_1_18' title="bbox 527 1857 2091 1930">
    <p class='ocr_par' dir='ltr' id='par_1_18' title="bbox 527 1857 2091 1930">
     <span class='ocr_line' id='line_1_18' title="bbox 527 1857 2091 1930; baseline -0.003 -16"><span class='ocrx_word' id='word_1_119' title='bbox 527 1876 754 1923; x_wconf 88' lang='lat' dir='ltr'><strong>memur,</strong></span> <span class='ocrx_word' id='word_1_120' title='bbox 781 1862 902 1930; x_wconf 85' lang='lat' dir='ltr'><strong>quia</strong></span> <span class='ocrx_word' id='word_1_121' title='bbox 928 1877 1023 1930; x_wconf 86' lang='lat' dir='ltr'><strong>per</strong></span> <span class='ocrx_word' id='word_1_122' title='bbox 1069 1859 1446 1915; x_wconf 87' lang='lat' dir='ltr'><strong>tribulationes</strong></span> <span class='ocrx_word' id='word_1_123' title='bbox 1475 1872 1538 1912; x_wconf 90' lang='lat' dir='ltr'><strong>ac</strong></span> <span class='ocrx_word' id='word_1_124' title='bbox 1579 1857 1814 1921; x_wconf 85' lang='lat' dir='ltr'><strong>labores,</strong></span> <span class='ocrx_word' id='word_1_125' title='bbox 1849 1872 1945 1926; x_wconf 88' lang='lat' dir='ltr'><strong>per</strong></span> <span class='ocrx_word' id='word_1_126' title='bbox 1972 1871 2091 1926; x_wconf 77' lang='lat' dir='ltr'><strong>pas-</strong></span> 
     </span>
    </p>
   </div>
   <div class='ocr_carea' id='block_1_19' title="bbox 2211 667 3748 740">
    <p class='ocr_par' dir='ltr' id='par_1_19' title="bbox 2211 667 3748 740">
     <span class='ocr_line' id='line_1_19' title="bbox 2211 667 3748 740; baseline -0.007 -14"><span class='ocrx_word' id='word_1_127' title='bbox 2211 685 2355 726; x_wconf 87' lang='lat' dir='ltr'><strong>nunc</strong></span> <span class='ocrx_word' id='word_1_128' title='bbox 2399 670 2451 723; x_wconf 90' lang='lat' dir='ltr'><strong>in</strong></span> <span class='ocrx_word' id='word_1_129' title='bbox 2495 669 2672 733; x_wconf 91' lang='lat' dir='ltr'><strong>terris,</strong></span> <span class='ocrx_word' id='word_1_130' title='bbox 2698 678 2753 723; x_wconf 90' lang='lat' dir='ltr'><strong>et</strong></span> <span class='ocrx_word' id='word_1_131' title='bbox 2785 669 2838 722; x_wconf 90' lang='lat' dir='ltr'><strong>in</strong></span> <span class='ocrx_word' id='word_1_132' title='bbox 2869 667 3279 723; x_wconf 80' lang='lat' dir='ltr'><strong>resurrectione</strong></span> <span class='ocrx_word' id='word_1_133' title='bbox 3311 668 3364 720; x_wconf 89' lang='lat' dir='ltr'><strong>in</strong></span> <span class='ocrx_word' id='word_1_134' title='bbox 3397 667 3564 734; x_wconf 72' lang='lat' dir='ltr'><strong>cmlis,</strong></span> <span class='ocrx_word' id='word_1_135' title='bbox 3593 674 3748 740; x_wconf 84' lang='lat' dir='ltr'><strong>quod-</strong></span> 
     </span>
    </p>
   </div>
   <div class='ocr_carea' id='block_1_20' title="bbox 2209 760 3750 829">
    <p class='ocr_par' dir='ltr' id='par_1_20' title="bbox 2209 760 3750 829">
     <span class='ocr_line' id='line_1_20' title="bbox 2209 760 3750 829; baseline 0.002 -14"><span class='ocrx_word' id='word_1_136' title='bbox 2209 775 2421 828; x_wconf 79' lang='lat' dir='ltr'><strong>cunque</strong></span> <span class='ocrx_word' id='word_1_137' title='bbox 2445 760 2785 814; x_wconf 89' lang='lat' dir='ltr'><strong>seminaverit</strong></span> <span class='ocrx_word' id='word_1_138' title='bbox 2840 774 3038 828; x_wconf 74' lang='lat' dir='ltr'><strong>corpus</strong></span> <span class='ocrx_word' id='word_1_139' title='bbox 3077 773 3242 829; x_wconf 86' lang='lat' dir='ltr'><strong>super</strong></span> <span class='ocrx_word' id='word_1_140' title='bbox 3272 768 3494 824; x_wconf 84' lang='lat' dir='ltr'><strong>terram,</strong></span> <span class='ocrx_word' id='word_1_141' title='bbox 3537 761 3631 816; x_wconf 90' lang='lat' dir='ltr'><strong>hoc</strong></span> <span class='ocrx_word' id='word_1_142' title='bbox 3653 779 3750 819; x_wconf 87' lang='lat' dir='ltr'><strong>me-</strong></span> 
     </span>
    </p>
   </div>
   <div class='ocr_carea' id='block_1_21' title="bbox 2210 851 3752 920">
    <p class='ocr_par' dir='ltr' id='par_1_21' title="bbox 2210 851 3752 920">
     <span class='ocr_line' id='line_1_21' title="bbox 2210 851 3752 920; baseline 0.003 -16"><span class='ocrx_word' id='word_1_143' title='bbox 2210 861 2283 905; x_wconf 87' lang='lat' dir='ltr'><strong>tet</strong></span> <span class='ocrx_word' id='word_1_144' title='bbox 2322 851 2500 904; x_wconf 89' lang='lat' dir='ltr'><strong>anima</strong></span> <span class='ocrx_word' id='word_1_145' title='bbox 2538 851 2590 904; x_wconf 92' lang='lat' dir='ltr'><strong>in</strong></span> <span class='ocrx_word' id='word_1_146' title='bbox 2644 851 3078 915; x_wconf 89' lang='lat' dir='ltr'><strong>resurrectione,</strong></span> <span class='ocrx_word' id='word_1_147' title='bbox 3124 851 3480 920; x_wconf 87' lang='lat' dir='ltr'><strong>quodcunque</strong></span> <span class='ocrx_word' id='word_1_148' title='bbox 3521 865 3752 920; x_wconf 84' lang='lat' dir='ltr'><strong>operatur</strong></span> 
     </span>
    </p>
   </div>
   <div class='ocr_carea' id='block_1_22' title="bbox 2207 941 3748 1013">
    <p class='ocr_par' dir='ltr' id='par_1_22' title="bbox 2207 941 3748 1013">
     <span class='ocr_line' id='line_1_22' title="bbox 2207 941 3748 1013; baseline 0.002 -17"><span class='ocrx_word' id='word_1_149' title='bbox 2207 957 2402 1011; x_wconf 83' lang='lat' dir='ltr'><strong>corpus</strong></span> <span class='ocrx_word' id='word_1_150' title='bbox 2445 941 2496 995; x_wconf 90' lang='lat' dir='ltr'><strong>in</strong></span> <span class='ocrx_word' id='word_1_151' title='bbox 2535 941 2882 1010; x_wconf 87' lang='lat' dir='ltr'><strong>corruptione</strong></span> <span class='ocrx_word' id='word_1_152' title='bbox 2922 959 2937 996; x_wconf 90' lang='lat'>:</span> <span class='ocrx_word' id='word_1_153' title='bbox 2972 943 3076 997; x_wconf 90' lang='lat' dir='ltr'><strong>hoc</strong></span> <span class='ocrx_word' id='word_1_154' title='bbox 3141 943 3286 996; x_wconf 91' lang='lat' dir='ltr'><strong>enim</strong></span> <span class='ocrx_word' id='word_1_155' title='bbox 3322 941 3466 1010; x_wconf 90' lang='lat' dir='ltr'><strong>quod</strong></span> <span class='ocrx_word' id='word_1_156' title='bbox 3519 945 3748 1013; x_wconf 89' lang='lat' dir='ltr'><strong>seminat,</strong></span> 
     </span>
    </p>
   </div>
   <div class='ocr_carea' id='block_1_23' title="bbox 2207 1031 3753 1102">
    <p class='ocr_par' dir='ltr' id='par_1_23' title="bbox 2207 1031 3753 1102">
     <span class='ocr_line' id='line_1_23' title="bbox 2207 1031 3753 1102; baseline 0.004 -16"><span class='ocrx_word' id='word_1_157' title='bbox 2207 1034 2309 1086; x_wconf 91' lang='lat' dir='ltr'><strong>hoc</strong></span> <span class='ocrx_word' id='word_1_158' title='bbox 2335 1040 2389 1086; x_wconf 85' lang='lat' dir='ltr'><strong>et</strong></span> <span class='ocrx_word' id='word_1_159' title='bbox 2411 1041 2596 1088; x_wconf 90' lang='lat' dir='ltr'><strong>metet.</strong></span> <span class='ocrx_word' id='word_1_160' title='bbox 2634 1031 2791 1087; x_wconf 91' lang='lat' dir='ltr'><strong>Sicut</strong></span> <span class='ocrx_word' id='word_1_161' title='bbox 2811 1048 2942 1102; x_wconf 88' lang='lat' dir='ltr'><strong>ergo</strong></span> <span class='ocrx_word' id='word_1_162' title='bbox 2968 1033 3086 1088; x_wconf 90' lang='lat' dir='ltr'><strong>haec</strong></span> <span class='ocrx_word' id='word_1_163' title='bbox 3119 1033 3257 1087; x_wconf 91' lang='lat' dir='ltr'><strong>idem</strong></span> <span class='ocrx_word' id='word_1_164' title='bbox 3300 1042 3444 1095; x_wconf 88' lang='lat' dir='ltr'><strong>sunt,</strong></span> <span class='ocrx_word' id='word_1_165' title='bbox 3477 1032 3548 1086; x_wconf 91' lang='lat' dir='ltr'><strong>ita</strong></span> <span class='ocrx_word' id='word_1_166' title='bbox 3582 1045 3634 1089; x_wconf 90' lang='lat' dir='ltr'><strong>et</strong></span> <span class='ocrx_word' id='word_1_167' title='bbox 3655 1039 3753 1092; x_wconf 86' lang='lat' dir='ltr'><strong>dies</strong></span> 
     </span>
    </p>
   </div>
   <div class='ocr_carea' id='block_1_24' title="bbox 2203 1122 3754 1195">
    <p class='ocr_par' dir='ltr' id='par_1_24' title="bbox 2203 1122 3754 1195">
     <span class='ocr_line' id='line_1_24' title="bbox 2203 1122 3754 1195; baseline 0.002 -17"><span class='ocrx_word' id='word_1_168' title='bbox 2203 1134 2262 1178; x_wconf 91' lang='lat' dir='ltr'><strong>et</strong></span> <span class='ocrx_word' id='word_1_169' title='bbox 2295 1139 2396 1178; x_wconf 89' lang='lat' dir='ltr'><strong>nox</strong></span> <span class='ocrx_word' id='word_1_170' title='bbox 2429 1124 2571 1178; x_wconf 90' lang='lat' dir='ltr'><strong>idem</strong></span> <span class='ocrx_word' id='word_1_171' title='bbox 2610 1133 2758 1178; x_wconf 92' lang='lat' dir='ltr'><strong>sunt.</strong></span> <span class='ocrx_word' id='word_1_172' title='bbox 2800 1123 2956 1190; x_wconf 87' lang='lat' dir='ltr'><strong>Quod</strong></span> <span class='ocrx_word' id='word_1_173' title='bbox 2988 1123 3040 1176; x_wconf 92' lang='lat' dir='ltr'><strong>in</strong></span> <span class='ocrx_word' id='word_1_174' title='bbox 3081 1123 3168 1178; x_wconf 89' lang='lat' dir='ltr'><strong>die</strong></span> <span class='ocrx_word' id='word_1_175' title='bbox 3203 1122 3284 1186; x_wconf 82' lang='lat' dir='ltr'><strong>lit,</strong></span> <span class='ocrx_word' id='word_1_176' title='bbox 3322 1123 3423 1177; x_wconf 91' lang='lat' dir='ltr'><strong>hoc</strong></span> <span class='ocrx_word' id='word_1_177' title='bbox 3448 1124 3585 1177; x_wconf 92' lang='lat' dir='ltr'><strong>nocti</strong></span> <span class='ocrx_word' id='word_1_178' title='bbox 3618 1139 3754 1195; x_wconf 86' lang='lat' dir='ltr'><strong>repu-</strong></span> 
     </span>
    </p>
   </div>
   <div class='ocr_carea' id='block_1_25' title="bbox 2204 1212 3754 1286">
    <p class='ocr_par' dir='ltr' id='par_1_25' title="bbox 2204 1212 3754 1286">
     <span class='ocr_line' id='line_1_25' title="bbox 2204 1212 3754 1286; baseline 0.002 -16"><span class='ocrx_word' id='word_1_179' title='bbox 2204 1224 2368 1280; x_wconf 72' lang='lat' dir='ltr'><strong>tatur,</strong></span> <span class='ocrx_word' id='word_1_180' title='bbox 2399 1226 2454 1272; x_wconf 83' lang='lat' dir='ltr'><strong>et</strong></span> <span class='ocrx_word' id='word_1_181' title='bbox 2486 1215 2629 1286; x_wconf 90' lang='lat' dir='ltr'><strong>quod</strong></span> <span class='ocrx_word' id='word_1_182' title='bbox 2656 1215 2708 1268; x_wconf 93' lang='lat' dir='ltr'><strong>in</strong></span> <span class='ocrx_word' id='word_1_183' title='bbox 2744 1224 2903 1269; x_wconf 93' lang='lat' dir='ltr'><strong>nocte</strong></span> <span class='ocrx_word' id='word_1_184' title='bbox 2935 1212 3014 1281; x_wconf 86' lang='lat' dir='ltr'><strong>lit,</strong></span> <span class='ocrx_word' id='word_1_185' title='bbox 3041 1213 3144 1268; x_wconf 92' lang='lat' dir='ltr'><strong>hoc</strong></span> <span class='ocrx_word' id='word_1_186' title='bbox 3189 1213 3294 1266; x_wconf 86' lang='lat' dir='ltr'><strong>diei</strong></span> <span class='ocrx_word' id='word_1_187' title='bbox 3329 1214 3654 1282; x_wconf 79' lang='lat' dir='ltr'><strong>designatur.</strong></span> <span class='ocrx_word' id='word_1_188' title='bbox 3675 1216 3754 1273; x_wconf 89' lang='lat' dir='ltr'><strong>Sic</strong></span> 
     </span>
    </p>
   </div>
   <div class='ocr_carea' id='block_1_26' title="bbox 2203 1304 3753 1377">
    <p class='ocr_par' dir='ltr' id='par_1_26' title="bbox 2203 1304 3753 1377">
     <span class='ocr_line' id='line_1_26' title="bbox 2203 1304 3753 1377; baseline 0.002 -17"><span class='ocrx_word' id='word_1_189' title='bbox 2203 1322 2438 1377; x_wconf 85' lang='lat' dir='ltr'><strong>namque</strong></span> <span class='ocrx_word' id='word_1_190' title='bbox 2467 1305 2645 1363; x_wconf 87' lang='lat' dir='ltr'><strong>omnia</strong></span> <span class='ocrx_word' id='word_1_191' title='bbox 2675 1320 3013 1375; x_wconf 67' lang='lat' dir='ltr'><strong>quaecunque</strong></span> <span class='ocrx_word' id='word_1_192' title='bbox 3053 1304 3245 1359; x_wconf 82' lang='lat' dir='ltr'><strong>fecerit</strong></span> <span class='ocrx_word' id='word_1_193' title='bbox 3271 1320 3489 1374; x_wconf 91' lang='lat' dir='ltr'><strong>corpus,</strong></span> <span class='ocrx_word' id='word_1_194' title='bbox 3534 1307 3640 1362; x_wconf 87' lang='lat' dir='ltr'><strong>sive</strong></span> <span class='ocrx_word' id='word_1_195' title='bbox 3668 1309 3753 1364; x_wconf 89' lang='lat' dir='ltr'><strong>bo-</strong></span> 
     </span>
    </p>
   </div>
   <div class='ocr_carea' id='block_1_27' title="bbox 2206 1397 3754 1466">
    <p class='ocr_par' dir='ltr' id='par_1_27' title="bbox 2206 1397 3754 1466">
     <span class='ocr_line' id='line_1_27' title="bbox 2206 1397 3754 1466; baseline 0.001 -13"><span class='ocrx_word' id='word_1_196' title='bbox 2206 1415 2355 1466; x_wconf 92' lang='lat' dir='ltr'><strong>num,</strong></span> <span class='ocrx_word' id='word_1_197' title='bbox 2391 1401 2505 1454; x_wconf 90' lang='lat' dir='ltr'><strong>sive</strong></span> <span class='ocrx_word' id='word_1_198' title='bbox 2534 1399 2756 1465; x_wconf 90' lang='lat' dir='ltr'><strong>malum,</strong></span> <span class='ocrx_word' id='word_1_199' title='bbox 2782 1397 2975 1452; x_wconf 72' lang='lat' dir='ltr'><strong>animae</strong></span> <span class='ocrx_word' id='word_1_200' title='bbox 3003 1405 3341 1462; x_wconf 87' lang='lat' dir='ltr'><strong>reputantur,</strong></span> <span class='ocrx_word' id='word_1_201' title='bbox 3366 1405 3420 1451; x_wconf 92' lang='lat' dir='ltr'><strong>et</strong></span> <span class='ocrx_word' id='word_1_202' title='bbox 3448 1399 3621 1452; x_wconf 90' lang='lat' dir='ltr'><strong>omnia</strong></span> <span class='ocrx_word' id='word_1_203' title='bbox 3647 1415 3754 1455; x_wconf 91' lang='lat' dir='ltr'><strong>cor-</strong></span> 
     </span>
    </p>
   </div>
   <div class='ocr_carea' id='block_1_28' title="bbox 2199 1489 3750 1560">
    <p class='ocr_par' dir='ltr' id='par_1_28' title="bbox 2199 1489 3750 1560">
     <span class='ocr_line' id='line_1_28' title="bbox 2199 1489 3750 1560; baseline 0.003 -16"><span class='ocrx_word' id='word_1_204' title='bbox 2199 1493 2315 1560; x_wconf 88' lang='lat' dir='ltr'><strong>pori</strong></span> <span class='ocrx_word' id='word_1_205' title='bbox 2362 1491 2414 1544; x_wconf 91' lang='lat' dir='ltr'><strong>in</strong></span> <span class='ocrx_word' id='word_1_206' title='bbox 2462 1490 2664 1559; x_wconf 83' lang='lat' dir='ltr'><strong>judicio</strong></span> <span class='ocrx_word' id='word_1_207' title='bbox 2723 1500 2887 1559; x_wconf 89' lang='lat' dir='ltr'><strong>atque</strong></span> <span class='ocrx_word' id='word_1_208' title='bbox 2941 1489 3292 1559; x_wconf 88' lang='lat' dir='ltr'><strong>inquisitione</strong></span> <span class='ocrx_word' id='word_1_209' title='bbox 3362 1500 3750 1548; x_wconf 87' lang='lat' dir='ltr'><strong>succensentur.</strong></span> 
     </span>
    </p>
   </div>
   <div class='ocr_carea' id='block_1_29' title="bbox 2199 1580 3750 1651">
    <p class='ocr_par' dir='ltr' id='par_1_29' title="bbox 2199 1580 3750 1651">
     <span class='ocr_line' id='line_1_29' title="bbox 2199 1580 3750 1651; baseline 0.002 -17"><span class='ocrx_word' id='word_1_210' title='bbox 2199 1580 2334 1635; x_wconf 78' lang='lat' dir='ltr'><strong>Nam</strong></span> <span class='ocrx_word' id='word_1_211' title='bbox 2383 1583 2664 1650; x_wconf 88' lang='lat' dir='ltr'><strong>utriusque</strong></span> <span class='ocrx_word' id='word_1_212' title='bbox 2728 1581 2944 1651; x_wconf 89' lang='lat' dir='ltr'><strong>utrique</strong></span> <span class='ocrx_word' id='word_1_213' title='bbox 3001 1581 3320 1650; x_wconf 90' lang='lat' dir='ltr'><strong>imputatur,</strong></span> <span class='ocrx_word' id='word_1_214' title='bbox 3388 1581 3662 1650; x_wconf 89' lang='lat' dir='ltr'><strong>utriusque</strong></span> <span class='ocrx_word' id='word_1_215' title='bbox 3705 1583 3750 1637; x_wconf 90' lang='lat' dir='ltr'><strong>in</strong></span> 
     </span>
    </p>
   </div>
   <div class='ocr_carea' id='block_1_30' title="bbox 2207 1670 3752 1742">
    <p class='ocr_par' dir='ltr' id='par_1_30' title="bbox 2207 1670 3752 1742">
     <span class='ocr_line' id='line_1_30' title="bbox 2207 1670 3752 1742; baseline 0.001 -17"><span class='ocrx_word' id='word_1_216' title='bbox 2207 1681 2434 1742; x_wconf 89' lang='lat' dir='ltr'><strong>utroque</strong></span> <span class='ocrx_word' id='word_1_217' title='bbox 2516 1671 2810 1740; x_wconf 79' lang='lat' dir='ltr'><strong>requiritur</strong></span> <span class='ocrx_word' id='word_1_218' title='bbox 2893 1681 3054 1740; x_wconf 90' lang='lat' dir='ltr'><strong>atque</strong></span> <span class='ocrx_word' id='word_1_219' title='bbox 3123 1671 3450 1725; x_wconf 85' lang='lat' dir='ltr'><strong>vindicatur.</strong></span> <span class='ocrx_word' id='word_1_220' title='bbox 3540 1670 3752 1741; x_wconf 85' lang='lat' dir='ltr'><strong>Utraque</strong></span> 
     </span>
    </p>
   </div>
   <div class='ocr_carea' id='block_1_31' title="bbox 2196 1762 3752 1834">
    <p class='ocr_par' dir='ltr' id='par_1_31' title="bbox 2196 1762 3752 1834">
     <span class='ocr_line' id='line_1_31' title="bbox 2196 1762 3752 1834; baseline -0.001 -15"><span class='ocrx_word' id='word_1_221' title='bbox 2196 1765 2340 1819; x_wconf 89' lang='lat' dir='ltr'><strong>enim</strong></span> <span class='ocrx_word' id='word_1_222' title='bbox 2373 1773 2428 1819; x_wconf 91' lang='lat' dir='ltr'><strong>et</strong></span> <span class='ocrx_word' id='word_1_223' title='bbox 2457 1778 2649 1834; x_wconf 91' lang='lat' dir='ltr'><strong>corpus</strong></span> <span class='ocrx_word' id='word_1_224' title='bbox 2673 1773 2729 1818; x_wconf 90' lang='lat' dir='ltr'><strong>et</strong></span> <span class='ocrx_word' id='word_1_225' title='bbox 2756 1763 2935 1817; x_wconf 90' lang='lat' dir='ltr'><strong>anima</strong></span> <span class='ocrx_word' id='word_1_226' title='bbox 2977 1778 3100 1818; x_wconf 91' lang='lat' dir='ltr'><strong>cum</strong></span> <span class='ocrx_word' id='word_1_227' title='bbox 3131 1762 3291 1817; x_wconf 91' lang='lat' dir='ltr'><strong>simul</strong></span> <span class='ocrx_word' id='word_1_228' title='bbox 3323 1762 3456 1829; x_wconf 90' lang='lat' dir='ltr'><strong>sint,</strong></span> <span class='ocrx_word' id='word_1_229' title='bbox 3512 1775 3567 1816; x_wconf 92' lang='lat' dir='ltr'><strong>et</strong></span> <span class='ocrx_word' id='word_1_230' title='bbox 3611 1763 3752 1817; x_wconf 84' lang='lat' dir='ltr'><strong>simul</strong></span> 
     </span>
    </p>
   </div>
   <div class='ocr_carea' id='block_1_32' title="bbox 2196 1845 3754 1925">
    <p class='ocr_par' dir='ltr' id='par_1_32' title="bbox 2196 1845 3754 1925">
     <span class='ocr_line' id='line_1_32' title="bbox 2196 1845 3754 1925; baseline -0.003 -15"><span class='ocrx_word' id='word_1_231' title='bbox 2196 1864 2605 1918; x_wconf 88' lang='lat' dir='ltr'><strong>conversentur,</strong></span> <span class='ocrx_word' id='word_1_232' title='bbox 2642 1855 2800 1910; x_wconf 91' lang='lat' dir='ltr'><strong>simul</strong></span> <span class='ocrx_word' id='word_1_233' title='bbox 2831 1855 3208 1925; x_wconf 85' lang='lat' dir='ltr'><strong>adjudicantur</strong></span> <span class='ocrx_word' id='word_1_234' title='bbox 3237 1868 3434 1924; x_wconf 61' lang='lat' dir='ltr'><strong>patrue,</strong></span> <span class='ocrx_word' id='word_1_235' title='bbox 3470 1863 3564 1908; x_wconf 90' lang='lat' dir='ltr'><strong>aut</strong></span> <span class='ocrx_word' id='word_1_236' title='bbox 3611 1845 3754 1908; x_wconf 81' lang='lat' dir='ltr'><strong>simul</strong></span> 
     </span>
    </p>
   </div>
   <div class='ocr_carea' id='block_1_33' title="bbox 525 1929 3752 2020">
    <p class='ocr_par' dir='ltr' id='par_1_33' title="bbox 525 1929 3752 2020">
     <span class='ocr_line' id='line_1_33' title="bbox 525 1929 3752 2020; baseline -0.002 -14"><span class='ocrx_word' id='word_1_237' title='bbox 525 1953 706 2008; x_wconf 88' lang='lat' dir='ltr'><strong>siones</strong></span> <span class='ocrx_word' id='word_1_238' title='bbox 735 1929 1084 2015; x_wconf 15' lang='lat' dir='ltr'><strong>etrmiserias,</strong></span> <span class='ocrx_word' id='word_1_239' title='bbox 1124 1967 1218 2020; x_wconf 89' lang='lat' dir='ltr'><strong>per</strong></span> <span class='ocrx_word' id='word_1_240' title='bbox 1253 1950 1468 2006; x_wconf 90' lang='lat' dir='ltr'><strong>dolores</strong></span> <span class='ocrx_word' id='word_1_241' title='bbox 1497 1963 1712 2018; x_wconf 90' lang='lat' dir='ltr'><strong>quoque</strong></span> <span class='ocrx_word' id='word_1_242' title='bbox 1757 1963 1819 2002; x_wconf 92' lang='lat' dir='ltr'><strong>ac</strong></span> <span class='ocrx_word' id='word_1_243' title='bbox 1865 1949 2097 2018; x_wconf 75' lang='lat' dir='ltr'><strong>gemitus</strong></span> <span class='ocrx_word' id='word_1_244' title='bbox 2130 1929 2170 1982; x_wconf 77' lang='grc' dir='ltr'><strong>Β</strong></span> <span class='ocrx_word' id='word_1_245' title='bbox 2199 1948 2568 2017; x_wconf 86' lang='lat' dir='ltr'><strong>suscipientur</strong></span> <span class='ocrx_word' id='word_1_246' title='bbox 2600 1947 2652 2001; x_wconf 90' lang='lat' dir='ltr'><strong>in</strong></span> <span class='ocrx_word' id='word_1_247' title='bbox 2679 1947 2891 2016; x_wconf 89' lang='lat' dir='ltr'><strong>requie.</strong></span> <span class='ocrx_word' id='word_1_248' title='bbox 2948 1947 3088 2016; x_wconf 86' lang='lat' dir='ltr'><strong>Ergo</strong></span> <span class='ocrx_word' id='word_1_249' title='bbox 3117 1948 3240 2016; x_wconf 87' lang='lat' dir='ltr'><strong>quia</strong></span> <span class='ocrx_word' id='word_1_250' title='bbox 3276 1947 3414 2011; x_wconf 67' lang='lat' dir='ltr'><strong>haec,</strong></span> <span class='ocrx_word' id='word_1_251' title='bbox 3469 1946 3654 2014; x_wconf 90' lang='lat' dir='ltr'><strong>inquit,</strong></span> <span class='ocrx_word' id='word_1_252' title='bbox 3691 1945 3752 1999; x_wconf 87' lang='lat' dir='ltr'><strong>ita</strong></span> 
     </span>
    </p>
   </div>
   <div class='ocr_carea' id='block_1_34' title="bbox 523 2039 2098 2112">
    <p class='ocr_par' dir='ltr' id='par_1_34' title="bbox 523 2039 2098 2112">
     <span class='ocr_line' id='line_1_34' title="bbox 523 2039 2098 2112; baseline -0.002 -14"><span class='ocrx_word' id='word_1_253' title='bbox 523 2059 714 2098; x_wconf 85' lang='lat' dir='ltr'><strong>omnes</strong></span> <span class='ocrx_word' id='word_1_254' title='bbox 755 2043 925 2098; x_wconf 84' lang='lat' dir='ltr'><strong>sancti</strong></span> <span class='ocrx_word' id='word_1_255' title='bbox 957 2043 1063 2096; x_wconf 87' lang='lat' dir='ltr'><strong>Deo</strong></span> <span class='ocrx_word' id='word_1_256' title='bbox 1123 2043 1463 2112; x_wconf 88' lang='lat' dir='ltr'><strong>placuerunt,</strong></span> <span class='ocrx_word' id='word_1_257' title='bbox 1501 2051 1557 2094; x_wconf 92' lang='lat' dir='ltr'><strong>et</strong></span> <span class='ocrx_word' id='word_1_258' title='bbox 1609 2056 1799 2094; x_wconf 90' lang='lat' dir='ltr'><strong>oumes</strong></span> <span class='ocrx_word' id='word_1_259' title='bbox 1839 2039 1972 2108; x_wconf 87' lang='lat' dir='ltr'><strong>justi</strong></span> <span class='ocrx_word' id='word_1_260' title='bbox 2015 2041 2098 2096; x_wconf 81' lang='lat' dir='ltr'><strong>in-</strong></span> 
     </span>
    </p>
   </div>
   <div class='ocr_carea' id='block_1_35' title="bbox 529 2131 2100 2204">
    <p class='ocr_par' dir='ltr' id='par_1_35' title="bbox 529 2131 2100 2204">
     <span class='ocr_line' id='line_1_35' title="bbox 529 2131 2100 2204; baseline -0.001 -17"><span class='ocrx_word' id='word_1_261' title='bbox 529 2135 797 2190; x_wconf 85' lang='lat' dir='ltr'><strong>troierunt</strong></span> <span class='ocrx_word' id='word_1_262' title='bbox 831 2138 882 2188; x_wconf 90' lang='lat' dir='ltr'><strong>in</strong></span> <span class='ocrx_word' id='word_1_263' title='bbox 918 2149 1140 2204; x_wconf 81' lang='lat' dir='ltr'><strong>regnum</strong></span> <span class='ocrx_word' id='word_1_264' title='bbox 1174 2135 1265 2187; x_wconf 89' lang='lat' dir='ltr'><strong>Dei</strong></span> <span class='ocrx_word' id='word_1_265' title='bbox 1295 2142 1458 2202; x_wconf 91' lang='lat' dir='ltr'><strong>atque</strong></span> <span class='ocrx_word' id='word_1_266' title='bbox 1491 2132 1732 2187; x_wconf 60' lang='lat' dir='ltr'><strong>heredes</strong></span> <span class='ocrx_word' id='word_1_267' title='bbox 1765 2131 1941 2187; x_wconf 72' lang='lat' dir='ltr'><strong>effecti</strong></span> <span class='ocrx_word' id='word_1_268' title='bbox 1976 2143 2100 2188; x_wconf 89' lang='lat' dir='ltr'><strong>sunt</strong></span> 
     </span>
    </p>
   </div>
   <div class='ocr_carea' id='block_1_36' title="bbox 524 2223 2096 2295">
    <p class='ocr_par' dir='ltr' id='par_1_36' title="bbox 524 2223 2096 2295">
     <span class='ocr_line' id='line_1_36' title="bbox 524 2223 2096 2295; baseline 0 -17"><span class='ocrx_word' id='word_1_269' title='bbox 524 2227 665 2295; x_wconf 82' lang='lat' dir='ltr'><strong>apud</strong></span> <span class='ocrx_word' id='word_1_270' title='bbox 709 2225 873 2279; x_wconf 86' lang='lat' dir='ltr'><strong>Deum</strong></span> <span class='ocrx_word' id='word_1_271' title='bbox 921 2225 1110 2279; x_wconf 67' lang='lat' dir='ltr'><strong>aeterni</strong></span> <span class='ocrx_word' id='word_1_272' title='bbox 1176 2223 1467 2294; x_wconf 77' lang='lat' dir='ltr'><strong>refrigerii,</strong></span> <span class='ocrx_word' id='word_1_273' title='bbox 1523 2239 1626 2277; x_wconf 93' lang='lat' dir='ltr'><strong>non</strong></span> <span class='ocrx_word' id='word_1_274' title='bbox 1669 2223 2002 2278; x_wconf 80' lang='lat' dir='ltr'><strong>exsultantes</strong></span> <span class='ocrx_word' id='word_1_275' title='bbox 2045 2225 2096 2278; x_wconf 91' lang='lat' dir='ltr'><strong>iu</strong></span> 
     </span>
    </p>
   </div>
   <div class='ocr_carea' id='block_1_37' title="bbox 525 2315 2096 2386">
    <p class='ocr_par' dir='ltr' id='par_1_37' title="bbox 525 2315 2096 2386">
     <span class='ocr_line' id='line_1_37' title="bbox 525 2315 2096 2386; baseline 0.001 -19"><span class='ocrx_word' id='word_1_276' title='bbox 525 2316 894 2386; x_wconf 82' lang='lat' dir='ltr'><strong>corruptione,</strong></span> <span class='ocrx_word' id='word_1_277' title='bbox 925 2332 1030 2370; x_wconf 90' lang='lat' dir='ltr'><strong>non</strong></span> <span class='ocrx_word' id='word_1_278' title='bbox 1081 2315 1332 2370; x_wconf 82' lang='lat' dir='ltr'><strong>delectati</strong></span> <span class='ocrx_word' id='word_1_279' title='bbox 1387 2317 1438 2370; x_wconf 91' lang='lat' dir='ltr'><strong>in</strong></span> <span class='ocrx_word' id='word_1_280' title='bbox 1472 2329 1660 2378; x_wconf 81' lang='lat' dir='ltr'><strong>carne,</strong></span> <span class='ocrx_word' id='word_1_281' title='bbox 1692 2331 1797 2368; x_wconf 90' lang='lat' dir='ltr'><strong>non</strong></span> <span class='ocrx_word' id='word_1_282' title='bbox 1834 2315 2007 2369; x_wconf 89' lang='lat' dir='ltr'><strong>securi</strong></span> <span class='ocrx_word' id='word_1_283' title='bbox 2046 2316 2096 2368; x_wconf 92' lang='lat' dir='ltr'><strong>in</strong></span> 
     </span>
    </p>
   </div>
   <div class='ocr_carea' id='block_1_38' title="bbox 527 2406 2102 2476">
    <p class='ocr_par' dir='ltr' id='par_1_38' title="bbox 527 2406 2102 2476">
     <span class='ocr_line' id='line_1_38' title="bbox 527 2406 2102 2476; baseline -0.001 -16"><span class='ocrx_word' id='word_1_284' title='bbox 527 2408 709 2472; x_wconf 83' lang='lat' dir='ltr'><strong>terris,</strong></span> <span class='ocrx_word' id='word_1_285' title='bbox 728 2407 819 2462; x_wconf 89' lang='lat' dir='ltr'><strong>sed</strong></span> <span class='ocrx_word' id='word_1_286' title='bbox 853 2422 1068 2462; x_wconf 90' lang='lat' dir='ltr'><strong>omnem</strong></span> <span class='ocrx_word' id='word_1_287' title='bbox 1112 2408 1389 2462; x_wconf 88' lang='lat' dir='ltr'><strong>miseriam</strong></span> <span class='ocrx_word' id='word_1_288' title='bbox 1420 2418 1641 2476; x_wconf 90' lang='lat' dir='ltr'><strong>propter</strong></span> <span class='ocrx_word' id='word_1_289' title='bbox 1665 2406 1918 2474; x_wconf 86' lang='lat' dir='ltr'><strong>pietatem</strong></span> <span class='ocrx_word' id='word_1_290' title='bbox 1943 2406 2102 2461; x_wconf 82' lang='lat' dir='ltr'><strong>susti-</strong></span> 
     </span>
    </p>
   </div>
   <div class='ocr_carea' id='block_1_39' title="bbox 526 2495 2097 2567">
    <p class='ocr_par' dir='ltr' id='par_1_39' title="bbox 526 2495 2097 2567">
     <span class='ocr_line' id='line_1_39' title="bbox 526 2495 2097 2567; baseline -0.001 -15"><span class='ocrx_word' id='word_1_291' title='bbox 526 2508 736 2562; x_wconf 83' lang='lat' dir='ltr'><strong>nentes,</strong></span> <span class='ocrx_word' id='word_1_292' title='bbox 780 2508 982 2552; x_wconf 69' lang='lat' dir='ltr'><strong>azterna</strong></span> <span class='ocrx_word' id='word_1_293' title='bbox 1031 2499 1432 2566; x_wconf 86' lang='lat' dir='ltr'><strong>incorruptione</strong></span> <span class='ocrx_word' id='word_1_294' title='bbox 1487 2499 1629 2567; x_wconf 84' lang='lat' dir='ltr'><strong>digni</strong></span> <span class='ocrx_word' id='word_1_295' title='bbox 1676 2495 1850 2551; x_wconf 70' lang='lat' dir='ltr'><strong>effecti</strong></span> <span class='ocrx_word' id='word_1_296' title='bbox 1891 2499 2097 2552; x_wconf 88' lang='lat' dir='ltr'><strong>suntin</strong></span> 
     </span>
    </p>
   </div>
   <div class='ocr_carea' id='block_1_40' title="bbox 523 2587 2100 2658">
    <p class='ocr_par' dir='ltr' id='par_1_40' title="bbox 523 2587 2100 2658">
     <span class='ocr_line' id='line_1_40' title="bbox 523 2587 2100 2658; baseline 0 -16"><span class='ocrx_word' id='word_1_297' title='bbox 523 2590 718 2658; x_wconf 91' lang='lat' dir='ltr'><strong>gloria.</strong></span> <span class='ocrx_word' id='word_1_298' title='bbox 743 2589 832 2643; x_wconf 89' lang='lat' dir='ltr'><strong>Sic</strong></span> <span class='ocrx_word' id='word_1_299' title='bbox 849 2589 1011 2643; x_wconf 90' lang='lat' dir='ltr'><strong>etiam</strong></span> <span class='ocrx_word' id='word_1_300' title='bbox 1035 2588 1299 2657; x_wconf 78' lang='lat' dir='ltr'><strong>gloriatur</strong></span> <span class='ocrx_word' id='word_1_301' title='bbox 1326 2587 1522 2641; x_wconf 88' lang='lat' dir='ltr'><strong>Paulus</strong></span> <span class='ocrx_word' id='word_1_302' title='bbox 1549 2587 1601 2640; x_wconf 94' lang='lat' dir='ltr'><strong>in</strong></span> <span class='ocrx_word' id='word_1_303' title='bbox 1637 2587 2100 2656; x_wconf 88' lang='lat' dir='ltr'><strong>persecutionibus</strong></span> 
     </span>
    </p>
   </div>
   <div class='ocr_carea' id='block_1_41' title="bbox 525 2677 2100 2750">
    <p class='ocr_par' dir='ltr' id='par_1_41' title="bbox 525 2677 2100 2750">
     <span class='ocr_line' id='line_1_41' title="bbox 525 2677 2100 2750; baseline -0.001 -15"><span class='ocrx_word' id='word_1_304' title='bbox 525 2683 640 2736; x_wconf 88' lang='lat' dir='ltr'><strong>suis</strong></span> <span class='ocrx_word' id='word_1_305' title='bbox 669 2692 834 2750; x_wconf 88' lang='lat' dir='ltr'><strong>atque</strong></span> <span class='ocrx_word' id='word_1_306' title='bbox 862 2679 1202 2748; x_wconf 88' lang='lat' dir='ltr'><strong>passionibus</strong></span> <span class='ocrx_word' id='word_1_307' title='bbox 1235 2680 1302 2734; x_wconf 84' lang='grc'><strong>⁷³.</strong></span> <span class='ocrx_word' id='word_1_308' title='bbox 1338 2679 1430 2732; x_wconf 88' lang='lat' dir='ltr'><strong>Sic</strong></span> <span class='ocrx_word' id='word_1_309' title='bbox 1471 2679 1732 2748; x_wconf 79' lang='lat' dir='ltr'><strong>gloriatur</strong></span> <span class='ocrx_word' id='word_1_310' title='bbox 1759 2688 1812 2732; x_wconf 90' lang='lat' dir='ltr'><strong>et</strong></span> <span class='ocrx_word' id='word_1_311' title='bbox 1839 2677 2100 2734; x_wconf 88' lang='lat' dir='ltr'><strong>Jeremias</strong></span> 
     </span>
    </p>
   </div>
   <div class='ocr_carea' id='block_1_42' title="bbox 525 2769 2102 2841">
    <p class='ocr_par' dir='ltr' id='par_1_42' title="bbox 525 2769 2102 2841">
     <span class='ocr_line' id='line_1_42' title="bbox 525 2769 2102 2841; baseline -0.001 -17"><span class='ocrx_word' id='word_1_312' title='bbox 525 2775 670 2841; x_wconf 91' lang='lat' dir='ltr'><strong>quod</strong></span> <span class='ocrx_word' id='word_1_313' title='bbox 697 2774 897 2826; x_wconf 75' lang='lat' dir='ltr'><strong>sederit</strong></span> <span class='ocrx_word' id='word_1_314' title='bbox 926 2773 1092 2835; x_wconf 89' lang='lat' dir='ltr'><strong>solus,</strong></span> <span class='ocrx_word' id='word_1_315' title='bbox 1149 2773 1273 2840; x_wconf 89' lang='lat' dir='ltr'><strong>quia</strong></span> <span class='ocrx_word' id='word_1_316' title='bbox 1309 2771 1679 2825; x_wconf 88' lang='lat' dir='ltr'><strong>amaritudine</strong></span> <span class='ocrx_word' id='word_1_317' title='bbox 1716 2771 1879 2824; x_wconf 87' lang='lat' dir='ltr'><strong>fuerit</strong></span> <span class='ocrx_word' id='word_1_318' title='bbox 1931 2769 2102 2839; x_wconf 86' lang='lat' dir='ltr'><strong>reple-</strong></span> 
     </span>
    </p>
   </div>
   <div class='ocr_carea' id='block_1_43' title="bbox 527 2860 2102 2932">
    <p class='ocr_par' dir='ltr' id='par_1_43' title="bbox 527 2860 2102 2932">
     <span class='ocr_line' id='line_1_43' title="bbox 527 2860 2102 2932; baseline -0.001 -17"><span class='ocrx_word' id='word_1_319' title='bbox 527 2871 639 2926; x_wconf 88' lang='lat' dir='ltr'><strong>tus,</strong></span> <span class='ocrx_word' id='word_1_320' title='bbox 665 2874 720 2916; x_wconf 88' lang='lat' dir='ltr'><strong>et</strong></span> <span class='ocrx_word' id='word_1_321' title='bbox 750 2865 872 2932; x_wconf 72' lang='lat' dir='ltr'><strong>quia</strong></span> <span class='ocrx_word' id='word_1_322' title='bbox 905 2877 1008 2917; x_wconf 89' lang='lat' dir='ltr'><strong>non</strong></span> <span class='ocrx_word' id='word_1_323' title='bbox 1050 2863 1187 2916; x_wconf 88' lang='lat' dir='ltr'><strong>abiit</strong></span> <span class='ocrx_word' id='word_1_324' title='bbox 1240 2864 1292 2915; x_wconf 91' lang='lat' dir='ltr'><strong>in</strong></span> <span class='ocrx_word' id='word_1_325' title='bbox 1324 2861 1550 2917; x_wconf 89' lang='lat' dir='ltr'><strong>consilio</strong></span> <span class='ocrx_word' id='word_1_326' title='bbox 1583 2863 1868 2932; x_wconf 88' lang='lat' dir='ltr'><strong>impiorum</strong></span> <span class='ocrx_word' id='word_1_327' title='bbox 1915 2860 2102 2914; x_wconf 89' lang='lat' dir='ltr'><strong>luden-</strong></span> 
     </span>
    </p>
   </div>
   <div class='ocr_carea' id='block_1_44' title="bbox 529 2952 2099 3022">
    <p class='ocr_par' dir='ltr' id='par_1_44' title="bbox 529 2952 2099 3022">
     <span class='ocr_line' id='line_1_44' title="bbox 529 2952 2099 3022; baseline -0.001 -15"><span class='ocrx_word' id='word_1_328' title='bbox 529 2955 661 3008; x_wconf 88' lang='lat' dir='ltr'><strong>tium</strong></span> <span class='ocrx_word' id='word_1_329' title='bbox 694 2955 758 3007; x_wconf 76' lang='lat'><strong>&quot;.</strong></span> <span class='ocrx_word' id='word_1_330' title='bbox 804 2955 942 3021; x_wconf 87' lang='lat' dir='ltr'><strong>Quid</strong></span> <span class='ocrx_word' id='word_1_331' title='bbox 970 2963 1152 3006; x_wconf 87' lang='lat' dir='ltr'><strong>autem</strong></span> <span class='ocrx_word' id='word_1_332' title='bbox 1189 2953 1473 3017; x_wconf 87' lang='lat' dir='ltr'><strong>miramur,</strong></span> <span class='ocrx_word' id='word_1_333' title='bbox 1513 2955 1654 3022; x_wconf 91' lang='lat' dir='ltr'><strong>quod</strong></span> <span class='ocrx_word' id='word_1_334' title='bbox 1679 2953 1783 3007; x_wconf 90' lang='lat' dir='ltr'><strong>Job</strong></span> <span class='ocrx_word' id='word_1_335' title='bbox 1812 2953 1886 3006; x_wconf 90' lang='lat' dir='ltr'><strong>ita</strong></span> <span class='ocrx_word' id='word_1_336' title='bbox 1913 2952 2099 3022; x_wconf 85' lang='lat' dir='ltr'><strong>ingen-</strong></span> 
     </span>
    </p>
   </div>
   <div class='ocr_carea' id='block_1_45' title="bbox 531 3043 2102 3112">
    <p class='ocr_par' dir='ltr' id='par_1_45' title="bbox 531 3043 2102 3112">
     <span class='ocr_line' id='line_1_45' title="bbox 531 3043 2102 3112; baseline 0 -14"><span class='ocrx_word' id='word_1_337' title='bbox 531 3053 614 3100; x_wconf 87' lang='lat' dir='ltr'><strong>tes</strong></span> <span class='ocrx_word' id='word_1_338' title='bbox 638 3046 910 3100; x_wconf 82' lang='lat' dir='ltr'><strong>sustinens</strong></span> <span class='ocrx_word' id='word_1_339' title='bbox 935 3045 1152 3100; x_wconf 90' lang='lat' dir='ltr'><strong>dolores</strong></span> <span class='ocrx_word' id='word_1_340' title='bbox 1177 3053 1508 3112; x_wconf 88' lang='lat' dir='ltr'><strong>conquestus</strong></span> <span class='ocrx_word' id='word_1_341' title='bbox 1533 3043 1716 3110; x_wconf 82' lang='lat' dir='ltr'><strong>fuerit,</strong></span> <span class='ocrx_word' id='word_1_342' title='bbox 1750 3044 1831 3096; x_wconf 92' lang='lat' dir='ltr'><strong>vel</strong></span> <span class='ocrx_word' id='word_1_343' title='bbox 1863 3043 1952 3098; x_wconf 91' lang='lat' dir='ltr'><strong>alii</strong></span> <span class='ocrx_word' id='word_1_344' title='bbox 1977 3059 2102 3099; x_wconf 88' lang='lat' dir='ltr'><strong>san-</strong></span> 
     </span>
    </p>
   </div>
   <div class='ocr_carea' id='block_1_46' title="bbox 526 3135 2103 3206">
    <p class='ocr_par' dir='ltr' id='par_1_46' title="bbox 526 3135 2103 3206">
     <span class='ocr_line' id='line_1_46' title="bbox 526 3135 2103 3206; baseline 0.001 -16"><span class='ocrx_word' id='word_1_345' title='bbox 526 3137 599 3191; x_wconf 90' lang='lat' dir='ltr'><strong>cti</strong></span> <span class='ocrx_word' id='word_1_346' title='bbox 647 3152 770 3190; x_wconf 90' lang='lat' dir='ltr'><strong>cum</strong></span> <span class='ocrx_word' id='word_1_347' title='bbox 823 3137 1023 3190; x_wconf 86' lang='lat' dir='ltr'><strong>terreni</strong></span> <span class='ocrx_word' id='word_1_348' title='bbox 1075 3135 1306 3189; x_wconf 87' lang='lat' dir='ltr'><strong>fuissent</strong></span> <span class='ocrx_word' id='word_1_349' title='bbox 1356 3135 1602 3190; x_wconf 85' lang='lat' dir='ltr'><strong>homines</strong></span> <span class='ocrx_word' id='word_1_350' title='bbox 1651 3150 1717 3190; x_wconf 88' lang='lat' dir='ltr'><strong>ex</strong></span> <span class='ocrx_word' id='word_1_351' title='bbox 1772 3151 2002 3206; x_wconf 87' lang='lat' dir='ltr'><strong>corpore</strong></span> <span class='ocrx_word' id='word_1_352' title='bbox 2049 3146 2103 3192; x_wconf 92' lang='lat' dir='ltr'><strong>et</strong></span> 
     </span>
    </p>
   </div>
   <div class='ocr_carea' id='block_1_47' title="bbox 2200 2036 3755 2108">
    <p class='ocr_par' dir='ltr' id='par_1_47' title="bbox 2200 2036 3755 2108">
     <span class='ocr_line' id='line_1_47' title="bbox 2200 2036 3755 2108; baseline -0.002 -15"><span class='ocrx_word' id='word_1_353' title='bbox 2200 2049 2350 2104; x_wconf 91' lang='lat' dir='ltr'><strong>sunt,</strong></span> <span class='ocrx_word' id='word_1_354' title='bbox 2395 2039 2590 2093; x_wconf 88' lang='lat' dir='ltr'><strong>merito</strong></span> <span class='ocrx_word' id='word_1_355' title='bbox 2631 2047 2684 2092; x_wconf 91' lang='lat' dir='ltr'><strong>et</strong></span> <span class='ocrx_word' id='word_1_356' title='bbox 2721 2053 2822 2108; x_wconf 86' lang='lat' dir='ltr'><strong>ego</strong></span> <span class='ocrx_word' id='word_1_357' title='bbox 2861 2051 3035 2108; x_wconf 89' lang='lat' dir='ltr'><strong>neque</strong></span> <span class='ocrx_word' id='word_1_358' title='bbox 3083 2039 3148 2092; x_wconf 91' lang='lat' dir='ltr'><strong>de</strong></span> <span class='ocrx_word' id='word_1_359' title='bbox 3207 2046 3362 2092; x_wconf 89' lang='lat' dir='ltr'><strong>nocte</strong></span> <span class='ocrx_word' id='word_1_360' title='bbox 3409 2036 3558 2102; x_wconf 90' lang='lat' dir='ltr'><strong>silui,</strong></span> <span class='ocrx_word' id='word_1_361' title='bbox 3605 2053 3755 2106; x_wconf 88' lang='lat' dir='ltr'><strong>neque</strong></span> 
     </span>
    </p>
   </div>
   <div class='ocr_carea' id='block_1_48' title="bbox 2201 2127 3755 2200">
    <p class='ocr_par' dir='ltr' id='par_1_48' title="bbox 2201 2127 3755 2200">
     <span class='ocr_line' id='line_1_48' title="bbox 2201 2127 3755 2200; baseline -0.003 -15"><span class='ocrx_word' id='word_1_362' title='bbox 2201 2132 2343 2185; x_wconf 88' lang='lat' dir='ltr'><strong>diem</strong></span> <span class='ocrx_word' id='word_1_363' title='bbox 2379 2129 2596 2200; x_wconf 87' lang='lat' dir='ltr'><strong>reliqui.</strong></span> <span class='ocrx_word' id='word_1_364' title='bbox 2623 2127 2728 2185; x_wconf 89' lang='lat' dir='ltr'><strong>Sed</strong></span> <span class='ocrx_word' id='word_1_365' title='bbox 2751 2139 2950 2199; x_wconf 81' lang='lat' dir='ltr'><strong>pereat,</strong></span> <span class='ocrx_word' id='word_1_366' title='bbox 2981 2129 3136 2193; x_wconf 81' lang='lat' dir='ltr'><strong>dixit,</strong></span> <span class='ocrx_word' id='word_1_367' title='bbox 3165 2129 3275 2182; x_wconf 81' lang='lat' dir='ltr'><strong>dies</strong></span> <span class='ocrx_word' id='word_1_368' title='bbox 3307 2127 3394 2183; x_wconf 84' lang='lat' dir='ltr'><strong>ille</strong></span> <span class='ocrx_word' id='word_1_369' title='bbox 3417 2129 3473 2180; x_wconf 81' lang='lat' dir='ltr'><strong>in</strong></span> <span class='ocrx_word' id='word_1_370' title='bbox 3498 2145 3596 2198; x_wconf 87' lang='lat' dir='ltr'><strong>quo</strong></span> <span class='ocrx_word' id='word_1_371' title='bbox 3619 2138 3755 2181; x_wconf 79' lang='lat' dir='ltr'><strong>natus</strong></span> 
     </span>
    </p>
   </div>
   <div class='ocr_carea' id='block_1_49' title="bbox 2199 2219 3753 2292">
    <p class='ocr_par' dir='ltr' id='par_1_49' title="bbox 2199 2219 3753 2292">
     <span class='ocr_line' id='line_1_49' title="bbox 2199 2219 3753 2292; baseline -0.002 -15"><span class='ocrx_word' id='word_1_372' title='bbox 2199 2241 2335 2290; x_wconf 86' lang='lat' dir='ltr'><strong>sum,</strong></span> <span class='ocrx_word' id='word_1_373' title='bbox 2381 2233 2428 2277; x_wconf 91' lang='lat' dir='ltr'><strong>et</strong></span> <span class='ocrx_word' id='word_1_374' title='bbox 2465 2239 2569 2276; x_wconf 78' lang='lat' dir='ltr'><strong>nox</strong></span> <span class='ocrx_word' id='word_1_375' title='bbox 2599 2224 2652 2276; x_wconf 82' lang='lat' dir='ltr'><strong>in</strong></span> <span class='ocrx_word' id='word_1_376' title='bbox 2686 2239 2791 2292; x_wconf 87' lang='lat' dir='ltr'><strong>qua</strong></span> <span class='ocrx_word' id='word_1_377' title='bbox 2838 2221 3037 2275; x_wconf 83' lang='lat' dir='ltr'><strong>dictum</strong></span> <span class='ocrx_word' id='word_1_378' title='bbox 3080 2229 3154 2274; x_wconf 78' lang='lat' dir='ltr'><strong>est</strong></span> <span class='ocrx_word' id='word_1_379' title='bbox 3187 2237 3204 2274; x_wconf 91' lang='lat'><strong><em>:</em></strong></span> <span class='ocrx_word' id='word_1_380' title='bbox 3234 2219 3370 2274; x_wconf 87' lang='lat' dir='ltr'><strong>Ecce</strong></span> <span class='ocrx_word' id='word_1_381' title='bbox 3415 2219 3691 2273; x_wconf 74' lang='lat' dir='ltr'><strong>masculus.</strong></span> <span class='ocrx_word' id='word_1_382' title='bbox 3719 2222 3753 2274; x_wconf 75' lang='grc' dir='ltr'>Α</span> 
     </span>
    </p>
   </div>
   <div class='ocr_carea' id='block_1_50' title="bbox 2200 2310 3759 2385">
    <p class='ocr_par' dir='ltr' id='par_1_50' title="bbox 2200 2310 3759 2385">
     <span class='ocr_line' id='line_1_50' title="bbox 2200 2310 3759 2385; baseline -0.001 -18"><span class='ocrx_word' id='word_1_383' title='bbox 2200 2330 2307 2385; x_wconf 90' lang='lat' dir='ltr'><strong>quo</strong></span> <span class='ocrx_word' id='word_1_384' title='bbox 2352 2314 2556 2368; x_wconf 91' lang='lat' dir='ltr'><strong>dictum</strong></span> <span class='ocrx_word' id='word_1_385' title='bbox 2592 2312 2714 2368; x_wconf 81' lang='lat' dir='ltr'><strong>est?</strong></span> <span class='ocrx_word' id='word_1_386' title='bbox 2759 2311 2842 2366; x_wconf 85' lang='lat' dir='ltr'><strong>Ab</strong></span> <span class='ocrx_word' id='word_1_387' title='bbox 2897 2312 3001 2373; x_wconf 88' lang='lat' dir='ltr'><strong>his,</strong></span> <span class='ocrx_word' id='word_1_388' title='bbox 3052 2310 3363 2381; x_wconf 89' lang='lat' dir='ltr'><strong>inquit,qui</strong></span> <span class='ocrx_word' id='word_1_389' title='bbox 3395 2310 3759 2366; x_wconf 84' lang='lat' dir='ltr'><strong>nuntiaverunt</strong></span> 
     </span>
    </p>
   </div>
   <div class='ocr_carea' id='block_1_51' title="bbox 2200 2401 3757 2476">
    <p class='ocr_par' dir='ltr' id='par_1_51' title="bbox 2200 2401 3757 2476">
     <span class='ocr_line' id='line_1_51' title="bbox 2200 2401 3757 2476; baseline -0.004 -16"><span class='ocrx_word' id='word_1_390' title='bbox 2200 2406 2338 2476; x_wconf 89' lang='lat' dir='ltr'><strong>patri</strong></span> <span class='ocrx_word' id='word_1_391' title='bbox 2390 2419 2508 2459; x_wconf 91' lang='lat' dir='ltr'><strong>meo</strong></span> <span class='ocrx_word' id='word_1_392' title='bbox 2543 2403 2751 2458; x_wconf 88' lang='lat' dir='ltr'><strong>Zareb.</strong></span> <span class='ocrx_word' id='word_1_393' title='bbox 2791 2402 3015 2458; x_wconf 86' lang='lat' dir='ltr'><strong>Plurimi</strong></span> <span class='ocrx_word' id='word_1_394' title='bbox 3056 2416 3288 2470; x_wconf 92' lang='lat' dir='ltr'><strong>namque</strong></span> <span class='ocrx_word' id='word_1_395' title='bbox 3329 2401 3403 2455; x_wconf 93' lang='lat' dir='ltr'><strong>illi</strong></span> <span class='ocrx_word' id='word_1_396' title='bbox 3458 2402 3757 2471; x_wconf 59' lang='lat' dir='ltr'><strong>praedicave-</strong></span> 
     </span>
    </p>
   </div>
   <div class='ocr_carea' id='block_1_52' title="bbox 2202 2492 3755 2562">
    <p class='ocr_par' dir='ltr' id='par_1_52' title="bbox 2202 2492 3755 2562">
     <span class='ocr_line' id='line_1_52' title="bbox 2202 2492 3755 2562; baseline -0.001 -12"><span class='ocrx_word' id='word_1_397' title='bbox 2202 2508 2330 2552; x_wconf 89' lang='lat' dir='ltr'><strong>runt</strong></span> <span class='ocrx_word' id='word_1_398' title='bbox 2361 2496 2527 2550; x_wconf 82' lang='lat' dir='ltr'><strong>lilium</strong></span> <span class='ocrx_word' id='word_1_399' title='bbox 2563 2503 2773 2560; x_wconf 90' lang='lat' dir='ltr'><strong>natum,</strong></span> <span class='ocrx_word' id='word_1_400' title='bbox 2821 2494 2957 2548; x_wconf 88' lang='lat' dir='ltr'><strong>alter</strong></span> <span class='ocrx_word' id='word_1_401' title='bbox 2987 2493 3216 2548; x_wconf 85' lang='lat' dir='ltr'><strong>alterum</strong></span> <span class='ocrx_word' id='word_1_402' title='bbox 3249 2492 3549 2560; x_wconf 89' lang='lat' dir='ltr'><strong>anticipare</strong></span> <span class='ocrx_word' id='word_1_403' title='bbox 3583 2507 3755 2562; x_wconf 50' lang='lat' dir='ltr'><strong>prope-</strong></span> 
     </span>
    </p>
   </div>
   <div class='ocr_carea' id='block_1_53' title="bbox 2203 2585 3759 2656">
    <p class='ocr_par' dir='ltr' id='par_1_53' title="bbox 2203 2585 3759 2656">
     <span class='ocr_line' id='line_1_53' title="bbox 2203 2585 3759 2656; baseline -0.003 -15"><span class='ocrx_word' id='word_1_404' title='bbox 2203 2597 2408 2653; x_wconf 87' lang='lat' dir='ltr'><strong>rantes,</strong></span> <span class='ocrx_word' id='word_1_405' title='bbox 2441 2597 2500 2642; x_wconf 93' lang='lat' dir='ltr'><strong>ut</strong></span> <span class='ocrx_word' id='word_1_406' title='bbox 2527 2601 2626 2655; x_wconf 87' lang='lat' dir='ltr'><strong>per</strong></span> <span class='ocrx_word' id='word_1_407' title='bbox 2669 2587 2721 2641; x_wconf 89' lang='lat' dir='ltr'><strong>id</strong></span> <span class='ocrx_word' id='word_1_408' title='bbox 2769 2586 2913 2656; x_wconf 89' lang='lat' dir='ltr'><strong>quod</strong></span> <span class='ocrx_word' id='word_1_409' title='bbox 2956 2586 3183 2641; x_wconf 88' lang='lat' dir='ltr'><strong>honeste</strong></span> <span class='ocrx_word' id='word_1_410' title='bbox 3225 2585 3638 2641; x_wconf 83' lang='lat' dir='ltr'><strong>celebraverunt</strong></span> <span class='ocrx_word' id='word_1_411' title='bbox 3679 2600 3759 2654; x_wconf 87' lang='lat' dir='ltr'><strong>per</strong></span> 
     </span>
    </p>
   </div>
   <div class='ocr_carea' id='block_1_54' title="bbox 2201 2675 3758 2749">
    <p class='ocr_par' dir='ltr' id='par_1_54' title="bbox 2201 2675 3758 2749">
     <span class='ocr_line' id='line_1_54' title="bbox 2201 2675 3758 2749; baseline -0.004 -15"><span class='ocrx_word' id='word_1_412' title='bbox 2201 2679 2444 2749; x_wconf 88' lang='lat' dir='ltr'><strong>singulos</strong></span> <span class='ocrx_word' id='word_1_413' title='bbox 2490 2694 2664 2734; x_wconf 88' lang='lat' dir='ltr'><strong>annos</strong></span> <span class='ocrx_word' id='word_1_414' title='bbox 2709 2679 2778 2734; x_wconf 85' lang='lat' dir='ltr'><strong>ab</strong></span> <span class='ocrx_word' id='word_1_415' title='bbox 2815 2693 2884 2732; x_wconf 92' lang='lat' dir='ltr'><strong>eo</strong></span> <span class='ocrx_word' id='word_1_416' title='bbox 2933 2678 3262 2748; x_wconf 84' lang='lat' dir='ltr'><strong>accipientes</strong></span> <span class='ocrx_word' id='word_1_417' title='bbox 3319 2677 3568 2731; x_wconf 88' lang='lat' dir='ltr'><strong>dicerent</strong></span> <span class='ocrx_word' id='word_1_418' title='bbox 3603 2675 3758 2730; x_wconf 86' lang='lat' dir='ltr'><strong>:Eccc</strong></span> 
     </span>
    </p>
   </div>
   <div class='ocr_carea' id='block_1_55' title="bbox 2202 2767 3757 2839">
    <p class='ocr_par' dir='ltr' id='par_1_55' title="bbox 2202 2767 3757 2839">
     <span class='ocr_line' id='line_1_55' title="bbox 2202 2767 3757 2839; baseline -0.002 -15"><span class='ocrx_word' id='word_1_419' title='bbox 2202 2781 2363 2824; x_wconf 88' lang='lat' dir='ltr'><strong>natus</strong></span> <span class='ocrx_word' id='word_1_420' title='bbox 2391 2779 2473 2825; x_wconf 84' lang='lat' dir='ltr'><strong>est</strong></span> <span class='ocrx_word' id='word_1_421' title='bbox 2510 2771 2604 2824; x_wconf 90' lang='lat' dir='ltr'><strong>tibi</strong></span> <span class='ocrx_word' id='word_1_422' title='bbox 2647 2769 2941 2826; x_wconf 89' lang='lat' dir='ltr'><strong>masculus.</strong></span> <span class='ocrx_word' id='word_1_423' title='bbox 2973 2767 3080 2825; x_wconf 87' lang='lat' dir='ltr'><strong>Sed</strong></span> <span class='ocrx_word' id='word_1_424' title='bbox 3104 2778 3158 2824; x_wconf 89' lang='lat' dir='ltr'><strong>et</strong></span> <span class='ocrx_word' id='word_1_425' title='bbox 3187 2780 3318 2838; x_wconf 87' lang='lat' dir='ltr'><strong>puto</strong></span> <span class='ocrx_word' id='word_1_426' title='bbox 3347 2769 3493 2839; x_wconf 88' lang='lat' dir='ltr'><strong>quod</strong></span> <span class='ocrx_word' id='word_1_427' title='bbox 3531 2769 3652 2838; x_wconf 80' lang='lat' dir='ltr'><strong>ipsa:</strong></span> <span class='ocrx_word' id='word_1_428' title='bbox 3678 2769 3757 2821; x_wconf 87' lang='lat' dir='ltr'><strong>oh-</strong></span> 
     </span>
    </p>
   </div>
   <div class='ocr_carea' id='block_1_56' title="bbox 2201 2859 3758 2932">
    <p class='ocr_par' dir='ltr' id='par_1_56' title="bbox 2201 2859 3758 2932">
     <span class='ocr_line' id='line_1_56' title="bbox 2201 2859 3758 2932; baseline -0.003 -16"><span class='ocrx_word' id='word_1_429' title='bbox 2201 2863 2450 2916; x_wconf 80' lang='lat' dir='ltr'><strong>stctrices</strong></span> <span class='ocrx_word' id='word_1_430' title='bbox 2471 2863 2630 2915; x_wconf 89' lang='lat' dir='ltr'><strong>matri</strong></span> <span class='ocrx_word' id='word_1_431' title='bbox 2660 2859 2760 2916; x_wconf 76' lang='lat' dir='ltr'><strong>Job</strong></span> <span class='ocrx_word' id='word_1_432' title='bbox 2779 2860 2952 2917; x_wconf 74' lang='lat' dir='ltr'><strong>Bosor</strong></span> <span class='ocrx_word' id='word_1_433' title='bbox 2969 2861 3414 2915; x_wconf 88' lang='lat' dir='ltr'><strong>renuntiaverunt</strong></span> <span class='ocrx_word' id='word_1_434' title='bbox 3441 2861 3540 2932; x_wconf 90' lang='lat' dir='ltr'><strong>(sic</strong></span> <span class='ocrx_word' id='word_1_435' title='bbox 3555 2873 3758 2929; x_wconf 87' lang='lat' dir='ltr'><strong>namque</strong></span> 
     </span>
    </p>
   </div>
   <div class='ocr_carea' id='block_1_57' title="bbox 2207 2951 3758 3025">
    <p class='ocr_par' dir='ltr' id='par_1_57' title="bbox 2207 2951 3758 3025">
     <span class='ocr_line' id='line_1_57' title="bbox 2207 2951 3758 3025; baseline -0.003 -17"><span class='ocrx_word' id='word_1_436' title='bbox 2207 2952 2520 3025; x_wconf 80' lang='lat' dir='ltr'><strong>vocabant),</strong></span> <span class='ocrx_word' id='word_1_437' title='bbox 2551 2953 2677 3024; x_wconf 89' lang='lat' dir='ltr'><strong>quia</strong></span> <span class='ocrx_word' id='word_1_438' title='bbox 2728 2952 3024 3008; x_wconf 90' lang='lat' dir='ltr'><strong>masculum</strong></span> <span class='ocrx_word' id='word_1_439' title='bbox 3058 2953 3324 3022; x_wconf 83' lang='lat' dir='ltr'><strong>genuerit.</strong></span> <span class='ocrx_word' id='word_1_440' title='bbox 3370 2951 3500 3006; x_wconf 67' lang='lat' dir='ltr'><strong>&quot;me</strong></span> <span class='ocrx_word' id='word_1_441' title='bbox 3553 2965 3758 3020; x_wconf 87' lang='lat' dir='ltr'><strong>namque</strong></span> 
     </span>
    </p>
   </div>
   <div class='ocr_carea' id='block_1_58' title="bbox 2205 3043 3757 3113">
    <p class='ocr_par' dir='ltr' id='par_1_58' title="bbox 2205 3043 3757 3113">
     <span class='ocr_line' id='line_1_58' title="bbox 2205 3043 3757 3113; baseline -0.005 -12"><span class='ocrx_word' id='word_1_442' title='bbox 2205 3048 2540 3101; x_wconf 88' lang='lat' dir='ltr'><strong>demonstrat</strong></span> <span class='ocrx_word' id='word_1_443' title='bbox 2580 3047 2806 3102; x_wconf 84' lang='lat' dir='ltr'><strong>dicens:</strong></span> <span class='ocrx_word' id='word_1_444' title='bbox 2840 3045 2906 3099; x_wconf 76' lang='lat' dir='ltr'><strong>Et</strong></span> <span class='ocrx_word' id='word_1_445' title='bbox 2939 3060 3042 3099; x_wconf 64' lang='grc' dir='ltr'><strong>ηοω</strong></span> <span class='ocrx_word' id='word_1_446' title='bbox 3085 3043 3178 3098; x_wconf 78' lang='lat' dir='ltr'><strong>illa</strong></span> <span class='ocrx_word' id='word_1_447' title='bbox 3205 3043 3257 3096; x_wconf 82' lang='lat' dir='ltr'><strong>in</strong></span> <span class='ocrx_word' id='word_1_448' title='bbox 3283 3059 3386 3113; x_wconf 89' lang='lat' dir='ltr'><strong>qua</strong></span> <span class='ocrx_word' id='word_1_449' title='bbox 3424 3045 3619 3096; x_wconf 82' lang='lat' dir='ltr'><strong>dictum</strong></span> <span class='ocrx_word' id='word_1_450' title='bbox 3651 3054 3757 3095; x_wconf 87' lang='lat' dir='ltr'><strong>est:</strong></span> 
     </span>
    </p>
   </div>
   <div class='ocr_carea' id='block_1_59' title="bbox 2205 3133 3756 3205">
    <p class='ocr_par' dir='ltr' id='par_1_59' title="bbox 2205 3133 3756 3205">
     <span class='ocr_line' id='line_1_59' title="bbox 2205 3133 3756 3205; baseline -0.005 -13"><span class='ocrx_word' id='word_1_451' title='bbox 2205 3137 2340 3192; x_wconf 79' lang='lat' dir='ltr'><strong>Ecce</strong></span> <span class='ocrx_word' id='word_1_452' title='bbox 2377 3138 2664 3194; x_wconf 79' lang='lat' dir='ltr'><strong>masculus.</strong></span> <span class='ocrx_word' id='word_1_453' title='bbox 2710 3137 2809 3193; x_wconf 90' lang='lat' dir='ltr'><strong>Ubi</strong></span> <span class='ocrx_word' id='word_1_454' title='bbox 2841 3137 2978 3205; x_wconf 92' lang='lat' dir='ltr'><strong>dies,</strong></span> <span class='ocrx_word' id='word_1_455' title='bbox 3019 3136 3125 3190; x_wconf 92' lang='lat' dir='ltr'><strong>illic</strong></span> <span class='ocrx_word' id='word_1_456' title='bbox 3149 3145 3200 3190; x_wconf 91' lang='lat' dir='ltr'><strong>et</strong></span> <span class='ocrx_word' id='word_1_457' title='bbox 3227 3150 3354 3190; x_wconf 93' lang='lat' dir='ltr'><strong>nox.</strong></span> <span class='ocrx_word' id='word_1_458' title='bbox 3389 3133 3462 3189; x_wconf 84' lang='lat' dir='ltr'><strong>Et</strong></span> <span class='ocrx_word' id='word_1_459' title='bbox 3483 3133 3621 3204; x_wconf 86' lang='lat' dir='ltr'><strong>quod</strong></span> <span class='ocrx_word' id='word_1_460' title='bbox 3644 3133 3756 3193; x_wconf 87' lang='lat' dir='ltr'><strong>diei,</strong></span> 
     </span>
    </p>
   </div>
   <div class='ocr_carea' id='block_1_60' title="bbox 525 3216 3759 3321">
    <p class='ocr_par' dir='ltr' id='par_1_60' title="bbox 525 3216 3759 3321">
     <span class='ocr_line' id='line_1_60' title="bbox 525 3216 3759 3321; baseline -0.001 -39"><span class='ocrx_word' id='word_1_461' title='bbox 525 3230 704 3282; x_wconf 88' lang='lat' dir='ltr'><strong>anima</strong></span> <span class='ocrx_word' id='word_1_462' title='bbox 761 3242 887 3282; x_wconf 85' lang='lat' dir='ltr'><strong>vere</strong></span> <span class='ocrx_word' id='word_1_463' title='bbox 939 3216 1212 3295; x_wconf 63' lang='lat' dir='ltr'><strong>plasnta&#39;ti,</strong></span> <span class='ocrx_word' id='word_1_464' title='bbox 1273 3241 1394 3280; x_wconf 93' lang='lat' dir='ltr'><strong>cum</strong></span> <span class='ocrx_word' id='word_1_465' title='bbox 1441 3235 1496 3281; x_wconf 92' lang='lat' dir='ltr'><strong>et</strong></span> <span class='ocrx_word' id='word_1_466' title='bbox 1544 3227 1656 3296; x_wconf 89' lang='lat' dir='ltr'><strong>ipse</strong></span> <span class='ocrx_word' id='word_1_467' title='bbox 1710 3227 1801 3297; x_wconf 91' lang='lat' dir='ltr'><strong>qui</strong></span> <span class='ocrx_word' id='word_1_468' title='bbox 1857 3229 2097 3282; x_wconf 82' lang='lat' dir='ltr'><strong>omnium</strong></span> <span class='ocrx_word' id='word_1_469' title='bbox 2129 3260 2172 3321; x_wconf 65' lang='grc' dir='ltr'>ο</span> <span class='ocrx_word' id='word_1_470' title='bbox 2207 3232 2307 3285; x_wconf 90' lang='lat' dir='ltr'><strong>hoc</strong></span> <span class='ocrx_word' id='word_1_471' title='bbox 2339 3230 2502 3284; x_wconf 88' lang='lat' dir='ltr'><strong>etiam</strong></span> <span class='ocrx_word' id='word_1_472' title='bbox 2531 3229 2694 3284; x_wconf 92' lang='lat' dir='ltr'><strong>nocti.</strong></span> <span class='ocrx_word' id='word_1_473' title='bbox 2754 3227 2834 3283; x_wconf 91' lang='lat' dir='ltr'><strong>Ob</strong></span> <span class='ocrx_word' id='word_1_474' title='bbox 2867 3228 2969 3284; x_wconf 93' lang='lat' dir='ltr'><strong>hoc</strong></span> <span class='ocrx_word' id='word_1_475' title='bbox 3003 3242 3130 3298; x_wconf 89' lang='lat' dir='ltr'><strong>ergo</strong></span> <span class='ocrx_word' id='word_1_476' title='bbox 3158 3227 3285 3296; x_wconf 91' lang='lat' dir='ltr'><strong>quia</strong></span> <span class='ocrx_word' id='word_1_477' title='bbox 3325 3241 3495 3281; x_wconf 91' lang='lat' dir='ltr'><strong>unum</strong></span> <span class='ocrx_word' id='word_1_478' title='bbox 3517 3235 3636 3281; x_wconf 92' lang='lat' dir='ltr'><strong>sunt</strong></span> <span class='ocrx_word' id='word_1_479' title='bbox 3661 3225 3759 3280; x_wconf 87' lang='lat' dir='ltr'><strong>dies</strong></span> 
     </span>
    </p>
   </div>
   <div class='ocr_carea' id='block_1_61' title="bbox 525 3318 2100 3384">
    <p class='ocr_par' dir='ltr' id='par_1_61' title="bbox 525 3318 2100 3384">
     <span class='ocr_line' id='line_1_61' title="bbox 525 3318 2100 3384; baseline 0.001 -9"><span class='ocrx_word' id='word_1_480' title='bbox 525 3333 838 3375; x_wconf 88' lang='lat' dir='ltr'><strong>sanctorum</strong></span> <span class='ocrx_word' id='word_1_481' title='bbox 899 3329 1096 3382; x_wconf 90' lang='lat' dir='ltr'><strong>rector,</strong></span> <span class='ocrx_word' id='word_1_482' title='bbox 1147 3328 1200 3373; x_wconf 89' lang='lat' dir='ltr'><strong>et</strong></span> <span class='ocrx_word' id='word_1_483' title='bbox 1265 3318 1511 3374; x_wconf 88' lang='lat' dir='ltr'><strong>conditor</strong></span> <span class='ocrx_word' id='word_1_484' title='bbox 1561 3319 1681 3374; x_wconf 69' lang='grc' dir='ltr'><strong>ειειὶ</strong></span> <span class='ocrx_word' id='word_1_485' title='bbox 1729 3335 1789 3374; x_wconf 87' lang='lat' dir='ltr'><strong>ac</strong></span> <span class='ocrx_word' id='word_1_486' title='bbox 1840 3330 2017 3384; x_wconf 80' lang='lat' dir='ltr'><strong>terrae,</strong></span> <span class='ocrx_word' id='word_1_487' title='bbox 2046 3333 2100 3376; x_wconf 89' lang='lat' dir='ltr'><strong>et</strong></span> 
     </span>
    </p>
   </div>
   <div class='ocr_carea' id='block_1_62' title="bbox 526 3409 2099 3468">
    <p class='ocr_par' dir='ltr' id='par_1_62' title="bbox 526 3409 2099 3468">
     <span class='ocr_line' id='line_1_62' title="bbox 526 3409 2099 3468; baseline 0.001 -1"><span class='ocrx_word' id='word_1_488' title='bbox 526 3413 791 3467; x_wconf 86' lang='lat' dir='ltr'><strong>mediator</strong></span> <span class='ocrx_word' id='word_1_489' title='bbox 820 3409 910 3464; x_wconf 86' lang='lat' dir='ltr'><strong>Dei</strong></span> <span class='ocrx_word' id='word_1_490' title='bbox 943 3419 997 3464; x_wconf 91' lang='lat' dir='ltr'><strong>et</strong></span> <span class='ocrx_word' id='word_1_491' title='bbox 1026 3410 1300 3464; x_wconf 90' lang='lat' dir='ltr'><strong>hominum</strong></span> <span class='ocrx_word' id='word_1_492' title='bbox 1332 3409 1490 3466; x_wconf 89' lang='lat' dir='ltr'><strong>Jesus</strong></span> <span class='ocrx_word' id='word_1_493' title='bbox 1522 3410 1770 3466; x_wconf 84' lang='lat' dir='ltr'><strong>Christus</strong></span> <span class='ocrx_word' id='word_1_494' title='bbox 1799 3411 1968 3467; x_wconf 85' lang='lat' dir='ltr'><strong>Filius</strong></span> <span class='ocrx_word' id='word_1_495' title='bbox 2005 3413 2099 3468; x_wconf 89' lang='lat' dir='ltr'><strong>Dei</strong></span> 
     </span>
    </p>
   </div>
   <div class='ocr_carea' id='block_1_63' title="bbox 527 3500 2103 3571">
    <p class='ocr_par' dir='ltr' id='par_1_63' title="bbox 527 3500 2103 3571">
     <span class='ocr_line' id='line_1_63' title="bbox 527 3500 2103 3571; baseline 0.003 -16"><span class='ocrx_word' id='word_1_496' title='bbox 527 3504 657 3570; x_wconf 90' lang='lat' dir='ltr'><strong>vivi,</strong></span> <span class='ocrx_word' id='word_1_497' title='bbox 686 3519 807 3558; x_wconf 91' lang='lat' dir='ltr'><strong>cum</strong></span> <span class='ocrx_word' id='word_1_498' title='bbox 847 3503 1086 3556; x_wconf 84' lang='lat' dir='ltr'><strong>humano</strong></span> <span class='ocrx_word' id='word_1_499' title='bbox 1114 3517 1175 3555; x_wconf 92' lang='lat' dir='ltr'><strong>se</strong></span> <span class='ocrx_word' id='word_1_500' title='bbox 1219 3500 1463 3556; x_wconf 90' lang='lat' dir='ltr'><strong>indueret</strong></span> <span class='ocrx_word' id='word_1_501' title='bbox 1493 3517 1741 3571; x_wconf 89' lang='lat' dir='ltr'><strong>corpore,</strong></span> <span class='ocrx_word' id='word_1_502' title='bbox 1767 3519 1888 3558; x_wconf 91' lang='lat' dir='ltr'><strong>cum</strong></span> <span class='ocrx_word' id='word_1_503' title='bbox 1917 3520 2103 3559; x_wconf 81' lang='lat' dir='ltr'><strong>corru-</strong></span> 
     </span>
    </p>
   </div>
   <div class='ocr_carea' id='block_1_64' title="bbox 526 3591 2100 3666">
    <p class='ocr_par' dir='ltr' id='par_1_64' title="bbox 526 3591 2100 3666">
     <span class='ocr_line' id='line_1_64' title="bbox 526 3591 2100 3666; baseline 0.002 -18"><span class='ocrx_word' id='word_1_504' title='bbox 526 3596 769 3666; x_wconf 85' lang='lat' dir='ltr'><strong>ptibilem</strong></span> <span class='ocrx_word' id='word_1_505' title='bbox 824 3594 924 3648; x_wconf 82' lang='lat' dir='ltr'><strong>sibi</strong></span> <span class='ocrx_word' id='word_1_506' title='bbox 976 3592 1341 3647; x_wconf 87' lang='lat' dir='ltr'><strong>circumdaret</strong></span> <span class='ocrx_word' id='word_1_507' title='bbox 1394 3591 1647 3655; x_wconf 86' lang='lat' dir='ltr'><strong>formam,</strong></span> <span class='ocrx_word' id='word_1_508' title='bbox 1704 3610 1828 3648; x_wconf 90' lang='lat' dir='ltr'><strong>cum</strong></span> <span class='ocrx_word' id='word_1_509' title='bbox 1873 3596 1976 3650; x_wconf 90' lang='lat' dir='ltr'><strong>iret</strong></span> <span class='ocrx_word' id='word_1_510' title='bbox 2033 3598 2100 3652; x_wconf 89' lang='lat' dir='ltr'><strong>ad</strong></span> 
     </span>
    </p>
   </div>
   <div class='ocr_carea' id='block_1_65' title="bbox 527 3685 2096 3756">
    <p class='ocr_par' dir='ltr' id='par_1_65' title="bbox 527 3685 2096 3756">
     <span class='ocr_line' id='line_1_65' title="bbox 527 3685 2096 3756; baseline 0.001 -17"><span class='ocrx_word' id='word_1_511' title='bbox 527 3687 832 3756; x_wconf 90' lang='lat' dir='ltr'><strong>passionem</strong></span> <span class='ocrx_word' id='word_1_512' title='bbox 881 3697 1040 3752; x_wconf 89' lang='lat' dir='ltr'><strong>atque</strong></span> <span class='ocrx_word' id='word_1_513' title='bbox 1074 3685 1140 3738; x_wconf 90' lang='lat' dir='ltr'><strong>ad</strong></span> <span class='ocrx_word' id='word_1_514' title='bbox 1193 3698 1435 3749; x_wconf 88' lang='lat' dir='ltr'><strong>crucem,</strong></span> <span class='ocrx_word' id='word_1_515' title='bbox 1487 3693 1711 3753; x_wconf 89' lang='lat' dir='ltr'><strong>questus</strong></span> <span class='ocrx_word' id='word_1_516' title='bbox 1751 3695 1835 3740; x_wconf 91' lang='lat' dir='ltr'><strong>est</strong></span> <span class='ocrx_word' id='word_1_517' title='bbox 1863 3687 2046 3742; x_wconf 90' lang='lat' dir='ltr'><strong>dicens</strong></span> <span class='ocrx_word' id='word_1_518' title='bbox 2082 3703 2096 3740; x_wconf 91' lang='lat'><strong>:</strong></span> 
     </span>
    </p>
   </div>
   <div class='ocr_carea' id='block_1_66' title="bbox 528 3775 2101 3844">
    <p class='ocr_par' dir='ltr' id='par_1_66' title="bbox 528 3775 2101 3844">
     <span class='ocr_line' id='line_1_66' title="bbox 528 3775 2101 3844; baseline 0.004 -16"><span class='ocrx_word' id='word_1_519' title='bbox 528 3775 714 3840; x_wconf 83' lang='lat' dir='ltr'><strong>Pater,</strong></span> <span class='ocrx_word' id='word_1_520' title='bbox 742 3776 789 3829; x_wconf 78' lang='lat' dir='ltr'><strong>si</strong></span> <span class='ocrx_word' id='word_1_521' title='bbox 821 3775 938 3844; x_wconf 76' lang='lat' dir='ltr'><strong>ﬁeri</strong></span> <span class='ocrx_word' id='word_1_522' title='bbox 963 3782 1130 3843; x_wconf 79' lang='lat' dir='ltr'><strong>potest</strong></span> <span class='ocrx_word' id='word_1_523' title='bbox 1183 3783 1410 3827; x_wconf 84' lang='lat' dir='ltr'><strong>transeat</strong></span> <span class='ocrx_word' id='word_1_524' title='bbox 1435 3791 1466 3826; x_wconf 91' lang='lat' dir='ltr'><strong>a</strong></span> <span class='ocrx_word' id='word_1_525' title='bbox 1493 3791 1572 3828; x_wconf 82' lang='lat' dir='ltr'><strong>me</strong></span> <span class='ocrx_word' id='word_1_526' title='bbox 1601 3776 1742 3829; x_wconf 73' lang='lat' dir='ltr'><strong>calix</strong></span> <span class='ocrx_word' id='word_1_527' title='bbox 1775 3779 1872 3831; x_wconf 80' lang='lat' dir='ltr'><strong>iste</strong></span> <span class='ocrx_word' id='word_1_528' title='bbox 1895 3779 1964 3843; x_wconf 81' lang='grc'><strong>⁷⁵,</strong></span> <span class='ocrx_word' id='word_1_529' title='bbox 2001 3781 2101 3836; x_wconf 91' lang='lat' dir='ltr'><strong>hoc</strong></span> 
     </span>
    </p>
   </div>
   <div class='ocr_carea' id='block_1_67' title="bbox 525 3867 2102 3936">
    <p class='ocr_par' dir='ltr' id='par_1_67' title="bbox 525 3867 2102 3936">
     <span class='ocr_line' id='line_1_67' title="bbox 525 3867 2102 3936; baseline 0.003 -14"><span class='ocrx_word' id='word_1_530' title='bbox 525 3880 609 3923; x_wconf 88' lang='lat' dir='ltr'><strong>est</strong></span> <span class='ocrx_word' id='word_1_531' title='bbox 654 3871 768 3923; x_wconf 74' lang='lat' dir='ltr'><strong>hmc</strong></span> <span class='ocrx_word' id='word_1_532' title='bbox 793 3869 992 3936; x_wconf 88' lang='lat' dir='ltr'><strong>passio,</strong></span> <span class='ocrx_word' id='word_1_533' title='bbox 1017 3876 1070 3920; x_wconf 91' lang='lat' dir='ltr'><strong>et</strong></span> <span class='ocrx_word' id='word_1_534' title='bbox 1091 3867 1256 3934; x_wconf 63' lang='lat' dir='ltr'><strong>coepit</strong></span> <span class='ocrx_word' id='word_1_535' title='bbox 1284 3867 1576 3934; x_wconf 86' lang='lat' dir='ltr'><strong>trepidare,</strong></span> <span class='ocrx_word' id='word_1_536' title='bbox 1607 3878 1661 3922; x_wconf 89' lang='lat' dir='ltr'><strong>et</strong></span> <span class='ocrx_word' id='word_1_537' title='bbox 1688 3878 1910 3924; x_wconf 69' lang='lat' dir='ltr'><strong>incestus</strong></span> <span class='ocrx_word' id='word_1_538' title='bbox 1943 3873 2102 3926; x_wconf 83' lang='lat' dir='ltr'><strong>esse?</strong></span> 
     </span>
    </p>
   </div>
   <div class='ocr_carea' id='block_1_68' title="bbox 526 3957 2099 4028">
    <p class='ocr_par' dir='ltr' id='par_1_68' title="bbox 526 3957 2099 4028">
     <span class='ocr_line' id='line_1_68' title="bbox 526 3957 2099 4028; baseline 0.003 -16"><span class='ocrx_word' id='word_1_539' title='bbox 526 3957 644 4013; x_wconf 83' lang='lat' dir='ltr'><strong>Non</strong></span> <span class='ocrx_word' id='word_1_540' title='bbox 673 3960 798 4028; x_wconf 88' lang='lat' dir='ltr'><strong>quia</strong></span> <span class='ocrx_word' id='word_1_541' title='bbox 846 3958 1196 4028; x_wconf 88' lang='lat' dir='ltr'><strong>trepidaverit</strong></span> <span class='ocrx_word' id='word_1_542' title='bbox 1240 3958 1434 4020; x_wconf 87' lang='lat' dir='ltr'><strong>deitas,</strong></span> <span class='ocrx_word' id='word_1_543' title='bbox 1488 3959 1581 4012; x_wconf 88' lang='lat' dir='ltr'><strong>sed</strong></span> <span class='ocrx_word' id='word_1_544' title='bbox 1627 3961 1752 4028; x_wconf 88' lang='lat' dir='ltr'><strong>quia</strong></span> <span class='ocrx_word' id='word_1_545' title='bbox 1791 3963 1976 4017; x_wconf 89' lang='lat' dir='ltr'><strong>carnis</strong></span> <span class='ocrx_word' id='word_1_546' title='bbox 2013 3964 2099 4017; x_wconf 87' lang='lat' dir='ltr'><strong>in-</strong></span> 
     </span>
    </p>
   </div>
   <div class='ocr_carea' id='block_1_69' title="bbox 529 4049 2101 4120">
    <p class='ocr_par' dir='ltr' id='par_1_69' title="bbox 529 4049 2101 4120">
     <span class='ocr_line' id='line_1_69' title="bbox 529 4049 2101 4120; baseline 0.003 -15"><span class='ocrx_word' id='word_1_547' title='bbox 529 4051 848 4105; x_wconf 85' lang='lat' dir='ltr'><strong>ﬁrtnitatem</strong></span> <span class='ocrx_word' id='word_1_548' title='bbox 895 4049 1150 4105; x_wconf 84' lang='lat' dir='ltr'><strong>ostendit.</strong></span> <span class='ocrx_word' id='word_1_549' title='bbox 1203 4049 1356 4104; x_wconf 91' lang='lat' dir='ltr'><strong>Sicut</strong></span> <span class='ocrx_word' id='word_1_550' title='bbox 1409 4064 1540 4120; x_wconf 85' lang='lat' dir='ltr'><strong>ergo</strong></span> <span class='ocrx_word' id='word_1_551' title='bbox 1597 4050 1684 4106; x_wconf 89' lang='lat' dir='ltr'><strong>ille</strong></span> <span class='ocrx_word' id='word_1_552' title='bbox 1732 4053 1992 4109; x_wconf 85' lang='lat' dir='ltr'><strong>Dominus</strong></span> <span class='ocrx_word' id='word_1_553' title='bbox 2043 4066 2101 4111; x_wconf 89' lang='lat' dir='ltr'><strong>ut</strong></span> 
     </span>
    </p>
   </div>
   <div class='ocr_carea' id='block_1_70' title="bbox 526 4141 2100 4215">
    <p class='ocr_par' dir='ltr' id='par_1_70' title="bbox 526 4141 2100 4215">
     <span class='ocr_line' id='line_1_70' title="bbox 526 4141 2100 4215; baseline 0.003 -17"><span class='ocrx_word' id='word_1_554' title='bbox 526 4143 835 4198; x_wconf 89' lang='lat' dir='ltr'><strong>ostenderet</strong></span> <span class='ocrx_word' id='word_1_555' title='bbox 896 4141 1161 4212; x_wconf 89' lang='lat' dir='ltr'><strong>quianon</strong></span> <span class='ocrx_word' id='word_1_556' title='bbox 1217 4150 1336 4196; x_wconf 90' lang='lat' dir='ltr'><strong>erat</strong></span> <span class='ocrx_word' id='word_1_557' title='bbox 1379 4145 1721 4211; x_wconf 89' lang='lat' dir='ltr'><strong>phantasma,</strong></span> <span class='ocrx_word' id='word_1_558' title='bbox 1761 4148 1854 4200; x_wconf 87' lang='lat' dir='ltr'><strong>sed</strong></span> <span class='ocrx_word' id='word_1_559' title='bbox 1902 4161 2100 4215; x_wconf 89' lang='lat' dir='ltr'><strong>corpus</strong></span> 
     </span>
    </p>
   </div>
   <div class='ocr_carea' id='block_1_71' title="bbox 526 4234 2100 4307">
    <p class='ocr_par' dir='ltr' id='par_1_71' title="bbox 526 4234 2100 4307">
     <span class='ocr_line' id='line_1_71' title="bbox 526 4234 2100 4307; baseline 0.004 -21"><span class='ocrx_word' id='word_1_560' title='bbox 526 4248 655 4288; x_wconf 90' lang='lat' dir='ltr'><strong>vere</strong></span> <span class='ocrx_word' id='word_1_561' title='bbox 680 4234 1032 4302; x_wconf 84' lang='lat' dir='ltr'><strong>corruptibile</strong></span> <span class='ocrx_word' id='word_1_562' title='bbox 1060 4234 1286 4297; x_wconf 85' lang='lat' dir='ltr'><strong>habens,</strong></span> <span class='ocrx_word' id='word_1_563' title='bbox 1335 4248 1394 4288; x_wconf 91' lang='lat' dir='ltr'><strong>se</strong></span> <span class='ocrx_word' id='word_1_564' title='bbox 1432 4234 1671 4290; x_wconf 91' lang='lat' dir='ltr'><strong>dolorem</strong></span> <span class='ocrx_word' id='word_1_565' title='bbox 1704 4247 1865 4305; x_wconf 91' lang='lat' dir='ltr'><strong>atque</strong></span> <span class='ocrx_word' id='word_1_566' title='bbox 1893 4241 2100 4307; x_wconf 90' lang='lat' dir='ltr'><strong>passio-</strong></span> 
     </span>
    </p>
   </div>
   <div class='ocr_carea' id='block_1_72' title="bbox 528 4325 2102 4392">
    <p class='ocr_par' dir='ltr' id='par_1_72' title="bbox 528 4325 2102 4392">
     <span class='ocr_line' id='line_1_72' title="bbox 528 4325 2102 4392; baseline 0.004 -13"><span class='ocrx_word' id='word_1_567' title='bbox 528 4339 652 4380; x_wconf 88' lang='lat' dir='ltr'><strong>nem</strong></span> <span class='ocrx_word' id='word_1_568' title='bbox 674 4325 854 4379; x_wconf 90' lang='lat' dir='ltr'><strong>crucis</strong></span> <span class='ocrx_word' id='word_1_569' title='bbox 882 4325 1072 4380; x_wconf 90' lang='lat' dir='ltr'><strong>timere</strong></span> <span class='ocrx_word' id='word_1_570' title='bbox 1107 4326 1348 4379; x_wconf 91' lang='lat' dir='ltr'><strong>ostendit</strong></span> <span class='ocrx_word' id='word_1_571' title='bbox 1371 4343 1386 4392; x_wconf 88' lang='lat'><strong>;</strong></span> <span class='ocrx_word' id='word_1_572' title='bbox 1415 4327 1492 4380; x_wconf 92' lang='lat' dir='ltr'><strong>sic</strong></span> <span class='ocrx_word' id='word_1_573' title='bbox 1520 4328 1681 4381; x_wconf 89' lang='lat' dir='ltr'><strong>etiam</strong></span> <span class='ocrx_word' id='word_1_574' title='bbox 1711 4326 1834 4392; x_wconf 85' lang='lat' dir='ltr'><strong>Job,</strong></span> <span class='ocrx_word' id='word_1_575' title='bbox 1861 4340 1916 4384; x_wconf 86' lang='lat' dir='ltr'><strong>et</strong></span> <span class='ocrx_word' id='word_1_576' title='bbox 1948 4329 2102 4386; x_wconf 89' lang='lat' dir='ltr'><strong>Jere-</strong></span> 
     </span>
    </p>
   </div>
   <div class='ocr_carea' id='block_1_73' title="bbox 529 4415 2096 4491">
    <p class='ocr_par' dir='ltr' id='par_1_73' title="bbox 529 4415 2096 4491">
     <span class='ocr_line' id='line_1_73' title="bbox 529 4415 2096 4491; baseline 0.004 -21"><span class='ocrx_word' id='word_1_577' title='bbox 529 4417 666 4470; x_wconf 89' lang='lat' dir='ltr'><strong>mias</strong></span> <span class='ocrx_word' id='word_1_578' title='bbox 699 4426 862 4485; x_wconf 88' lang='lat' dir='ltr'><strong>atque</strong></span> <span class='ocrx_word' id='word_1_579' title='bbox 909 4415 1000 4470; x_wconf 88' lang='lat' dir='ltr'><strong>alii</strong></span> <span class='ocrx_word' id='word_1_580' title='bbox 1051 4417 1249 4481; x_wconf 87' lang='lat' dir='ltr'><strong>sancti,</strong></span> <span class='ocrx_word' id='word_1_581' title='bbox 1295 4427 1354 4470; x_wconf 92' lang='lat' dir='ltr'><strong>ut</strong></span> <span class='ocrx_word' id='word_1_582' title='bbox 1400 4419 1776 4484; x_wconf 85' lang='lat' dir='ltr'><strong>ostenderent,</strong></span> <span class='ocrx_word' id='word_1_583' title='bbox 1807 4425 1932 4491; x_wconf 88' lang='lat' dir='ltr'><strong>quia</strong></span> <span class='ocrx_word' id='word_1_584' title='bbox 1974 4438 2096 4478; x_wconf 88' lang='lat' dir='ltr'><strong>cum</strong></span> 
     </span>
    </p>
   </div>
   <div class='ocr_carea' id='block_1_74' title="bbox 527 4507 2099 4582">
    <p class='ocr_par' dir='ltr' id='par_1_74' title="bbox 527 4507 2099 4582">
     <span class='ocr_line' id='line_1_74' title="bbox 527 4507 2099 4582; baseline 0.003 -21"><span class='ocrx_word' id='word_1_585' title='bbox 527 4517 710 4561; x_wconf 89' lang='lat' dir='ltr'><strong>essent</strong></span> <span class='ocrx_word' id='word_1_586' title='bbox 731 4507 977 4562; x_wconf 89' lang='lat' dir='ltr'><strong>carnales</strong></span> <span class='ocrx_word' id='word_1_587' title='bbox 1010 4523 1131 4562; x_wconf 93' lang='lat' dir='ltr'><strong>cum</strong></span> <span class='ocrx_word' id='word_1_588' title='bbox 1155 4508 1338 4562; x_wconf 91' lang='lat' dir='ltr'><strong>dolore</strong></span> <span class='ocrx_word' id='word_1_589' title='bbox 1364 4510 1740 4566; x_wconf 91' lang='lat' dir='ltr'><strong>sustinuerunt</strong></span> <span class='ocrx_word' id='word_1_590' title='bbox 1781 4527 1845 4566; x_wconf 90' lang='lat' dir='ltr'><strong>ac</strong></span> <span class='ocrx_word' id='word_1_591' title='bbox 1870 4529 2099 4582; x_wconf 86' lang='lat' dir='ltr'><strong>suppor-</strong></span> 
     </span>
    </p>
   </div>
   <div class='ocr_carea' id='block_1_75' title="bbox 2205 3319 3756 3388">
    <p class='ocr_par' dir='ltr' id='par_1_75' title="bbox 2205 3319 3756 3388">
     <span class='ocr_line' id='line_1_75' title="bbox 2205 3319 3756 3388; baseline -0.005 -12"><span class='ocrx_word' id='word_1_592' title='bbox 2205 3337 2266 3376; x_wconf 89' lang='lat' dir='ltr'><strong>ac</strong></span> <span class='ocrx_word' id='word_1_593' title='bbox 2299 3338 2424 3388; x_wconf 89' lang='lat' dir='ltr'><strong>nox,</strong></span> <span class='ocrx_word' id='word_1_594' title='bbox 2455 3337 2574 3376; x_wconf 87' lang='lat' dir='ltr'><strong>cum</strong></span> <span class='ocrx_word' id='word_1_595' title='bbox 2608 3320 2713 3375; x_wconf 91' lang='lat' dir='ltr'><strong>diei</strong></span> <span class='ocrx_word' id='word_1_596' title='bbox 2749 3319 3128 3384; x_wconf 88' lang='lat' dir='ltr'><strong>malediceret,</strong></span> <span class='ocrx_word' id='word_1_597' title='bbox 3160 3319 3309 3374; x_wconf 91' lang='lat' dir='ltr'><strong>nocti</strong></span> <span class='ocrx_word' id='word_1_598' title='bbox 3356 3334 3470 3373; x_wconf 93' lang='lat' dir='ltr'><strong>non</strong></span> <span class='ocrx_word' id='word_1_599' title='bbox 3519 3319 3756 3388; x_wconf 88' lang='lat' dir='ltr'><strong>pepercit.</strong></span> 
     </span>
    </p>
   </div>
   <div class='ocr_carea' id='block_1_76' title="bbox 2205 3409 3758 3482">
    <p class='ocr_par' dir='ltr' id='par_1_76' title="bbox 2205 3409 3758 3482">
     <span class='ocr_line' id='line_1_76' title="bbox 2205 3409 3758 3482; baseline -0.005 -15"><span class='ocrx_word' id='word_1_600' title='bbox 2205 3411 2417 3480; x_wconf 85' lang='lat' dir='ltr'><strong>Pereat,</strong></span> <span class='ocrx_word' id='word_1_601' title='bbox 2449 3413 2644 3482; x_wconf 91' lang='lat' dir='ltr'><strong>inquit,</strong></span> <span class='ocrx_word' id='word_1_602' title='bbox 2681 3412 2794 3465; x_wconf 81' lang='lat' dir='ltr'><strong>dies</strong></span> <span class='ocrx_word' id='word_1_603' title='bbox 2822 3412 2875 3464; x_wconf 83' lang='lat' dir='ltr'><strong>in</strong></span> <span class='ocrx_word' id='word_1_604' title='bbox 2910 3427 3010 3479; x_wconf 84' lang='lat' dir='ltr'><strong>quo</strong></span> <span class='ocrx_word' id='word_1_605' title='bbox 3061 3421 3218 3464; x_wconf 80' lang='lat' dir='ltr'><strong>natus</strong></span> <span class='ocrx_word' id='word_1_606' title='bbox 3250 3426 3390 3472; x_wconf 84' lang='lat' dir='ltr'><strong>sum,</strong></span> <span class='ocrx_word' id='word_1_607' title='bbox 3459 3420 3507 3463; x_wconf 86' lang='lat' dir='ltr'><strong>et</strong></span> <span class='ocrx_word' id='word_1_608' title='bbox 3557 3424 3655 3462; x_wconf 65' lang='lat' dir='ltr'><strong>nos</strong></span> <span class='ocrx_word' id='word_1_609' title='bbox 3679 3409 3758 3461; x_wconf 84' lang='lat' dir='ltr'><strong>illa</strong></span> 
     </span>
    </p>
   </div>
   <div class='ocr_carea' id='block_1_77' title="bbox 2203 3499 3758 3575">
    <p class='ocr_par' dir='ltr' id='par_1_77' title="bbox 2203 3499 3758 3575">
     <span class='ocr_line' id='line_1_77' title="bbox 2203 3499 3758 3575; baseline -0.003 -17"><span class='ocrx_word' id='word_1_610' title='bbox 2203 3506 2256 3560; x_wconf 83' lang='lat' dir='ltr'><strong>in</strong></span> <span class='ocrx_word' id='word_1_611' title='bbox 2283 3523 2385 3575; x_wconf 88' lang='lat' dir='ltr'><strong>qua</strong></span> <span class='ocrx_word' id='word_1_612' title='bbox 2432 3505 2632 3558; x_wconf 80' lang='lat' dir='ltr'><strong>dictum</strong></span> <span class='ocrx_word' id='word_1_613' title='bbox 2681 3513 2753 3558; x_wconf 88' lang='lat' dir='ltr'><strong>est</strong></span> <span class='ocrx_word' id='word_1_614' title='bbox 2801 3518 2820 3556; x_wconf 91' lang='lat'><em>:</em></span> <span class='ocrx_word' id='word_1_615' title='bbox 2853 3502 2990 3557; x_wconf 84' lang='lat' dir='ltr'><strong>Ecce</strong></span> <span class='ocrx_word' id='word_1_616' title='bbox 3035 3503 3326 3557; x_wconf 80' lang='lat' dir='ltr'><strong>masculus.</strong></span> <span class='ocrx_word' id='word_1_617' title='bbox 3383 3499 3505 3555; x_wconf 85' lang='lat' dir='ltr'><strong>Nux</strong></span> <span class='ocrx_word' id='word_1_618' title='bbox 3543 3501 3624 3554; x_wconf 89' lang='lat' dir='ltr'><strong>illa</strong></span> <span class='ocrx_word' id='word_1_619' title='bbox 3655 3515 3758 3570; x_wconf 78' lang='lat' dir='ltr'><strong>qua:</strong></span> 
     </span>
    </p>
   </div>
   <div class='ocr_carea' id='block_1_78' title="bbox 2201 3594 3755 3668">
    <p class='ocr_par' dir='ltr' id='par_1_78' title="bbox 2201 3594 3755 3668">
     <span class='ocr_line' id='line_1_78' title="bbox 2201 3594 3755 3668; baseline -0.006 -17"><span class='ocrx_word' id='word_1_620' title='bbox 2201 3597 2488 3668; x_wconf 63' lang='lat' dir='ltr'><strong>prasteriit,</strong></span> <span class='ocrx_word' id='word_1_621' title='bbox 2512 3612 2635 3665; x_wconf 57' lang='lat' dir='ltr'><strong>quas</strong></span> <span class='ocrx_word' id='word_1_622' title='bbox 2671 3596 2910 3659; x_wconf 88' lang='lat' dir='ltr'><strong>transiit,</strong></span> <span class='ocrx_word' id='word_1_623' title='bbox 2945 3610 3066 3664; x_wconf 79' lang='lat' dir='ltr'><strong>qua:</strong></span> <span class='ocrx_word' id='word_1_624' title='bbox 3093 3594 3313 3659; x_wconf 80' lang='lat' dir='ltr'><strong>defecit,</strong></span> <span class='ocrx_word' id='word_1_625' title='bbox 3354 3609 3480 3662; x_wconf 66' lang='lat' dir='ltr'><strong>quae</strong></span> <span class='ocrx_word' id='word_1_626' title='bbox 3531 3608 3630 3647; x_wconf 92' lang='lat' dir='ltr'><strong>non</strong></span> <span class='ocrx_word' id='word_1_627' title='bbox 3666 3601 3755 3645; x_wconf 89' lang='lat' dir='ltr'><strong>est.</strong></span> 
     </span>
    </p>
   </div>
   <div class='ocr_carea' id='block_1_79' title="bbox 2204 3683 3758 3744">
    <p class='ocr_par' dir='ltr' id='par_1_79' title="bbox 2204 3683 3758 3744">
     <span class='ocr_line' id='line_1_79' title="bbox 2204 3683 3758 3744; baseline -0.006 -1"><span class='ocrx_word' id='word_1_628' title='bbox 2204 3689 2316 3743; x_wconf 86' lang='lat' dir='ltr'><strong>Nox</strong></span> <span class='ocrx_word' id='word_1_629' title='bbox 2367 3687 2452 3742; x_wconf 89' lang='lat' dir='ltr'><strong>illa</strong></span> <span class='ocrx_word' id='word_1_630' title='bbox 2487 3687 2629 3742; x_wconf 91' lang='lat' dir='ltr'><strong>sicut</strong></span> <span class='ocrx_word' id='word_1_631' title='bbox 2668 3694 2724 3741; x_wconf 88' lang='lat' dir='ltr'><strong>et</strong></span> <span class='ocrx_word' id='word_1_632' title='bbox 2767 3685 2886 3740; x_wconf 91' lang='lat' dir='ltr'><strong>dies</strong></span> <span class='ocrx_word' id='word_1_633' title='bbox 2937 3687 3024 3739; x_wconf 90' lang='lat' dir='ltr'><strong>ille</strong></span> <span class='ocrx_word' id='word_1_634' title='bbox 3054 3699 3282 3739; x_wconf 90' lang='lat' dir='ltr'><strong>manens</strong></span> <span class='ocrx_word' id='word_1_635' title='bbox 3312 3684 3364 3737; x_wconf 92' lang='lat' dir='ltr'><strong>in</strong></span> <span class='ocrx_word' id='word_1_636' title='bbox 3408 3684 3662 3744; x_wconf 87' lang='lat' dir='ltr'><strong>tenebris,</strong></span> <span class='ocrx_word' id='word_1_637' title='bbox 3686 3683 3758 3734; x_wconf 90' lang='lat' dir='ltr'><strong>ille</strong></span> 
     </span>
    </p>
   </div>
   <div class='ocr_carea' id='block_1_80' title="bbox 2203 3776 3761 3850">
    <p class='ocr_par' dir='ltr' id='par_1_80' title="bbox 2203 3776 3761 3850">
     <span class='ocr_line' id='line_1_80' title="bbox 2203 3776 3761 3850; baseline -0.004 -17"><span class='ocrx_word' id='word_1_638' title='bbox 2203 3781 2294 3850; x_wconf 93' lang='lat' dir='ltr'><strong>qui</strong></span> <span class='ocrx_word' id='word_1_639' title='bbox 2326 3794 2430 3833; x_wconf 91' lang='lat' dir='ltr'><strong>non</strong></span> <span class='ocrx_word' id='word_1_640' title='bbox 2465 3779 2699 3843; x_wconf 90' lang='lat' dir='ltr'><strong>videtur,</strong></span> <span class='ocrx_word' id='word_1_641' title='bbox 2727 3777 2818 3846; x_wconf 88' lang='lat' dir='ltr'><strong>qui</strong></span> <span class='ocrx_word' id='word_1_642' title='bbox 2856 3791 2960 3831; x_wconf 92' lang='lat' dir='ltr'><strong>non</strong></span> <span class='ocrx_word' id='word_1_643' title='bbox 3003 3776 3326 3840; x_wconf 87' lang='lat' dir='ltr'><strong>invenietur,</strong></span> <span class='ocrx_word' id='word_1_644' title='bbox 3356 3777 3452 3844; x_wconf 91' lang='lat' dir='ltr'><strong>qui</strong></span> <span class='ocrx_word' id='word_1_645' title='bbox 3488 3790 3590 3828; x_wconf 93' lang='lat' dir='ltr'><strong>non</strong></span> <span class='ocrx_word' id='word_1_646' title='bbox 3625 3789 3761 3827; x_wconf 81' lang='lat' dir='ltr'><strong>revo-</strong></span> 
     </span>
    </p>
   </div>
   <div class='ocr_carea' id='block_1_81' title="bbox 2203 3865 3757 3939">
    <p class='ocr_par' dir='ltr' id='par_1_81' title="bbox 2203 3865 3757 3939">
     <span class='ocr_line' id='line_1_81' title="bbox 2203 3865 3757 3939; baseline -0.009 -12"><span class='ocrx_word' id='word_1_647' title='bbox 2203 3882 2380 3936; x_wconf 83' lang='lat' dir='ltr'><strong>catur,</strong></span> <span class='ocrx_word' id='word_1_648' title='bbox 2409 3871 2500 3939; x_wconf 92' lang='lat' dir='ltr'><strong>qui</strong></span> <span class='ocrx_word' id='word_1_649' title='bbox 2541 3887 2646 3925; x_wconf 91' lang='lat' dir='ltr'><strong>non</strong></span> <span class='ocrx_word' id='word_1_650' title='bbox 2698 3878 2802 3922; x_wconf 84' lang='lat' dir='ltr'><strong>cst.</strong></span> <span class='ocrx_word' id='word_1_651' title='bbox 2855 3867 3006 3922; x_wconf 89' lang='lat' dir='ltr'><strong>Sicut</strong></span> <span class='ocrx_word' id='word_1_652' title='bbox 3045 3881 3176 3936; x_wconf 83' lang='lat' dir='ltr'><strong>ergo</strong></span> <span class='ocrx_word' id='word_1_653' title='bbox 3201 3883 3305 3921; x_wconf 83' lang='lat' dir='ltr'><strong>nox</strong></span> <span class='ocrx_word' id='word_1_654' title='bbox 3343 3867 3459 3930; x_wconf 89' lang='lat' dir='ltr'><strong>illa,</strong></span> <span class='ocrx_word' id='word_1_655' title='bbox 3489 3866 3560 3919; x_wconf 86' lang='lat' dir='ltr'><strong>ita</strong></span> <span class='ocrx_word' id='word_1_656' title='bbox 3586 3875 3637 3918; x_wconf 90' lang='lat' dir='ltr'><strong>et</strong></span> <span class='ocrx_word' id='word_1_657' title='bbox 3660 3865 3757 3916; x_wconf 86' lang='lat' dir='ltr'><strong>dies</strong></span> 
     </span>
    </p>
   </div>
   <div class='ocr_carea' id='block_1_82' title="bbox 2204 3957 3758 4034">
    <p class='ocr_par' dir='ltr' id='par_1_82' title="bbox 2204 3957 3758 4034">
     <span class='ocr_line' id='line_1_82' title="bbox 2204 3957 3758 4034; baseline -0.008 -16"><span class='ocrx_word' id='word_1_658' title='bbox 2204 3963 2292 4018; x_wconf 90' lang='lat' dir='ltr'><strong>ille</strong></span> <span class='ocrx_word' id='word_1_659' title='bbox 2318 3972 2546 4034; x_wconf 87' lang='lat' dir='ltr'><strong>pereant</strong></span> <span class='ocrx_word' id='word_1_660' title='bbox 2594 3970 2849 4030; x_wconf 89' lang='lat' dir='ltr'><strong>tanquam</strong></span> <span class='ocrx_word' id='word_1_661' title='bbox 2878 3973 2999 4029; x_wconf 78' lang='lat' dir='ltr'><strong>quae</strong></span> <span class='ocrx_word' id='word_1_662' title='bbox 3033 3973 3138 4013; x_wconf 91' lang='lat' dir='ltr'><strong>non</strong></span> <span class='ocrx_word' id='word_1_663' title='bbox 3171 3967 3317 4020; x_wconf 78' lang='lat' dir='ltr'><strong>surit,</strong></span> <span class='ocrx_word' id='word_1_664' title='bbox 3354 3957 3615 4012; x_wconf 82' lang='lat' dir='ltr'><strong>deﬁciant</strong></span> <span class='ocrx_word' id='word_1_665' title='bbox 3655 3963 3758 4008; x_wconf 51' lang='lat' dir='ltr'><strong>tau.</strong></span> 
     </span>
    </p>
   </div>
   <div class='ocr_carea' id='block_1_83' title="bbox 2201 4045 3757 4124">
    <p class='ocr_par' dir='ltr' id='par_1_83' title="bbox 2201 4045 3757 4124">
     <span class='ocr_line' id='line_1_83' title="bbox 2201 4045 3757 4124; baseline -0.007 -17"><span class='ocrx_word' id='word_1_666' title='bbox 2201 4069 2359 4124; x_wconf 89' lang='lat' dir='ltr'><strong>quam</strong></span> <span class='ocrx_word' id='word_1_667' title='bbox 2386 4068 2504 4123; x_wconf 77' lang='lat' dir='ltr'><strong>qua:</strong></span> <span class='ocrx_word' id='word_1_668' title='bbox 2526 4069 2630 4109; x_wconf 92' lang='lat' dir='ltr'><strong>non</strong></span> <span class='ocrx_word' id='word_1_669' title='bbox 2649 4053 2920 4117; x_wconf 86' lang='lat' dir='ltr'><strong>videntur,</strong></span> <span class='ocrx_word' id='word_1_670' title='bbox 2952 4065 3123 4120; x_wconf 89' lang='lat' dir='ltr'><strong>neque</strong></span> <span class='ocrx_word' id='word_1_671' title='bbox 3149 4050 3610 4104; x_wconf 88' lang='lat' dir='ltr'><strong>demonstrantur.</strong></span> <span class='ocrx_word' id='word_1_672' title='bbox 3639 4045 3757 4101; x_wconf 88' lang='lat' dir='ltr'><strong>Cum</strong></span> 
     </span>
    </p>
   </div>
   <div class='ocr_carea' id='block_1_84' title="bbox 2203 4139 3760 4214">
    <p class='ocr_par' dir='ltr' id='par_1_84' title="bbox 2203 4139 3760 4214">
     <span class='ocr_line' id='line_1_84' title="bbox 2203 4139 3760 4214; baseline -0.006 -14"><span class='ocrx_word' id='word_1_673' title='bbox 2203 4148 2307 4202; x_wconf 91' lang='lat' dir='ltr'><strong>ista</strong></span> <span class='ocrx_word' id='word_1_674' title='bbox 2341 4161 2470 4214; x_wconf 88' lang='lat' dir='ltr'><strong>ergo</strong></span> <span class='ocrx_word' id='word_1_675' title='bbox 2495 4161 2614 4214; x_wconf 83' lang='lat' dir='ltr'><strong>quae</strong></span> <span class='ocrx_word' id='word_1_676' title='bbox 2641 4160 2747 4199; x_wconf 91' lang='lat' dir='ltr'><strong>non</strong></span> <span class='ocrx_word' id='word_1_677' title='bbox 2773 4154 2900 4198; x_wconf 83' lang='lat' dir='ltr'><strong>sunt</strong></span> <span class='ocrx_word' id='word_1_678' title='bbox 2929 4142 3273 4196; x_wconf 84' lang='lat' dir='ltr'><strong>maledixerit</strong></span> <span class='ocrx_word' id='word_1_679' title='bbox 3305 4139 3434 4207; x_wconf 90' lang='lat' dir='ltr'><strong>Job,</strong></span> <span class='ocrx_word' id='word_1_680' title='bbox 3467 4150 3523 4194; x_wconf 91' lang='lat' dir='ltr'><strong>ct</strong></span> <span class='ocrx_word' id='word_1_681' title='bbox 3550 4155 3609 4194; x_wconf 90' lang='lat' dir='ltr'><strong>ea</strong></span> <span class='ocrx_word' id='word_1_682' title='bbox 3654 4152 3760 4207; x_wconf 68' lang='lat' dir='ltr'><strong>qua:</strong></span> 
     </span>
    </p>
   </div>
   <div class='ocr_carea' id='block_1_85' title="bbox 2202 4229 3758 4306">
    <p class='ocr_par' dir='ltr' id='par_1_85' title="bbox 2202 4229 3758 4306">
     <span class='ocr_line' id='line_1_85' title="bbox 2202 4229 3758 4306; baseline -0.007 -14"><span class='ocrx_word' id='word_1_683' title='bbox 2202 4254 2306 4294; x_wconf 91' lang='lat' dir='ltr'><strong>non</strong></span> <span class='ocrx_word' id='word_1_684' title='bbox 2343 4249 2470 4293; x_wconf 89' lang='lat' dir='ltr'><strong>sunt</strong></span> <span class='ocrx_word' id='word_1_685' title='bbox 2505 4237 2682 4306; x_wconf 89' lang='lat' dir='ltr'><strong>perire</strong></span> <span class='ocrx_word' id='word_1_686' title='bbox 2717 4235 2964 4302; x_wconf 91' lang='lat' dir='ltr'><strong>voluerit,</strong></span> <span class='ocrx_word' id='word_1_687' title='bbox 3023 4232 3523 4302; x_wconf 88' lang='lat' dir='ltr'><strong>irreprehensibilis</strong></span> <span class='ocrx_word' id='word_1_688' title='bbox 3557 4229 3758 4286; x_wconf 88' lang='lat' dir='ltr'><strong>omnino</strong></span> 
     </span>
    </p>
   </div>
   <div class='ocr_carea' id='block_1_86' title="bbox 2203 4320 3760 4397">
    <p class='ocr_par' dir='ltr' id='par_1_86' title="bbox 2203 4320 3760 4397">
     <span class='ocr_line' id='line_1_86' title="bbox 2203 4320 3760 4397; baseline -0.007 -12"><span class='ocrx_word' id='word_1_689' title='bbox 2203 4333 2254 4392; x_wconf 88' lang='lat' dir='ltr'><strong>in</strong></span> <span class='ocrx_word' id='word_1_690' title='bbox 2278 4329 2529 4385; x_wconf 89' lang='lat' dir='ltr'><strong>omnibus</strong></span> <span class='ocrx_word' id='word_1_691' title='bbox 2563 4327 2934 4397; x_wconf 89' lang='lat' dir='ltr'><strong>permanebat.</strong></span> <span class='ocrx_word' id='word_1_692' title='bbox 2986 4325 3374 4380; x_wconf 82' lang='lat' dir='ltr'><strong>Vehementem</strong></span> <span class='ocrx_word' id='word_1_693' title='bbox 3425 4325 3575 4380; x_wconf 88' lang='lat' dir='ltr'><strong>enim</strong></span> <span class='ocrx_word' id='word_1_694' title='bbox 3629 4320 3760 4390; x_wconf 57' lang='lat' dir='ltr'><strong>dolea</strong></span> 
     </span>
    </p>
   </div>
   <div class='ocr_carea' id='block_1_87' title="bbox 2204 4416 3760 4490">
    <p class='ocr_par' dir='ltr' id='par_1_87' title="bbox 2204 4416 3760 4490">
     <span class='ocr_line' id='line_1_87' title="bbox 2204 4416 3760 4490; baseline -0.007 -13"><span class='ocrx_word' id='word_1_695' title='bbox 2204 4440 2315 4478; x_wconf 89' lang='lat' dir='ltr'><strong>rem</strong></span> <span class='ocrx_word' id='word_1_696' title='bbox 2367 4437 2524 4490; x_wconf 90' lang='lat' dir='ltr'><strong>quem</strong></span> <span class='ocrx_word' id='word_1_697' title='bbox 2577 4418 2879 4474; x_wconf 88' lang='lat' dir='ltr'><strong>sustinebat</strong></span> <span class='ocrx_word' id='word_1_698' title='bbox 2924 4416 3150 4472; x_wconf 78' lang='lat' dir='ltr'><strong>deﬂebat</strong></span> <span class='ocrx_word' id='word_1_699' title='bbox 3209 4418 3415 4486; x_wconf 88' lang='lat' dir='ltr'><strong>absque</strong></span> <span class='ocrx_word' id='word_1_700' title='bbox 3474 4417 3618 4471; x_wconf 89' lang='lat' dir='ltr'><strong>illius</strong></span> <span class='ocrx_word' id='word_1_701' title='bbox 3667 4429 3760 4468; x_wconf 92' lang='lat' dir='ltr'><strong>mo-</strong></span> 
     </span>
    </p>
   </div>
   <div class='ocr_carea' id='block_1_88' title="bbox 2201 4504 3760 4580">
    <p class='ocr_par' dir='ltr' id='par_1_88' title="bbox 2201 4504 3760 4580">
     <span class='ocr_line' id='line_1_88' title="bbox 2201 4504 3760 4580; baseline -0.009 -11"><span class='ocrx_word' id='word_1_702' title='bbox 2201 4515 2376 4570; x_wconf 88' lang='lat' dir='ltr'><strong>lestia.</strong></span> <span class='ocrx_word' id='word_1_703' title='bbox 2407 4513 2543 4567; x_wconf 85' lang='lat' dir='ltr'><strong>Puto</strong></span> <span class='ocrx_word' id='word_1_704' title='bbox 2575 4513 2720 4580; x_wconf 88' lang='lat' dir='ltr'><strong>quod</strong></span> <span class='ocrx_word' id='word_1_705' title='bbox 2750 4510 2974 4565; x_wconf 78' lang='lat' dir='ltr'><strong>forsitan</strong></span> <span class='ocrx_word' id='word_1_706' title='bbox 3029 4509 3154 4563; x_wconf 90' lang='lat' dir='ltr'><strong>olim</strong></span> <span class='ocrx_word' id='word_1_707' title='bbox 3205 4509 3258 4562; x_wconf 92' lang='lat' dir='ltr'><strong>in</strong></span> <span class='ocrx_word' id='word_1_708' title='bbox 3293 4509 3450 4563; x_wconf 91' lang='lat' dir='ltr'><strong>initio</strong></span> <span class='ocrx_word' id='word_1_709' title='bbox 3483 4504 3760 4577; x_wconf 85' lang='lat' dir='ltr'><strong>iuventutis</strong></span> 
     </span>
    </p>
   </div>
   <div class='ocr_carea' id='block_1_89' title="bbox 533 4597 3761 4674">
    <p class='ocr_par' dir='ltr' id='par_1_89' title="bbox 533 4597 3761 4674">
     <span class='ocr_line' id='line_1_89' title="bbox 533 4597 3761 4674; baseline -0 -22"><span class='ocrx_word' id='word_1_710' title='bbox 533 4609 788 4653; x_wconf 80' lang='lat' dir='ltr'><strong>laverunt</strong></span> <span class='ocrx_word' id='word_1_711' title='bbox 813 4600 1073 4668; x_wconf 88' lang='lat' dir='ltr'><strong>supplicia</strong></span> <span class='ocrx_word' id='word_1_712' title='bbox 1106 4611 1268 4670; x_wconf 89' lang='lat' dir='ltr'><strong>atque</strong></span> <span class='ocrx_word' id='word_1_713' title='bbox 1291 4616 1477 4670; x_wconf 77' lang='lat' dir='ltr'><strong>ptenas</strong></span> <span class='ocrx_word' id='word_1_714' title='bbox 1503 4616 1624 4674; x_wconf 70' lang='lat' dir='ltr'><strong>qua:</strong></span> <span class='ocrx_word' id='word_1_715' title='bbox 1663 4603 1741 4657; x_wconf 90' lang='lat' dir='ltr'><strong>eis</strong></span> <span class='ocrx_word' id='word_1_716' title='bbox 1768 4604 2094 4660; x_wconf 84' lang='lat' dir='ltr'><strong>acciderunt.</strong></span> <span class='ocrx_word' id='word_1_717' title='bbox 2131 4597 2178 4657; x_wconf 81' lang='grc' dir='ltr'>υ</span> <span class='ocrx_word' id='word_1_718' title='bbox 2203 4606 2560 4662; x_wconf 87' lang='lat' dir='ltr'><strong>celebraverit</strong></span> <span class='ocrx_word' id='word_1_719' title='bbox 2613 4603 2714 4659; x_wconf 92' lang='lat' dir='ltr'><strong>Job</strong></span> <span class='ocrx_word' id='word_1_720' title='bbox 2745 4605 2886 4658; x_wconf 90' lang='lat' dir='ltr'><strong>diem</strong></span> <span class='ocrx_word' id='word_1_721' title='bbox 2923 4602 3224 4656; x_wconf 89' lang='lat' dir='ltr'><strong>nativitatis</strong></span> <span class='ocrx_word' id='word_1_722' title='bbox 3265 4617 3402 4666; x_wconf 77' lang='lat' dir='ltr'><strong>suze,</strong></span> <span class='ocrx_word' id='word_1_723' title='bbox 3470 4602 3597 4655; x_wconf 92' lang='lat' dir='ltr'><strong>item</strong></span> <span class='ocrx_word' id='word_1_724' title='bbox 3638 4610 3761 4651; x_wconf 91' lang='lat' dir='ltr'><strong>nunc</strong></span> 
     </span>
    </p>
   </div>
   <div class='ocr_carea' id='block_1_90' title="bbox 531 4689 2096 4764">
    <p class='ocr_par' dir='ltr' id='par_1_90' title="bbox 531 4689 2096 4764">
     <span class='ocr_line' id='line_1_90' title="bbox 531 4689 2096 4764; baseline 0.004 -21"><span class='ocrx_word' id='word_1_725' title='bbox 531 4689 726 4745; x_wconf 81' lang='lat' dir='ltr'><strong>Merito</strong></span> <span class='ocrx_word' id='word_1_726' title='bbox 779 4705 909 4760; x_wconf 89' lang='lat' dir='ltr'><strong>ergo</strong></span> <span class='ocrx_word' id='word_1_727' title='bbox 949 4691 1078 4744; x_wconf 89' lang='lat' dir='ltr'><strong>dicit</strong></span> <span class='ocrx_word' id='word_1_728' title='bbox 1112 4690 1260 4746; x_wconf 90' lang='lat' dir='ltr'><strong>Job:</strong></span> <span class='ocrx_word' id='word_1_729' title='bbox 1307 4689 1492 4745; x_wconf 86' lang='lat' dir='ltr'><strong>Pereat</strong></span> <span class='ocrx_word' id='word_1_730' title='bbox 1531 4693 1640 4746; x_wconf 87' lang='lat' dir='ltr'><strong>dies</strong></span> <span class='ocrx_word' id='word_1_731' title='bbox 1689 4695 1742 4748; x_wconf 82' lang='lat' dir='ltr'><strong>in</strong></span> <span class='ocrx_word' id='word_1_732' title='bbox 1791 4710 1892 4764; x_wconf 84' lang='lat' dir='ltr'><strong>quo</strong></span> <span class='ocrx_word' id='word_1_733' title='bbox 1942 4707 2096 4750; x_wconf 85' lang='lat' dir='ltr'><strong>natus</strong></span> 
     </span>
    </p>
   </div>
   <div class='ocr_carea' id='block_1_91' title="bbox 529 4783 2100 4858">
    <p class='ocr_par' dir='ltr' id='par_1_91' title="bbox 529 4783 2100 4858">
     <span class='ocr_line' id='line_1_91' title="bbox 529 4783 2100 4858; baseline 0.003 -20"><span class='ocrx_word' id='word_1_734' title='bbox 529 4801 666 4845; x_wconf 82' lang='lat' dir='ltr'><strong>sum,</strong></span> <span class='ocrx_word' id='word_1_735' title='bbox 711 4783 866 4853; x_wconf 85' lang='lat' dir='ltr'><strong>juxta</strong></span> <span class='ocrx_word' id='word_1_736' title='bbox 890 4784 1068 4838; x_wconf 90' lang='lat' dir='ltr'><strong>omnia</strong></span> <span class='ocrx_word' id='word_1_737' title='bbox 1097 4800 1216 4852; x_wconf 68' lang='lat' dir='ltr'><strong>qua:</strong></span> <span class='ocrx_word' id='word_1_738' title='bbox 1255 4786 1505 4854; x_wconf 87' lang='lat' dir='ltr'><strong>superius</strong></span> <span class='ocrx_word' id='word_1_739' title='bbox 1526 4796 1744 4842; x_wconf 87' lang='lat' dir='ltr'><strong>ostensa</strong></span> <span class='ocrx_word' id='word_1_740' title='bbox 1797 4799 1955 4858; x_wconf 83' lang='lat' dir='ltr'><strong>atque</strong></span> <span class='ocrx_word' id='word_1_741' title='bbox 1986 4806 2100 4843; x_wconf 88' lang='lat' dir='ltr'><strong>tue-</strong></span> 
     </span>
    </p>
   </div>
   <div class='ocr_carea' id='block_1_92' title="bbox 531 4876 2100 4947">
    <p class='ocr_par' dir='ltr' id='par_1_92' title="bbox 531 4876 2100 4947">
     <span class='ocr_line' id='line_1_92' title="bbox 531 4876 2100 4947; baseline 0.002 -16"><span class='ocrx_word' id='word_1_742' title='bbox 531 4889 737 4931; x_wconf 87' lang='lat' dir='ltr'><strong>tuurata</strong></span> <span class='ocrx_word' id='word_1_743' title='bbox 765 4887 908 4941; x_wconf 91' lang='lat' dir='ltr'><strong>sunt,</strong></span> <span class='ocrx_word' id='word_1_744' title='bbox 957 4889 1005 4931; x_wconf 86' lang='lat' dir='ltr'><strong>et</strong></span> <span class='ocrx_word' id='word_1_745' title='bbox 1060 4894 1164 4931; x_wconf 76' lang='lat' dir='ltr'><strong>nox</strong></span> <span class='ocrx_word' id='word_1_746' title='bbox 1198 4876 1292 4930; x_wconf 82' lang='lat' dir='ltr'><strong>illa</strong></span> <span class='ocrx_word' id='word_1_747' title='bbox 1343 4879 1397 4930; x_wconf 80' lang='lat' dir='ltr'><strong>in</strong></span> <span class='ocrx_word' id='word_1_748' title='bbox 1433 4895 1537 4947; x_wconf 82' lang='lat' dir='ltr'><strong>qua</strong></span> <span class='ocrx_word' id='word_1_749' title='bbox 1571 4880 1765 4932; x_wconf 86' lang='lat' dir='ltr'><strong>dictum</strong></span> <span class='ocrx_word' id='word_1_750' title='bbox 1809 4891 1882 4933; x_wconf 75' lang='lat' dir='ltr'><strong>est</strong></span> <span class='ocrx_word' id='word_1_751' title='bbox 1912 4893 1931 4931; x_wconf 88' lang='lat'><em>:</em></span> <span class='ocrx_word' id='word_1_752' title='bbox 1965 4879 2100 4934; x_wconf 85' lang='lat' dir='ltr'><strong>Ecce</strong></span> 
     </span>
    </p>
   </div>
   <div class='ocr_carea' id='block_1_93' title="bbox 530 4967 2096 5037">
    <p class='ocr_par' dir='ltr' id='par_1_93' title="bbox 530 4967 2096 5037">
     <span class='ocr_line' id='line_1_93' title="bbox 530 4967 2096 5037; baseline 0.003 -15"><span class='ocrx_word' id='word_1_753' title='bbox 530 4971 794 5023; x_wconf 78' lang='lat' dir='ltr'><strong>masculus</strong></span> <span class='ocrx_word' id='word_1_754' title='bbox 821 4967 889 5020; x_wconf 77' lang='grc'><strong>⁷⁸.</strong></span> <span class='ocrx_word' id='word_1_755' title='bbox 929 4969 1098 5024; x_wconf 88' lang='lat' dir='ltr'><strong>Porro</strong></span> <span class='ocrx_word' id='word_1_756' title='bbox 1129 4969 1350 5037; x_wconf 89' lang='lat' dir='ltr'><strong>quando</strong></span> <span class='ocrx_word' id='word_1_757' title='bbox 1378 4979 1536 5022; x_wconf 92' lang='lat' dir='ltr'><strong>natus</strong></span> <span class='ocrx_word' id='word_1_758' title='bbox 1567 4985 1646 5033; x_wconf 90' lang='lat' dir='ltr'><strong>es,</strong></span> <span class='ocrx_word' id='word_1_759' title='bbox 1701 4987 1734 5022; x_wconf 86' lang='grc' dir='ltr'>ο</span> <span class='ocrx_word' id='word_1_760' title='bbox 1779 4971 1935 5026; x_wconf 81' lang='lat' dir='ltr'><strong>beate</strong></span> <span class='ocrx_word' id='word_1_761' title='bbox 1961 4970 2096 5026; x_wconf 83' lang='lat' dir='ltr'><strong>Job?</strong></span> 
     </span>
    </p>
   </div>
   <div class='ocr_carea' id='block_1_94' title="bbox 529 5060 2104 5132">
    <p class='ocr_par' dir='ltr' id='par_1_94' title="bbox 529 5060 2104 5132">
     <span class='ocr_line' id='line_1_94' title="bbox 529 5060 2104 5132; baseline 0.001 -16"><span class='ocrx_word' id='word_1_762' title='bbox 529 5074 626 5132; x_wconf 87' lang='lat' dir='ltr'><strong>per</strong></span> <span class='ocrx_word' id='word_1_763' title='bbox 659 5063 822 5127; x_wconf 88' lang='lat' dir='ltr'><strong>diem,</strong></span> <span class='ocrx_word' id='word_1_764' title='bbox 862 5077 928 5114; x_wconf 90' lang='lat' dir='ltr'><strong>an</strong></span> <span class='ocrx_word' id='word_1_765' title='bbox 953 5077 1050 5130; x_wconf 88' lang='lat' dir='ltr'><strong>per</strong></span> <span class='ocrx_word' id='word_1_766' title='bbox 1073 5061 1322 5116; x_wconf 82' lang='lat' dir='ltr'><strong>noctem?</strong></span> <span class='ocrx_word' id='word_1_767' title='bbox 1364 5061 1420 5116; x_wconf 91' lang='lat' dir='ltr'><strong>Si</strong></span> <span class='ocrx_word' id='word_1_768' title='bbox 1447 5060 1499 5114; x_wconf 92' lang='lat' dir='ltr'><strong>in</strong></span> <span class='ocrx_word' id='word_1_769' title='bbox 1531 5063 1616 5116; x_wconf 89' lang='lat' dir='ltr'><strong>die</strong></span> <span class='ocrx_word' id='word_1_770' title='bbox 1642 5073 1800 5117; x_wconf 90' lang='lat' dir='ltr'><strong>natus</strong></span> <span class='ocrx_word' id='word_1_771' title='bbox 1828 5077 1910 5126; x_wconf 86' lang='lat' dir='ltr'><strong>es,</strong></span> <span class='ocrx_word' id='word_1_772' title='bbox 1945 5073 2104 5118; x_wconf 90' lang='lat' dir='ltr'><strong>nocte</strong></span> 
     </span>
    </p>
   </div>
   <div class='ocr_carea' id='block_1_95' title="bbox 540 5153 2105 5225">
    <p class='ocr_par' dir='ltr' id='par_1_95' title="bbox 540 5153 2105 5225">
     <span class='ocr_line' id='line_1_95' title="bbox 540 5153 2105 5225; baseline 0.001 -17"><span class='ocrx_word' id='word_1_773' title='bbox 540 5155 669 5225; x_wconf 92' lang='lat' dir='ltr'><strong>quid</strong></span> <span class='ocrx_word' id='word_1_774' title='bbox 700 5153 995 5208; x_wconf 80' lang='lat' dir='ltr'><strong>irasceris?</strong></span> <span class='ocrx_word' id='word_1_775' title='bbox 1042 5153 1148 5207; x_wconf 89' lang='lat' dir='ltr'><strong>Sed</strong></span> <span class='ocrx_word' id='word_1_776' title='bbox 1176 5154 1220 5206; x_wconf 89' lang='lat' dir='ltr'><strong>si</strong></span> <span class='ocrx_word' id='word_1_777' title='bbox 1255 5153 1308 5206; x_wconf 93' lang='lat' dir='ltr'><strong>in</strong></span> <span class='ocrx_word' id='word_1_778' title='bbox 1345 5164 1502 5208; x_wconf 90' lang='lat' dir='ltr'><strong>nocte</strong></span> <span class='ocrx_word' id='word_1_779' title='bbox 1531 5164 1692 5208; x_wconf 90' lang='lat' dir='ltr'><strong>natus</strong></span> <span class='ocrx_word' id='word_1_780' title='bbox 1723 5169 1801 5219; x_wconf 86' lang='lat' dir='ltr'><strong>es,</strong></span> <span class='ocrx_word' id='word_1_781' title='bbox 1833 5155 1975 5209; x_wconf 91' lang='lat' dir='ltr'><strong>diem</strong></span> <span class='ocrx_word' id='word_1_782' title='bbox 2006 5171 2105 5210; x_wconf 89' lang='lat' dir='ltr'><strong>cur</strong></span> 
     </span>
    </p>
   </div>
   <div class='ocr_carea' id='block_1_96' title="bbox 532 5245 2102 5315">
    <p class='ocr_par' dir='ltr' id='par_1_96' title="bbox 532 5245 2102 5315">
     <span class='ocr_line' id='line_1_96' title="bbox 532 5245 2102 5315; baseline 0.001 -15"><span class='ocrx_word' id='word_1_783' title='bbox 532 5245 857 5300; x_wconf 81' lang='lat' dir='ltr'><strong>maledicis?</strong></span> <span class='ocrx_word' id='word_1_784' title='bbox 888 5245 1043 5299; x_wconf 87' lang='lat' dir='ltr'><strong>Sicut</strong></span> <span class='ocrx_word' id='word_1_785' title='bbox 1076 5253 1255 5299; x_wconf 83' lang='lat' dir='ltr'><strong>autem</strong></span> <span class='ocrx_word' id='word_1_786' title='bbox 1299 5254 1459 5300; x_wconf 67' lang='lat' dir='ltr'><strong>mstas</strong></span> <span class='ocrx_word' id='word_1_787' title='bbox 1485 5256 1541 5300; x_wconf 91' lang='lat' dir='ltr'><strong>et</strong></span> <span class='ocrx_word' id='word_1_788' title='bbox 1572 5246 1748 5301; x_wconf 90' lang='lat' dir='ltr'><strong>hiems</strong></span> <span class='ocrx_word' id='word_1_789' title='bbox 1787 5247 1925 5302; x_wconf 91' lang='lat' dir='ltr'><strong>idem</strong></span> <span class='ocrx_word' id='word_1_790' title='bbox 1957 5258 2102 5315; x_wconf 91' lang='lat' dir='ltr'><strong>sunt,</strong></span> 
     </span>
    </p>
   </div>
   <div class='ocr_carea' id='block_1_97' title="bbox 531 5337 2104 5406">
    <p class='ocr_par' dir='ltr' id='par_1_97' title="bbox 531 5337 2104 5406">
     <span class='ocr_line' id='line_1_97' title="bbox 531 5337 2104 5406; baseline 0.003 -14"><span class='ocrx_word' id='word_1_791' title='bbox 531 5338 610 5392; x_wconf 88' lang='lat' dir='ltr'><strong>sic</strong></span> <span class='ocrx_word' id='word_1_792' title='bbox 637 5348 694 5392; x_wconf 91' lang='lat' dir='ltr'><strong>et</strong></span> <span class='ocrx_word' id='word_1_793' title='bbox 726 5353 832 5394; x_wconf 87' lang='lat' dir='ltr'><strong>nox</strong></span> <span class='ocrx_word' id='word_1_794' title='bbox 861 5348 917 5392; x_wconf 90' lang='lat' dir='ltr'><strong>et</strong></span> <span class='ocrx_word' id='word_1_795' title='bbox 941 5339 1057 5391; x_wconf 90' lang='lat' dir='ltr'><strong>dies</strong></span> <span class='ocrx_word' id='word_1_796' title='bbox 1083 5354 1099 5401; x_wconf 89' lang='lat'><strong>;</strong></span> <span class='ocrx_word' id='word_1_797' title='bbox 1125 5338 1266 5406; x_wconf 92' lang='lat' dir='ltr'><strong>quod</strong></span> <span class='ocrx_word' id='word_1_798' title='bbox 1311 5337 1453 5390; x_wconf 91' lang='lat' dir='ltr'><strong>enim</strong></span> <span class='ocrx_word' id='word_1_799' title='bbox 1481 5353 1576 5406; x_wconf 90' lang='lat' dir='ltr'><strong>per</strong></span> <span class='ocrx_word' id='word_1_800' title='bbox 1611 5347 1852 5392; x_wconf 75' lang='lat' dir='ltr'><strong>aestatem</strong></span> <span class='ocrx_word' id='word_1_801' title='bbox 1893 5339 1969 5404; x_wconf 87' lang='lat' dir='ltr'><strong>lit,</strong></span> <span class='ocrx_word' id='word_1_802' title='bbox 2003 5341 2104 5396; x_wconf 89' lang='lat' dir='ltr'><strong>hoc</strong></span> 
     </span>
    </p>
   </div>
   <div class='ocr_carea' id='block_1_98' title="bbox 528 5428 2102 5501">
    <p class='ocr_par' dir='ltr' id='par_1_98' title="bbox 528 5428 2102 5501">
     <span class='ocr_line' id='line_1_98' title="bbox 528 5428 2102 5501; baseline 0.004 -20"><span class='ocrx_word' id='word_1_803' title='bbox 528 5428 880 5482; x_wconf 86' lang='lat' dir='ltr'><strong>nihilominus</strong></span> <span class='ocrx_word' id='word_1_804' title='bbox 939 5443 1034 5498; x_wconf 92' lang='lat' dir='ltr'><strong>per</strong></span> <span class='ocrx_word' id='word_1_805' title='bbox 1091 5428 1322 5482; x_wconf 89' lang='lat' dir='ltr'><strong>hiemem</strong></span> <span class='ocrx_word' id='word_1_806' title='bbox 1395 5429 1734 5483; x_wconf 88' lang='lat' dir='ltr'><strong>consumitur</strong></span> <span class='ocrx_word' id='word_1_807' title='bbox 1791 5447 1806 5484; x_wconf 89' lang='lat'><strong>:</strong></span> <span class='ocrx_word' id='word_1_808' title='bbox 1854 5441 1911 5485; x_wconf 93' lang='lat' dir='ltr'><strong>et</strong></span> <span class='ocrx_word' id='word_1_809' title='bbox 1958 5433 2102 5501; x_wconf 91' lang='lat' dir='ltr'><strong>quod</strong></span> 
     </span>
    </p>
   </div>
   <div class='ocr_carea' id='block_1_99' title="bbox 529 5519 2102 5590">
    <p class='ocr_par' dir='ltr' id='par_1_99' title="bbox 529 5519 2102 5590">
     <span class='ocr_line' id='line_1_99' title="bbox 529 5519 2102 5590; baseline 0.003 -18"><span class='ocrx_word' id='word_1_810' title='bbox 529 5519 708 5573; x_wconf 89' lang='lat' dir='ltr'><strong>hieme</strong></span> <span class='ocrx_word' id='word_1_811' title='bbox 747 5519 1096 5590; x_wconf 81' lang='lat' dir='ltr'><strong>superfuerit,</strong></span> <span class='ocrx_word' id='word_1_812' title='bbox 1129 5520 1230 5575; x_wconf 93' lang='lat' dir='ltr'><strong>hoc</strong></span> <span class='ocrx_word' id='word_1_813' title='bbox 1260 5519 1448 5589; x_wconf 89' lang='lat' dir='ltr'><strong>procul</strong></span> <span class='ocrx_word' id='word_1_814' title='bbox 1493 5521 1657 5575; x_wconf 89' lang='lat' dir='ltr'><strong>dubio</strong></span> <span class='ocrx_word' id='word_1_815' title='bbox 1701 5532 1891 5576; x_wconf 74' lang='lat' dir='ltr'><strong>testate</strong></span> <span class='ocrx_word' id='word_1_816' title='bbox 1941 5523 2102 5578; x_wconf 82' lang='lat' dir='ltr'><strong>serui-</strong></span> 
     </span>
    </p>
   </div>
   <div class='ocr_carea' id='block_1_100' title="bbox 526 5611 2102 5676">
    <p class='ocr_par' dir='ltr' id='par_1_100' title="bbox 526 5611 2102 5676">
     <span class='ocr_line' id='line_1_100' title="bbox 526 5611 2102 5676; baseline 0.004 -14"><span class='ocrx_word' id='word_1_817' title='bbox 526 5623 710 5675; x_wconf 85' lang='lat' dir='ltr'><strong>natur,</strong></span> <span class='ocrx_word' id='word_1_818' title='bbox 751 5621 942 5666; x_wconf 84' lang='lat' dir='ltr'><strong>aestate</strong></span> <span class='ocrx_word' id='word_1_819' title='bbox 977 5611 1279 5676; x_wconf 87' lang='lat' dir='ltr'><strong>laboratur,</strong></span> <span class='ocrx_word' id='word_1_820' title='bbox 1329 5612 1468 5666; x_wconf 90' lang='lat' dir='ltr'><strong>sicut</strong></span> <span class='ocrx_word' id='word_1_821' title='bbox 1510 5613 1561 5666; x_wconf 95' lang='lat' dir='ltr'><strong>in</strong></span> <span class='ocrx_word' id='word_1_822' title='bbox 1615 5613 1703 5669; x_wconf 89' lang='lat' dir='ltr'><strong>die</strong></span> <span class='ocrx_word' id='word_1_823' title='bbox 1739 5629 1753 5666; x_wconf 90' lang='lat'><strong>:</strong></span> <span class='ocrx_word' id='word_1_824' title='bbox 1805 5615 1981 5668; x_wconf 92' lang='lat' dir='ltr'><strong>hieme</strong></span> <span class='ocrx_word' id='word_1_825' title='bbox 2016 5630 2102 5669; x_wconf 89' lang='lat' dir='ltr'><strong>re-</strong></span> 
     </span>
    </p>
   </div>
   <div class='ocr_carea' id='block_1_101' title="bbox 526 5699 2098 5775">
    <p class='ocr_par' dir='ltr' id='par_1_101' title="bbox 526 5699 2098 5775">
     <span class='ocr_line' id='line_1_101' title="bbox 526 5699 2098 5775; baseline 0.004 -23"><span class='ocrx_word' id='word_1_826' title='bbox 526 5699 844 5768; x_wconf 89' lang='lat' dir='ltr'><strong>quiescitur,</strong></span> <span class='ocrx_word' id='word_1_827' title='bbox 885 5703 1029 5756; x_wconf 88' lang='lat' dir='ltr'><strong>sicut</strong></span> <span class='ocrx_word' id='word_1_828' title='bbox 1076 5704 1129 5756; x_wconf 92' lang='lat' dir='ltr'><strong>in</strong></span> <span class='ocrx_word' id='word_1_829' title='bbox 1189 5713 1372 5758; x_wconf 90' lang='lat' dir='ltr'><strong>nocte.</strong></span> <span class='ocrx_word' id='word_1_830' title='bbox 1409 5703 1475 5758; x_wconf 86' lang='lat' dir='ltr'><strong>Et</strong></span> <span class='ocrx_word' id='word_1_831' title='bbox 1503 5705 1680 5760; x_wconf 90' lang='lat' dir='ltr'><strong>adhuc</strong></span> <span class='ocrx_word' id='word_1_832' title='bbox 1721 5706 1865 5760; x_wconf 89' lang='lat' dir='ltr'><strong>sicut</strong></span> <span class='ocrx_word' id='word_1_833' title='bbox 1903 5721 2098 5775; x_wconf 86' lang='lat' dir='ltr'><strong>corpus</strong></span> 
     </span>
    </p>
   </div>
   <div class='ocr_carea' id='block_1_102' title="bbox 597 5819 1857 5892">
    <p class='ocr_par' dir='ltr' id='par_1_102' title="bbox 597 5819 1857 5892">
     <span class='ocr_line' id='line_1_102' title="bbox 597 5819 1857 5892; baseline 0.013 -22"><span class='ocrx_word' id='word_1_834' title='bbox 597 5819 771 5892; x_wconf 81' lang='lat' dir='ltr'><strong>&quot;_Job</strong></span> <span class='ocrx_word' id='word_1_835' title='bbox 801 5835 886 5888; x_wconf 87' lang='lat' dir='ltr'><strong>Ill,</strong></span> <span class='ocrx_word' id='word_1_836' title='bbox 913 5821 964 5876; x_wconf 85' lang='grc'><strong>5.</strong></span> <span class='ocrx_word' id='word_1_837' title='bbox 1040 5823 1084 5853; x_wconf 87' lang='grc'><strong>⁷¹</strong></span> <span class='ocrx_word' id='word_1_838' title='bbox 1111 5819 1312 5877; x_wconf 86' lang='lat' dir='ltr'><strong>Jerem.</strong></span> <span class='ocrx_word' id='word_1_839' title='bbox 1333 5837 1424 5892; x_wconf 83' lang='lat' dir='ltr'><strong>xx,</strong></span> <span class='ocrx_word' id='word_1_840' title='bbox 1445 5823 1529 5877; x_wconf 78' lang='lat' dir='ltr'><strong>M.</strong></span> <span class='ocrx_word' id='word_1_841' title='bbox 1608 5825 1651 5855; x_wconf 86' lang='grc'><strong>⁷³</strong></span> <span class='ocrx_word' id='word_1_842' title='bbox 1674 5823 1857 5880; x_wconf 73' lang='lat' dir='ltr'><strong>&quot;COT-</strong></span> 
     </span>
    </p>
   </div>
   <div class='ocr_carea' id='block_1_103' title="bbox 528 5889 704 5947">
    <p class='ocr_par' dir='ltr' id='par_1_103' title="bbox 528 5889 704 5947">
     <span class='ocr_line' id='line_1_103' title="bbox 528 5889 704 5947; baseline 0.006 -2"><span class='ocrx_word' id='word_1_843' title='bbox 528 5905 612 5947; x_wconf 89' lang='lat' dir='ltr'><strong>ltt.</strong></span> <span class='ocrx_word' id='word_1_844' title='bbox 649 5889 704 5946; x_wconf 84' lang='lat'><strong>5.</strong></span> 
     </span>
    </p>
   </div>
   <div class='ocr_carea' id='block_1_104' title="bbox 2205 4690 3762 4768">
    <p class='ocr_par' dir='ltr' id='par_1_104' title="bbox 2205 4690 3762 4768">
     <span class='ocr_line' id='line_1_104' title="bbox 2205 4690 3762 4768; baseline -0.01 -15"><span class='ocrx_word' id='word_1_845' title='bbox 2205 4701 2379 4768; x_wconf 90' lang='lat' dir='ltr'><strong>ipsum</strong></span> <span class='ocrx_word' id='word_1_846' title='bbox 2407 4695 2724 4765; x_wconf 75' lang='lat' dir='ltr'><strong>reprobatis,</strong></span> <span class='ocrx_word' id='word_1_847' title='bbox 2756 4694 2882 4763; x_wconf 90' lang='lat' dir='ltr'><strong>quia</strong></span> <span class='ocrx_word' id='word_1_848' title='bbox 2918 4709 3023 4747; x_wconf 92' lang='lat' dir='ltr'><strong>non</strong></span> <span class='ocrx_word' id='word_1_849' title='bbox 3051 4692 3428 4757; x_wconf 88' lang='lat' dir='ltr'><strong>celebrandus,</strong></span> <span class='ocrx_word' id='word_1_850' title='bbox 3453 4693 3549 4746; x_wconf 89' lang='lat' dir='ltr'><strong>sed</strong></span> <span class='ocrx_word' id='word_1_851' title='bbox 3575 4690 3762 4744; x_wconf 86' lang='lat' dir='ltr'><strong>lamen-</strong></span> 
     </span>
    </p>
   </div>
   <div class='ocr_carea' id='block_1_105' title="bbox 2207 4777 3757 4855">
    <p class='ocr_par' dir='ltr' id='par_1_105' title="bbox 2207 4777 3757 4855">
     <span class='ocr_line' id='line_1_105' title="bbox 2207 4777 3757 4855; baseline -0.005 -11"><span class='ocrx_word' id='word_1_852' title='bbox 2207 4787 2403 4844; x_wconf 87' lang='lat' dir='ltr'><strong>tandus</strong></span> <span class='ocrx_word' id='word_1_853' title='bbox 2433 4798 2596 4855; x_wconf 83' lang='lat' dir='ltr'><strong>atque</strong></span> <span class='ocrx_word' id='word_1_854' title='bbox 2619 4785 2915 4854; x_wconf 89' lang='lat' dir='ltr'><strong>plorandus</strong></span> <span class='ocrx_word' id='word_1_855' title='bbox 2940 4793 3022 4838; x_wconf 87' lang='lat' dir='ltr'><strong>est</strong></span> <span class='ocrx_word' id='word_1_856' title='bbox 3057 4784 3173 4838; x_wconf 91' lang='lat' dir='ltr'><strong>dies</strong></span> <span class='ocrx_word' id='word_1_857' title='bbox 3191 4783 3424 4839; x_wconf 87' lang='lat' dir='ltr'><strong>carnalis</strong></span> <span class='ocrx_word' id='word_1_858' title='bbox 3452 4777 3757 4837; x_wconf 76' lang='lat' dir='ltr'><strong>nativitatis.</strong></span> 
     </span>
    </p>
   </div>
   <div class='ocr_carea' id='block_1_106' title="bbox 2205 4874 3761 4949">
    <p class='ocr_par' dir='ltr' id='par_1_106' title="bbox 2205 4874 3761 4949">
     <span class='ocr_line' id='line_1_106' title="bbox 2205 4874 3761 4949; baseline -0.007 -15"><span class='ocrx_word' id='word_1_859' title='bbox 2205 4889 2388 4949; x_wconf 87' lang='lat' dir='ltr'><strong>utpote</strong></span> <span class='ocrx_word' id='word_1_860' title='bbox 2422 4887 2694 4932; x_wconf 89' lang='lat' dir='ltr'><strong>tantarum</strong></span> <span class='ocrx_word' id='word_1_861' title='bbox 2727 4876 3080 4931; x_wconf 90' lang='lat' dir='ltr'><strong>tentationum</strong></span> <span class='ocrx_word' id='word_1_862' title='bbox 3123 4885 3284 4945; x_wconf 91' lang='lat' dir='ltr'><strong>atque</strong></span> <span class='ocrx_word' id='word_1_863' title='bbox 3324 4876 3572 4930; x_wconf 90' lang='lat' dir='ltr'><strong>dolorum</strong></span> <span class='ocrx_word' id='word_1_864' title='bbox 3609 4874 3761 4926; x_wconf 84' lang='lat' dir='ltr'><strong>intro-</strong></span> 
     </span>
    </p>
   </div>
   <div class='ocr_carea' id='block_1_107' title="bbox 2203 4963 3758 5028">
    <p class='ocr_par' dir='ltr' id='par_1_107' title="bbox 2203 4963 3758 5028">
     <span class='ocr_line' id='line_1_107' title="bbox 2203 4963 3758 5028; baseline -0.008 -1"><span class='ocrx_word' id='word_1_865' title='bbox 2203 4973 2357 5028; x_wconf 87' lang='lat' dir='ltr'><strong>itus:</strong></span> <span class='ocrx_word' id='word_1_866' title='bbox 2394 4979 2449 5024; x_wconf 92' lang='lat' dir='ltr'><strong>et</strong></span> <span class='ocrx_word' id='word_1_867' title='bbox 2495 4984 2602 5024; x_wconf 92' lang='lat' dir='ltr'><strong>non</strong></span> <span class='ocrx_word' id='word_1_868' title='bbox 2647 4968 2819 5023; x_wconf 92' lang='lat' dir='ltr'><strong>solum</strong></span> <span class='ocrx_word' id='word_1_869' title='bbox 2874 4985 2978 5024; x_wconf 93' lang='lat' dir='ltr'><strong>non</strong></span> <span class='ocrx_word' id='word_1_870' title='bbox 3036 4967 3333 5023; x_wconf 88' lang='lat' dir='ltr'><strong>celebravit</strong></span> <span class='ocrx_word' id='word_1_871' title='bbox 3379 4967 3644 5028; x_wconf 88' lang='lat' dir='ltr'><strong>ulterius,</strong></span> <span class='ocrx_word' id='word_1_872' title='bbox 3679 4963 3758 5017; x_wconf 90' lang='lat' dir='ltr'><strong>sed</strong></span> 
     </span>
    </p>
   </div>
   <div class='ocr_carea' id='block_1_108' title="bbox 2200 5056 3760 5130">
    <p class='ocr_par' dir='ltr' id='par_1_108' title="bbox 2200 5056 3760 5130">
     <span class='ocr_line' id='line_1_108' title="bbox 2200 5056 3760 5130; baseline -0.009 -10"><span class='ocrx_word' id='word_1_873' title='bbox 2200 5062 2476 5121; x_wconf 81' lang='lat' dir='ltr'><strong>maledixit</strong></span> <span class='ocrx_word' id='word_1_874' title='bbox 2525 5077 2589 5115; x_wconf 87' lang='lat' dir='ltr'><strong>ac</strong></span> <span class='ocrx_word' id='word_1_875' title='bbox 2622 5061 2802 5130; x_wconf 90' lang='lat' dir='ltr'><strong>perire</strong></span> <span class='ocrx_word' id='word_1_876' title='bbox 2842 5061 3051 5129; x_wconf 89' lang='lat' dir='ltr'><strong>optavit</strong></span> <span class='ocrx_word' id='word_1_877' title='bbox 3091 5061 3276 5115; x_wconf 90' lang='lat' dir='ltr'><strong>dicens</strong></span> <span class='ocrx_word' id='word_1_878' title='bbox 3314 5076 3328 5112; x_wconf 91' lang='lat'><strong>:</strong></span> <span class='ocrx_word' id='word_1_879' title='bbox 3363 5057 3559 5112; x_wconf 82' lang='lat' dir='ltr'><strong>Pereat</strong></span> <span class='ocrx_word' id='word_1_880' title='bbox 3588 5059 3691 5110; x_wconf 81' lang='lat' dir='ltr'><strong>dies</strong></span> <span class='ocrx_word' id='word_1_881' title='bbox 3715 5056 3760 5106; x_wconf 76' lang='lat' dir='ltr'><strong>in</strong></span> 
     </span>
    </p>
   </div>
   <div class='ocr_carea' id='block_1_109' title="bbox 2197 5145 3761 5228">
    <p class='ocr_par' dir='ltr' id='par_1_109' title="bbox 2197 5145 3761 5228">
     <span class='ocr_line' id='line_1_109' title="bbox 2197 5145 3761 5228; baseline -0.008 -19"><span class='ocrx_word' id='word_1_882' title='bbox 2197 5172 2300 5228; x_wconf 76' lang='lat' dir='ltr'><strong>quo</strong></span> <span class='ocrx_word' id='word_1_883' title='bbox 2333 5164 2486 5208; x_wconf 81' lang='lat' dir='ltr'><strong>natus</strong></span> <span class='ocrx_word' id='word_1_884' title='bbox 2520 5167 2655 5205; x_wconf 81' lang='lat' dir='ltr'><strong>sum.</strong></span> <span class='ocrx_word' id='word_1_885' title='bbox 2681 5150 2782 5218; x_wconf 93' lang='lat' dir='ltr'><strong>Qui</strong></span> <span class='ocrx_word' id='word_1_886' title='bbox 2816 5151 2970 5206; x_wconf 80' lang='lat' dir='ltr'><strong>dies?</strong></span> <span class='ocrx_word' id='word_1_887' title='bbox 3001 5151 3112 5218; x_wconf 91' lang='lat' dir='ltr'><strong>Ille,</strong></span> <span class='ocrx_word' id='word_1_888' title='bbox 3154 5151 3349 5218; x_wconf 85' lang='lat' dir='ltr'><strong>inquit,</strong></span> <span class='ocrx_word' id='word_1_889' title='bbox 3384 5150 3476 5217; x_wconf 91' lang='lat' dir='ltr'><strong>qui</strong></span> <span class='ocrx_word' id='word_1_890' title='bbox 3515 5149 3642 5200; x_wconf 84' lang='lat' dir='ltr'><strong>olim</strong></span> <span class='ocrx_word' id='word_1_891' title='bbox 3673 5145 3761 5196; x_wconf 92' lang='lat' dir='ltr'><strong>fuit</strong></span> 
     </span>
    </p>
   </div>
   <div class='ocr_carea' id='block_1_110' title="bbox 2203 5235 3760 5310">
    <p class='ocr_par' dir='ltr' id='par_1_110' title="bbox 2203 5235 3760 5310">
     <span class='ocr_line' id='line_1_110' title="bbox 2203 5235 3760 5310; baseline -0.01 -7"><span class='ocrx_word' id='word_1_892' title='bbox 2203 5250 2468 5304; x_wconf 90' lang='lat' dir='ltr'><strong>honestus</strong></span> <span class='ocrx_word' id='word_1_893' title='bbox 2509 5253 2564 5299; x_wconf 90' lang='lat' dir='ltr'><strong>et</strong></span> <span class='ocrx_word' id='word_1_894' title='bbox 2596 5245 2802 5310; x_wconf 88' lang='lat' dir='ltr'><strong>hilaris,</strong></span> <span class='ocrx_word' id='word_1_895' title='bbox 2834 5243 3061 5298; x_wconf 87' lang='lat' dir='ltr'><strong>festivos</strong></span> <span class='ocrx_word' id='word_1_896' title='bbox 3086 5254 3140 5298; x_wconf 92' lang='lat' dir='ltr'><strong>et</strong></span> <span class='ocrx_word' id='word_1_897' title='bbox 3171 5243 3325 5297; x_wconf 68' lang='lat' dir='ltr'><strong>laetus</strong></span> <span class='ocrx_word' id='word_1_898' title='bbox 3350 5251 3517 5310; x_wconf 89' lang='lat' dir='ltr'><strong>atque</strong></span> <span class='ocrx_word' id='word_1_899' title='bbox 3545 5235 3760 5308; x_wconf 84' lang='lat' dir='ltr'><strong>splendi-</strong></span> 
     </span>
    </p>
   </div>
   <div class='ocr_carea' id='block_1_111' title="bbox 2202 5332 3761 5406">
    <p class='ocr_par' dir='ltr' id='par_1_111' title="bbox 2202 5332 3761 5406">
     <span class='ocr_line' id='line_1_111' title="bbox 2202 5332 3761 5406; baseline -0.012 -11"><span class='ocrx_word' id='word_1_900' title='bbox 2202 5341 2324 5395; x_wconf 93' lang='lat' dir='ltr'><strong>dus.</strong></span> <span class='ocrx_word' id='word_1_901' title='bbox 2358 5337 2455 5391; x_wconf 84' lang='lat' dir='ltr'><strong>llic</strong></span> <span class='ocrx_word' id='word_1_902' title='bbox 2490 5351 2620 5406; x_wconf 79' lang='lat' dir='ltr'><strong>ergo</strong></span> <span class='ocrx_word' id='word_1_903' title='bbox 2657 5346 2844 5406; x_wconf 90' lang='lat' dir='ltr'><strong>pereat</strong></span> <span class='ocrx_word' id='word_1_904' title='bbox 2891 5337 3026 5390; x_wconf 89' lang='lat' dir='ltr'><strong>dies.</strong></span> <span class='ocrx_word' id='word_1_905' title='bbox 3086 5335 3242 5390; x_wconf 88' lang='lat' dir='ltr'><strong>Unde</strong></span> <span class='ocrx_word' id='word_1_906' title='bbox 3283 5335 3514 5405; x_wconf 88' lang='lat' dir='ltr'><strong>pereat?</strong></span> <span class='ocrx_word' id='word_1_907' title='bbox 3561 5332 3632 5385; x_wconf 85' lang='lat' dir='ltr'><strong>Ex</strong></span> <span class='ocrx_word' id='word_1_908' title='bbox 3682 5341 3761 5379; x_wconf 89' lang='lat' dir='ltr'><strong>so-</strong></span> 
     </span>
    </p>
   </div>
   <div class='ocr_carea' id='block_1_112' title="bbox 2201 5425 3757 5497">
    <p class='ocr_par' dir='ltr' id='par_1_112' title="bbox 2201 5425 3757 5497">
     <span class='ocr_line' id='line_1_112' title="bbox 2201 5425 3757 5497; baseline -0.012 -12"><span class='ocrx_word' id='word_1_909' title='bbox 2201 5430 2500 5490; x_wconf 75' lang='lat' dir='ltr'><strong>lemnitate,</strong></span> <span class='ocrx_word' id='word_1_910' title='bbox 2525 5445 2590 5484; x_wconf 87' lang='lat' dir='ltr'><strong>ex</strong></span> <span class='ocrx_word' id='word_1_911' title='bbox 2628 5429 2832 5495; x_wconf 64' lang='lat' dir='ltr'><strong>laetitia,</strong></span> <span class='ocrx_word' id='word_1_912' title='bbox 2879 5443 2942 5482; x_wconf 83' lang='lat' dir='ltr'><strong>ex</strong></span> <span class='ocrx_word' id='word_1_913' title='bbox 2975 5427 3282 5497; x_wconf 88' lang='lat' dir='ltr'><strong>splendore,</strong></span> <span class='ocrx_word' id='word_1_914' title='bbox 3309 5445 3373 5482; x_wconf 89' lang='lat' dir='ltr'><strong>ex</strong></span> <span class='ocrx_word' id='word_1_915' title='bbox 3403 5425 3529 5478; x_wconf 88' lang='lat' dir='ltr'><strong>istis</strong></span> <span class='ocrx_word' id='word_1_916' title='bbox 3566 5426 3757 5491; x_wconf 83' lang='lat' dir='ltr'><strong>pereat,</strong></span> 
     </span>
    </p>
   </div>
   <div class='ocr_carea' id='block_1_113' title="bbox 2198 5510 3756 5589">
    <p class='ocr_par' dir='ltr' id='par_1_113' title="bbox 2198 5510 3756 5589">
     <span class='ocr_line' id='line_1_113' title="bbox 2198 5510 3756 5589; baseline -0.011 -11"><span class='ocrx_word' id='word_1_917' title='bbox 2198 5534 2253 5578; x_wconf 88' lang='lat' dir='ltr'><strong>et</strong></span> <span class='ocrx_word' id='word_1_918' title='bbox 2278 5537 2548 5589; x_wconf 87' lang='lat' dir='ltr'><strong>nunquam</strong></span> <span class='ocrx_word' id='word_1_919' title='bbox 2575 5521 2628 5575; x_wconf 92' lang='lat' dir='ltr'><strong>in</strong></span> <span class='ocrx_word' id='word_1_920' title='bbox 2660 5520 2744 5576; x_wconf 89' lang='lat' dir='ltr'><strong>his</strong></span> <span class='ocrx_word' id='word_1_921' title='bbox 2775 5521 3106 5575; x_wconf 88' lang='lat' dir='ltr'><strong>inveniatur.</strong></span> <span class='ocrx_word' id='word_1_922' title='bbox 3133 5519 3266 5573; x_wconf 88' lang='lat' dir='ltr'><strong>Cum</strong></span> <span class='ocrx_word' id='word_1_923' title='bbox 3300 5519 3396 5570; x_wconf 92' lang='lat' dir='ltr'><strong>hoc</strong></span> <span class='ocrx_word' id='word_1_924' title='bbox 3427 5523 3612 5567; x_wconf 89' lang='lat' dir='ltr'><strong>autem</strong></span> <span class='ocrx_word' id='word_1_925' title='bbox 3660 5510 3756 5570; x_wconf 86' lang='lat' dir='ltr'><strong>die,</strong></span> 
     </span>
    </p>
   </div>
   <div class='ocr_carea' id='block_1_114' title="bbox 2197 5601 3760 5681">
    <p class='ocr_par' dir='ltr' id='par_1_114' title="bbox 2197 5601 3760 5681">
     <span class='ocr_line' id='line_1_114' title="bbox 2197 5601 3760 5681; baseline -0.009 -13"><span class='ocrx_word' id='word_1_926' title='bbox 2197 5614 2358 5668; x_wconf 90' lang='lat' dir='ltr'><strong>etiam</strong></span> <span class='ocrx_word' id='word_1_927' title='bbox 2418 5627 2522 5666; x_wconf 83' lang='lat' dir='ltr'><strong>nox</strong></span> <span class='ocrx_word' id='word_1_928' title='bbox 2585 5612 2672 5666; x_wconf 92' lang='lat' dir='ltr'><strong>illa</strong></span> <span class='ocrx_word' id='word_1_929' title='bbox 2727 5622 2915 5681; x_wconf 89' lang='lat' dir='ltr'><strong>pereat</strong></span> <span class='ocrx_word' id='word_1_930' title='bbox 2962 5611 3014 5664; x_wconf 93' lang='lat' dir='ltr'><strong>in</strong></span> <span class='ocrx_word' id='word_1_931' title='bbox 3050 5626 3161 5676; x_wconf 84' lang='lat' dir='ltr'><strong>qua</strong></span> <span class='ocrx_word' id='word_1_932' title='bbox 3212 5609 3408 5662; x_wconf 90' lang='lat' dir='ltr'><strong>dictum</strong></span> <span class='ocrx_word' id='word_1_933' title='bbox 3467 5616 3598 5658; x_wconf 90' lang='lat' dir='ltr'><strong>est:</strong></span> <span class='ocrx_word' id='word_1_934' title='bbox 3634 5601 3760 5655; x_wconf 80' lang='lat' dir='ltr'><strong>Ecce</strong></span> 
     </span>
    </p>
   </div>
   <div class='ocr_carea' id='block_1_115' title="bbox 2206 5693 3762 5766">
    <p class='ocr_par' dir='ltr' id='par_1_115' title="bbox 2206 5693 3762 5766">
     <span class='ocr_line' id='line_1_115' title="bbox 2206 5693 3762 5766; baseline -0.009 -8"><span class='ocrx_word' id='word_1_935' title='bbox 2206 5704 2500 5758; x_wconf 87' lang='lat' dir='ltr'><strong>masculus.</strong></span> <span class='ocrx_word' id='word_1_936' title='bbox 2548 5701 2672 5756; x_wconf 63' lang='lat' dir='ltr'><strong>Haec</strong></span> <span class='ocrx_word' id='word_1_937' title='bbox 2721 5704 3000 5757; x_wconf 87' lang='lat' dir='ltr'><strong>audientes</strong></span> <span class='ocrx_word' id='word_1_938' title='bbox 3040 5715 3160 5766; x_wconf 89' lang='lat' dir='ltr'><strong>nos,</strong></span> <span class='ocrx_word' id='word_1_939' title='bbox 3201 5700 3379 5763; x_wconf 87' lang='lat' dir='ltr'><strong>oviri,</strong></span> <span class='ocrx_word' id='word_1_940' title='bbox 3406 5712 3515 5751; x_wconf 88' lang='lat' dir='ltr'><strong>non</strong></span> <span class='ocrx_word' id='word_1_941' title='bbox 3546 5693 3762 5766; x_wconf 84' lang='lat' dir='ltr'><strong>gaudea-</strong></span> 
     </span>
    </p>
   </div>
   <div class='ocr_carea' id='block_1_116' title="bbox 1954 5805 2100 5891">
    <p class='ocr_par' dir='ltr' id='par_1_116' title="bbox 1954 5825 2100 5891">
     <span class='ocr_line' id='line_1_116' title="bbox 1954 5825 2100 5891; baseline 0 -13"><span class='ocrx_word' id='word_1_942' title='bbox 1954 5840 2028 5891; x_wconf 81' lang='lat' dir='ltr'><strong>xt,</strong></span> <span class='ocrx_word' id='word_1_943' title='bbox 2073 5825 2100 5878; x_wconf 74' lang='grc'><strong>5</strong></span> 
     </span>
    </p>
   </div>
   <div class='ocr_carea' id='block_1_117' title="bbox 2202 5805 3758 5891">
    <p class='ocr_par' dir='ltr' id='par_1_117' title="bbox 2239 5805 3758 5885">
     <span class='ocr_line' id='line_1_117' title="bbox 2239 5805 3758 5885; baseline -0.008 -9"><span class='ocrx_word' id='word_1_944' title='bbox 2239 5821 2287 5855; x_wconf 58' lang='grc'><strong>⁷⁸</strong></span> <span class='ocrx_word' id='word_1_945' title='bbox 2339 5819 2538 5876; x_wconf 90' lang='lat' dir='ltr'><strong>Jerem.</strong></span> <span class='ocrx_word' id='word_1_946' title='bbox 2602 5836 2692 5885; x_wconf 83' lang='lat' dir='ltr'><strong>xv,</strong></span> <span class='ocrx_word' id='word_1_947' title='bbox 2762 5805 2862 5875; x_wconf 63' lang='grc' dir='ltr'><strong>Π.</strong></span> <span class='ocrx_word' id='word_1_948' title='bbox 2927 5819 2971 5852; x_wconf 82' lang='grc'><strong>⁷⁵</strong></span> <span class='ocrx_word' id='word_1_949' title='bbox 3007 5817 3194 5872; x_wconf 82' lang='lat' dir='ltr'><strong>Matth.</strong></span> <span class='ocrx_word' id='word_1_950' title='bbox 3250 5831 3392 5880; x_wconf 82' lang='lat' dir='ltr'><strong>xxvi,</strong></span> <span class='ocrx_word' id='word_1_951' title='bbox 3427 5813 3519 5869; x_wconf 82' lang='lat'><strong>59.</strong></span> <span class='ocrx_word' id='word_1_952' title='bbox 3591 5813 3636 5843; x_wconf 86' lang='grc'><strong>⁷⁶</strong></span> <span class='ocrx_word' id='word_1_953' title='bbox 3665 5808 3758 5866; x_wconf 86' lang='lat' dir='ltr'><strong>Job</strong></span> 
     </span>
    </p>
   </div>
  </div>
