3942 6530
180 478 285 537 σιτ

1271 480 1652 535 ANONYMUS
1692 479 1758 534 IN
1790 481 1929 535 Jf)B.
1973 514 2039 523 —
2074 484 2202 541 LIB.
2246 484 2336 541 Ill.

3324 494 3428 551 518

179 614 303 653 mus
344 606 575 651 terrena:
624 595 916 661 nativitati,
960 595 1056 650 sed
1103 596 1397 652 timeamus
1439 614 1466 651 a
1507 598 1757 668 plurimis
1789 604 1829 659 Α
1859 601 2111 657 omnibus
2132 604 2221 672 qui
2247 603 2672 659 delectationem
2707 607 3163 673 putantcarnales
3183 608 3426 675 delicias,

180 690 344 757 hujus
379 689 561 743 mundi
595 688 1006 752 tentationibus,
1060 689 1153 741 sed
1202 704 1492 756 paveamus
1528 708 1555 742 a
1594 691 1753 743 terri-

176 781 272 834 bili
306 779 528 835 introitu
555 780 607 833 in
642 779 770 833 illud
795 779 1206 847 incorruptibile
1235 781 1511 846 sarculum,
1536 782 1624 836 ubi
1649 785 1752 837 erit

178 870 440 924 revelatio
466 880 521 923 et
544 871 820 939 inquisitio
850 871 1087 923 omnium
1112 885 1333 938 operum
1366 882 1530 942 atque
1562 875 1749 930 verbo-

177 978 297 1013 rum
331 973 660 1017 nostrorum.
700 963 1230 1026 Animadvertamus,
1276 980 1309 1017 o
1338 965 1602 1029 homines,
1634 982 1751 1034 quae

176 1053 485 1108 immutatio
510 1054 647 1107 facta
672 1064 755 1108 est
785 1054 836 1107 in
862 1054 1185 1108 hominibus.
1210 1054 1340 1106 Nam
1373 1055 1581 1122 priores
1606 1056 1747 1110 diem

175 1144 481 1199 nativitatis
525 1146 871 1201 celebrabant
926 1162 1085 1199 unam
1132 1147 1295 1201 vitam
1342 1147 1648 1216 diligentes,
1697 1157 1749 1203 et

172 1235 338 1289 aliam
375 1248 497 1303 post
525 1239 665 1292 hanc
694 1253 798 1292 non
838 1249 1137 1302 sperantes.
1168 1237 1322 1291 Nune
1359 1254 1487 1293 vero
1516 1255 1613 1292 nos
1644 1255 1747 1293 non

172 1328 477 1383 nativitatis
499 1330 637 1382 diem
670 1330 1027 1393 celebramus,
1056 1345 1180 1383 cum
1210 1330 1280 1383 sit
1314 1331 1555 1384 dolorum
1588 1340 1749 1400 atque

173 1420 533 1474 tentationum
573 1421 848 1487 introitus,
867 1421 959 1476 sed
995 1423 1184 1475 mortis
1211 1422 1351 1475 diem
1387 1421 1743 1491 celebramus,

170 1522 364 1580 utpote
401 1513 642 1566 omnium
681 1511 927 1567 dolorum
991 1512 1380 1579 depositionem
1422 1524 1588 1583 atque
1625 1530 1745 1569 om-

169 1596 325 1659 nium
361 1604 717 1658 tentationum
748 1604 1155 1675 efl'ugationem.
1202 1604 1348 1659 Diem
1377 1606 1569 1661 mortis
1608 1607 1747 1663 cele-

166 1694 420 1758 bramus,
451 1696 576 1764 quia
606 1711 712 1749 non
745 1696 1049 1748 moriuntur
1094 1696 1145 1749 hi
1176 1697 1265 1763 qui
1293 1696 1429 1749 mori
1462 1697 1741 1763 videntur;

166 1796 459 1855 propterea
493 1792 549 1839 et
579 1787 867 1841 memorias
914 1798 1228 1841 sanctorum
1262 1786 1514 1854 facimus,
1542 1798 1595 1843 et
1646 1805 1746 1859 pa-

163 1887 387 1930 rentum
442 1887 774 1941 nostrorum,
804 1877 886 1931 vel
936 1878 1233 1933 amicorum
1284 1880 1335 1933 in
1370 1881 1473 1934 fide
1506 1882 1743 1937 morien-

164 1967 304 2021 tium
348 1968 543 2022 devote
562 1968 888 2037 memoriam
923 1968 1154 2037 agimus,
1201 1979 1307 2024 tam
1338 1971 1558 2029 illorum
1590 1977 1747 2031 relri-
1776 1946 1817 2000 Β

162 2062 318 2127 gerio
355 2060 657 2129 gaudentes
699 2076 858 2129 quam
895 2060 1059 2114 etiam
1106 2062 1263 2116 nobis
1303 2066 1445 2133 piam
1492 2082 1746 2123 consum-

163 2151 464 2206 mationem
488 2152 538 2205 in
576 2151 679 2205 fide
703 2151 1054 2221 postulantes.
1084 2152 1189 2207 Sic
1228 2153 1412 2219 itaque
1456 2173 1561 2212 non
1604 2161 1743 2215 diem

160 2244 474 2298 nativitatis
504 2243 861 2307 celebramus,
902 2246 1032 2312 quia
1078 2245 1129 2298 in
1194 2258 1452 2315 perpetuo
1484 2249 1665 2305 vivent
1707 2251 1743 2306 ii

156 2335 253 2404 qui
288 2335 615 2391 moriuntur.
645 2333 991 2389 Celebramus
1027 2335 1286 2392 nimirum
1323 2338 1604 2407 religiosos
1623 2359 1742 2399 cum

157 2424 541 2481 sacerdotibus
595 2438 981 2494 eouvocantes,
1034 2427 1221 2483 ﬁdeles
1256 2445 1362 2484 una
1416 2446 1537 2487 cum
1575 2435 1742 2503 clero,

155 2517 463 2572 invitantes
510 2516 683 2571 adhuc
730 2532 932 2586 egenos
986 2530 1041 2573 et
1092 2535 1380 2589 pauperes,
1429 2525 1661 2594 pupillos
1690 2538 1744 2582 et

157 2610 356 2663 viduas
385 2619 715 2673 saturantes,
769 2619 826 2663 ut
858 2611 952 2662 fiat
997 2610 1268 2667 festivitas
1320 2625 1505 2669 nostra
1544 2616 1595 2670 in
1630 2632 1744 2672 me-

157 2703 396 2755 moriam
432 2702 638 2771 requiei
686 2701 959 2756 defunctis
992 2703 1302 2772 animabus,
1352 2722 1587 2776 quarum
1623 2724 1740 2764 me-

155 2792 393 2847 aoriam
424 2792 780 2858 celebramus,
814 2792 965 2847 nobis
1004 2803 1189 2848 autem
1221 2796 1491 2852 efﬁciatur
1530 2800 1581 2871 in
1612 2801 1742 2855 odo-

154 2899 272 2938 rem
306 2885 596 2939 suavitatis
646 2885 700 2938 in
755 2896 1049 2954 conspectu
1088 2890 1275 2941 aeterni
1334 2888 1450 2945 Dei.
1517 2891 1639 2949 Haec
1666 2894 1743 2948 vi-

153 2976 360 3031 delicet
393 2976 654 3039 diximus,
685 2978 810 3045 quia
841 2978 984 3032 diem
1017 2980 1321 3033 nativitatis
1361 2994 1585 3050 propter
1621 2985 1741 3041 illos

152 3067 245 3136 qui
296 3068 421 3121 sine
472 3082 565 3137 spe
620 3079 745 3123 sunt
781 3069 1064 3125 maledixit
1118 3070 1216 3125 Job
1282 3073 1468 3128 dicens
1504 3092 1517 3129 :
1552 3074 1739 3132 Pereat

150 3159 267 3216 ἄμ
292 3157 387 3213 ille
415 3160 466 3212 in
486 3176 586 3229 quo
608 3172 761 3214 natus
789 3178 928 3225 sum,
976 3172 1021 3215 et
1057 3178 1161 3215 nox
1191 3164 1282 3216 illa
1312 3167 1366 3217 in
1400 3182 1503 3235 qua
1541 3168 1738 3222 dictum

151 3262 225 3303 est
254 3264 276 3302 :
300 3248 444 3304 Ecce
477 3252 760 3305 masculus.
795 3251 958 3307 Paulo
992 3264 1114 3321 post
1165 3254 1423 3311 incedens
1466 3259 1596 3313 dicit
1628 3278 1641 3314 :
1670 3259 1738 3314 Et

154 3359 263 3395 no.1:
294 3341 393 3394 illa
440 3344 508 3395 sit
562 3343 617 3395 in
660 3344 842 3398 dolore
871 3346 937 3398 ⁷⁷.
978 3345 1225 3401 Ostendit
1277 3362 1405 3403 vero
1440 3351 1562 3418 quia
1610 3353 1738 3406 nulli

153 3433 443 3487 maledixit
478 3448 573 3503 per
610 3434 708 3487 hoc
736 3436 878 3504 quod
906 3437 1005 3500 ait,
1048 3447 1098 3490 et
1126 3454 1227 3491 nox
1252 3439 1341 3492 illa
1365 3442 1430 3494 sit
1459 3443 1512 3495 in
1541 3444 1737 3499 dolore.

152 3524 285 3592 Quis
322 3527 474 3579 enim
523 3526 679 3580 dolor
706 3528 811 3580 erit
839 3528 983 3583 nocti
1006 3530 1028 3581 ?
1051 3528 1259 3585 Nullus.
1300 3531 1430 3586 Nam
1459 3550 1558 3589 nox
1600 3536 1738 3605 apud

150 3618 507 3685 semetipsam
531 3627 691 3686 atque
723 3618 776 3671 in
808 3620 1122 3689 semetipsa,
1174 3637 1349 3693 neque
1377 3640 1499 3679 cum
1531 3628 1737 3696 dolore,

150 3724 333 3778 neque
361 3710 481 3763 sine
510 3709 696 3765 dolore
723 3726 845 3765 esse
873 3722 1070 3780 potest.
1105 3713 1239 3767 Nam
1278 3716 1415 3769 sicut
1447 3734 1551 3773 non
1581 3719 1740 3775 habet

149 3812 434 3866 naturam,
467 3817 643 3872 neque
686 3802 1066 3869 substantiam,
1110 3805 1183 3859 ita
1226 3822 1326 3861 nec
1351 3808 1614 3872 dolorem,
1644 3827 1739 3866 ne-

148 3909 253 3963 que
290 3894 512 3959 vulnus,
554 3909 728 3963 neque
782 3895 1093 3963 passionem
1136 3896 1297 3951 habet
1343 3898 1395 3951 in
1421 3903 1731 3971 semetipsa,

148 4001 329 4056 neque
365 3988 506 4048 dies.
559 4002 733 4056 neque
763 4003 890 4042 nox.
946 3988 1070 4044 llaec
1118 3989 1301 4059 itaque
1330 3993 1508 4047 sciens
1550 3995 1736 4050 beatus

145 4076 248 4133 Job
282 4078 563 4132 miseriam
592 4078 885 4143 ventilans,
908 4088 961 4133 et
990 4078 1228 4135 dolorem
1262 4082 1485 4147 deflens,
1505 4084 1584 4139 eis
1616 4102 1737 4155 qua:

146 4186 254 4224 non
292 4178 425 4225 sunt
467 4170 745 4224 maledixit
778 4181 943 4241 atque
974 4172 1213 4227 dolorem
1255 4175 1480 4243 optavit,
1510 4177 1730 4232 dicens:

146 4262 347 4316 Pereat
376 4261 467 4314 ille
493 4262 603 4315 dies
630 4262 684 4315 in
719 4280 821 4332 quo
852 4276 1007 4316 natus
1045 4280 1182 4327 sum,
1229 4274 1279 4319 et
1308 4282 1413 4320 nox
1434 4266 1526 4320 illa
1557 4268 1609 4320 in
1630 4285 1733 4337 qua

144 4351 354 4404 dictum
392 4361 469 4405 est
506 4367 525 4405 :
559 4349 694 4405 Ecce
719 4353 1010 4407 masculus.
1069 4354 1290 4420 Quare?
1321 4356 1445 4423 quia
1484 4359 1733 4413 tenebro-

143 4456 335 4496 sorum
365 4442 613 4498 dolorum
645 4444 773 4498 mihi
806 4446 1105 4514 auSpicium
1132 4456 1213 4501 est
1256 4447 1451 4510 factus,
1484 4448 1609 4517 quia
1636 4450 1733 4504 ob-

142 4534 598 4589 scurissimorum
636 4537 1022 4604 suppliciorum
1051 4538 1181 4591 mihi
1211 4539 1421 4593 exstitit
1452 4540 1727 4606 introitus,

144 4627 275 4694 quia
334 4641 460 4680 cum
508 4642 567 4681 re
616 4626 867 4682 familiari
921 4640 1085 4697 atque
1139 4630 1371 4684 filiorum
1428 4632 1729 4699 perditione

143 4720 309 4773 etiam
329 4718 538 4773 amicos
568 4719 620 4772 in
649 4719 894 4774 inimicos
917 4721 1211 4783 convertit,
1240 4730 1289 4776 et
1322 4737 1518 4791 corpus
1548 4738 1725 4777 meum

142 4810 430 4866 vermibus
457 4812 816 4879 consumpsit,
842 4822 900 4865 et
939 4814 1301 4866 membrorum
1331 4828 1571 4869 meorum
1601 4829 1727 4869 ner-

140 4906 241 4958 vos
270 4905 507 4958 humore
537 4902 776 4957 vulneris
828 4903 1126 4973 liquefecit.
1166 4903 1271 4959 Pro
1320 4904 1404 4959 his
1440 4920 1569 4975 ergo
1607 4920 1729 4961 om-

143 4996 309 5051 nibus
341 4996 459 5051 dies
506 4994 597 5049 illa
637 4996 708 5050 sit
745 4996 799 5050 in
834 4995 1093 5061 tenebris,
1121 5005 1179 5051 et
1240 5006 1496 5066 tanquam
1540 5012 1730 5053 errans

140 5087 451 5143 circumeat
504 5088 558 5141 in
609 5088 869 5153 tenebris,
912 5098 967 5142 et
1011 5104 1200 5143 rursus
1242 5089 1309 5143 ad
1337 5102 1421 5143 me
1445 5103 1728 5144 accessum

142 5195 249 5233 non
291 5178 562 5244 inveniat,
620 5193 795 5249 neque
851 5180 1283 5250 appropinquare
1330 5180 1528 5245 valeat,
1562 5195 1735 5250 neque

143 5273 377 5326 vulnera
412 5286 531 5325 mea
556 5270 851 5325 identidem
885 5281 1127 5336 renovet,
1163 5286 1339 5340 neque
1375 5271 1590 5342 maligni
1615 5273 1732 5327 dia-

139 5362 246 5417 boli
273 5362 458 5416 zelum
488 5362 667 5417 denuo
711 5362 843 5417 mihi
877 5363 1274 5419 subministret.
1327 5362 1407 5418 Ob
1459 5362 1562 5417 hoc
1600 5378 1729 5433 ergo

139 5455 259 5509 dies
289 5453 383 5508 ille
411 5454 485 5508 sit
516 5453 569 5507 in
599 5454 860 5519 tenebris,
894 5454 1009 5508 dies
1045 5452 1134 5506 ille
1159 5454 1251 5524 qui
1285 5453 1545 5522 plurimos
1578 5454 1731 5509 delu-

138 5547 239 5610 dit,
270 5544 369 5616 qui
406 5545 668 5613 plurimos
697 5546 933 5607 seducit,
966 5543 1059 5614 qui
1101 5544 1351 5614 plurimis
1384 5554 1618 5601 aeternas
1653 5555 1733 5601 te-

138 5638 347 5693 nebras
390 5644 669 5706 procurat.
698 5634 961 5691 Omnibus
987 5635 1095 5692 illis
1129 5637 1220 5706 qui
1261 5636 1536 5693 carnalem
1566 5638 1730 5694 vitam

139 5730 517 5799 quesierunt,
575 5728 830 5800 spiritalis
884 5743 1017 5786 vero
1073 5744 1342 5787 memores
1403 5744 1507 5786 non
1568 5739 1726 5795 sunt;

252 5910 297 5939 ⁷⁷
326 5907 426 5964 Job
454 5924 538 5972 ιιι.
573 5908 627 5963 ‘5.
704 5907 749 5939 ⁷⁸
780 5906 909 5964 ibid.
930 5906 981 5963 4.
1007 5908 1050 5943 ⁷³
1082 5908 1209 5965 ibid.

1854 693 2105 747 omnibus
2152 694 2243 762 qui
2280 695 2535 765 voluptati
2586 711 2649 748 ac
2689 697 2863 751 ventri
2907 698 3219 753 deserviunt
3267 717 3430 772 super

1856 788 2091 846 terram;
2141 784 2396 837 omnibus
2429 784 2546 839 istis
2576 786 2842 839 obscurus
2891 785 3177 854 efﬁciatur,
3219 790 3345 859 quia
3374 793 3427 846 in

1854 871 2089 927 tenebris
2119 876 2429 942 prodibunt,
2462 876 2586 944 quia
2631 877 2683 930 in
2721 880 2966 932 tenebras
2989 880 3163 945 ibunt,
3192 883 3311 950 quia
3346 894 3428 939 te-

1853 963 2033 1016 nebrae
2062 973 2349 1034 contegent
2380 981 2572 1020 nomen
2600 983 2807 1024 eorum.
2837 968 2957 1022 Dies
2982 970 3071 1023 ille
3100 972 3167 1023 sit
3203 973 3258 1025 in
3283 983 3426 1027 tene—

1852 1053 1958 1106 bris
1990 1053 2055 1107 ⁷⁸.
2088 1053 2178 1109 llle
2224 1057 2279 1109 in
2315 1072 2421 1126 quo
2458 1057 2721 1128 malignus
2761 1069 2924 1127 atque
2968 1063 3287 1117 tenebrosus
3313 1064 3430 1117 dia-

1852 1142 2009 1197 bolus
2036 1160 2189 1197 suam
2235 1144 2460 1215 perfecit
2506 1147 2855 1201 voluntatem.
2889 1149 3021 1203 Nam
3069 1161 3124 1205 et
3154 1168 3282 1206 vere
3325 1153 3427 1207 nisi

1852 1234 2082 1302 primum
2112 1236 2487 1291 obscuraverit
2521 1238 2767 1293 diabolus
2796 1244 2958 1294 corda
2995 1242 3294 1311 hominum,
3322 1245 3427 1300 nisi

1850 1324 2081 1393 primum
2142 1328 2493 1383 infuscaverit
2555 1330 2765 1383 animas
2812 1346 3041 1398 eorum,
3122 1334 3224 1388 nisi
3279 1336 3427 1405 prius

1848 1417 2170 1473 oblivionem
2204 1420 2411 1475 dederit
2441 1420 2650 1475 timoris
2676 1422 2766 1477 Dei
2796 1434 2957 1492 atque
2997 1427 3315 1481 terribilium
3336 1428 3427 1497 ju-

1849 1509 2109 1563 diciorum
2150 1512 2285 1581 ejus,
2321 1528 2424 1567 non
2458 1514 2645 1582 utique
2672 1515 2872 1569 valebit
2904 1533 3140 1586 unquam
3176 1530 3428 1588 peccato-

1850 1612 1967 1653 rum
1997 1616 2185 1657 semen
2213 1604 2483 1657 seminare
2511 1604 2562 1657 in
2598 1606 2851 1660 cordibus
2883 1623 3090 1663 eorum.
3138 1610 3426 1679 Postquam

1848 1704 1977 1746 vero
2006 1692 2383 1748 obscuraverit
2419 1695 2680 1758 animam,
2712 1708 2765 1751 et
2802 1713 2830 1751 a
2859 1700 2962 1754 Deo
2994 1703 3271 1767 averterit,
3299 1713 3428 1758 tunc

1847 1782 2055 1837 scilicet
2096 1785 2161 1838 ad
2198 1786 2379 1839 omnia
2409 1787 2573 1851 mala,
2629 1790 2695 1841 ad
2754 1790 3165 1859 impudicitiam,
3194 1795 3260 1847 ad
3302 1793 3425 1849 infi-

1847 1872 2122 1929 delitatem
2156 1886 2316 1945 atque
2346 1878 2410 1930 ad
2436 1878 2618 1933 omnia
2649 1881 2833 1935 carnis
2864 1881 3131 1937 desideria
3169 1892 3425 1954 tanquam

1848 1977 1941 2019 eos
1978 1969 2068 2035 qni
2120 1968 2173 2020 in
2237 1970 2474 2023 tenebris
2526 1981 2651 2024 sunt
2731 1971 2888 2025 facile
2948 1975 3236 2028 convertit.
3308 1975 3431 2031 Istis

1846 2071 1975 2126 ergo
2009 2058 2203 2114 talibus
2230 2060 2461 2116 efﬁcitur
2498 2063 2613 2117 dies
2669 2062 2779 2130 illa,
2840 2064 2940 2119 hoc
2969 2075 3050 2119 est
3081 2066 3195 2120 dies
3230 2067 3429 2122 nativi-

1849 2147 2001 2215 tatis,
2030 2150 2143 2203 dies
2174 2153 2541 2207 tenebrarum.
2568 2154 2633 2208 Et
2657 2172 2762 2208 non
2790 2155 2962 2209 solum
2991 2156 3105 2211 dies
3130 2158 3431 2215 nativitatis

1858 2241 2092 2296 tenebra:
2143 2242 2249 2297 illis
2298 2244 2624 2309 efﬁciuntur,
2677 2246 2771 2300 sed
2832 2248 3051 2315 insuper
3089 2251 3265 2303 adhuc
3312 2252 3431 2307 dies

1852 2333 2042 2388 mortis
2067 2343 2391 2389 mternarum
2424 2337 2764 2392 tenebrarum
2786 2339 3037 2395 introitus
3057 2341 3284 2395 elﬁcitur
3303 2342 3425 2397 illis.

1859 2422 1985 2479 Dies
2020 2426 2161 2480 enim
2201 2428 2522 2483 tenebrosus
2569 2430 2927 2486 circumdabit
2970 2433 3069 2487 bos
3120 2433 3269 2488 tales.
3305 2433 3428 2489 lla-c

1845 2530 2076 2586 namque
2112 2518 2359 2573 universa
2392 2521 2709 2590 significans
2760 2524 2892 2578 dicit
2933 2542 2946 2578 :
2984 2524 3107 2578 Dies
3138 2524 3229 2577 illa
3256 2526 3324 2577 sit
3374 2527 3427 2579 in

1845 2609 2087 2663 tenebris.
2119 2610 2244 2665 Dies
2282 2610 2597 2681 impiorum,
2636 2614 2749 2668 dies
2780 2614 3100 2679 infidelium,
3128 2616 3242 2669 dies
3271 2615 3429 2670 lasci-

1843 2714 2055 2766 vorum,
2089 2700 2513 2771 impudicorum,
2541 2720 2727 2761 eorum
2762 2707 2854 2775 qui
2887 2722 3060 2777 neque
3089 2707 3142 2760 in
3170 2707 3257 2762 die
3285 2708 3427 2762 uati-

1855 2791 2040 2846 vitatis
2088 2793 2344 2862 pietatem
2379 2798 2713 2864 custodiunt,
2769 2813 2942 2868 neque
2993 2798 3046 2853 in
3096 2799 3182 2853 die
3236 2800 3427 2854 mortis

1843 2884 2219 2952 paenitentiam
2251 2889 2705 2943 ostendunt.lstis
2719 2903 2849 2959 ergo
2874 2889 3073 2943 talibus
3105 2890 3219 2945 dies
3247 2889 3336 2945 ille
3358 2892 3428 2946 sit

1844 2975 1897 3029 in
1930 2978 2204 3043 tenebris,
2237 2980 2364 3048 quia
2398 2980 2450 3034 in
2480 2990 2593 3037 tota
2627 2982 2733 3035 vita
2769 2997 2865 3036 sua
2906 2992 3155 3051 tanquam
3191 2982 3243 3037 in
3278 2992 3427 3037 tene-

1843 3067 1955 3121 bris
1982 3069 2283 3135 ambulant,
2334 3072 2427 3141 qui
2460 3072 2679 3141 palpant
2701 3073 2848 3127 velut
2874 3088 3047 3127 caecus
3074 3076 3215 3128 circa
3248 3075 3427 3143 parie-

1844 3166 1972 3212 tem.
2000 3159 2171 3215 Justis
2205 3172 2387 3217 autem
2418 3163 2504 3216 lux
2535 3174 2619 3219 est
2658 3180 2872 3233 semper
2898 3166 2951 3219 in
2988 3166 3075 3221 die
3098 3167 3423 3231 nativitatis,

1843 3252 1984 3306 sicut
2014 3251 2262 3309 Jeremiae
2300 3264 2351 3309 et
2393 3256 2640 3310 omnibus
2666 3259 2891 3312 sanctis.
2921 3257 2987 3311 Et
3014 3258 3066 3311 in
3100 3258 3186 3312 die
3212 3260 3425 3325 mortis,

1846 3343 1985 3398 sicut
2022 3342 2226 3399 Lazaro
2255 3346 2345 3413 qui
2384 3347 2696 3415 deportatus
2723 3356 2807 3401 est
2836 3349 2903 3401 ab
2927 3348 3133 3418 angelis
3166 3349 3216 3401 in
3246 3349 3425 3403 sinum

1842 3432 2093 3501 Abrahae,
2142 3434 2295 3492 Isaac
2356 3447 2409 3493 et
2463 3437 2664 3501 Jacob,
2725 3440 2776 3493 in
2828 3440 3024 3495 smcula
3078 3440 3423 3498 szeculorum.

1841 3525 2034 3582 Amen.
2066 3528 2185 3583 Dies
2213 3529 2301 3583 ille
2330 3531 2397 3584 sit
2430 3530 2484 3584 in
2519 3532 2763 3595 tenebris,
2798 3542 2846 3585 et
2872 3549 2975 3586 non
3005 3536 3235 3602 requirat
3275 3533 3425 3588 illum

1843 3617 2100 3674 Dominus
2139 3623 2365 3690 desuper
2394 3623 2458 3675 ⁷⁸.
2510 3620 2803 3677 ldentidein
2856 3625 2921 3677 ad
2980 3626 3159 3694 priora
3207 3640 3267 3679 se
3298 3641 3427 3680 con-

1840 3714 2021 3777 vertit,
2048 3730 2151 3767 non
2206 3715 2441 3783 inquirat
2495 3716 2647 3768 illum
2696 3714 2977 3780 Dominus,
3034 3731 3099 3769 ne
3134 3718 3425 3786 inquisitns

1840 3804 2034 3858 iterum
2068 3807 2133 3858 ad
2168 3821 2253 3859 me
2283 3807 2585 3875 perveniat,
2616 3823 2683 3861 ne
2710 3807 2962 3862 inventus
3008 3808 3297 3863 identidem
3336 3826 3422 3864 me

1839 3895 2103 3949 inveniat.
2146 3896 2261 3950 Non
2298 3897 2537 3965 inquirat
2566 3897 2713 3950 illum
2752 3897 3007 3952 Dominus
3039 3899 3293 3967 desuper,
3316 3916 3421 3955 non

1840 3988 2175 4051 recordetur,
2209 4004 2313 4042 non
2354 3997 2587 4057 reputet.
2634 3988 2749 4041 Non
2780 3990 2923 4041 enim
2972 3999 3055 4042 est
3096 3991 3424 4059 dignus,ne-

1838 4094 1943 4147 que
1974 4080 2087 4147 ipse
2118 4079 2257 4141 dies,
2285 4094 2457 4147 neque
2488 4079 2576 4133 ille
2607 4079 2700 4148 qui
2738 4079 2788 4132 in
2823 4079 2940 4147 ipso
2966 4080 3053 4134 die
3084 4082 3422 4136 amarissina

1840 4171 1970 4224 mihi
2004 4170 2225 4241 ingessit
2261 4179 2554 4225 tormenta.
2597 4170 2749 4224 Diem
2784 4171 3089 4225 nativitatis
3136 4183 3420 4234 memorat,

1835 4271 1889 4316 et
1942 4262 2369 4317 lamentabilium
2447 4260 2829 4330 suppliciorum
2910 4262 3050 4316 diem
3129 4264 3419 4331 signiﬁcat,

1835 4352 2084 4422 qninimo
2136 4353 2251 4423 ipsa
2311 4352 2612 4422 supplicia,
2656 4353 2738 4406 vel
2787 4353 2962 4422 potius
3020 4354 3291 4408 diabolum
3328 4358 3421 4421 qui

1835 4444 2066 4512 ingessit
2123 4460 2209 4507 ea,
2242 4460 2403 4513 quem
2464 4444 2530 4499 de
2577 4445 2951 4515 superioribus
2999 4446 3279 4500 cadentem
3314 4462 3421 4502 non

1834 4536 2072 4603 requiret
2127 4537 2384 4591 Dominus
2415 4553 2672 4606 unquam.
2735 4535 2859 4590 Non
2893 4538 3127 4604 requirat
3165 4554 3282 4592 eum
3321 4538 3425 4593 Do-

1834 4628 2004 4680 minus
2035 4628 2276 4696 desuper.
2316 4628 2453 4695 Quid
2490 4628 2627 4684 dieis
2651 4668 2666 4693 ,
2707 4643 2739 4682 o
2763 4630 2915 4681 beate
2954 4625 3092 4683 Job?
3120 4628 3261 4699 Ergo
3284 4630 3420 4687 alios

1836 4717 1950 4771 dies
1986 4718 2239 4788 inquiret.
2294 4730 2352 4773 ut
2384 4722 2451 4774 de
2494 4724 2596 4775 isto
2624 4721 2737 4775 solo
2778 4720 2930 4776 dicas
2969 4721 3117 4775 velut
3177 4722 3421 4776 intermi-

1836 4825 2017 4864 nans:
2062 4811 2186 4865 Non
2244 4813 2474 4881 inquirat
2510 4813 2658 4866 illum
2713 4810 2971 4866 Dominus
3015 4815 3277 4881 desuper?
3308 4814 3421 4869 [lti-

1838 4918 1967 4972 que,
2024 4904 2117 4967 ait,
2167 4918 2358 4958 omnes
2410 4903 2529 4957 dies
2587 4902 2764 4957 saeculi
2821 4903 3184 4973 inquirentur,
3236 4905 3418 4959 omnia

1839 5004 2101 5063 tempora,
2134 5004 2189 5049 et
2236 5006 2506 5050 momenta
2561 5005 2727 5064 atque
2762 4995 2955 5049 sazcula
2992 4997 3338 5064 requirentur
3365 5004 3422 5051 et

1836 5089 2202 5157 producentur
2237 5103 2251 5141 :
2292 5087 2547 5141 nimirum
2591 5102 2695 5141 non
2734 5089 2849 5142 dies
2902 5088 3082 5142 steculi
3135 5089 3225 5157 qui
3264 5099 3420 5143 natu-

1839 5192 1952 5232 ram
1982 5191 2085 5231 non
2137 5176 2334 5232 habent
2384 5192 2557 5247 neque
2603 5178 2981 5243 substantiam,
3017 5181 3111 5233 sed
3161 5180 3325 5232 verba
3366 5192 3421 5235 et

1838 5269 1977 5324 facta
2007 5283 2126 5337 qua:
2164 5268 2218 5323 in
2271 5268 2379 5322 illis
2415 5269 2605 5324 diebus
2655 5278 2779 5323 sunt
2810 5278 2955 5339 gesta
3004 5269 3085 5323 vel
3114 5268 3280 5334 dicta,
3324 5273 3419 5326 sed

1837 5360 2191 5429 cogitationes
2219 5369 2274 5415 et
2292 5360 2519 5415 consilia
2543 5369 2705 5429 atque
2738 5370 3018 5425 tractatus,
3050 5362 3141 5432 qui
3184 5362 3239 5416 in
3269 5364 3418 5417 omni

1835 5459 2080 5521 tempore
2107 5452 2191 5506 vel
2227 5462 2499 5507 momento
2530 5452 2685 5520 hujus
2715 5451 2896 5507 saeculi
2930 5454 3140 5507 tractati
3181 5464 3305 5509 sunt
3332 5462 3418 5508 at-

1836 5558 1943 5613 que
1965 5544 2210 5614 cogitati.
2231 5542 2356 5599 llaec
2385 5542 2549 5612 igitur
2579 5545 2760 5598 omnia
2784 5544 2835 5597 in
2863 5544 3117 5599 omnibus
3145 5547 3417 5615 gentibus,

1836 5646 1891 5691 et
1915 5638 1968 5692 in
1999 5638 2155 5693 omni
2203 5636 2383 5709 lingua
2409 5636 2662 5707 inquisita
2698 5637 2750 5691 in
2776 5636 2980 5706 judicio
3006 5638 3421 5693 manifestantur

1839 5730 1893 5784 in
1930 5738 2172 5800 tempore
2196 5728 2584 5799 inquisitionis.
2639 5726 2755 5785 Non
2786 5729 2932 5784 enim
2964 5730 3220 5785 mentitur
3250 5729 3296 5786 is
3324 5728 3415 5800 qui
