3902 6526
528 472 633 531 519

1604 470 1983 529 ANONYMUS
2020 471 2089 525 ΙΝ
2127 470 2265 526 JOB.
2305 502 2374 512 -—
2409 471 2537 525 LIB.
2578 470 2667 530 111.

3647 473 3754 529 520

528 595 644 651 ait:
677 594 881 648 Memor
908 607 1028 647 sum
1056 608 1118 647 ea
1144 608 1266 662 quae
1292 609 1321 647 a
1348 592 1542 649 steculo
1566 604 1693 648 sunt
1731 595 2091 657 dinumerare,
2121 599 2167 655 Α
2194 596 2426 648 ctionem
2448 595 2677 659 Domini,
2698 596 2788 649 sed
2817 611 2921 651 non
2947 594 3129 649 veniat
3152 592 3395 648 iulucem
3422 591 3602 647 vultus
3616 592 3755 660 ejus,

528 701 635 740 non
671 685 844 739 solum
883 693 1122 752 tempora
1150 693 1205 738 et
1242 696 1535 748 momenta,
1565 696 1620 739 et
1652 685 1789 748 dies,
1826 694 1880 739 et
1910 700 2098 751 annos,

526 779 621 831 sed
648 778 778 847 quin
838 777 1017 846 potius
1042 776 1283 829 omnium
1319 776 1595 829 hominum
1635 777 1814 829 cordis
1868 778 2098 843 occulta,

519 868 671 936 juxta
696 871 798 922 hoc
816 869 958 937 quod
982 869 1187 921 dictqu
1212 876 1294 921 est
1326 866 1461 932 :Qui
1481 867 1628 935 ﬁngit
1652 866 1922 935 sigillatim
1942 869 2099 921 corda

522 975 727 1023 eorum,
751 960 841 1029 qui
869 960 1113 1029 intelligit
1146 962 1319 1013 omnia
1350 976 1505 1024 opera
1532 975 1712 1013 eorum
1737 960 1802 1012 ⁸⁸.
1834 959 1900 1013 Ει
1923 960 2098 1014 adhuc

523 1051 652 1105 alibi
688 1066 703 1104 :
734 1050 853 1119 Ipse
883 1064 1057 1105 autem
1102 1054 1243 1106 novit
1267 1053 1471 1106 occulta
1496 1054 1669 1106 cordis
1706 1050 1778 1107 θί.
1812 1051 2099 1121 Apostolus

530 1157 661 1197 vero
716 1144 802 1198 his
855 1153 1215 1198 consonanter
1255 1143 1383 1197 dicit
1417 1159 1430 1195 :
1476 1144 1542 1197 In
1579 1145 1666 1197 die
1697 1161 1803 1214 qua
1834 1143 2096 1213 judicabit

522 1232 668 1289 Deus
692 1236 900 1288 occulta
924 1236 1192 1288 hominum
1218 1236 1283 1287 ".
1328 1234 1417 1287 Ille
1456 1236 1598 1289 enim
1634 1236 1748 1289 dies
1779 1233 2095 1288 manifesta-

521 1327 604 1382 bit
636 1328 840 1390 omnia,
874 1327 926 1380 in
959 1328 1079 1396 igne
1118 1326 1364 1379 revelans
1402 1336 1617 1379 cuncta.
1644 1325 1891 1378 Seientes
1914 1325 2097 1392 itaque

525 1433 645 1483 nos,
677 1434 709 1471 ο
734 1418 856 1480 viri,
883 1418 1008 1486 quia
1051 1416 1334 1471 adversum
1376 1426 1480 1469 tam
1514 1416 1807 1471 terribilem
1840 1417 2097 1472 habemus

512 1508 776 1577 judieem,
808 1518 996 1563 sancte
1046 1508 1357 1563 conversari
1390 1515 1442 1561 et
1498 1510 1549 1561 in
1603 1508 1759 1562 lactis
1784 1518 1837 1560 et
1882 1508 1933 1562 in
1975 1521 2096 1561 ver-

518 1600 605 1655 bis
642 1603 975 1666 Studeamus,
1019 1610 1077 1653 ut
1121 1615 1224 1653 non
1257 1616 1354 1669 pro
1382 1600 1831 1654 condemnatione
1865 1600 1914 1653 in
1948 1599 2093 1666 judi-

515 1692 625 1756 cio,
679 1692 771 1747 sed
821 1709 919 1763 pro
967 1693 1152 1761 requie
1187 1702 1347 1758 atque
1386 1692 1553 1761 gloria
1602 1702 1799 1745 aeterna
1857 1691 2097 1760 inquira-

522 1799 664 1839 mur.
696 1782 917 1843 Deinde,
942 1800 1044 1835 non
1070 1782 1158 1847 sit,
1196 1782 1390 1850 inquit,
1437 1782 1492 1834 in
1526 1782 1704 1836 diebus
1731 1783 1878 1847 anni,
1932 1797 2092 1852 neque

519 1885 824 1929 numeretur
860 1875 915 1927 in
945 1874 1125 1927 diebus
1180 1874 1433 1927 mensium
1460 1873 1527 1927 ⁸⁸.
1562 1872 1731 1939 Quis?
1775 1872 2090 1926 Maledictus

518 1975 684 2035 atque
729 1966 971 2035 perditus
1011 1965 1101 2019 ille
1134 1964 1269 2018 dies.
1321 1963 1428 2018 iste
1476 1980 1580 2019 non
1643 1964 1714 2019 sit
1780 1964 1833 2017 iu
1900 1964 2091 2018 diebus

521 2061 672 2121 anni,
731 2072 903 2127 neque
934 2068 1246 2111 numeretur
1284 2057 1335 2109 in
1362 2056 1548 2110 diebus
1600 2055 1888 2109 mensium.
1941 2052 2096 2108 Nunc

514 2149 806 2205 ostendisti
838 2150 1138 2212 evidenter,
1185 2164 1217 2202 o
1254 2150 1409 2201 beate
1458 2146 1580 2212 Job,
1616 2145 1739 2215 quia
1793 2161 1897 2199 non
1954 2146 2094 2199 diem

516 2250 785 2296 creatura:
818 2240 1161 2302 maledixisti,
1186 2239 1309 2308 quia
1338 2254 1439 2292 non
1471 2238 1611 2292 diem
1664 2237 1790 2290 anni
1834 2236 1915 2291 vel
1948 2251 2097 2291 men-

516 2333 661 2387 sium
695 2332 981 2396 devotasti,
1012 2334 1103 2385 sed
1140 2333 1284 2384 illum
1310 2331 1399 2398 qui
1442 2346 1545 2384 non
1568 2340 1651 2383 est
1690 2329 1741 2382 in
1772 2328 2093 2393 substantia,

521 2439 699 2485 neque
732 2425 784 2477 iu
818 2438 1063 2485 numero,
1097 2438 1271 2490 neque
1314 2422 1368 2475 in
1402 2431 1674 2487 computo.
1716 2419 1918 2475 Omnes
1949 2421 2093 2474 enim

523 2516 641 2569 dies
672 2531 813 2568 anno
864 2523 920 2567 et
966 2513 1241 2567 mensibus
1293 2512 1700 2567 circumdantur
1736 2511 1813 2564 vel
1877 2525 2096 2579 compu-

521 2614 726 2659 tantur.
776 2606 937 2658 Extra
975 2621 1173 2658 annum
1214 2615 1409 2681 autem
1458 2614 1513 2656 et
1550 2617 1764 2656 menses
1802 2601 1978 2655 nullus
2016 2609 2099 2655 est

520 2696 659 2751 dies.
688 2697 829 2765 Ergo
877 2697 921 2751 si
966 2698 1082 2750 dies
1116 2697 1206 2764 qui
1243 2696 1362 2750 istic
1410 2694 1724 2747 maledictus
1761 2702 1843 2747 est
1873 2706 1935 2745 ac
1976 2707 2098 2761 per-

522 2788 669 2842 ditus
692 2798 792 2853 est,
825 2804 928 2842 non
959 2797 1042 2843 est
1075 2787 1129 2840 in
1174 2803 1337 2849 anno,
1387 2799 1442 2839 et
1476 2796 1531 2839 tu
1567 2787 1699 2840 dicis
1733 2801 1745 2835 :
1787 2783 1907 2838 Non
1944 2784 2011 2837 sit
2042 2784 2098 2835 in

521 2879 707 2933 diebus
751 2881 876 2934 anni
914 2896 933 2933 :
975 2896 1081 2933 non
1135 2888 1216 2932 est
1249 2880 1300 2931 in
1332 2878 1628 2941 mensibus,
1674 2887 1728 2930 et
1759 2877 1893 2930 dicis
1929 2893 1942 2928 :
1976 2874 2095 2929 Non

523 2982 826 3024 numeretur
870 2971 921 3024 in
979 2971 1162 3023 diebus
1214 2970 1491 3034 mensium,
1538 2966 1667 3020 nihil
1702 2976 1804 3030 est,
1836 2980 2095 3035 nusquam

476 3092 479 3093 ν
521 3073 627 3128 est,
651 3065 751 3118 hoc
783 3067 922 3133 quod
953 3079 1054 3116 non
1078 3073 1161 3117 est
1196 3061 1494 3123 maledicis,
1526 3058 1801 3113 maledicis
1826 3059 1968 3112 enim
2006 3057 2097 3127 qui

520 3170 633 3210 non
667 3163 755 3210 est
811 3156 990 3223 perire
1018 3154 1219 3208 volens.
1282 3152 1347 3206 Et
1383 3151 1572 3205 merito
1610 3149 2098 3219 irreprehensibilis

2202 699 2373 752 neque
2405 685 2583 737 videat
2608 684 2884 739 luciferum
2920 684 3183 739 orientem
3215 683 3471 751 Spiritum
3509 695 3755 739 sanctum

2199 770 2532 827 Paracletum
2562 775 2628 828 de
2665 775 2891 830 excelsis
2930 776 2995 828 ad
3038 774 3305 841 apostolos
3338 773 3581 827 missum.
3612 772 3759 827 Alia-

2200 880 2303 934 que
2331 865 2557 934 plurima
2591 867 3025 922 demonstrantur
3070 882 3133 920 ex
3167 866 3298 932 ipsis
3335 864 3472 917 beati
3507 862 3607 917 Job
3637 878 3755 917 ser-

2199 957 2451 1011 monibus
2474 996 2489 1018 ,
2524 972 2641 1026 quae
2671 959 2722 1012 in
2757 960 3151 1013 resurrectione
3182 966 3343 1023 atque
3384 955 3589 1024 judicio
3623 969 3761 1023 prte-

2198 1048 2417 1103 venient
2460 1049 2639 1117 impiis
2678 1060 2839 1119 atque
2886 1051 3099 1118 mjustis
3140 1058 3393 1116 tanquam
3449 1046 3757 1099 abortivum

2195 1139 2383 1196 exiens
2409 1143 2473 1195 de
2498 1152 2682 1197 ventre
2708 1141 2897 1196 matris
2928 1157 3057 1195 suae.
3085 1140 3228 1201 Illic.
3254 1138 3427 1206 inquit
3451 1179 3464 1200 ,
3495 1138 3644 1205 impii
3675 1154 3758 1188 re-

2194 1235 2497 1300 quieverunt
2544 1236 2607 1286 ab
2655 1234 2739 1287 ira
2778 1234 3163 1301 indignationis
3190 1272 3205 1296 ,
3236 1231 3346 1283 illic
3395 1231 3759 1298 requieverunt

2196 1327 2430 1379 dolentes
2460 1341 2674 1392 corpore
2689 1325 2754 1377 ⁸⁸.
2781 1315 2912 1389 Illic,
2945 1325 3136 1393 inquit,
3170 1323 3220 1377 in
3258 1322 3678 1384 resurrectione,
3707 1320 3759 1376 in

2198 1416 2546 1487 inquisitione
2572 1455 2586 1478 ,
2621 1416 2672 1469 in
2716 1415 2938 1481 judicio.
2969 1415 3075 1469 Illic
3103 1414 3245 1468 enim
3281 1415 3576 1483 requiescit
3609 1422 3757 1468 eate-

2197 1521 2296 1559 nus
2346 1506 2641 1577 indignatio
2676 1517 2834 1575 atque
2891 1506 3041 1559 furor
3070 1506 3351 1575 impiorum
3378 1547 3392 1570 ,
3446 1520 3569 1557 cum
3598 1504 3757 1574 digna

2197 1598 2303 1651 illis
2335 1598 2481 1652 illata
2519 1597 2681 1651 fuerit
2715 1598 2993 1652 damnatio
3020 1607 3183 1666 atque
3217 1606 3549 1651 tormentum
3580 1614 3593 1649 :
3631 1606 3759 1650 tunc

2193 1702 2355 1745 erunt
2397 1701 2649 1761 tanquam
2699 1692 2948 1744 aborsum
2993 1691 3177 1743 exiens
3224 1691 3289 1744 de
3338 1700 3531 1743 ventre
3568 1688 3762 1745 matris

2193 1798 2303 1838 suae
2328 1824 2341 1848 ,
2377 1785 2521 1838 sicut
2574 1782 2806 1838 infantes
2837 1783 2927 1851 qui
2956 1797 3058 1836 non
3102 1782 3351 1836 viderunt
3395 1782 3593 1836 lucem.
3623 1779 3760 1835 Nam

2195 1875 2333 1929 sicut
2361 1875 2601 1929 abortiva
2647 1876 2712 1929 de
2749 1882 2938 1929 ventre
2970 1875 3156 1928 matris
3201 1888 3313 1927 sua:
3364 1874 3617 1928 exeuntia
3654 1888 3760 1927 non

2197 1966 2449 2020 viderunt
2483 1964 2654 2019 lucem
2682 2004 2697 2028 ,
2731 1966 2822 2019 sed
2855 1980 2917 2019 ex
2952 1965 3183 2018 tenebris
3224 1964 3275 2018 in
3308 1966 3565 2018 tenebras
3590 1973 3720 2016 eunt
3743 2004 3760 2029 ,

2196 2070 2261 2110 ex
2293 2057 2528 2111 tenebris
2558 2065 2720 2123 atque
2765 2057 3015 2126 angustia
3049 2056 3187 2109 uteri
3235 2056 3464 2109 materni
3516 2056 3569 2109 in
3610 2066 3764 2112 teneo

2195 2148 2321 2204 bras
2360 2157 2413 2202 et
2452 2149 2727 2217 angustias
2767 2157 2923 2203 terrae
2971 2158 3129 2215 atque
3178 2148 3405 2216 sepulcri
3447 2167 3460 2202 :
3495 2149 3575 2202 sic
3612 2149 3763 2218 impii

2196 2241 2261 2297 de
2300 2240 2534 2295 tenebris
2578 2239 2631 2294 in
2681 2241 2933 2293 tenebras
2975 2247 3103 2292 eunt
3128 2279 3142 2303 ,
3182 2252 3249 2292 ex
3283 2240 3530 2308 angustia
3571 2239 3624 2293 in
3664 2253 3764 2294 au-

2196 2335 2424 2407 gustiam
2454 2333 2811 2402 expellentur,
2849 2333 2914 2386 de
2953 2347 3178 2401 corpore
3212 2333 3264 2385 in
3296 2331 3608 2400 sepulcrum
3632 2373 3647 2393 ,
3700 2345 3765 2387 ex

2198 2425 2444 2495 sepulcro
2499 2426 2550 2479 in
2599 2424 2901 2493 angustiam
2956 2423 3294 2491 expellent‘ur
3352 2434 3517 2493 atque
3572 2422 3765 2493 iudicii

2195 2516 2597 2571 damnationem
2624 2554 2639 2579 ,
2687 2525 2743 2567 et
2784 2514 2835 2566 in
2868 2514 3118 2567 tenebras
3150 2512 3451 2565 exteriores
3480 2551 3495 2575 ,
3527 2512 3619 2565 ubi
3654 2527 3766 2566 non

2197 2621 2281 2663 est
2320 2610 2411 2663 lux
2439 2650 2455 2671 ,
2490 2623 2663 2679 neque
2696 2607 2951 2661 videbunt
2991 2607 3155 2658 vitam
3202 2602 3471 2659 homines.
3527 2604 3768 2659 Pusillus

2195 2710 2244 2755 et
2269 2718 2506 2769 magnus,
2540 2699 2735 2767 inquit,
2770 2699 2839 2750 ibi
2868 2707 2944 2750 est
2978 2697 3043 2749 ⁸⁵.
3070 2695 3181 2750 Non
3211 2706 3291 2749 est
3325 2698 3467 2749 enim
3508 2711 3770 2765 persona-

2199 2805 2314 2844 rum
2346 2800 2596 2858 acceptor
2637 2790 2787 2857 regni
2824 2788 2987 2855 hujus
3013 2802 3126 2840 rex.
3157 2786 3348 2840 Merito
3378 2802 3442 2840 ex
3474 2802 3627 2854 teque
3668 2787 3772 2839 im-

2198 2882 2361 2952 pertit
2392 2880 2641 2935 omnibus
2668 2890 2720 2934 et
2772 2879 2986 2949 pusillis
3008 2890 3061 2933 et
3092 2880 3299 2948 magnis
3325 2919 3340 2942 ,
3372 2887 3427 2931 et
3472 2878 3771 2932 humilibus

2198 2984 2252 3028 et
2276 2973 2399 3026 altis
2435 2976 2579 3041 regni
2611 2971 2766 3038 hujus
2793 2972 3073 3025 introitum
3108 2989 3120 3023 :
3161 2969 3267 3023 illis
3291 2984 3422 3024 sane
3466 2968 3558 3038 qui
3587 2983 3774 3037 aequa—

2199 3064 2328 3118 liter
2372 3064 2519 3117 illum
2572 3073 2839 3128 metuunt,
2877 3063 2967 3131 qui
3017 3061 3301 3130 aequaliter
3332 3060 3479 3115 illum
3511 3062 3768 3131 diligunt.

2205 3154 2440 3207 Pusillus
2487 3162 2535 3208 et
2570 3170 2810 3222 magnus.
2862 3153 2936 3206 lbi
2970 3163 3053 3207 est
3107 3151 3343 3205 Lazarus
3383 3150 3607 3220 pusillus
3641 3166 3771 3203 cum

517 3247 579 3303 ir.
611 3247 866 3304 omnibus
914 3259 1218 3315 permaues,
1267 3244 1582 3298 beatissime
1639 3242 1730 3296 Dei
1775 3242 1947 3296 amice
1974 3242 2095 3297 Job.
2125 3259 2167 3316 ο
2202 3248 2471 3301 Abraham
2511 3260 2724 3315 magno.
2775 3242 2841 3298 Et
2895 3260 3067 3300 servus
3110 3260 3211 3298 non
3254 3245 3439 3297 timens
3496 3243 3772 3296 dominum

519 3340 630 3393 Aut
680 3338 844 3391 etiam
876 3337 1034 3390 aliter
1064 3336 1426 3403 intelligamus
1464 3334 1807 3388 maledictum
1843 3334 1985 3388 hunc
2016 3342 2102 3387 at-

519 3444 634 3498 que
657 3428 929 3495 perditum
968 3426 1108 3480 diem
1135 3427 1201 3479 de
1234 3441 1341 3494 quo
1370 3426 1503 3478 dicit
1536 3442 1550 3477 :
1585 3422 1706 3477 Dies
1732 3422 1818 3476 ille
1851 3424 1915 3477 sit
1942 3424 1996 3476 in
2025 3434 2102 3477 te-

516 3521 717 3583 xebris,
742 3529 907 3572 etnon
928 3518 1163 3587 inquirat
1206 3516 1355 3569 illum
1382 3514 1635 3568 Domtnus
1677 3514 1915 3579 desuper.
1949 3514 2104 3583 Figu-

522 3622 642 3665 rate
659 3611 928 3680 signiﬁcat
945 3624 1039 3678 per
1058 3608 1172 3662 htec
1201 3606 1470 3661 infelicem
1492 3605 1637 3659 illum
1659 3605 1874 3671 ludam,
1895 3607 2103 3675 perista

521 3704 591 3757 de
608 3703 764 3771 longe
780 3717 901 3755 eum
926 3700 1183 3762 ostendit,
1201 3700 1291 3767 qui
1313 3698 1575 3753 debuerat
1591 3712 1711 3753 esse
1732 3697 1844 3751 dies
1860 3711 2102 3761 serenus,

518 3804 580 3849 et
595 3794 903 3863 splendidus
930 3810 992 3847 ac
1023 3791 1429 3862 perspicuus,et
1451 3791 1551 3845 sibi
1574 3790 1872 3843 luminosus
1902 3798 1958 3843 et
1987 3787 2105 3844 aliis

525 3884 755 3949 lucidus,
781 3884 956 3939 luctus
980 3893 1065 3939 est
1092 3883 1411 3937 tenebrosus
1433 3895 1529 3949 per
1568 3880 1915 3948 semetipsum
1947 3889 2107 3947 atque

522 3979 809 4033 obscurus.
847 3977 1001 4031 Hunc
1027 3990 1155 4045 ergo
1185 3974 1499 4045 signiﬁcans
1523 3973 1681 4027 dicit:
1704 3971 1827 4026 Dies
1855 3971 1941 4024 ille
1960 3970 2030 4024 sit
2053 3970 2105 4023 in

528 4069 767 4122 tenebris
788 4070 876 4136 qui
902 4068 1075 4121 lucem
1100 4065 1406 4133 dereliquit,
1428 4064 1517 4134 qui
1548 4078 1576 4116 a
1597 4063 1714 4116 luce
1731 4062 1997 4125 discessit,
2014 4060 2105 4129 qui

528 4159 703 4214 lucem
720 4160 771 4213 in
793 4170 1019 4213 mortem
1040 4157 1279 4223 tradidit,
1295 4166 1348 4210 et
1377 4172 1480 4209 non
1502 4156 1737 4224 iuquirat
1761 4154 1906 4207 illum
1929 4153 2109 4207 Domi-

529 4265 630 4304 nus
646 4254 898 4317 desuper,
925 4266 1046 4304 cum
1082 4249 1390 4318 inquisierit
1417 4247 1636 4303 Petrum
1664 4258 1717 4302 et
1735 4256 1958 4300 caeteros
1980 4259 2108 4312 apo-

524 4341 696 4395 stolos
714 4356 998 4410 resurgens
1019 4355 1047 4393 a
1070 4340 1318 4394 mortuis.
1336 4338 1450 4393 Non
1472 4342 1541 4393 sit
1566 4338 1617 4391 in
1636 4339 1825 4392 diebus
1843 4336 1989 4400 anni,
2008 4336 2111 4390 Ec-

532 4430 715 4487 x‘lesiae
736 4432 1121 4486 festivitatibus
1140 4442 1299 4501 atque
1324 4432 1868 4493 sanctiﬁcationibus,
1889 4446 1991 4484 non
2038 4429 2111 4483 sit

529 4523 585 4577 iu
620 4523 829 4576 unitate
862 4521 1138 4586 Ecclesiae,
1171 4540 1280 4578 non
1310 4534 1627 4578 numeretur
1656 4525 1793 4576 inter
1823 4522 1938 4576 dies
1962 4536 2109 4575 men-

2204 3356 2376 3394 suum.
2408 3337 2463 3391 lu
2496 3336 2841 3404 corruptione
2871 3351 3012 3389 emm
3039 3350 3145 3388 non
3185 3343 3266 3388 est
3303 3334 3553 3387 dominus
3576 3347 3774 3387 corru-

2203 3432 2428 3502 ptibilis,
2457 3444 2631 3498 neque
2658 3427 2889 3482 carnalis
2912 3466 2928 3490 ,
2960 3426 3051 3479 sed
3082 3440 3203 3480 cum
3241 3424 3553 3494 apparuerit
3603 3422 3775 3476 facies

2203 3523 2440 3578 caelestis
2477 3519 2689 3575 Domini
2739 3529 2903 3587 atque
2932 3518 3129 3587 judicis
3155 3557 3170 3581 ,
3224 3526 3352 3572 tunc
3384 3514 3773 3583 corruptibiles

2206 3624 2368 3682 atque
2393 3613 2637 3667 carnales
2664 3611 2867 3666 domini
2901 3624 3164 3679 nusquam
3194 3609 3549 3679 apparebunt.
3576 3608 3776 3661 Merito

2206 3706 2313 3759 illic
2340 3715 2423 3759 est
2455 3719 2644 3759 servus
2676 3718 2780 3758 non
2813 3702 3009 3756 timens
3039 3701 3310 3754 dominum
3345 3717 3524 3753 suum.
3562 3700 3773 3754 Memo-

2208 3805 2357 3851 ratus
2382 3797 2525 3850 enim
2564 3794 2958 3863 timorjudicii,
2996 3802 3171 3847 terror
3210 3805 3372 3861 atque
3421 3793 3651 3847 formido
3686 3791 3745 3846 fu

2207 3900 2453 3943 tui-orum
2484 3930 2497 3953 ,
2528 3903 2746 3942 omnem
2786 3888 3035 3942 timorem
3058 3885 3463 3954 corruptibilem
3492 3894 3548 3939 et
3573 3900 3773 3939 carna-

2206 3981 2311 4035 lem
2360 3982 2411 4034 in
2442 3980 2768 4034 oblivionem
2799 3978 3017 4033 deducit
3048 3986 3211 4046 atque
3244 3978 3393 4032 foras
3426 3977 3607 4030 mittit.
3647 3974 3775 4029 Non

2204 4072 2348 4126 enim
2378 4071 2518 4124 servi
2549 4068 2887 4123 dominorum
2927 4068 3136 4123 timoris
3183 4067 3552 4129 recordantnr,
3588 4080 3780 4135 neque

2207 4159 2409 4214 domini
2457 4158 2631 4213 servis
2661 4159 2929 4227 imperare
2981 4165 3293 4210 occurrunt.
3332 4154 3477 4209 Unus
3507 4154 3651 4210 enim
3699 4154 3780 4205 ti-

2207 4265 2325 4304 mor
2379 4248 2742 4318 inquisitionis
2789 4256 2951 4316 atque
2996 4245 3185 4316 judieii
3233 4244 3601 4314 apprehendet
3632 4260 3781 4298 cun-

2205 4352 2346 4398 ctos.
2378 4340 2570 4394 Merito
2606 4339 2713 4393 illic
2740 4349 2824 4392 est
2867 4351 3055 4392 servus
3102 4330 3207 4391 non
3259 4339 3455 4390 timens
3490 4335 3781 4390 dominum

2208 4449 2385 4489 suum.
2422 4431 2501 4486 lbi
2534 4440 2619 4486 est
2653 4430 2855 4484 Abdias
2882 4445 2988 4483 non
3026 4430 3219 4483 timens
3269 4429 3457 4483 Achab
3490 4428 3781 4482 dominum

2208 4539 2386 4579 suum.
2422 4521 2497 4575 lbi
2529 4529 2616 4574 est
2666 4518 2951 4574 Onesimus
3003 4534 3107 4573 non
3154 4520 3352 4573 timens
3398 4518 3783 4573 Philemonem

528 4614 695 4677 sitim,
729 4615 782 4667 in
819 4627 1047 4667 numero
1078 4614 1357 4668 duodecim
1409 4611 1800 4683 apostolorum,
1848 4622 2102 4679 tanquam

2209 4615 2483 4671 dominum
2515 4627 2692 4667 suum.
2722 4609 2933 4679 Aliique
2965 4610 3228 4664 innumeri
3261 4611 3600 4680 reperiuntur
3625 4618 3689 4663 et
3721 4609 3783 4661 in

532 4706 817 4759 duodecim
850 4706 1140 4773 mensium,
1191 4707 1283 4761 sed
1326 4706 1573 4759 deleatur
1620 4706 1686 4758 de
1735 4704 1873 4758 libro
1916 4704 2104 4755 viven-

536 4798 692 4860 tium,
725 4807 781 4851 et
815 4812 936 4850 cum
974 4796 1137 4864 justis
1168 4814 1272 4852 non
1301 4798 1592 4853 scribatur.
1619 4796 1713 4849 llis
1745 4805 2105 4850 consonanter

532 4889 763 4943 inferius
816 4890 1128 4944 universum
1176 4890 1429 4960 populum
1466 4888 1773 4941 Judmorum
1820 4887 2107 4956 designans

533 4991 700 5048 atque
743 4982 1053 5050 increpans,
1085 4992 1407 5048 noctemque
1428 4994 1550 5033 eum
1579 4992 1896 5047 nuncupans
1926 4976 2057 5031 dicit
2085 4993 2100 5029 :

534 5070 896 5125 Obscurentur
927 5071 1103 5125 sidera
1130 5074 1293 5123 noctis
1320 5070 1487 5125 illius.
1515 5069 1683 5139 Cujus
1720 5069 1930 5123 noctis?
1960 5068 2105 5123 Illius

534 5165 605 5217 de
632 5167 737 5231 q'ua
758 5165 888 5217 dicit
922 5163 1213 5231 Apostolus
1240 5182 1252 5216 :
1285 5162 1408 5215 Nox
1455 5163 1719 5228 praecessit
1754 5160 1820 5214 ⁸⁸.
1876 5160 2003 5225 Qua-
2032 5162 2107 5214 si-

539 5254 669 5307 dera
701 5252 1100 5309 obscurentur?
1159 5253 1497 5316 Sacerdotes,
1531 5262 1585 5308 et
1614 5253 1844 5318 Scribat,
1886 5264 1940 5307 et
1968 5250 2108 5305 Plia-

538 5345 681 5398 ristei
713 5360 727 5397 :
752 5360 873 5399 nam
899 5346 951 5400 bi
974 5348 1063 5414 qui
1081 5347 1377 5401 debuerant
1404 5347 1454 5398 in
1482 5346 1694 5399 modum
1713 5345 1987 5400 stellarum
2010 5343 2112 5398 lul-

538 5441 839 5501 gereatque
854 5433 1032 5487 lucere
1048 5435 1099 5487 in
1118 5434 1233 5504 lege
1252 5444 1504 5504 tanquam
1524 5435 1576 5487 in
1595 5443 1770 5498 nocte,
1787 5432 1965 5488 eiiecti
1988 5440 2112 5485 sunt

540 5537 731 5577 omnes
747 5525 1191 5595 tenebrosiatque
1212 5526 1453 5581 obscuri.
1478 5525 1769 5589 Sustineat,
1786 5524 1983 5592 inquit,
2004 5537 2111 5576 nox

544 5609 949 5670 illaJudasorum
978 5618 1295 5673 tenebrosus
1312 5616 1557 5687 populus,
1578 5616 1846 5671 sustineat
1870 5630 2110 5669 resurre-

615 5817 662 5849 ⁸⁸
687 5816 825 5870 Psal.
848 5833 1020 5883 χχιιι,
1044 5818 1124 5872 l5.
1200 5819 1242 5850 “
1283 5816 1425 5872 Psal.
1457 5833 1606 5874 xuu.
1637 5818 1725 5872 22.
1802 5818 1847 5849 δ’
1883 5818 2033 5871 Rom.
2060 5834 2119 5884 ιι,
2150 5818 2233 5871 16.

546 5890 597 5921 ⁸⁸
634 5889 760 5943 ibid.
793 5888 875 5943 19.

2206 4709 2329 4775 lege
2354 4747 2369 4771 ,
2400 4717 2453 4758 et
2490 4706 2541 4759 in
2580 4703 2870 4772 Evangelia
2901 4702 2984 4756 his
3012 4703 3215 4757 similes
3241 4742 3256 4766 ,
3293 4702 3386 4772 qui
3415 4701 3619 4756 caelesti
3656 4700 3784 4753 Do-

2208 4800 2351 4853 mino
2374 4813 2438 4852 ac
2472 4798 2582 4851 Deo
2609 4796 2849 4850 omnium
2878 4794 3198 4857 servientes,
3228 4808 3332 4848 non
3363 4794 3649 4847 timuerunt
3678 4806 3786 4845 su-

2208 4904 2303 4960 per
2328 4900 2528 4945 terram
2566 4890 2811 4944 dominos
2838 4886 3086 4941 carnales
3112 4886 3177 4939 ad
3207 4886 3565 4940 obediendum
3597 4884 3681 4937 eis
3723 4884 3783 4935 iu

2210 4979 2385 5046 malis,
2421 4995 2595 5049 neque
2626 4981 2677 5033 in
2706 4978 2858 5033 caelis
2883 4992 2978 5031 eos
3026 4978 3217 5032 timent
3246 4978 3297 5031 in
3335 4986 3619 5044 conspectu
3648 4977 3785 5027 veri

2212 5073 2417 5126 Domini
2448 5072 2745 5126 venientes.
2795 5068 2929 5123 Nam
2967 5084 3092 5123 cum
3134 5070 3449 5124 servitutem
3492 5065 3787 5122 earnaletn

2212 5176 2345 5230 pure
2374 5164 2450 5215 eis
2497 5172 2655 5230 atque
2685 5163 2874 5216 devote
2923 5160 3299 5215 exhibuisseut
3323 5200 3338 5224 ,
3372 5175 3473 5212 non
3505 5158 3793 5210 discesse-

2214 5262 2339 5307 runt
2390 5270 2419 5306 a
2470 5253 2745 5307 Creatoris
2797 5252 3080 5307 servitute.
3135 5249 3246 5304 Hoc
3282 5263 3509 5318 namque
3555 5254 3792 5316 Oportet

2210 5346 2439 5399 reddere
2488 5358 2671 5399 servos
2718 5342 3029 5397 carnalibus
3077 5340 3311 5396 dominis
3358 5340 3505 5399 suis,
3547 5348 3602 5390 ut
3658 5353 3791 5389 non

2212 5433 2482 5499 iraudent,
2513 5443 2698 5487 utnon
2733 5431 3184 5498 circumveniant,
3222 5442 3280 5485 ut
3312 5446 3414 5485 nou
3448 5428 3799 5482 insidientur

2212 5524 2444 5577 dominis
2487 5524 2598 5577 suis
2627 5562 2643 5587 ,
2679 5530 2739 5576 ut
2776 5536 2879 5575 non
2916 5521 2982 5573 ad
3015 5519 3229 5574 oculum
3258 5517 3530 5577 serviant,
3571 5519 3627 5563 ut
3662 5525 3795 5563 non

2212 5614 2266 5669 in
2314 5613 2451 5669 facie
2493 5614 2732 5684 ﬁngant,
2771 5612 2863 5668 sed
2919 5612 3053 5666 loris
3083 5612 3150 5665 ab
3181 5609 3356 5664 oculis
3380 5646 3397 5673 ,
3437 5605 3527 5660 sed
3557 5600 3705 5655 foris
3758 5617 3799 5655 a

2310 5820 2477 5874 “Job
2524 5820 2679 5884 nt,6.
2755 5818 2800 5847 ⁸³
2831 5816 2985 5870 Rom.
3038 5814 3263 5882 ιιιιι,12.
3342 5810 3509 5866 “Job
3546 5824 3625 5875 ιιι,
3682 5807 3795 5863 i7.
