3942 6530
318 371 420 430 εει

1277 377 1623 437 APOLOGIA
1664 381 1804 440 PRO
1834 377 2161 444 ORIGENE.
2204 414 2274 428 -·
2314 382 2663 448 MONITUM.

3486 393 3599 457 523

320 495 463 551 facie
503 509 720 550 omnem
750 497 982 568 gratiam
1017 498 1256 555 dominis
1290 501 1406 556 suis
1443 504 1757 559 ostendam.
1790 505 1900 560 ilu-
1933 514 1979 569 Α
2011 507 2134 562 istic
2161 523 2258 577 per
2286 509 2533 564 ordinem
2570 550 2586 573 .
2637 519 2691 565 et
2717 520 2914 567 cuncta
2949 524 3069 583 qua
3120 512 3173 570 in
3209 515 3377 586 priori
3409 519 3595 576 rnqu

312 587 408 654 jus
434 605 670 659 namque
703 591 781 644 rei
834 592 1105 660 ingentem
1142 592 1197 647 in
1227 594 1383 649 caelis
1410 596 1686 666 accipient
1716 613 1903 653 remu-

317 680 655 735 nerationem
689 697 720 735 a
774 682 1001 739 Domino
1045 685 1288 739 omnium
1318 695 1485 756 atque
1524 687 1712 755 judice
1743 692 1898 745 vivo-

317 788 437 825 rum
475 780 531 826 et
569 784 933 829 mortuorum.
965 774 1032 830 In
1072 792 1279 830 servum
1325 780 1660 837 venundatus
1702 790 1781 836 est
1803 781 1902 837 Jo-

311 863 439 930 seph
470 863 538 926 ⁸⁸,
566 863 660 918 sed
694 865 750 919 iu
782 865 926 921 maio
965 877 1131 937 atque
1162 870 1331 940 impio
1356 882 1483 927 actu
1525 889 1632 929 non
1661 877 1902 932 ohedivit

308 955 544 1012 dominae
573 971 702 1010 suae.
733 956 922 1011 Merito
950 968 1005 1013 et
1039 959 1090 1013 in
1137 963 1301 1017 terris
1339 963 1392 1017 in
1423 963 1664 1038 Egypto
1692 1009 1708 1032 ,
1759 979 1815 1023 et
1846 970 1900 1023 in

312 1047 473 1107 ca'lis
506 1047 557 1102 in
594 1058 856 1118 perpetuo
884 1050 1260 1107 dominabitur
1292 1054 1368 1108 illi
1394 1095 1410 1121 ,
1441 1070 1563 1125 quae
1600 1058 1792 1113 iliicite
1835 1062 1901 1116 ad

307 1148 525 1208 tempus
562 1139 833 1196 dominari
880 1142 997 1197 visa
1046 1154 1155 1199 est.
1209 1144 1336 1202 Haec
1385 1149 1595 1206 scilicet
1648 1152 1900 1209 universa

305 1243 412 1298 pro
448 1229 712 1283 bonorum
761 1233 1189 1290 commonitione
1224 1236 1463 1294 diximus
1485 1278 1502 1301 ,
1551 1255 1580 1293 a
1613 1242 1771 1297 beato
1800 1241 1901 1300 Job

299 1321 474 1376 etiam
506 1338 605 1377 nos
636 1324 701 1379 de
737 1324 827 1380 bis
861 1325 1126 1382 admoniti
1152 1368 1169 1393 ,
1200 1329 1419 1385 dicente
1449 1346 1516 1387 eo
1565 1334 1851 1391 evidenter
1882 1357 1894 1392 :

301 1413 549 1470 Pusillus
578 1426 627 1469 et
666 1434 887 1487 magnus
919 1419 992 1473 ibi
1019 1432 1119 1487 est,
1162 1430 1212 1476 et
1239 1439 1416 1477 servus
1449 1441 1551 1479 non
1581 1427 1768 1481 limem
1807 1428 1899 1481 do-

301 1508 509 1560 minum
554 1524 710 1561 suum
738 1508 805 1565 ⁸⁷.
855 1508 1093 1565 inveniet
1132 1511 1223 1580 qui
1280 1513 1563 1582 inquirere
1597 1515 1892 1579 studuerit.

298 1600 472 1655 etiam
506 1609 700 1655 caetera
726 1601 830 1655 alia
866 1601 950 1658 his
974 1604 1335 1659 consonantia
1360 1645 1376 1671 ,
1403 1615 1459 1658 et
1492 1621 1553 1661 ea
1590 1622 1711 1676 qtue
1748 1624 1893 1663 nunc

2011 598 2230 667 pliciter
2262 615 2291 653 a
2317 600 2466 669 justo
2500 600 2591 656 iilo
2623 611 2750 657 sunt
2778 603 2921 659 dicta
2954 605 3023 661 de
3055 606 3149 664 Dei
3176 610 3550 680 magnitudine
3573 650 3593 679 ,

2008 701 2065 746 et
2118 691 2185 747 de
2213 707 2309 748 sua
2344 693 2633 750 tolerantia
2660 734 2675 760 ,
2713 712 2834 768 quae
2884 700 3143 757 sustinuit
3192 702 3402 774 absque
3432 705 3589 776 culpa

2008 782 2272 839 innocens
2310 786 2363 840 in
2399 797 2692 855 conspectu
2729 788 2861 853 Dei,
2896 799 2951 846 et
2992 807 3177 850 coram
3210 796 3462 853 omnibus
3494 796 3593 854 lio-

2008 873 2245 929 minibus
2269 915 2285 940 ,
2330 891 2452 947 qua:
2482 877 2743 931 sustinuit
2776 893 2899 933 cum
2934 883 3237 951 gratiarum
3280 885 3591 943 actionibus

2005 977 2171 1038 atque
2203 970 2643 1026 confessionibus
2691 968 2825 1037 Dei,
2859 986 2978 1042 quae
3023 976 3283 1033 sustinuit
3310 979 3410 1049 pia:
3450 979 3587 1035 tole-

2007 1061 2198 1115 rantia:
2234 1060 2464 1116 fortnam
2496 1064 2747 1133 prmbcns
2781 1064 2833 1119 in
2867 1079 3134 1136 perpetuo
3162 1071 3397 1128 cunctis.
3436 1071 3586 1128 Beati

2004 1153 2095 1222 qui
2146 1162 2197 1208 te
2254 1153 2454 1209 fuerint
2513 1158 2708 1212 inuitati
2739 1201 2754 1223 ,
2787 1160 3102 1216 beatissime
3133 1162 3256 1219 Job.
3307 1163 3460 1221 Beati
3490 1162 3587 1236 qui

2004 1254 2094 1297 tua
2147 1246 2375 1317 vestigia
2427 1244 2628 1304 l‘ncrint
2661 1254 2858 1311 secuti.
2912 1253 3063 1310 Beati
3112 1256 3204 1325 qui
3240 1256 3497 1313 similiter
3527 1263 3588 1314 ut

2004 1344 2060 1390 tu
2107 1337 2159 1392 in
2194 1338 2298 1392 llde
2324 1382 2339 1407 ,
2366 1350 2422 1395 et
2454 1342 2655 1411 pietate
2680 1385 2696 1411 ,
2732 1355 2898 1416 atque
2943 1347 2995 1401 in
3026 1348 3269 1404 omnium
3302 1351 3406 1406 sibi
3434 1352 3584 1408 acci-

1998 1428 2239 1484 dentium
2315 1433 2601 1488 tolerantia
2677 1442 3039 1494 consummati
3104 1440 3330 1499 fuerint.
3380 1442 3444 1498 Hi
3493 1458 3585 1500 τοο

1995 1520 2279 1588 quiescent
2313 1523 2369 1578 in
2400 1536 2663 1595 perpetuo
2692 1532 2833 1599 apud
2872 1531 3039 1586 Deum
3082 1532 3321 1602 Patrem,
3345 1534 3430 1590 cui
3465 1536 3587 1608 glov

2002 1610 2081 1664 ria
2109 1611 2161 1665 in
2199 1614 2399 1669 saecula
2435 1616 2781 1676 saeculorum.
2817 1621 3010 1677 Amen.

305 1751 3562 1813 Ἥ

445 1953 999 2190 0Plllii
1094 1955 1311 2189 illi
1408 1957 1883 2192 0lillil

1988 1962 2270 2195 illi"
2376 1966 3458 2207 SPEC’l‘AN’l‘IA.

1531 2505 2355 2627 ADMONITIO

820 2728 930 2791 AD
969 2729 1600 2793 APOLOGETICUM
1646 2731 2049 2795 LIBELLUM
2095 2734 2158 2794 S.
2209 2734 2596 2796 PAMPHILI
2642 2734 3061 2801 MARTYRIS

1632 2834 1791 2895 PRO
1834 2832 2211 2896 ORIGENE.

1900 3006 1973 3025 —

367 3156 410 3217 ι.
445 3160 562 3217 Sub
590 3160 749 3217 linem
778 3161 903 3215 anni
936 3160 1109 3230 quinti
1143 3170 1429 3218 commota:
1460 3178 1489 3216 a
1540 3164 1874 3219 Diocletiano

1988 3165 2088 3238 Γὴν
2128 3165 2187 3219 δὲ
2228 3163 2369 3238 ὑπὲρ
2427 3164 2734 3237 Ὠριγένους
2760 3161 3134 3235 Ἀπολογίαν,
3170 3163 3246 3230 ὡς
3286 3164 3517 3240 ἔφημεν,
3548 3168 3579 3227 ὁ

278 3257 625 3325 imperatore
668 3253 933 3309 adversus
982 3253 1287 3310 Ecclesiam
1341 3255 1777 3323 persecutionis,
1824 3256 1878 3310 id

273 3359 373 3403 cst
404 3348 606 3403 Christi
639 3347 764 3411 307,
808 3348 1143 3418 Pamphilus,
1182 3347 1400 3402 natione
1432 3346 1687 3413 Phoenix,
1717 3350 1879 3405 domo

275 3437 565 3508 Berytius,
620 3438 807 3502 Pierii,
854 3447 915 3491 ut
963 3436 1158 3492 scribit
1203 3434 1457 3501 Pbotius,
1496 3438 1880 3495 Alexandrina:

274 3529 552 3585 Ecclesiae
589 3530 892 3599 presbyteri
932 3529 1253 3601 discipulus,
1291 3528 1382 3598 qui
1419 3538 1531 3583 tum
1582 3530 1729 3586 inter
1757 3528 1877 3587 Ca:-

274 3623 558 3685 sarieusis
589 3622 842 3678 Ecclesiae
886 3622 1239 3694 presbyteros
1271 3622 1566 3688 eminebat,
1601 3632 1793 3693 captus
1824 3632 1881 3678 et

276 3715 347 3771 in
375 3730 655 3770 carcerem
691 3715 991 3784 conjectus.
1037 3715 1246 3772 biennii
1284 3717 1517 3788 spatium
1550 3716 1606 3772 in
1653 3716 1880 3773 vinculis

272 3807 491 3876 exegit.
528 3808 604 3862 Eo
651 3818 894 3879 tempore
925 3807 1192 3865 Eusebius
1228 3811 1461 3865 amicum
1495 3818 1549 3865 et
1582 3810 1877 3866 contuber-

273 3904 469 3961 nalem
508 3918 670 3957 suum
719 3903 958 3958 invisens
1010 3903 1253 3967 assidue,
1294 3919 1390 3959 seu
1440 3904 1719 3959 communi
1749 3918 1876 3959 cum

271 4011 353 4052 eo
377 4007 605 4049 carcere
636 3992 895 4055 inclusus,
946 4002 1000 4046 ut
1031 3993 1108 4046 ait
1145 3992 1385 4057 Photius,
1425 3996 1665 4065 quinque
1704 3994 1878 4051 libros

274 4086 628 4158 Defensiunis
700 4083 946 4155 Origem's
1002 4086 1053 4138 in
1108 4101 1333 4141 carcere
1396 4102 1500 4140 una
1564 4102 1689 4142 cum
1747 4086 1875 4154 illo,

273 4191 505 4239 sextum
562 4194 690 4233 vero
732 4188 789 4233 et
848 4178 1096 4231 ultimum
1145 4177 1388 4248 ejusdem
1436 4180 1617 4246 operis
1677 4179 1876 4233 librum

274 4282 509 4329 mortuo
553 4272 767 4325 deinnm
820 4270 1056 4326 absolvit
1107 4269 1420 4340 Pamphilo.
1493 4268 1689 4325 Totum
1740 4285 1876 4341 opus

273 4363 695 4419 confessoribus
731 4363 797 4415 ad
843 4362 1060 4417 metalla
1101 4360 1404 4416 Palaestina:
1454 4362 1776 4433 degentibus
1807 4364 1875 4419 ab

276 4454 527 4511 Eusebio
554 4464 609 4507 et
647 4452 927 4523 Pamphilo
982 4463 1353 4523 nuncupatum
1378 4462 1483 4519 est,
1515 4457 1875 4522 quemadmo-

1984 3257 2271 3328 Πάμφιλος
2327 3259 2424 3312 σὺν
2477 3254 2723 3327 Εὐσεϐίῳ
2750 3255 3149 3329 καθειργμένος
3186 3256 3265 3328 τῷ
3314 3259 3577 3330 οἰκήματι

1985 3349 2401 3421 συνεγράψατο,
2462 3348 2558 3402 καὶ
2616 3348 2823 3419 ταύτην
2874 3347 3012 3420 πρὸς
3069 3350 3195 3413 τοὺς
3249 3349 3308 3403 ὲν
3373 3349 3575 3421 μετάλ-

1982 3442 2096 3507 λοις
2127 3442 2214 3496 διὰ
2252 3440 2485 3514 Χριστὸν
2514 3436 3065 3513 ταλαιπωρουμένους
3089 3424 3457 3513 διεπέμψατοο
3497 3435 3576 3498 ὧν

1979 3530 2049 3607 ἦν
2076 3534 2138 3588 τὸ
2171 3534 2500 3606 ἀκροθίνιον,
2556 3529 2988 3605 Πατερμούθιος,
3039 3533 3069 3586 ὁ
3095 3533 3234 3605 μετὰ
3263 3532 3438 3606 βραχὺ
3471 3534 3575 3606 τῆς

1982 3627 2270 3700 Παμφίλου
2305 3626 2647 3690 ἀναλύσεως,
2690 3625 2780 3680 διὰ
2808 3623 2980 3696 πυρὸς
3007 3626 3103 3678 καὶ
3128 3624 3291 3690 αὐτὸς
3322 3628 3419 3681 σὺν
3452 3625 3574 3679 ἑτέ-

1984 3738 2101 3793 ροις
2127 3719 2218 3774 τὸν
2268 3718 2381 3791 βίον
2417 3713 2743 3783 τελειωθείς.
2786 3737 2803 3770 ι
2843 3717 2972 3785 Ejus
3019 3731 3186 3788 porro
3233 3717 3573 3789 Apologiam,

1981 3823 2041 3868 ut
2069 3813 2329 3877 diximus,
2364 3810 2680 3878 Pamphilus
2711 3826 2816 3865 una
2856 3825 2980 3864 cum
3013 3809 3264 3875 Eusebio,
3295 3810 3573 3866 communi

1984 3921 2210 3962 carcere
2247 3904 2445 3961 inclusi
2479 3903 2946 3973 conscripserunt,
2979 3901 3338 3971 eamdemque
3365 3901 3434 3957 ad
3473 3918 3571 3958 eos

1982 3998 2072 4070 qui
2108 4014 2205 4069 pro
2230 3997 2432 4053 Christi
2465 3997 2684 4052 nomine
2713 3996 2779 4049 ad
2827 3995 3044 4051 metalla
3072 3996 3311 4050 damnati
3344 4010 3573 4052 exerce-

1980 4090 2203 4155 bantur,
2254 4087 2613 4144 consolationi
2668 4087 2968 4154 miserunt;
3034 4100 3266 4156 quorum
3315 4086 3570 4156 princeps

1981 4186 2103 4234 erat
2148 4176 2580 4242 Patermuthius,
2631 4175 2725 4247 qui
2754 4184 2878 4245 post
2920 4173 3185 4243 Pamphili
3215 4190 3311 4245 per
3363 4186 3573 4247 marty-

1983 4265 2123 4319 rium
2196 4264 2641 4335 emigrationem,
2720 4263 2873 4319 brevi
2942 4263 3232 4335 interjecto
3300 4275 3566 4335 tempore,

1980 4355 2216 4411 ﬂammis
2254 4366 2309 4411 et
2342 4357 2456 4425 ipse
2504 4369 2628 4411 cum
2661 4354 2786 4410 aliis
2819 4354 2929 4409 vita
2968 4354 3154 4425 pulsus
3198 4364 3301 4410 est.
3339 4373 3359 4408 ι
3393 4354 3569 4427 Hujus

1981 4447 2253 4517 Apologia:
2292 4446 2554 4502 Eusebius
2598 4446 2693 4501 lib.
2730 4460 2783 4501 Vl
2815 4444 2958 4501 Hist.
3011 4445 3165 4511 σταίη
3215 4462 3339 4516 cap.
3371 4447 3463 4513 53,
3490 4448 3569 4502 sic

277 4548 412 4603 dum
440 4546 634 4601 scribit
683 4546 819 4599 idem
855 4543 1079 4599 Photius
1114 4542 1421 4597 Bibliolltec.
1470 4545 1658 4598 codice
1707 4558 1874 4597 cxvm

1988 4541 2231 4596 meminit
2271 4557 2286 4595 :
2323 4541 2465 4594 Ὅσα
2516 4540 2573 4593 δὲ
2608 4541 2878 4608 ἀναγκαῖα
2906 4538 3014 4592 τῶν
3038 4539 3167 4611 περὶ
3196 4539 3361 4593 αὑτὸν
3390 4538 3571 4612 (Ὠρι-

276 4639 371 4695 his
398 4637 583 4692 verbis
615 4653 630 4689 :
672 4634 1008 4706 ’Λνιγνὼσθη
1040 4632 1327 4705 Παμφίλου
1353 4633 1447 4687 τοῦ
1479 4633 1756 4705 μάρτυρος
1783 4634 1876 4687 καὶ

275 4730 551 4786 Εὐσεδίου
599 4726 740 4800 ὑπὲρ
776 4728 1102 4799 Ὠριγένους⁶
1137 4726 1293 4797 τόμοι
1341 4727 1397 4780 δὲ
1443 4725 1503 4779 τὸ
1538 4725 1739 4797 βιϐλίον
1793 4725 1873 4793 ἒξ,

273 4817 353 4879 ὧν
378 4826 430 4878 οἱ
463 4824 566 4895 μὲν
600 4820 784 4884 πέντε,
819 4819 1089 4891 Παμφίλῳ
1111 4816 1172 4871 τὸ
1201 4819 1577 4889 δεσμωτήριον
1602 4815 1872 4880 οἰκοῦντι,

277 4916 671 4989 συμπαρόντος
727 4916 823 4968 καὶ
886 4912 1170 4972 Εὐσεὸίου,
1231 4910 1671 4981 ὲξεπονήθησανο
1723 4912 1752 4962 ὁ
1817 4908 1876 4963 δὲ

274 5012 463 5073 ἕκτος,
505 5009 630 5062 ἐπεὶ
661 5010 689 5061 ὀ
740 5006 950 5078 μάρτυς
985 5004 1127 5073 ξίψει
1153 5002 1248 5056 τοῦ
1300 5001 1397 5074 ζῇν
1436 5001 1725 5072 ἀπαχθεὶς,
1783 5001 1876 5054 ἀνο

275 5104 443 5159 ἑλυσε
496 5098 637 5173 πρὸς
673 5100 731 5154 ὃν
763 5098 946 5153 ἐπόθει
991 5093 1143 5162 Θεὸν,
1194 5094 1440 5166 Εὑσεὸίῳ
1476 5093 1663 5149 λοιπὸν
1695 5095 1878 5165 ἀπαρ-

275 5197 516 5262 τίζεται.
552 5213 571 5247 α
616 5193 763 5248 Lecti
793 5200 923 5246 sunt
968 5189 1236 5260 Pamphili
1282 5187 1543 5259 martyris
1577 5198 1630 5242 et
1660 5185 1877 5241 Eusebii

279 5302 386 5357 pro
419 5285 656 5354 Origene
690 5283 810 5338 libri
839 5297 958 5346 sex,
986 5296 1217 5351 quorum
1251 5280 1492 5350 quinque
1515 5288 1641 5334 sunt
1663 5295 1691 5333 a
1713 5279 1877 5334 Pam-

279 5378 439 5450 philo
473 5378 529 5433 in
573 5392 816 5439 carcere,
869 5383 1136 5443 praesente
1180 5373 1344 5429 etiam
1395 5370 1656 5433 Eusebio,
1687 5371 1875 5425 elabo-

280 5472 393 5527 rati
430 5485 446 5523 :
479 5478 668 5526 sextus
699 5483 827 5524 vero
855 5477 1142 5538 postquam
1183 5464 1294 5534 jam
1328 5476 1537 5535 martyr
1579 5463 1724 5518 ferro
1763 5463 1875 5532 pri-

281 5573 451 5617 vatus
478 5562 614 5625 vita.
664 5562 731 5616 ad
773 5561 933 5615 unice
963 5558 1331 5615 desideratum
1375 5557 1541 5612 Deum
1588 5557 1871 5627 migrarat,

281 5655 360 5711 ab
388 5653 623 5709 Eusebio
667 5662 752 5708 est
785 5650 1087 5708 absolutus.
1128 5670 1147 5705 ι
1191 5651 1261 5707 Et
1287 5650 1474 5723 paucis
1520 5647 1823 5719 interjcctis
1857 5663 1870 5700 :

305 5835 355 5868 ⁸⁸
381 5832 529 5891 Psai.
560 5848 668 5899 civ,
700 5830 786 5890 l7.
862 5831 907 5863 "
939 5824 1037 5886 Job
1067 5846 1159 5896 ιιι,
1187 5830 1271 5887 19.

491 5928 763 5987 Ριιί-ιιοι..
813 5927 929 5987 Gtt.
981 5924 1180 5986 XVII.

1979 4632 2165 4706 γένην)
2218 4634 2508 4704 διαγνῶναι
2534 4630 2625 4705 ἦν,
2654 4634 2828 4687 ταῦτα
2855 4634 2950 4686 καὶ
2978 4634 3043 4687 ἐκ
3083 4633 3181 4704 τῆς
3229 4633 3371 4704 ὑπὲρ
3402 4631 3569 4687 αὑτοῦ

1981 4724 2365 4799 πεπονημένης
2390 4728 2521 4799 ἡμῖν
2543 4743 2604 4779 τε
2638 4723 2732 4779 καὶ
2761 4724 2839 4797 τῷ
2864 4725 2986 4779 καθ’
3016 4725 3164 4796 ἡμᾶς
3198 4723 3331 4795 ἱερῷ
3362 4724 3569 4795 μάρτυ-

1981 4834 2035 4888 ρι
2091 4816 2361 4888 Παμφίλῳ
2420 4817 2794 4886 Ἀπολογίας,
2849 4815 3114 4887 πάρεστιν
3167 4814 3564 4881 ἀναλέξασθαιο

1978 4908 2044 4978 ἣν
2080 4908 2188 4960 τῶν
2226 4907 2506 4977 φιλαιτίων
2531 4908 2693 4961 ἕνεκα
2723 4909 3168 4980 συμπανήσαντες
3184 4907 3458 4978 ἀλλήλοις,
3480 4906 3569 4961 διὰ

1982 4998 2216 5069 σπουδῆς
2243 4999 2611 5069 πεποιήμεθα.
2652 5017 2670 5051 ι
2704 4998 3049 5068 ρυωοιιιιτιυθ
3075 5012 3206 5053 vero
3230 5011 3455 5053 necesse
3481 5007 3567 5052 est

1983 5090 2050 5143 de
2092 5089 2183 5144 illo
2217 5088 2499 5160 (Origene)
2546 5105 2863 5161 agnoscere,
2916 5104 2979 5145 ea
3036 5090 3144 5160 peti
3209 5098 3439 5157 possunt
3490 5106 3565 5144 ex

1983 5180 2320 5251 Apologetico
2378 5183 2472 5251 qni
2526 5198 2556 5235 a
2611 5181 2768 5237 nobis
2820 5189 2877 5235 et
2924 5195 2955 5235 υ
2997 5187 3349 5235 sacrosancto
3389 5181 3564 5234 nostri

1988 5275 2250 5342 temporis
2307 5284 2548 5346 martyre
2586 5272 2874 5344 Pamphilo
2919 5287 3024 5344 pro
3070 5272 3215 5327 illius
3253 5270 3567 5327 defensione

1986 5367 2328 5437 conscriptus
2360 5377 2479 5434 est;
2531 5382 2691 5436 quem
2728 5366 2945 5437 quidem
2992 5379 3094 5420 nos
3133 5374 3358 5436 propter
3401 5364 3568 5420 Inuio-

1982 5459 2135 5513 volos
2167 5461 2429 5528 quosdam
2457 5460 2855 5515 obtrectatores
2878 5459 3159 5514 communi
3187 5457 3371 5514 studio
3398 5467 3567 5529 atque

1981 5566 2144 5622 opera
2174 5551 2403 5620 junctim
2443 5552 2866 5609 elaboravimus.
2921 5571 2940 5605 ι
2998 5552 3258 5609 Socrates
3302 5552 3434 5605 item
3465 5550 3565 5605 lib.

1983 5660 2040 5701 ιιι
2094 5640 2234 5699 Hist.
2269 5644 2478 5712 accisa"
2528 5660 2651 5717 cap.
2697 5643 2730 5698 7
2772 5661 2787 5701 :
2846 5643 3129 5716 Ὠριγένης
3174 5642 3234 5698 δὲ
3286 5638 3567 5717 πανταχοῦ

3176 5910 3254 5972 17
