3942 6576
362 482 367 487 .
440 410 543 469 5‘25
1645 412 1703 468 s.
1747 409 2071 467 PAMPHILI
2111 408 2477 468 MAttTvtus
3494 436 3499 441 .
3558 423 3642 485 5,,

440 533 538 602 μ’ὲν
570 534 770 609 ἐντοῖς
825 532 1141 606 φερομένοις
1194 533 1357 588 αὑτοῦ
1396 534 1621 605 βιϐλίοις
1654 534 1895 607 ἔμψυχον
1925 534 1980 589 τὸ

2084 577 2091 595 ,
2120 535 2383 597 exercuit,
2420 533 2621 596 nullam
2652 532 2708 587 in
2744 546 2843 589 suo
2869 531 3128 605 Catalogo
3158 533 3379 590 virorum
3405 537 3643 599 illustrium

436 618 931 698 ὲνανθρωπήσαντα
964 622 1099 679 οἶδεν
1127 644 1139 656 ·
1192 626 1374 691 ίδικῶς
1418 626 1475 680 δὲ
1516 630 1545 681 ό
1596 630 1683 693 είς
1705 627 1822 695 τὴν
1847 627 1980 680 rem

2128 626 2458 680 mentionem
2489 626 2632 679 fecit.

434 732 540 771 σιν
560 715 709 788 αὑτῷ
734 717 1107 788 πεπονημένος
1136 718 1355 783 ἔννατος
1377 719 1560 791 τόμος,
1592 718 1655 772 τὸ
1679 720 1807 790 περὶ¹
1832 720 1980 774 τούτο

2198 717 2258 771 ll.
2292 719 2450 772 Anno
2497 718 2704 773 Christi
2757 717 2883 783 597,
2919 716 3173 783 Ruﬁnus,
3226 734 3258 773 e
3307 719 3557 777 Palicstina
3600 728 3642 780 in

437 804 733 875 μυστήριον
788 804 1152 877 ἐφανέρωσεν,
1196 806 1325 861 ἔνθα
1393 808 1563 879 Ἀδὰμ
1618 808 1716 878 μὲν
1747 808 1838 862 τὸν
1891 810 1976 881 Χρ

2125 806 2331 862 Italiam
2360 824 2389 862 a
2439 819 2633 863 sancto
2664 806 3004 871 Ch‘romatio,
3036 808 3391 878 Aquileiensis
3432 814 3645 872 Ecclesia:

433 896 576 961 στὸν,
613 897 758 952 Εὕαν
783 897 977 969 δὲ,τὴν
1008 898 1333 970 Ἐκκλησίαν
1366 897 1502 954 εἶναι
1529 900 1861 974 πλατύτερον
1894 920 1980 957 και

2121 901 2398 971 episeopo,
2440 911 2719 966 evocatus,
2757 903 2846 957 ubi
2890 903 3120 958 Romam
3177 903 3405 969 advenit,
3449 909 3643 975 primum

430 984 724 1042 εσκεύασε·
784 990 1062 1062 μάρτυρες
1114 990 1319 1046 τούτων
1368 992 1689 1059 ἀξιόπιστοι,
1734 994 1843 1048 ὅτε
1878 996 1980 1066 ίερὲ

2123 992 2282 1061 hujus
2312 993 2580 1064 Apologia:
2642 994 2839 1049 librum
2891 995 3087 1050 Latine
3136 995 3320 1058 vertit.
3353 999 3522 1052 et'sub
3550 1001 3644 1058 solo

428 1080 734 1150 Πάμφιλος,
790 1083 881 1136 καὶ
926 1083 955 1134 ό
995 1081 1056 1147 ἐξ
1108 1084 1273 1137 αὐτοῦ
1301 1085 1657 1157 χρηματίζων
1713 1086 1975 1153 Εὐσέϐιος

2120 1085 2375 1155 martyris
2420 1085 2686 1155 Pamphili
2741 1088 2962 1142 nomine
3014 1086 3328 1157 publicavit.
3368 1089 3469 1145 Cur
3495 1100 3643 1147 autem

427 1172 594 1243 ἄμφω
627 1173 737 1246 γὰρ
766 1179 919 1247 κοινῇ
949 1176 1040 1229 τὸν
1082 1176 1389 1248 Ὠριγένους
1416 1179 1839 1250 παρατιθέμενοι
1880 1180 1980 1251 βίοι

2122 1175 2172 1230 id
2202 1176 2384 1245 operis
2406 1191 2697 1246 aggressus
2724 1177 2815 1241 sit,
2844 1177 2923 1232 sic
2948 1178 3062 1248 ipse
3092 1178 3317 1247 exponit
3339 1178 3425 1233 lib.
3452 1196 3466 1234 ι
3492 1182 3646 1236 adver-

426 1263 521 1316 καὶ
553 1263 690 1334 πρὸς
728 1265 852 1328 τοὺς
896 1266 961 1318 ὲκ
1015 1264 1338 1336 προλήψεως
1364 1265 1842 1337 ἀπεχθανομένους
1878 1265 1980 1337 πρῆ

2115 1282 2205 1319 sua
2240 1264 2622 1337 Hieronymum
2646 1282 2665 1320 :
2693 1285 2711 1318 ι
2743 1264 2841 1321 Vir
2873 1268 2996 1334 ﬁde,
3029 1269 3353 1333 eruditione,
3383 1269 3644 1336 nobilitate,

426 1354 516 1408 τὸν
549 1356 721 1428 ἄνδρα
759 1356 1129 1421 ἀπαντῶντες,
1183 1356 1413 1421 ἐνδόξοις
1461 1356 1686 1427 βιϐλίοις
1718 1358 1980 1427 ἀπολογία

2114 1357 2221 1410 vita
2252 1356 2435 1411 clarus
2461 1357 2731 1414 Macarius
2768 1374 2889 1414 cum
2937 1359 3194 1428 opuscula
3228 1360 3474 1416 adversus
3503 1362 3645 1418 fatum

426 1447 567 1519 ὑπὲρ
617 1447 781 1501 αὐτοῦ
827 1447 1160 1519 ποιούμενοι,
1207 1449 1268 1500 οὐ
1324 1448 1540 1518 πρῶτον
1587 1450 1869 1521 Ὠριγὲνην
1916 1450 2012 1504 ἐπὶ

422 1540 627 1612 ταύτην
651 1540 749 1612 τὴν
776 1541 1159 1613 πραγματείαν
1190 1543 1364 1599 ἐλθεῖν
1402 1560 1587 1614 φασιν,
1621 1544 1758 1600 ἀλλά
1782 1545 1881 1617 τὴν
1910 1548 2011 1618 τῆς

433 1631 761 1703 Ἐκκλησίας
803 1632 1074 1704 μυστικὴν
1104 1634 1436 1706 ἑρμηνεῦσαι
1463 1635 1779 1708 παράδοσιν.
1823 1655 1841 1688 t
1880 1637 2006 1693 Ori-

421 1736 586 1806 gentes
633 1737 849 1793 quoque
897 1723 954 1779 in
1009 1726 1267 1781 omnibus
1317 1724 1474 1780 libris
1526 1726 1662 1792 suis,
1728 1726 2005 1782 Christum

423 1815 697 1869 hominem
740 1815 942 1871 factum
990 1816 1172 1871 anima
1227 1818 1510 1888 prteditum
1551 1834 1672 1875 esse
1707 1820 2000 1888 agnoscit:

2112 1447 2196 1503 vel
2229 1448 2509 1504 mathesim
2547 1450 2773 1505 haberet
2811 1450 2864 1507 in
2918 1451 3193 1516 manibus,
3255 1466 3422 1521 eaque
3450 1454 3554 1508 utili
3601 1464 3648 1509 et

2113 1543 2521 1610 pernecessario
2570 1544 2768 1598 sudore
2823 1554 3177 1613 componeret
3228 1562 3243 1599 :
3296 1545 3346 1599 in
3397 1545 3647 1612 aliquantis

2109 1647 2259 1700 vero,
2286 1634 2412 1702 quia
2445 1642 2566 1690 erat
2596 1633 2926 1705 purdiﬂicilis
2960 1638 3212 1701 materia,
3241 1637 3310 1693 de
3339 1638 3521 1693 divina:
3543 1638 3649 1694 Pro-

2107 1725 2361 1781 videntiae
2412 1726 2911 1798 dispensationibus
2954 1728 3256 1796 haesitaret,
3312 1744 3406 1798 per
3432 1744 3647 1800 soporem

2108 1817 2210 1871 sibi
2243 1833 2271 1870 a
2302 1817 2531 1873 Domino
2561 1818 2665 1873 tale
2694 1819 2896 1889 aliquid
2922 1820 3142 1875 dicebat
3172 1830 3447 1876 ostensum
3475 1838 3488 1875 :
3527 1823 3648 1891 quod

422 1906 514 1961 sed
550 1907 859 1977 specialiter
886 1908 937 1962 in
970 1924 1113 1963 nono
1144 1918 1291 1965 tomo
1328 1910 1842 1965 Commentariorum
1868 1927 2004 1982 quos
2038 1884 2089 1993 Β,
2110 1905 2262 1959 navis
2290 1907 2340 1961 ei
2373 1908 2619 1977 quaedam
2656 1909 3124 1966 demonstraretur
3151 1913 3366 1966 eminus
3394 1912 3649 1967 adventare

420 1999 645 2069 scripsit
673 2001 730 2053 in
768 1996 1034 2065 Genesim,
1072 2002 1234 2072 hujus
1289 2004 1367 2058 rei
1405 2013 1804 2059 sacramentum
1837 2021 2004 2076 expo-

419 2089 498 2142 nit
530 2103 545 2142 :
577 2105 685 2158 quo
726 2089 844 2146 loco
882 2091 1148 2146 Adamum
1189 2092 1406 2161 quidem
1439 2093 1663 2157 Christi,
1717 2094 1885 2150 Evam
1913 2110 2004 2150 au-

419 2193 523 2236 tem
551 2180 806 2236 Ecclesia:
835 2190 1021 2253 typum
1050 2197 1239 2255 gerere
1263 2184 1510 2253 pluribus
1532 2186 1710 2241 verbis
1738 2188 1997 2242 asseruit.

415 2256 583 2340 Hujus
611 2272 688 2326 rei
724 2281 888 2327 testes
942 2283 1070 2328 sunt
1111 2273 1523 2344 locupletissimi
1579 2276 1639 2332 S.
1681 2274 1998 2347 Pamphilus

412 2374 488 2432 et,
515 2364 605 2433 qui
633 2366 702 2419 ab
743 2364 835 2420 illo
874 2380 1071 2421 nomen
1110 2367 1297 2433 traxit,
1327 2366 1614 2423 Eusebius.
1644 2369 1820 2425 Ambo
1851 2372 1995 2426 enim

411 2468 533 2510 cum
568 2454 729 2509 simul
761 2456 935 2525 juncti
973 2456 1138 2511 vitam
1188 2455 1438 2527 Origenis
1470 2459 1904 2527 conscriberent,
1942 2471 1997 2516 et

413 2554 481 2609 iis
503 2554 595 2624 qui
633 2569 701 2608 ex
735 2556 1030 2625 anticipata
1086 2555 1322 2624 quadam
1359 2558 1618 2627 opinione
1662 2573 1785 2614 eum
1831 2575 1994 2616 aver-

410 2648 691 2709 sabantur,
724 2647 1134 2716 responderent,
1165 2647 1218 2702 in
1246 2648 1523 2717 przeclaris
1556 2650 1664 2705 illis
1688 2650 1838 2706 libris
1857 2668 1994 2722 quos

410 2754 509 2808 pro
555 2740 672 2810 ejus
714 2740 1028 2795 defensione
1069 2739 1494 2806 elucubrarunt,
1542 2741 1829 2813 Origenem
1880 2760 1990 2800 non

409 2835 642 2902 primum
692 2836 744 2889 in
781 2836 882 2891 hoc
922 2845 1239 2907 argumento
1274 2846 1552 2892 versatum
1616 2854 1736 2894 esse
1781 2839 1988 2906 dicunt,

407 2928 501 2982 sed
529 2927 814 2999 mysticam
844 2929 1101 2984 Ecclesia:
1130 2928 1477 2985 traditionem
1509 2946 1628 2986 esse
1658 2931 1990 3000 interpreta-

412 3034 544 3075 tum.
578 3041 597 3074 ι
634 3021 919 3076 Socratem
948 3023 1194 3094 sequitur
1226 3023 1567 3094 Nieephorus
1599 3024 1853 3081 Callistus
1890 3026 1985 3082 lib.

408 3132 463 3179 χ,
495 3130 616 3185 cap.
663 3115 753 3170 14.
798 3116 1117 3186 Anonymus
1167 3127 1382 3183 auctor,
1429 3119 1522 3189 qui
1578 3130 1730 3173 sexto
1790 3120 1987 3175 saeculo

403 3205 661 3276 epistolas
689 3206 979 3279 synodicas
1033 3222 1062 3261 a
1097 3206 1163 3264 R.
1200 3207 1257 3262 Ρ.
1288 3206 1440 3278 Lupo
1468 3208 1639 3263 editas
1662 3208 1899 3279 collegit,
1930 3211 1983 3264 in
2014 3238 2056 3295 ο

403 3300 516 3353 suis
545 3300 611 3353 ad
642 3300 927 3369 epistolam
975 3299 1078 3355 198
1110 3300 1591 3356 observationibus
1624 3301 1787 3371 hujus
1818 3303 1981 3357 etiam

400 3396 482 3449 sic
517 3395 799 3449 meminit:
836 3413 855 3445 ι
904 3395 1171 3450 Eusebius
1212 3396 1262 3449 in
1305 3409 1470 3466 Opere
1503 3395 1842 3465 apologetico
1884 3412 1986 3465 pro

399 3487 633 3558 Origene
660 3496 714 3542 et
736 3487 1078 3557 dogmatibus
1096 3487 1234 3556 ejus,
1264 3488 1315 3542 id
1340 3499 1444 3555 est,
1467 3503 1562 3557 pro
1596 3490 1983 3558 praeexsisten-

403 3580 478 3633 tia
530 3587 587 3632 et
641 3578 985 3634 restitutione
1038 3578 1365 3647 composito,
1417 3581 1562 3648 quod
1618 3582 1873 3652 martyris
1930 3594 1983 3636 et

403 3670 569 3738 ipsius
608 3668 824 3724 Eusebii
866 3669 1216 3725 Caesariensis
1269 3671 1576 3726 nominibus
1621 3682 1978 3741 praenotatur,

401 3761 585 3816 multis
614 3761 769 3817 valde
798 3762 1215 3831 praecedentium
1240 3761 1464 3818 Patrum
1496 3765 1825 3820 testimoniis
1851 3782 1981 3822 usus

397 3864 481 3907 est
515 3869 612 3923 pro
643 3854 915 3921 prtedictis
952 3855 1250 3911 erroribus.
1294 3874 1312 3907 ι
1347 3855 1501 3922 Quod
1548 3866 1727 3912 autem
1761 3859 1837 3914 ait
1872 3859 1980 3913 Eu-

395 3946 578 4001 sebius
606 3947 744 4001 hanc
767 3961 797 4000 a
819 3961 877 4002 se
900 3958 955 4001 et
983 3963 1011 4000 a
1040 3938 1280 4019 martyre
1304 3947 1586 4020 Pamphilo
1612 3942 1977 4020 Defensionem

395 4036 638 4107 Origunis
686 4038 851 4094 fuisse
900 4039 1271 4111 conscriptam
1326 4059 1345 4094 ι
1405 4050 1626 4111 propter
1682 4042 1977 4099 malevolus

392 4130 655 4191 quosdam
686 4132 1105 4196 obtrectatores,
1141 4149 1161 4185 ι
1199 4132 1341 4187 haud
1387 4134 1503 4189 scio
1539 4150 1604 4187 an
1640 4149 1747 4189 non
1784 4136 1973 4205 praeci-

394 4237 497 4289 pue
532 4223 785 4292 respiciat
829 4222 1179 4292 Methodiutn,
1208 4225 1417 4295 Olympi
1454 4226 1507 4280 in
1564 4224 1729 4297 Lycia
1757 4228 1974 4297 episco-

390 4330 540 4384 pum,
576 4316 667 4386 qui
711 4327 822 4386 tutn
865 4317 1173 4372 eruditione
1218 4317 1612 4374 celeberrimus
1655 4330 1795 4374 erat.
1837 4319 1971 4374 Nam

394 4384 1068 4477 tjEttsebittstsariensis
1101 4409 1387 4479 episcopus
1412 4428 1431 4461 ι
1466 4410 1657 4480 (verba
1685 4423 1813 4467 sunt
1844 4412 1971 4467 Hie-

390 4499 600 4570 ronymi
634 4499 729 4555 lib.
758 4515 774 4552 ι
803 4499 1072 4569 Apologia
1104 4500 1356 4555 adversus
1390 4499 1667 4573 Ruﬁnum)
1707 4502 1760 4557 in
1813 4514 1969 4557 sexto

2107 2011 2203 2066 per
2246 1998 2491 2068 pelagus,
2546 2014 2669 2069 quae
2729 2016 2854 2057 cum
2905 2011 3119 2070 portum
3164 2002 3361 2057 fuisset
3413 2002 3650 2072 ingressa,

2102 2091 2276 2144 nodos
2301 2106 2412 2145 sua:
2442 2091 2801 2148 haesitationis
2827 2095 3155 2149 absolveret.
3190 2095 3495 2165 Exsurgens
3518 2109 3646 2159 vero,

2103 2196 2223 2234 cum
2254 2180 2322 2236 de
2352 2180 2471 2236 visu
2520 2182 2788 2240 sollicitus
2824 2186 3113 2254 cogitaret,
3159 2200 3259 2240 nos
3308 2185 3651 2255 supervenisse

2100 2272 2281 2327 aiebat
2304 2273 2358 2328 in
2387 2282 2660 2345 tempore:
2690 2277 2889 2346 quibus
2912 2279 3172 2332 continuo
3194 2288 3247 2333 et
3277 2277 3526 2347 opuscula
3548 2291 3651 2342 sua,

2099 2376 2154 2421 et.
2201 2367 2610 2438 ambiguitatem
2657 2369 2939 2435 indicavit,
2991 2380 3046 2426 et
3088 2371 3290 2423 visum.
3340 2369 3472 2436 Quid
3513 2381 3654 2436 porro

2098 2461 2378 2529 Origenes,
2404 2476 2563 2530 quem
2600 2462 3044 2531 opinatissimum
3072 2462 3213 2533 apud
3244 2461 3461 2517 Grarcos
3493 2458 3653 2514 audieo

2101 2562 2204 2617 rat,
2244 2552 2475 2608 sentiret
2512 2553 2579 2609 de
2631 2555 2828 2609 talibus
2870 2564 3283 2625 percunctatur,
3337 2556 3653 2624 breviterque

2095 2645 2197 2699 sibi
2256 2638 2371 2713 ejus
2428 2646 2495 2701 de
2557 2647 2788 2718 singulis
2842 2648 3150 2719 quibusque
3196 2650 3494 2705 sententias
3549 2656 3653 2703 orat

2093 2739 2312 2807 exponi.
2342 2738 2453 2810 Ego
2504 2755 2617 2795 rem
2674 2741 2912 2808 primum
2944 2742 3192 2797 dicebam
3231 2742 3378 2798 factu
3405 2758 3518 2798 esse
3540 2739 3653 2797 diﬁic

2093 2830 2285 2895 cilem;
2337 2843 2583 2886 sanctum
2621 2843 2798 2888 tamen
2836 2835 3177 2905 Pamphilum
3214 2846 3508 2908 martyrem
3556 2832 3652 2887 dixi

2092 2925 2325 2991 quadam
2367 2940 2431 2978 ex
2474 2933 2626 2993 parte
2659 2925 2767 2979 tale
2811 2926 3017 2995 aliquid
3054 2928 3236 2996 operis
3285 2927 3654 2997 conscripsisse

2092 3013 2145 3068 in
2181 3015 2519 3085 Apologetico
2554 3032 2672 3071 suo.
2706 3016 2980 3073 Continuo
3022 3019 3072 3072 id
3104 3019 3205 3075 sibi
3236 3021 3414 3088 poscit
3445 3020 3494 3072 in
3520 3017 3653 3072 Lati-

2092 3123 2218 3159 num
2258 3108 2415 3162 verti.
2457 3108 2669 3163 Nullum
2695 3109 2941 3163 dicebam
2998 3126 3083 3165 me
3116 3126 3272 3165 usum
3303 3108 3652 3180 hujuscemodi

2090 3199 2271 3267 operis
2299 3200 2571 3266 habuisse,
2597 3210 2649 3255 et
2675 3203 2741 3257 ad
2774 3201 3025 3256 Latinum
3050 3218 3362 3260 sermonem
3395 3202 3652 3258 tricennali

2088 3291 2197 3359 jam
2233 3306 2369 3360 pene
2399 3293 2608 3348 incuria
2648 3295 2941 3366 torpuisse.
2976 3294 3226 3351 Perstitit
3276 3306 3457 3352 tamen
3481 3295 3652 3364 depre-

2088 3398 2219 3438 cans
2246 3385 2613 3455 qualicunque
2639 3401 2897 3442 sermone
2928 3388 3178 3442 noﬁtiam
3202 3389 3308 3444 sibi
3346 3398 3547 3443 tantum
3568 3402 3651 3441 eo-

2088 3491 2205 3529 rum
2240 3492 2359 3547 quae
2408 3479 2681 3546 cupiebat,
2714 3479 2950 3534 ostendi.
3008 3480 3254 3551 Cumque
3311 3483 3363 3537 id
3392 3496 3495 3552 quo
3517 3478 3650 3552 potui

2084 3583 2339 3623 sermone
2376 3568 2649 3633 fecissem,
2696 3570 2885 3638 majori
2932 3573 3203 3629 desiderio
3265 3590 3533 3631 accensus
3580 3580 3652 3628 est

2082 3661 2148 3714 ad
2186 3660 2287 3715 illa
2334 3661 2451 3731 ipsa
2503 3662 2714 3731 plenius
2758 3668 3160 3734 cognoscenda,
3203 3681 3234 3721 e
3265 3668 3468 3737 quibus
3498 3680 3651 3736 pauca

2084 3753 2171 3807 illa
2201 3767 2321 3822 quae
2371 3755 2754 3809 transtuleram
2798 3756 3126 3811 videbantur
3156 3772 3465 3830 assumpta.
3502 3760 3654 3813 Excu-

2080 3854 2291 3900 santem
2329 3861 2414 3899 me
2450 3860 2647 3916 urgere
2678 3849 3059 3905 vehementius
3099 3851 3295 3922 carpit,
3349 3863 3405 3907 et
3434 3852 3531 3907 sub
3568 3850 3650 3904 Dci

2084 3937 2390 3993 testimonio
2417 3941 2710 3994 convenire
2740 3956 2806 3995 ne
2832 3940 2933 3995 sibi
2963 3944 3029 3996 ad
3058 3957 3192 4013 Opus
3220 3944 3430 3999 bonum
3462 3959 3574 4015 qua:
3600 3957 3657 3996 se

2080 4030 2274 4086 auxilia
2318 4032 2512 4100 iuvare
2567 4042 2790 4103 possent
2843 4034 3190 4105 denegarem.
3219 4035 3474 4108 Cumque
3510 4035 3652 4089 veheo

2077 4124 2312 4180 mentius
2343 4125 2644 4193 insisteret,
2704 4134 2760 4180 et
2808 4126 3139 4182 desiderium
3192 4127 3313 4197 ejus
3366 4130 3653 4185 secundum

2078 4214 2249 4270 Deum
2274 4231 2394 4272 esse
2422 4220 2819 4288 perspicerem,
2852 4219 3101 4289 acquievi
3131 4222 3377 4287 tandem,
3411 4234 3465 4276 et
3497 4222 3653 4275 inter-

2075 4317 2319 4378 pretatus
2351 4324 2494 4367 sum.
2535 4328 2554 4361 ι
2591 4310 2660 4363 At
2685 4325 2811 4365 vero
2837 4308 3201 4381 Hierunymus
3234 4312 3333 4369 lib.
3379 4330 3442 4369 tu
3477 4314 3649 4367 aduer-

2071 4416 2160 4454 sus
2197 4399 2448 4470 Ruﬁnum
2480 4402 2559 4458 sic
2589 4402 2804 4457 deridet
2844 4402 2988 4459 hanc
3027 4402 3206 4460 Ruﬁni
3238 4407 3648 4462 narrationem:

2077 4511 2094 4544 ι
2141 4492 2185 4548 Ο
2217 4495 2519 4557 triremem,
2557 4494 2752 4565 inquit,
2782 4494 3292 4565 locupletissimam,
3321 4504 3447 4569 quae
3473 4496 3652 4555 Orien-

388 4589 526 4644 libro
574 4579 676 4659 τῆς
728 4589 1071 4659 Ἀπολογίας
1128 4589 1377 4660 Origenis
1445 4591 1546 4645 hoc
1601 4591 1742 4647 idem
1782 4592 1966 4662 objicit
1998 4596 2042 4650 ι)
2074 4585 2271 4641 talibus
2299 4596 2354 4641 et
2374 4584 2648 4657 Egyptiis
2684 4588 2960 4643 mercibus
3004 4587 3261 4644 Romanae
3291 4592 3452 4647 urbis
3486 4591 3655 4646 ditare

383 4680 657 4736 Methoiia
682 4681 935 4749 episcopo
957 4690 1011 4736 et
1044 4682 1289 4753 martyri,
1314 4682 1459 4753 quod
1499 4692 1554 4737 tu
1591 4681 1643 4737 in
1688 4683 1823 4739 meis
1853 4684 1968 4737 latt-

384 4776 542 4830 dibns
582 4772 930 4840 erit'ninaris;
962 4783 1017 4829 et
1052 4775 1186 4829 dicit
1220 4793 1234 4829 :
1276 4793 1296 4827 ι
1338 4774 1620 4842 Quomodo
1670 4792 1837 4833 ausus
1886 4787 1968 4834 est

382 4868 685 4925 Methodius
721 4884 863 4923 nunc
891 4879 1077 4924 contra
1107 4868 1397 4939 Origenem
1423 4868 1685 4935 scribere,
1727 4869 1819 4939 qui
1852 4869 1967 4925 haec

380 4974 435 5016 et
465 4964 582 5017 haec
611 4963 677 5017 de
708 4959 955 5033 Origenis
1008 4944 1223 5017 locutus
1260 4968 1343 5015 est
1391 4961 1779 5030 dogmatibus?
1817 4981 1835 5015 ι
1878 4962 1966 5018 Li-

382 5055 537 5108 brum
567 5054 645 5108 De
689 5054 1070 5109 resurrectione
1113 5054 1335 5124 scripsit
1362 5053 1666 5110 Methodius
1699 5055 1962 5112 adversus

378 5159 693 5231 Origeuem,
731 5160 957 5215 testibus
986 5158 1318 5229 Hieronymo
1348 5170 1402 5216 et
1423 5160 1727 5231 Epiphanio
1754 5179 1767 5215 :
1798 5172 1963 5230 atque

381 5255 495 5308 hinc
521 5268 684 5309 causa
715 5253 882 5308 fuisse
906 5252 1123 5307 videtur
1142 5268 1243 5308 cur
1267 5253 1536 5309 Eusebius
1561 5254 1613 5307 in
1641 5254 1754 5308 suis
1783 5252 1962 5308 Ηὶειοο

379 5355 474 5408 ria:
495 5352 867 5408 ecclesiastica:
898 5352 1055 5408 libris
1096 5352 1299 5407 nullam
1349 5352 1469 5422 ejus
1503 5352 1840 5408 mentionem
1886 5354 1962 5408 fe-

376 5458 533 5511 cerit.
566 5456 698 5511 Nam
728 5472 851 5511 eum
884 5469 1073 5510 omnes
1102 5455 1218 5511 fere
1267 5456 1669 5512 ecclesiasticos
1720 5456 1956 5525 Scripto-

381 5575 465 5614 res
489 5560 542 5614 in
574 5560 677 5615 hoc
703 5576 868 5631 opere
894 5571 1149 5617 accurate
1179 5562 1716 5628 commemoraverit,
1744 5562 1955 5617 Metho-

376 5658 522 5718 dium
551 5667 729 5713 tamen
770 5659 837 5713 de
861 5659 1126 5715 industria
1162 5662 1539 5730 praetermisit,
1566 5676 1632 5716 eo
1658 5662 1800 5730 quod
1832 5662 1958 5716 Ori-

376 5773 588 5830 genem,
624 5774 783 5830 quem
812 5759 925 5830 ipse
970 5759 1241 5829 praecipue
1294 5761 1621 5828 mirabatur,
1672 5763 1954 5831 impugna-

375 5865 561 5922 visset.
597 5865 699 5937 Sic
734 5864 1094 5936 Hieronymus
1127 5865 1332 5934 Ruﬁni,
1373 5866 1591 5936 quicum
1640 5868 1947 5925 simultates

2072 4688 2297 4735 venerat
2324 4689 2697 4750 paupertatem
2725 4681 2739 4734 ι

2781 4771 2858 4826 Tu
2886 4775 3146 4829 maximus
3168 4774 3259 4830 ille
3293 4794 3374 4843 es,

2214 4858 2361 4915 Unus
2390 4862 2480 4932 qui
2512 4863 2658 4918 nobis
2701 4865 2975 4920 scribendo
3006 4866 3242 4920 restituis
3279 4884 3420 4922 rem.

2069 4952 2209 5024 Ergo
2245 4954 2349 5009 nisi
2394 4955 2459 5010 de
2509 4954 2732 5011 Oriente
2787 4958 3028 5012 venisses
3060 4998 3076 5023 ,
3127 4960 3535 5015 eruditissimus
3576 4956 3652 5010 vir

2068 5047 2302 5101 haereret
2354 5048 2533 5103 adhuc
2595 5050 2735 5105 inter
2800 5050 3233 5117 mathematicos,
3293 5062 3353 5107 et
3412 5050 3650 5108 homines

2066 5138 2390 5206 Christiani,
2425 5142 2553 5209 quid
2609 5152 2799 5197 contra
2843 5142 3010 5197 fatum
3044 5143 3404 5211 dissererent,
3441 5145 3651 5214 ignora—

2063 5241 2205 5287 rent.
2248 5252 2266 5286 ι
2300 5232 2786 5289 Eminentissimus
2817 5233 3113 5289 cardinalis
3140 5233 3397 5289 Norisius
3432 5235 3647 5288 οὔπω.

2062 5326 2251 5381 histor.
2286 5328 2350 5379 de
2391 5326 2580 5395 synod.
2626 5341 2692 5387 ν,
2738 5340 2858 5395 cap.
2902 5326 3005 5392 i5,
3052 5334 3111 5380 ttt
3156 5326 3329 5395 aperti
3383 5322 3648 5380 mendacii

2065 5417 2317 5471 ltuﬁnum
2363 5428 2577 5488 arguat,
2614 5417 2808 5484 objicit
2844 5418 2896 5471 in
2936 5419 3040 5473 hoc
3074 5418 3436 5489 Apologetico
3472 5417 3650 5474 libello

2060 5523 2219 5577 quem
2256 5510 2356 5564 sub
2391 5511 2612 5564 nomine
2655 5509 2921 5580 Pamphili
2958 5510 3216 5581 martyris
3258 5510 3478 5576 edidit,
3520 5508 3648 5564 nihil

2060 5599 2347 5669 probatum
2386 5600 2489 5670 legi
2537 5609 2729 5655 contra
2763 5600 3179 5654 mathematicos
3203 5600 3287 5654 vel
3324 5600 3429 5654 fati
3474 5613 3645 5653 asser-

2063 5702 2237 5758 tores;
2271 5692 2364 5747 sed
2397 5702 2604 5747 tantum
2638 5694 2703 5749 de
2740 5693 2923 5759 Patre,
2955 5693 3022 5748 de
3063 5692 3185 5748 Filii
3221 5695 3562 5755 aeternitate,
3586 5691 3649 5743 de

2060 5781 2297 5851 Spiritus
2326 5784 2499 5838 sancti
2538 5784 2855 5849 divinitate,
2908 5785 2977 5839 de
3020 5784 3180 5840 Verbi
3225 5785 3640 5845 incarnatione,

2059 5890 2121 5930 ac
2175 5875 2390 5931 Christo
2431 5876 2687 5945 Domino,
2740 5877 2805 5932 de
2841 5877 3018 5948 ptenis
3062 5879 3480 5945 damnatorum,
3536 5884 3641 5931 etc.
