  <div class='ocr_page' id='page_1' title='image "/cluster/home/n/w/nwhite01/storage/ocr_20150623/17/hvd.32044051719607/274.png"; bbox 0 0 3942 6526; ppageno 0'>
   <div class='ocr_carea' id='block_1_1' title="bbox 268 440 375 495">
    <p class='ocr_par' dir='ltr' id='par_1_1' title="bbox 268 440 375 495">
     <span class='ocr_line' id='line_1_1' title="bbox 268 440 375 495; baseline 0 0"><span class='ocrx_word' id='word_1_1' title='bbox 268 440 375 495; x_wconf 68' lang='lat'><strong>5‘25</strong></span> 
     </span>
    </p>
   </div>
   <div class='ocr_carea' id='block_1_2' title="bbox 1228 443 2596 503">
    <p class='ocr_par' dir='ltr' id='par_1_2' title="bbox 1228 443 2596 503">
     <span class='ocr_line' id='line_1_2' title="bbox 1228 443 2596 503; baseline 0.002 -3"><span class='ocrx_word' id='word_1_2' title='bbox 1228 445 1573 502; x_wconf 78' lang='lat' dir='ltr'><strong>APOLOGIA</strong></span> <span class='ocrx_word' id='word_1_3' title='bbox 1615 444 1750 502; x_wconf 80' lang='lat' dir='ltr'><strong>PRO</strong></span> <span class='ocrx_word' id='word_1_4' title='bbox 1787 443 2108 501; x_wconf 78' lang='lat' dir='ltr'><strong>ORIGENE.</strong></span> <span class='ocrx_word' id='word_1_5' title='bbox 2148 475 2217 487; x_wconf 86' lang='lat'><strong>—-</strong></span> <span class='ocrx_word' id='word_1_6' title='bbox 2258 444 2596 503; x_wconf 69' lang='lat' dir='ltr'><strong>MONITUM.</strong></span> 
     </span>
    </p>
   </div>
   <div class='ocr_carea' id='block_1_3' title="bbox 3447 448 3550 505">
    <p class='ocr_par' dir='ltr' id='par_1_3' title="bbox 3447 448 3550 505">
     <span class='ocr_line' id='line_1_3' title="bbox 3447 448 3550 505; baseline 0.01 -1"><span class='ocrx_word' id='word_1_7' title='bbox 3447 448 3550 505; x_wconf 72' lang='grc'><strong>526</strong></span> 
     </span>
    </p>
   </div>
   <div class='ocr_carea' id='block_1_4' title="bbox 274 555 3550 635">
    <p class='ocr_par' dir='ltr' id='par_1_4' title="bbox 274 555 3550 635">
     <span class='ocr_line' id='line_1_4' title="bbox 274 555 3550 635; baseline 0.004 -27"><span class='ocrx_word' id='word_1_8' title='bbox 274 575 294 608; x_wconf 73' lang='grc' dir='ltr'>ς</span> <span class='ocrx_word' id='word_1_9' title='bbox 331 555 619 624; x_wconf 82' lang='lat' dir='ltr'><strong>Quodnam</strong></span> <span class='ocrx_word' id='word_1_10' title='bbox 654 557 845 628; x_wconf 91' lang='lat' dir='ltr'><strong>igitur,</strong></span> <span class='ocrx_word' id='word_1_11' title='bbox 896 558 1091 628; x_wconf 91' lang='lat' dir='ltr'><strong>inquit.</strong></span> <span class='ocrx_word' id='word_1_12' title='bbox 1130 574 1269 631; x_wconf 88' lang='lat' dir='ltr'><strong>opus</strong></span> <span class='ocrx_word' id='word_1_13' title='bbox 1318 570 1509 616; x_wconf 91' lang='lat' dir='ltr'><strong>contra</strong></span> <span class='ocrx_word' id='word_1_14' title='bbox 1554 560 1859 615; x_wconf 89' lang='lat' dir='ltr'><strong>mathema-</strong></span> <span class='ocrx_word' id='word_1_15' title='bbox 1888 576 1934 632; x_wconf 75' lang='grc' dir='ltr'>Α</span> <span class='ocrx_word' id='word_1_16' title='bbox 1968 559 2100 613; x_wconf 90' lang='lat' dir='ltr'><strong>leris</strong></span> <span class='ocrx_word' id='word_1_17' title='bbox 2131 574 2159 612; x_wconf 90' lang='lat' dir='ltr'><strong>a</strong></span> <span class='ocrx_word' id='word_1_18' title='bbox 2192 568 2243 614; x_wconf 93' lang='lat' dir='ltr'><strong>te</strong></span> <span class='ocrx_word' id='word_1_19' title='bbox 2272 558 2724 629; x_wconf 72' lang='lat' dir='ltr'><strong>posseconlingi.</strong></span> <span class='ocrx_word' id='word_1_20' title='bbox 2755 557 2949 615; x_wconf 82' lang='lat' dir='ltr'><strong>Postea</strong></span> <span class='ocrx_word' id='word_1_21' title='bbox 2988 574 3116 616; x_wconf 89' lang='lat' dir='ltr'><strong>vero</strong></span> <span class='ocrx_word' id='word_1_22' title='bbox 3153 576 3250 632; x_wconf 89' lang='lat' dir='ltr'><strong>per</strong></span> <span class='ocrx_word' id='word_1_23' title='bbox 3282 561 3550 635; x_wconf 84' lang='lat' dir='ltr'><strong>interpre-</strong></span> 
     </span>
    </p>
   </div>
   <div class='ocr_carea' id='block_1_5' title="bbox 270 648 1857 722">
    <p class='ocr_par' dir='ltr' id='par_1_5' title="bbox 270 648 1857 722">
     <span class='ocr_line' id='line_1_5' title="bbox 270 648 1857 722; baseline 0.003 -19"><span class='ocrx_word' id='word_1_24' title='bbox 270 650 408 703; x_wconf 87' lang='lat' dir='ltr'><strong>ticos</strong></span> <span class='ocrx_word' id='word_1_25' title='bbox 449 648 767 718; x_wconf 88' lang='lat' dir='ltr'><strong>Pamphilus</strong></span> <span class='ocrx_word' id='word_1_26' title='bbox 810 651 1074 720; x_wconf 86' lang='lat' dir='ltr'><strong>scripsit?</strong></span> <span class='ocrx_word' id='word_1_27' title='bbox 1114 671 1133 705; x_wconf 75' lang='grc' dir='ltr'><strong>ι</strong></span> <span class='ocrx_word' id='word_1_28' title='bbox 1184 652 1289 706; x_wconf 93' lang='lat' dir='ltr'><strong>Sed</strong></span> <span class='ocrx_word' id='word_1_29' title='bbox 1344 654 1631 722; x_wconf 84' lang='lat' dir='ltr'><strong>responsio</strong></span> <span class='ocrx_word' id='word_1_30' title='bbox 1681 652 1857 707; x_wconf 84' lang='lat' dir='ltr'><strong>facilis</strong></span> 
     </span>
    </p>
   </div>
   <div class='ocr_carea' id='block_1_6' title="bbox 268 740 1855 816">
    <p class='ocr_par' dir='ltr' id='par_1_6' title="bbox 268 740 1855 816">
     <span class='ocr_line' id='line_1_6' title="bbox 268 740 1855 816; baseline 0.001 -19"><span class='ocrx_word' id='word_1_31' title='bbox 268 752 369 798; x_wconf 85' lang='lat' dir='ltr'><strong>est.</strong></span> <span class='ocrx_word' id='word_1_32' title='bbox 406 740 477 797; x_wconf 91' lang='lat' dir='ltr'><strong>Ut</strong></span> <span class='ocrx_word' id='word_1_33' title='bbox 507 744 651 798; x_wconf 92' lang='lat' dir='ltr'><strong>enim</strong></span> <span class='ocrx_word' id='word_1_34' title='bbox 690 743 876 796; x_wconf 91' lang='lat' dir='ltr'><strong>darem</strong></span> <span class='ocrx_word' id='word_1_35' title='bbox 912 744 964 798; x_wconf 93' lang='lat' dir='ltr'><strong>in</strong></span> <span class='ocrx_word' id='word_1_36' title='bbox 999 745 1174 812; x_wconf 90' lang='lat' dir='ltr'><strong>primo</strong></span> <span class='ocrx_word' id='word_1_37' title='bbox 1222 746 1496 816; x_wconf 80' lang='lat' dir='ltr'><strong>Apologia:</strong></span> <span class='ocrx_word' id='word_1_38' title='bbox 1544 746 1683 800; x_wconf 91' lang='lat' dir='ltr'><strong>libro</strong></span> <span class='ocrx_word' id='word_1_39' title='bbox 1720 746 1855 800; x_wconf 86' lang='lat' dir='ltr'><strong>nihil</strong></span> 
     </span>
    </p>
   </div>
   <div class='ocr_carea' id='block_1_7' title="bbox 268 834 1855 900">
    <p class='ocr_par' dir='ltr' id='par_1_7' title="bbox 268 834 1855 900">
     <span class='ocr_line' id='line_1_7' title="bbox 268 834 1855 900; baseline 0.004 -14"><span class='ocrx_word' id='word_1_40' title='bbox 268 845 459 888; x_wconf 86' lang='lat' dir='ltr'><strong>contra</strong></span> <span class='ocrx_word' id='word_1_41' title='bbox 494 835 911 890; x_wconf 89' lang='lat' dir='ltr'><strong>mathematicos</strong></span> <span class='ocrx_word' id='word_1_42' title='bbox 942 834 1135 900; x_wconf 87' lang='lat' dir='ltr'><strong>fuisse,</strong></span> <span class='ocrx_word' id='word_1_43' title='bbox 1163 848 1219 891; x_wconf 91' lang='lat' dir='ltr'><strong>at</strong></span> <span class='ocrx_word' id='word_1_44' title='bbox 1247 848 1476 893; x_wconf 75' lang='lat' dir='ltr'><strong>czeteros</strong></span> <span class='ocrx_word' id='word_1_45' title='bbox 1514 839 1655 893; x_wconf 89' lang='lat' dir='ltr'><strong>forte</strong></span> <span class='ocrx_word' id='word_1_46' title='bbox 1686 838 1855 893; x_wconf 88' lang='lat' dir='ltr'><strong>libros</strong></span> 
     </span>
    </p>
   </div>
   <div class='ocr_carea' id='block_1_8' title="bbox 266 928 1853 997">
    <p class='ocr_par' dir='ltr' id='par_1_8' title="bbox 266 928 1853 997">
     <span class='ocr_line' id='line_1_8' title="bbox 266 928 1853 997; baseline 0.003 -17"><span class='ocrx_word' id='word_1_47' title='bbox 266 936 581 997; x_wconf 84' lang='lat' dir='ltr'><strong>sequentes,</strong></span> <span class='ocrx_word' id='word_1_48' title='bbox 619 928 671 981; x_wconf 89' lang='lat' dir='ltr'><strong>in</strong></span> <span class='ocrx_word' id='word_1_49' title='bbox 700 928 897 996; x_wconf 80' lang='lat' dir='ltr'><strong>quibus</strong></span> <span class='ocrx_word' id='word_1_50' title='bbox 926 928 1122 983; x_wconf 79' lang='lat' dir='ltr'><strong>alicubi</strong></span> <span class='ocrx_word' id='word_1_51' title='bbox 1148 930 1383 985; x_wconf 74' lang='lat' dir='ltr'><strong>forsitan</strong></span> <span class='ocrx_word' id='word_1_52' title='bbox 1416 930 1516 985; x_wconf 89' lang='lat' dir='ltr'><strong>fati</strong></span> <span class='ocrx_word' id='word_1_53' title='bbox 1547 940 1853 985; x_wconf 82' lang='lat' dir='ltr'><strong>assertores</strong></span> 
     </span>
    </p>
   </div>
   <div class='ocr_carea' id='block_1_9' title="bbox 265 1019 1850 1085">
    <p class='ocr_par' dir='ltr' id='par_1_9' title="bbox 265 1019 1850 1085">
     <span class='ocr_line' id='line_1_9' title="bbox 265 1019 1850 1085; baseline 0.001 -10"><span class='ocrx_word' id='word_1_54' title='bbox 265 1020 715 1085; x_wconf 86' lang='lat' dir='ltr'><strong>confutabantur,</strong></span> <span class='ocrx_word' id='word_1_55' title='bbox 760 1019 951 1076; x_wconf 80' lang='lat' dir='ltr'><strong>Latine</strong></span> <span class='ocrx_word' id='word_1_56' title='bbox 994 1023 1230 1078; x_wconf 81' lang='lat' dir='ltr'><strong>reddere</strong></span> <span class='ocrx_word' id='word_1_57' title='bbox 1264 1023 1317 1077; x_wconf 91' lang='lat' dir='ltr'><strong>in</strong></span> <span class='ocrx_word' id='word_1_58' title='bbox 1354 1024 1536 1080; x_wconf 93' lang='lat' dir='ltr'><strong>animo</strong></span> <span class='ocrx_word' id='word_1_59' title='bbox 1585 1032 1705 1078; x_wconf 87' lang='lat' dir='ltr'><strong>erat</strong></span> <span class='ocrx_word' id='word_1_60' title='bbox 1736 1022 1850 1076; x_wconf 82' lang='lat' dir='ltr'><strong>Ru—</strong></span> 
     </span>
    </p>
   </div>
   <div class='ocr_carea' id='block_1_10' title="bbox 265 1113 1851 1184">
    <p class='ocr_par' dir='ltr' id='par_1_10' title="bbox 265 1113 1851 1184">
     <span class='ocr_line' id='line_1_10' title="bbox 265 1113 1851 1184; baseline 0.002 -17"><span class='ocrx_word' id='word_1_61' title='bbox 265 1114 400 1180; x_wconf 84' lang='lat' dir='ltr'><strong>fino,</strong></span> <span class='ocrx_word' id='word_1_62' title='bbox 435 1128 599 1184; x_wconf 87' lang='lat' dir='ltr'><strong>quem</strong></span> <span class='ocrx_word' id='word_1_63' title='bbox 646 1116 714 1169; x_wconf 89' lang='lat' dir='ltr'><strong>ab</strong></span> <span class='ocrx_word' id='word_1_64' title='bbox 756 1115 861 1169; x_wconf 91' lang='lat' dir='ltr'><strong>hoc</strong></span> <span class='ocrx_word' id='word_1_65' title='bbox 908 1113 1093 1170; x_wconf 91' lang='lat' dir='ltr'><strong>labore</strong></span> <span class='ocrx_word' id='word_1_66' title='bbox 1131 1116 1396 1171; x_wconf 82' lang='lat' dir='ltr'><strong>deterruit</strong></span> <span class='ocrx_word' id='word_1_67' title='bbox 1448 1115 1597 1170; x_wconf 92' lang='lat' dir='ltr'><strong>solus</strong></span> <span class='ocrx_word' id='word_1_68' title='bbox 1670 1115 1851 1170; x_wconf 84' lang='lat' dir='ltr'><strong>Maca-</strong></span> 
     </span>
    </p>
   </div>
   <div class='ocr_carea' id='block_1_11' title="bbox 263 1207 1847 1281">
    <p class='ocr_par' dir='ltr' id='par_1_11' title="bbox 263 1207 1847 1281">
     <span class='ocr_line' id='line_1_11' title="bbox 263 1207 1847 1281; baseline 0.004 -20"><span class='ocrx_word' id='word_1_69' title='bbox 263 1208 379 1263; x_wconf 91' lang='lat' dir='ltr'><strong>rius</strong></span> <span class='ocrx_word' id='word_1_70' title='bbox 404 1207 575 1263; x_wconf 89' lang='lat' dir='ltr'><strong>libros</strong></span> <span class='ocrx_word' id='word_1_71' title='bbox 604 1208 741 1277; x_wconf 81' lang='lat' dir='ltr'><strong>Hspl</strong></span> <span class='ocrx_word' id='word_1_72' title='bbox 771 1207 974 1277; x_wconf 77' lang='grc' dir='ltr'><strong>ἀρχῶν</strong></span> <span class='ocrx_word' id='word_1_73' title='bbox 1003 1211 1216 1265; x_wconf 82' lang='lat' dir='ltr'><strong>videndi</strong></span> <span class='ocrx_word' id='word_1_74' title='bbox 1263 1212 1516 1281; x_wconf 89' lang='lat' dir='ltr'><strong>cupidus.</strong></span> <span class='ocrx_word' id='word_1_75' title='bbox 1554 1213 1651 1267; x_wconf 87' lang='lat' dir='ltr'><strong>llic</strong></span> <span class='ocrx_word' id='word_1_76' title='bbox 1680 1214 1847 1277; x_wconf 90' lang='lat' dir='ltr'><strong>enim,</strong></span> 
     </span>
    </p>
   </div>
   <div class='ocr_carea' id='block_1_12' title="bbox 262 1297 1842 1372">
    <p class='ocr_par' dir='ltr' id='par_1_12' title="bbox 262 1297 1842 1372">
     <span class='ocr_line' id='line_1_12' title="bbox 262 1297 1842 1372; baseline 0.003 -20"><span class='ocrx_word' id='word_1_77' title='bbox 262 1308 407 1354; x_wconf 78' lang='lat' dir='ltr'><strong>teste</strong></span> <span class='ocrx_word' id='word_1_78' title='bbox 428 1297 627 1352; x_wconf 82' lang='lat' dir='ltr'><strong>Ruﬁno</strong></span> <span class='ocrx_word' id='word_1_79' title='bbox 659 1299 753 1353; x_wconf 89' lang='lat' dir='ltr'><strong>lib.</strong></span> <span class='ocrx_word' id='word_1_80' title='bbox 783 1304 815 1353; x_wconf 74' lang='grc' dir='ltr'><strong>ιΔ</strong></span> <span class='ocrx_word' id='word_1_81' title='bbox 841 1300 1114 1369; x_wconf 75' lang='lat' dir='ltr'><strong>Apologia:</strong></span> <span class='ocrx_word' id='word_1_82' title='bbox 1140 1301 1397 1355; x_wconf 78' lang='lat' dir='ltr'><strong>adversus</strong></span> <span class='ocrx_word' id='word_1_83' title='bbox 1428 1301 1842 1372; x_wconf 81' lang='lat' dir='ltr'><strong>Hieronymum,</strong></span> 
     </span>
    </p>
   </div>
   <div class='ocr_carea' id='block_1_13' title="bbox 260 1392 1847 1467">
    <p class='ocr_par' dir='ltr' id='par_1_13' title="bbox 260 1392 1847 1467">
     <span class='ocr_line' id='line_1_13' title="bbox 260 1392 1847 1467; baseline 0.004 -20"><span class='ocrx_word' id='word_1_84' title='bbox 260 1392 400 1447; x_wconf 89' lang='lat' dir='ltr'><strong>lecta</strong></span> <span class='ocrx_word' id='word_1_85' title='bbox 432 1393 555 1448; x_wconf 89' lang='lat' dir='ltr'><strong>libri</strong></span> <span class='ocrx_word' id='word_1_86' title='bbox 590 1394 745 1464; x_wconf 90' lang='lat' dir='ltr'><strong>primi</strong></span> <span class='ocrx_word' id='word_1_87' title='bbox 782 1394 1113 1465; x_wconf 80' lang='lat' dir='ltr'><strong>Apologetici</strong></span> <span class='ocrx_word' id='word_1_88' title='bbox 1148 1398 1423 1464; x_wconf 79' lang='lat' dir='ltr'><strong>versione,</strong></span> <span class='ocrx_word' id='word_1_89' title='bbox 1466 1417 1486 1450; x_wconf 86' lang='grc'><strong><em>‹</em></strong></span> <span class='ocrx_word' id='word_1_90' title='bbox 1525 1399 1717 1467; x_wconf 85' lang='lat' dir='ltr'><strong>majori</strong></span> <span class='ocrx_word' id='word_1_91' title='bbox 1751 1399 1847 1453; x_wconf 87' lang='lat' dir='ltr'><strong>de-</strong></span> 
     </span>
    </p>
   </div>
   <div class='ocr_carea' id='block_1_14' title="bbox 260 1469 1849 1560">
    <p class='ocr_par' dir='ltr' id='par_1_14' title="bbox 260 1469 1849 1560">
     <span class='ocr_line' id='line_1_14' title="bbox 260 1469 1849 1560; baseline 0.005 -23"><span class='ocrx_word' id='word_1_92' title='bbox 260 1483 467 1539; x_wconf 87' lang='lat' dir='ltr'><strong>siderio</strong></span> <span class='ocrx_word' id='word_1_93' title='bbox 513 1499 778 1540; x_wconf 89' lang='lat' dir='ltr'><strong>accensus</strong></span> <span class='ocrx_word' id='word_1_94' title='bbox 812 1494 896 1540; x_wconf 90' lang='lat' dir='ltr'><strong>est</strong></span> <span class='ocrx_word' id='word_1_95' title='bbox 949 1488 1017 1540; x_wconf 87' lang='lat' dir='ltr'><strong>ad</strong></span> <span class='ocrx_word' id='word_1_96' title='bbox 1074 1470 1189 1555; x_wconf 88' lang='lat' dir='ltr'><strong>ipsa</strong></span> <span class='ocrx_word' id='word_1_97' title='bbox 1252 1487 1340 1541; x_wconf 88' lang='lat' dir='ltr'><strong>illa</strong></span> <span class='ocrx_word' id='word_1_98' title='bbox 1392 1469 1605 1559; x_wconf 75' lang='lat' dir='ltr'><strong>plenius</strong></span> <span class='ocrx_word' id='word_1_99' title='bbox 1646 1505 1849 1560; x_wconf 83' lang='lat' dir='ltr'><strong>cogno-</strong></span> 
     </span>
    </p>
   </div>
   <div class='ocr_carea' id='block_1_15' title="bbox 258 1576 1848 1650">
    <p class='ocr_par' dir='ltr' id='par_1_15' title="bbox 258 1576 1848 1650">
     <span class='ocr_line' id='line_1_15' title="bbox 258 1576 1848 1650; baseline 0.004 -20"><span class='ocrx_word' id='word_1_100' title='bbox 258 1576 481 1639; x_wconf 87' lang='lat' dir='ltr'><strong>scenda,</strong></span> <span class='ocrx_word' id='word_1_101' title='bbox 514 1593 545 1633; x_wconf 92' lang='lat' dir='ltr'><strong>e</strong></span> <span class='ocrx_word' id='word_1_102' title='bbox 572 1579 768 1647; x_wconf 87' lang='lat' dir='ltr'><strong>quibus</strong></span> <span class='ocrx_word' id='word_1_103' title='bbox 798 1594 966 1648; x_wconf 86' lang='lat' dir='ltr'><strong>pauca</strong></span> <span class='ocrx_word' id='word_1_104' title='bbox 999 1579 1111 1646; x_wconf 90' lang='lat' dir='ltr'><strong>illa,</strong></span> <span class='ocrx_word' id='word_1_105' title='bbox 1144 1596 1267 1650; x_wconf 70' lang='lat' dir='ltr'><strong>qua:</strong></span> <span class='ocrx_word' id='word_1_106' title='bbox 1298 1601 1316 1633; x_wconf 73' lang='grc' dir='ltr'><strong>ι</strong></span> <span class='ocrx_word' id='word_1_107' title='bbox 1354 1582 1707 1639; x_wconf 81' lang='lat' dir='ltr'><strong>transtulerat</strong></span> <span class='ocrx_word' id='word_1_108' title='bbox 1738 1582 1848 1637; x_wconf 81' lang='lat' dir='ltr'><strong>Ru-</strong></span> 
     </span>
    </p>
   </div>
   <div class='ocr_carea' id='block_1_16' title="bbox 258 1669 1846 1741">
    <p class='ocr_par' dir='ltr' id='par_1_16' title="bbox 258 1669 1846 1741">
     <span class='ocr_line' id='line_1_16' title="bbox 258 1669 1846 1741; baseline 0.004 -19"><span class='ocrx_word' id='word_1_109' title='bbox 258 1669 425 1732; x_wconf 83' lang='lat' dir='ltr'><strong>finus,</strong></span> <span class='ocrx_word' id='word_1_110' title='bbox 464 1686 484 1719; x_wconf 75' lang='grc' dir='ltr'><strong>ι</strong></span> <span class='ocrx_word' id='word_1_111' title='bbox 524 1669 850 1724; x_wconf 79' lang='lat' dir='ltr'><strong>videbantur</strong></span> <span class='ocrx_word' id='word_1_112' title='bbox 876 1682 1179 1741; x_wconf 91' lang='lat' dir='ltr'><strong>assumpta.</strong></span> <span class='ocrx_word' id='word_1_113' title='bbox 1215 1692 1234 1725; x_wconf 72' lang='grc' dir='ltr'><strong>ι</strong></span> <span class='ocrx_word' id='word_1_114' title='bbox 1271 1673 1713 1729; x_wconf 87' lang='lat' dir='ltr'><strong>Translationem</strong></span> <span class='ocrx_word' id='word_1_115' title='bbox 1744 1676 1846 1730; x_wconf 86' lang='lat' dir='ltr'><strong>ita-</strong></span> 
     </span>
    </p>
   </div>
   <div class='ocr_carea' id='block_1_17' title="bbox 256 1761 1845 1833">
    <p class='ocr_par' dir='ltr' id='par_1_17' title="bbox 256 1761 1845 1833">
     <span class='ocr_line' id='line_1_17' title="bbox 256 1761 1845 1833; baseline 0.006 -21"><span class='ocrx_word' id='word_1_116' title='bbox 256 1776 364 1829; x_wconf 88' lang='lat' dir='ltr'><strong>que</strong></span> <span class='ocrx_word' id='word_1_117' title='bbox 404 1761 667 1816; x_wconf 91' lang='lat' dir='ltr'><strong>librorum</strong></span> <span class='ocrx_word' id='word_1_118' title='bbox 701 1762 843 1832; x_wconf 78' lang='grc' dir='ltr'><strong>Περὶ</strong></span> <span class='ocrx_word' id='word_1_119' title='bbox 869 1762 1072 1833; x_wconf 83' lang='grc' dir='ltr'><strong>ἀρχῶν</strong></span> <span class='ocrx_word' id='word_1_120' title='bbox 1109 1766 1329 1833; x_wconf 78' lang='lat' dir='ltr'><strong>aggredi</strong></span> <span class='ocrx_word' id='word_1_121' title='bbox 1364 1775 1586 1821; x_wconf 88' lang='lat' dir='ltr'><strong>coactus</strong></span> <span class='ocrx_word' id='word_1_122' title='bbox 1618 1776 1702 1823; x_wconf 89' lang='lat' dir='ltr'><strong>est</strong></span> <span class='ocrx_word' id='word_1_123' title='bbox 1732 1766 1845 1822; x_wconf 81' lang='lat' dir='ltr'><strong>Ru-</strong></span> 
     </span>
    </p>
   </div>
   <div class='ocr_carea' id='block_1_18' title="bbox 257 1853 421 1905">
    <p class='ocr_par' dir='ltr' id='par_1_18' title="bbox 257 1853 421 1905">
     <span class='ocr_line' id='line_1_18' title="bbox 257 1853 421 1905; baseline 0.012 -2"><span class='ocrx_word' id='word_1_124' title='bbox 257 1853 421 1905; x_wconf 88' lang='lat' dir='ltr'><strong>finus.</strong></span> 
     </span>
    </p>
   </div>
   <div class='ocr_carea' id='block_1_19' title="bbox 1968 651 3547 722">
    <p class='ocr_par' dir='ltr' id='par_1_19' title="bbox 1968 651 3547 722">
     <span class='ocr_line' id='line_1_19' title="bbox 1968 651 3547 722; baseline 0.006 -19"><span class='ocrx_word' id='word_1_125' title='bbox 1968 652 2226 706; x_wconf 85' lang='lat' dir='ltr'><strong>tationem</strong></span> <span class='ocrx_word' id='word_1_126' title='bbox 2255 662 2400 705; x_wconf 90' lang='lat' dir='ltr'><strong>tuam</strong></span> <span class='ocrx_word' id='word_1_127' title='bbox 2429 652 2730 721; x_wconf 63' lang='lat' dir='ltr'><strong>quaestione</strong></span> <span class='ocrx_word' id='word_1_128' title='bbox 2753 661 2946 707; x_wconf 90' lang='lat' dir='ltr'><strong>contra</strong></span> <span class='ocrx_word' id='word_1_129' title='bbox 2972 651 3261 722; x_wconf 84' lang='lat' dir='ltr'><strong>Origenem</strong></span> <span class='ocrx_word' id='word_1_130' title='bbox 3286 665 3399 710; x_wconf 91' lang='lat' dir='ltr'><strong>toto</strong></span> <span class='ocrx_word' id='word_1_131' title='bbox 3415 659 3547 712; x_wconf 86' lang='lat' dir='ltr'><strong>orbe</strong></span> 
     </span>
    </p>
   </div>
   <div class='ocr_carea' id='block_1_20' title="bbox 1964 744 3547 815">
    <p class='ocr_par' dir='ltr' id='par_1_20' title="bbox 1964 744 3547 815">
     <span class='ocr_line' id='line_1_20' title="bbox 1964 744 3547 815; baseline 0.004 -19"><span class='ocrx_word' id='word_1_132' title='bbox 1964 754 2262 809; x_wconf 86' lang='lat' dir='ltr'><strong>commota,</strong></span> <span class='ocrx_word' id='word_1_133' title='bbox 2314 744 2367 797; x_wconf 94' lang='lat' dir='ltr'><strong>in</strong></span> <span class='ocrx_word' id='word_1_134' title='bbox 2416 745 2728 812; x_wconf 60' lang='lat' dir='ltr'><strong>quaerendis</strong></span> <span class='ocrx_word' id='word_1_135' title='bbox 2780 746 3185 814; x_wconf 80' lang='lat' dir='ltr'><strong>exemplaribus</strong></span> <span class='ocrx_word' id='word_1_136' title='bbox 3232 749 3547 815; x_wconf 75' lang='lat' dir='ltr'><strong>diligentior</strong></span> 
     </span>
    </p>
   </div>
   <div class='ocr_carea' id='block_1_21' title="bbox 1965 831 3548 896">
    <p class='ocr_par' dir='ltr' id='par_1_21' title="bbox 1965 831 3548 896">
     <span class='ocr_line' id='line_1_21' title="bbox 1965 831 3548 896; baseline 0.006 -12"><span class='ocrx_word' id='word_1_137' title='bbox 1965 831 2065 896; x_wconf 86' lang='lat' dir='ltr'><strong>fui,</strong></span> <span class='ocrx_word' id='word_1_138' title='bbox 2098 843 2153 888; x_wconf 92' lang='lat' dir='ltr'><strong>et</strong></span> <span class='ocrx_word' id='word_1_139' title='bbox 2189 834 2242 888; x_wconf 89' lang='lat' dir='ltr'><strong>in</strong></span> <span class='ocrx_word' id='word_1_140' title='bbox 2278 834 2599 891; x_wconf 60' lang='lat' dir='ltr'><strong>Caesariensi</strong></span> <span class='ocrx_word' id='word_1_141' title='bbox 2646 836 2977 892; x_wconf 84' lang='lat' dir='ltr'><strong>bibliotheca</strong></span> <span class='ocrx_word' id='word_1_142' title='bbox 3010 837 3231 893; x_wconf 78' lang='lat' dir='ltr'><strong>Eusebii</strong></span> <span class='ocrx_word' id='word_1_143' title='bbox 3261 854 3357 894; x_wconf 90' lang='lat' dir='ltr'><strong>sex</strong></span> <span class='ocrx_word' id='word_1_144' title='bbox 3393 840 3548 893; x_wconf 82' lang='lat' dir='ltr'><strong>volu-</strong></span> 
     </span>
    </p>
   </div>
   <div class='ocr_carea' id='block_1_22' title="bbox 1962 925 3540 999">
    <p class='ocr_par' dir='ltr' id='par_1_22' title="bbox 1962 925 3540 999">
     <span class='ocr_line' id='line_1_22' title="bbox 1962 925 3540 999; baseline 0.006 -22"><span class='ocrx_word' id='word_1_145' title='bbox 1962 925 2108 978; x_wconf 85' lang='lat' dir='ltr'><strong>mina</strong></span> <span class='ocrx_word' id='word_1_146' title='bbox 2139 927 2318 995; x_wconf 88' lang='lat' dir='ltr'><strong>reperi</strong></span> <span class='ocrx_word' id='word_1_147' title='bbox 2344 926 2694 997; x_wconf 76' lang='grc' dir='ltr'><em>Ἀπολογίας</em></span> <span class='ocrx_word' id='word_1_148' title='bbox 2709 929 2860 995; x_wconf 74' lang='grc' dir='ltr'><strong>ὑπὲρ</strong></span> <span class='ocrx_word' id='word_1_149' title='bbox 2886 928 3243 999; x_wconf 78' lang='grc' dir='ltr'><strong>Ὡριγένους.</strong></span> <span class='ocrx_word' id='word_1_150' title='bbox 3264 928 3394 997; x_wconf 67' lang='lat' dir='ltr'><strong>Quae</strong></span> <span class='ocrx_word' id='word_1_151' title='bbox 3417 947 3540 986; x_wconf 90' lang='lat' dir='ltr'><strong>cum</strong></span> 
     </span>
    </p>
   </div>
   <div class='ocr_carea' id='block_1_23' title="bbox 1961 1016 3543 1092">
    <p class='ocr_par' dir='ltr' id='par_1_23' title="bbox 1961 1016 3543 1092">
     <span class='ocr_line' id='line_1_23' title="bbox 1961 1016 3543 1092; baseline 0.006 -23"><span class='ocrx_word' id='word_1_152' title='bbox 1961 1016 2241 1088; x_wconf 80' lang='lat' dir='ltr'><strong>legissem,</strong></span> <span class='ocrx_word' id='word_1_153' title='bbox 2283 1020 2519 1089; x_wconf 91' lang='lat' dir='ltr'><strong>primum</strong></span> <span class='ocrx_word' id='word_1_154' title='bbox 2558 1034 2682 1074; x_wconf 88' lang='lat' dir='ltr'><strong>emn</strong></span> <span class='ocrx_word' id='word_1_155' title='bbox 2737 1020 2937 1074; x_wconf 91' lang='lat' dir='ltr'><strong>librum</strong></span> <span class='ocrx_word' id='word_1_156' title='bbox 2973 1022 3346 1090; x_wconf 87' lang='lat' dir='ltr'><strong>deprehendi,</strong></span> <span class='ocrx_word' id='word_1_157' title='bbox 3379 1038 3543 1092; x_wconf 88' lang='lat' dir='ltr'><strong>quem</strong></span> 
     </span>
    </p>
   </div>
   <div class='ocr_carea' id='block_1_24' title="bbox 1960 1110 3541 1181">
    <p class='ocr_par' dir='ltr' id='par_1_24' title="bbox 1960 1110 3541 1181">
     <span class='ocr_line' id='line_1_24' title="bbox 1960 1110 3541 1181; baseline 0.004 -18"><span class='ocrx_word' id='word_1_158' title='bbox 1960 1118 2015 1163; x_wconf 87' lang='lat' dir='ltr'><strong>ttt</strong></span> <span class='ocrx_word' id='word_1_159' title='bbox 2048 1110 2199 1164; x_wconf 88' lang='lat' dir='ltr'><strong>solus</strong></span> <span class='ocrx_word' id='word_1_160' title='bbox 2234 1112 2333 1166; x_wconf 88' lang='lat' dir='ltr'><strong>sub</strong></span> <span class='ocrx_word' id='word_1_161' title='bbox 2370 1112 2589 1166; x_wconf 85' lang='lat' dir='ltr'><strong>nomine</strong></span> <span class='ocrx_word' id='word_1_162' title='bbox 2632 1112 2889 1181; x_wconf 87' lang='lat' dir='ltr'><strong>martyris</strong></span> <span class='ocrx_word' id='word_1_163' title='bbox 2926 1113 3166 1175; x_wconf 88' lang='lat' dir='ltr'><strong>edidisti,</strong></span> <span class='ocrx_word' id='word_1_164' title='bbox 3212 1115 3277 1168; x_wconf 86' lang='lat' dir='ltr'><strong>de</strong></span> <span class='ocrx_word' id='word_1_165' title='bbox 3313 1115 3451 1169; x_wconf 88' lang='lat' dir='ltr'><strong>Filio</strong></span> <span class='ocrx_word' id='word_1_166' title='bbox 3485 1127 3541 1170; x_wconf 91' lang='lat' dir='ltr'><strong>et</strong></span> 
     </span>
    </p>
   </div>
   <div class='ocr_carea' id='block_1_25' title="bbox 1962 1201 3541 1279">
    <p class='ocr_par' dir='ltr' id='par_1_25' title="bbox 1962 1201 3541 1279">
     <span class='ocr_line' id='line_1_25' title="bbox 1962 1201 3541 1279; baseline 0.007 -25"><span class='ocrx_word' id='word_1_167' title='bbox 1962 1201 2170 1271; x_wconf 87' lang='lat' dir='ltr'><strong>Spiritu</strong></span> <span class='ocrx_word' id='word_1_168' title='bbox 2216 1213 2408 1257; x_wconf 88' lang='lat' dir='ltr'><strong>sancto</strong></span> <span class='ocrx_word' id='word_1_169' title='bbox 2434 1203 2489 1256; x_wconf 92' lang='lat' dir='ltr'><strong>in</strong></span> <span class='ocrx_word' id='word_1_170' title='bbox 2521 1204 2718 1257; x_wconf 84' lang='lat' dir='ltr'><strong>bonam</strong></span> <span class='ocrx_word' id='word_1_171' title='bbox 2752 1215 2963 1272; x_wconf 67' lang='lat' dir='ltr'><strong>partem</strong></span> <span class='ocrx_word' id='word_1_172' title='bbox 2992 1206 3262 1275; x_wconf 83' lang='lat' dir='ltr'><strong>plerisque</strong></span> <span class='ocrx_word' id='word_1_173' title='bbox 3286 1206 3541 1279; x_wconf 81' lang='lat' dir='ltr'><strong>blasphe-</strong></span> 
     </span>
    </p>
   </div>
   <div class='ocr_carea' id='block_1_26' title="bbox 1956 1292 3541 1369">
    <p class='ocr_par' dir='ltr' id='par_1_26' title="bbox 1956 1292 3541 1369">
     <span class='ocr_line' id='line_1_26' title="bbox 1956 1292 3541 1369; baseline 0.004 -24"><span class='ocrx_word' id='word_1_174' title='bbox 1956 1292 2083 1347; x_wconf 87' lang='lat' dir='ltr'><strong>miis</strong></span> <span class='ocrx_word' id='word_1_175' title='bbox 2122 1296 2490 1350; x_wconf 79' lang='lat' dir='ltr'><strong>commutatis.</strong></span> <span class='ocrx_word' id='word_1_176' title='bbox 2524 1314 2543 1347; x_wconf 86' lang='grc'><strong>›</strong></span> <span class='ocrx_word' id='word_1_177' title='bbox 2577 1293 2723 1351; x_wconf 90' lang='lat' dir='ltr'><strong>Idem</strong></span> <span class='ocrx_word' id='word_1_178' title='bbox 2784 1296 2945 1351; x_wconf 88' lang='lat' dir='ltr'><strong>habet</strong></span> <span class='ocrx_word' id='word_1_179' title='bbox 2980 1298 3072 1353; x_wconf 90' lang='lat' dir='ltr'><strong>lib.</strong></span> <span class='ocrx_word' id='word_1_180' title='bbox 3106 1315 3119 1353; x_wconf 88' lang='grc' dir='ltr'><strong>ι</strong></span> <span class='ocrx_word' id='word_1_181' title='bbox 3150 1301 3418 1369; x_wconf 71' lang='lat' dir='ltr'><strong>Apologia:</strong></span> <span class='ocrx_word' id='word_1_182' title='bbox 3450 1306 3541 1355; x_wconf 81' lang='lat' dir='ltr'><strong>od-</strong></span> 
     </span>
    </p>
   </div>
   <div class='ocr_carea' id='block_1_27' title="bbox 1956 1384 3539 1461">
    <p class='ocr_par' dir='ltr' id='par_1_27' title="bbox 1956 1384 3539 1461">
     <span class='ocr_line' id='line_1_27' title="bbox 1956 1384 3539 1461; baseline 0.005 -23"><span class='ocrx_word' id='word_1_183' title='bbox 1956 1401 2131 1439; x_wconf 82' lang='lat' dir='ltr'><strong>versus</strong></span> <span class='ocrx_word' id='word_1_184' title='bbox 2180 1384 2429 1454; x_wconf 78' lang='lat' dir='ltr'><strong>Ruﬁnum</strong></span> <span class='ocrx_word' id='word_1_185' title='bbox 2456 1403 2475 1440; x_wconf 89' lang='lat'><strong><em>:</em></strong></span> <span class='ocrx_word' id='word_1_186' title='bbox 2518 1405 2536 1438; x_wconf 73' lang='grc' dir='ltr'><strong>ι</strong></span> <span class='ocrx_word' id='word_1_187' title='bbox 2591 1386 2699 1442; x_wconf 90' lang='lat' dir='ltr'><strong>Sex</strong></span> <span class='ocrx_word' id='word_1_188' title='bbox 2746 1388 2937 1454; x_wconf 89' lang='lat' dir='ltr'><strong>libros,</strong></span> <span class='ocrx_word' id='word_1_189' title='bbox 2974 1399 3032 1443; x_wconf 90' lang='lat' dir='ltr'><strong>ut</strong></span> <span class='ocrx_word' id='word_1_190' title='bbox 3076 1401 3204 1445; x_wconf 85' lang='lat' dir='ltr'><strong>ante</strong></span> <span class='ocrx_word' id='word_1_191' title='bbox 3237 1392 3351 1461; x_wconf 86' lang='lat' dir='ltr'><strong>jam</strong></span> <span class='ocrx_word' id='word_1_192' title='bbox 3394 1393 3539 1461; x_wconf 83' lang='lat' dir='ltr'><strong>dixi,</strong></span> 
     </span>
    </p>
   </div>
   <div class='ocr_carea' id='block_1_28' title="bbox 1956 1475 3537 1554">
    <p class='ocr_par' dir='ltr' id='par_1_28' title="bbox 1956 1475 3537 1554">
     <span class='ocr_line' id='line_1_28' title="bbox 1956 1475 3537 1554; baseline 0.006 -24"><span class='ocrx_word' id='word_1_193' title='bbox 1956 1475 2227 1532; x_wconf 81' lang='lat' dir='ltr'><strong>Eusebius</strong></span> <span class='ocrx_word' id='word_1_194' title='bbox 2256 1477 2615 1534; x_wconf 69' lang='lat' dir='ltr'><strong>Caesariensis</strong></span> <span class='ocrx_word' id='word_1_195' title='bbox 2658 1480 2969 1550; x_wconf 90' lang='lat' dir='ltr'><strong>episc0pus,</strong></span> <span class='ocrx_word' id='word_1_196' title='bbox 3008 1482 3227 1538; x_wconf 58' lang='lat' dir='ltr'><strong>Arianae</strong></span> <span class='ocrx_word' id='word_1_197' title='bbox 3260 1484 3537 1554; x_wconf 89' lang='lat' dir='ltr'><strong>quondam</strong></span> 
     </span>
    </p>
   </div>
   <div class='ocr_carea' id='block_1_29' title="bbox 1955 1567 3536 1644">
    <p class='ocr_par' dir='ltr' id='par_1_29' title="bbox 1955 1567 3536 1644">
     <span class='ocr_line' id='line_1_29' title="bbox 1955 1567 3536 1644; baseline 0.006 -21"><span class='ocrx_word' id='word_1_198' title='bbox 1955 1568 2184 1638; x_wconf 76' lang='lat' dir='ltr'><strong>signifer</strong></span> <span class='ocrx_word' id='word_1_199' title='bbox 2219 1567 2498 1635; x_wconf 80' lang='lat' dir='ltr'><strong>factionis,</strong></span> <span class='ocrx_word' id='word_1_200' title='bbox 2531 1587 2630 1642; x_wconf 90' lang='lat' dir='ltr'><strong>pro</strong></span> <span class='ocrx_word' id='word_1_201' title='bbox 2660 1572 2899 1643; x_wconf 84' lang='lat' dir='ltr'><strong>Origene</strong></span> <span class='ocrx_word' id='word_1_202' title='bbox 2936 1575 3179 1644; x_wconf 82' lang='lat' dir='ltr'><strong>scripsit,</strong></span> <span class='ocrx_word' id='word_1_203' title='bbox 3213 1575 3536 1633; x_wconf 89' lang='lat' dir='ltr'><strong>latissimum</strong></span> 
     </span>
    </p>
   </div>
   <div class='ocr_carea' id='block_1_30' title="bbox 1954 1662 3534 1739">
    <p class='ocr_par' dir='ltr' id='par_1_30' title="bbox 1954 1662 3534 1739">
     <span class='ocr_line' id='line_1_30' title="bbox 1954 1662 3534 1739; baseline 0.006 -24"><span class='ocrx_word' id='word_1_204' title='bbox 1954 1670 2008 1715; x_wconf 92' lang='lat' dir='ltr'><strong>et</strong></span> <span class='ocrx_word' id='word_1_205' title='bbox 2042 1662 2382 1718; x_wconf 88' lang='lat' dir='ltr'><strong>elaboratum</strong></span> <span class='ocrx_word' id='word_1_206' title='bbox 2410 1679 2566 1733; x_wconf 80' lang='lat' dir='ltr'><strong>Opus.</strong></span> <span class='ocrx_word' id='word_1_207' title='bbox 2601 1674 2657 1721; x_wconf 90' lang='lat' dir='ltr'><strong>et</strong></span> <span class='ocrx_word' id='word_1_208' title='bbox 2689 1666 2873 1722; x_wconf 89' lang='lat' dir='ltr'><strong>multis</strong></span> <span class='ocrx_word' id='word_1_209' title='bbox 2908 1668 3236 1724; x_wconf 85' lang='lat' dir='ltr'><strong>testimoniis</strong></span> <span class='ocrx_word' id='word_1_210' title='bbox 3260 1672 3534 1739; x_wconf 81' lang='lat' dir='ltr'><strong>approba~</strong></span> 
     </span>
    </p>
   </div>
   <div class='ocr_carea' id='block_1_31' title="bbox 1954 1752 3539 1831">
    <p class='ocr_par' dir='ltr' id='par_1_31' title="bbox 1954 1752 3539 1831">
     <span class='ocr_line' id='line_1_31' title="bbox 1954 1752 3539 1831; baseline 0.009 -27"><span class='ocrx_word' id='word_1_211' title='bbox 1954 1752 2032 1806; x_wconf 92' lang='lat' dir='ltr'><strong>vit</strong></span> <span class='ocrx_word' id='word_1_212' title='bbox 2053 1753 2344 1824; x_wconf 82' lang='lat' dir='ltr'><strong>Origenem</strong></span> <span class='ocrx_word' id='word_1_213' title='bbox 2372 1755 2527 1824; x_wconf 86' lang='lat' dir='ltr'><strong>juxta</strong></span> <span class='ocrx_word' id='word_1_214' title='bbox 2556 1771 2615 1811; x_wconf 91' lang='lat' dir='ltr'><strong>se</strong></span> <span class='ocrx_word' id='word_1_215' title='bbox 2648 1756 2999 1823; x_wconf 90' lang='lat' dir='ltr'><strong>catholicum,</strong></span> <span class='ocrx_word' id='word_1_216' title='bbox 3036 1760 3086 1812; x_wconf 90' lang='lat' dir='ltr'><strong>id</strong></span> <span class='ocrx_word' id='word_1_217' title='bbox 3116 1770 3222 1825; x_wconf 89' lang='lat' dir='ltr'><strong>est,</strong></span> <span class='ocrx_word' id='word_1_218' title='bbox 3250 1760 3407 1831; x_wconf 82' lang='lat' dir='ltr'><strong>juxta</strong></span> <span class='ocrx_word' id='word_1_219' title='bbox 3438 1780 3539 1819; x_wconf 87' lang='lat' dir='ltr'><strong>nos</strong></span> 
     </span>
    </p>
   </div>
   <div class='ocr_carea' id='block_1_32' title="bbox 1950 1845 3537 1918">
    <p class='ocr_par' dir='ltr' id='par_1_32' title="bbox 1950 1845 3537 1918">
     <span class='ocr_line' id='line_1_32' title="bbox 1950 1845 3537 1918; baseline 0.008 -19"><span class='ocrx_word' id='word_1_220' title='bbox 1950 1845 2213 1899; x_wconf 86' lang='lat' dir='ltr'><strong>Arianum</strong></span> <span class='ocrx_word' id='word_1_221' title='bbox 2256 1861 2397 1902; x_wconf 89' lang='lat' dir='ltr'><strong>esse.</strong></span> <span class='ocrx_word' id='word_1_222' title='bbox 2457 1846 2664 1901; x_wconf 86' lang='lat' dir='ltr'><strong>Horum</strong></span> <span class='ocrx_word' id='word_1_223' title='bbox 2724 1856 2778 1902; x_wconf 91' lang='lat' dir='ltr'><strong>tu</strong></span> <span class='ocrx_word' id='word_1_224' title='bbox 2834 1849 3069 1918; x_wconf 89' lang='lat' dir='ltr'><strong>primum</strong></span> <span class='ocrx_word' id='word_1_225' title='bbox 3131 1851 3329 1906; x_wconf 92' lang='lat' dir='ltr'><strong>librum</strong></span> <span class='ocrx_word' id='word_1_226' title='bbox 3368 1856 3537 1911; x_wconf 79' lang='lat' dir='ltr'><strong>vertis</strong></span> 
     </span>
    </p>
   </div>
   <div class='ocr_carea' id='block_1_33' title="bbox 326 1938 3537 2017">
    <p class='ocr_par' dir='ltr' id='par_1_33' title="bbox 326 1938 3537 2017">
     <span class='ocr_line' id='line_1_33' title="bbox 326 1938 3537 2017; baseline 0.005 -32"><span class='ocrx_word' id='word_1_227' title='bbox 326 1941 415 1995; x_wconf 79' lang='grc' dir='ltr'>ιιι,</span> <span class='ocrx_word' id='word_1_228' title='bbox 456 1941 841 2014; x_wconf 65' lang='lat' dir='ltr'><strong>Hieronymus,</strong></span> <span class='ocrx_word' id='word_1_229' title='bbox 875 1946 1082 2001; x_wconf 74' lang='lat' dir='ltr'><strong>codicis</strong></span> <span class='ocrx_word' id='word_1_230' title='bbox 1122 1944 1336 2013; x_wconf 53' lang='lat' dir='ltr'><strong>Graeci,</strong></span> <span class='ocrx_word' id='word_1_231' title='bbox 1368 1962 1529 2017; x_wconf 74' lang='lat' dir='ltr'><strong>quem</strong></span> <span class='ocrx_word' id='word_1_232' title='bbox 1579 1964 1609 2001; x_wconf 63' lang='grc' dir='ltr'>θ</span> <span class='ocrx_word' id='word_1_233' title='bbox 1649 1948 1849 2004; x_wconf 77' lang='lat' dir='ltr'><strong>Ruﬁno</strong></span> <span class='ocrx_word' id='word_1_234' title='bbox 1878 1949 1921 2003; x_wconf 80' lang='grc' dir='ltr'>Β</span> <span class='ocrx_word' id='word_1_235' title='bbox 1951 1938 2051 1992; x_wconf 93' lang='lat' dir='ltr'><strong>sub</strong></span> <span class='ocrx_word' id='word_1_236' title='bbox 2090 1938 2312 1993; x_wconf 89' lang='lat' dir='ltr'><strong>nomine</strong></span> <span class='ocrx_word' id='word_1_237' title='bbox 2349 1940 2612 2010; x_wconf 88' lang='lat' dir='ltr'><strong>martyris</strong></span> <span class='ocrx_word' id='word_1_238' title='bbox 2650 1979 2665 1994; x_wconf 94' lang='lat'><strong>.</strong></span> <span class='ocrx_word' id='word_1_239' title='bbox 2702 1981 2717 1996; x_wconf 93' lang='lat'><strong>.</strong></span> <span class='ocrx_word' id='word_1_240' title='bbox 2754 1982 2769 1997; x_wconf 95' lang='lat'><strong>.</strong></span> <span class='ocrx_word' id='word_1_241' title='bbox 2808 1980 2823 1994; x_wconf 91' lang='lat'><strong>.</strong></span> <span class='ocrx_word' id='word_1_242' title='bbox 2855 1942 3155 2011; x_wconf 88' lang='lat' dir='ltr'><strong>paucisque</strong></span> <span class='ocrx_word' id='word_1_243' title='bbox 3205 1945 3537 2002; x_wconf 87' lang='lat' dir='ltr'><strong>testimoniis</strong></span> 
     </span>
    </p>
   </div>
   <div class='ocr_carea' id='block_1_34' title="bbox 256 2035 1846 2108">
    <p class='ocr_par' dir='ltr' id='par_1_34' title="bbox 256 2035 1846 2108">
     <span class='ocr_line' id='line_1_34' title="bbox 256 2035 1846 2108; baseline 0.007 -24"><span class='ocrx_word' id='word_1_244' title='bbox 256 2043 544 2087; x_wconf 85' lang='lat' dir='ltr'><strong>mutuatus</strong></span> <span class='ocrx_word' id='word_1_245' title='bbox 566 2044 707 2100; x_wconf 89' lang='lat' dir='ltr'><strong>erat,</strong></span> <span class='ocrx_word' id='word_1_246' title='bbox 741 2035 900 2091; x_wconf 89' lang='lat' dir='ltr'><strong>titulo</strong></span> <span class='ocrx_word' id='word_1_247' title='bbox 933 2036 1093 2091; x_wconf 82' lang='lat' dir='ltr'><strong>fidem</strong></span> <span class='ocrx_word' id='word_1_248' title='bbox 1137 2037 1422 2102; x_wconf 90' lang='lat' dir='ltr'><strong>adhibens,</strong></span> <span class='ocrx_word' id='word_1_249' title='bbox 1456 2039 1687 2108; x_wconf 90' lang='lat' dir='ltr'><strong>primum</strong></span> <span class='ocrx_word' id='word_1_250' title='bbox 1724 2055 1846 2095; x_wconf 83' lang='lat' dir='ltr'><strong>cre-</strong></span> 
     </span>
    </p>
   </div>
   <div class='ocr_carea' id='block_1_35' title="bbox 254 2124 1842 2199">
    <p class='ocr_par' dir='ltr' id='par_1_35' title="bbox 254 2124 1842 2199">
     <span class='ocr_line' id='line_1_35' title="bbox 254 2124 1842 2199; baseline 0.006 -23"><span class='ocrx_word' id='word_1_251' title='bbox 254 2124 469 2177; x_wconf 88' lang='lat' dir='ltr'><strong>diderat</strong></span> <span class='ocrx_word' id='word_1_252' title='bbox 499 2125 865 2194; x_wconf 78' lang='lat' dir='ltr'><strong>Defensionem</strong></span> <span class='ocrx_word' id='word_1_253' title='bbox 896 2126 1139 2196; x_wconf 78' lang='lat' dir='ltr'><strong>Origenis</strong></span> <span class='ocrx_word' id='word_1_254' title='bbox 1184 2130 1285 2183; x_wconf 90' lang='lat' dir='ltr'><strong>sub</strong></span> <span class='ocrx_word' id='word_1_255' title='bbox 1323 2130 1541 2185; x_wconf 88' lang='lat' dir='ltr'><strong>nomine</strong></span> <span class='ocrx_word' id='word_1_256' title='bbox 1574 2129 1842 2199; x_wconf 84' lang='lat' dir='ltr'><strong>Pamphili</strong></span> 
     </span>
    </p>
   </div>
   <div class='ocr_carea' id='block_1_36' title="bbox 253 2215 1845 2289">
    <p class='ocr_par' dir='ltr' id='par_1_36' title="bbox 253 2215 1845 2289">
     <span class='ocr_line' id='line_1_36' title="bbox 253 2215 1845 2289; baseline 0.008 -25"><span class='ocrx_word' id='word_1_257' title='bbox 253 2215 554 2287; x_wconf 79' lang='lat' dir='ltr'><strong>vulgatam,</strong></span> <span class='ocrx_word' id='word_1_258' title='bbox 592 2232 728 2285; x_wconf 89' lang='lat' dir='ltr'><strong>opus</strong></span> <span class='ocrx_word' id='word_1_259' title='bbox 776 2234 897 2273; x_wconf 90' lang='lat' dir='ltr'><strong>esse</strong></span> <span class='ocrx_word' id='word_1_260' title='bbox 944 2220 1222 2275; x_wconf 88' lang='lat' dir='ltr'><strong>diversum</strong></span> <span class='ocrx_word' id='word_1_261' title='bbox 1266 2237 1294 2274; x_wconf 91' lang='lat' dir='ltr'><strong>a</strong></span> <span class='ocrx_word' id='word_1_262' title='bbox 1348 2237 1446 2277; x_wconf 81' lang='lat' dir='ltr'><strong>sex</strong></span> <span class='ocrx_word' id='word_1_263' title='bbox 1480 2221 1749 2289; x_wconf 88' lang='lat' dir='ltr'><strong>Pamphili</strong></span> <span class='ocrx_word' id='word_1_264' title='bbox 1790 2234 1845 2279; x_wconf 88' lang='lat' dir='ltr'><strong>et</strong></span> 
     </span>
    </p>
   </div>
   <div class='ocr_carea' id='block_1_37' title="bbox 253 2306 1843 2384">
    <p class='ocr_par' dir='ltr' id='par_1_37' title="bbox 253 2306 1843 2384">
     <span class='ocr_line' id='line_1_37' title="bbox 253 2306 1843 2384; baseline 0.006 -23"><span class='ocrx_word' id='word_1_265' title='bbox 253 2306 479 2362; x_wconf 83' lang='lat' dir='ltr'><strong>Eusebii</strong></span> <span class='ocrx_word' id='word_1_266' title='bbox 511 2309 668 2364; x_wconf 90' lang='lat' dir='ltr'><strong>libris</strong></span> <span class='ocrx_word' id='word_1_267' title='bbox 699 2326 795 2378; x_wconf 91' lang='lat' dir='ltr'><strong>pro</strong></span> <span class='ocrx_word' id='word_1_268' title='bbox 822 2310 1060 2379; x_wconf 87' lang='lat' dir='ltr'><strong>Origene</strong></span> <span class='ocrx_word' id='word_1_269' title='bbox 1094 2311 1413 2380; x_wconf 87' lang='lat' dir='ltr'><strong>elaboratis,</strong></span> <span class='ocrx_word' id='word_1_270' title='bbox 1451 2314 1843 2384; x_wconf 86' lang='lat' dir='ltr'><strong>propriumque</strong></span> 
     </span>
    </p>
   </div>
   <div class='ocr_carea' id='block_1_38' title="bbox 250 2399 1842 2478">
    <p class='ocr_par' dir='ltr' id='par_1_38' title="bbox 250 2399 1842 2478">
     <span class='ocr_line' id='line_1_38' title="bbox 250 2399 1842 2478; baseline 0.006 -25"><span class='ocrx_word' id='word_1_271' title='bbox 250 2400 426 2455; x_wconf 87' lang='lat' dir='ltr'><strong>solius</strong></span> <span class='ocrx_word' id='word_1_272' title='bbox 481 2399 789 2471; x_wconf 87' lang='lat' dir='ltr'><strong>Pamphili,</strong></span> <span class='ocrx_word' id='word_1_273' title='bbox 851 2405 947 2457; x_wconf 90' lang='lat' dir='ltr'><strong>sed</strong></span> <span class='ocrx_word' id='word_1_274' title='bbox 1006 2407 1110 2461; x_wconf 88' lang='lat' dir='ltr'><strong>hac</strong></span> <span class='ocrx_word' id='word_1_275' title='bbox 1160 2407 1505 2476; x_wconf 91' lang='lat' dir='ltr'><strong>postmodum</strong></span> <span class='ocrx_word' id='word_1_276' title='bbox 1554 2407 1842 2478; x_wconf 87' lang='lat' dir='ltr'><strong>Pamphilo</strong></span> 
     </span>
    </p>
   </div>
   <div class='ocr_carea' id='block_1_39' title="bbox 250 2493 1844 2557">
    <p class='ocr_par' dir='ltr' id='par_1_39' title="bbox 250 2493 1844 2557">
     <span class='ocr_line' id='line_1_39' title="bbox 250 2493 1844 2557; baseline 0.008 -12"><span class='ocrx_word' id='word_1_277' title='bbox 250 2493 527 2556; x_wconf 71' lang='lat' dir='ltr'><strong>detracta,</strong></span> <span class='ocrx_word' id='word_1_278' title='bbox 564 2508 731 2546; x_wconf 91' lang='lat' dir='ltr'><strong>unum</strong></span> <span class='ocrx_word' id='word_1_279' title='bbox 767 2508 888 2548; x_wconf 90' lang='lat' dir='ltr'><strong>esse</strong></span> <span class='ocrx_word' id='word_1_280' title='bbox 921 2510 985 2551; x_wconf 90' lang='lat' dir='ltr'><strong>ac</strong></span> <span class='ocrx_word' id='word_1_281' title='bbox 1015 2498 1265 2552; x_wconf 89' lang='lat' dir='ltr'><strong>eumdem</strong></span> <span class='ocrx_word' id='word_1_282' title='bbox 1296 2497 1464 2553; x_wconf 85' lang='lat' dir='ltr'><strong>solius</strong></span> <span class='ocrx_word' id='word_1_283' title='bbox 1504 2498 1724 2555; x_wconf 86' lang='lat' dir='ltr'><strong>Eusebii</strong></span> <span class='ocrx_word' id='word_1_284' title='bbox 1764 2500 1844 2557; x_wconf 89' lang='lat' dir='ltr'><strong>fe-</strong></span> 
     </span>
    </p>
   </div>
   <div class='ocr_carea' id='block_1_40' title="bbox 250 2585 1843 2665">
    <p class='ocr_par' dir='ltr' id='par_1_40' title="bbox 250 2585 1843 2665">
     <span class='ocr_line' id='line_1_40' title="bbox 250 2585 1843 2665; baseline 0.009 -29"><span class='ocrx_word' id='word_1_285' title='bbox 250 2592 366 2637; x_wconf 86' lang='lat' dir='ltr'><strong>tum</strong></span> <span class='ocrx_word' id='word_1_286' title='bbox 422 2585 626 2639; x_wconf 84' lang='lat' dir='ltr'><strong>acriter</strong></span> <span class='ocrx_word' id='word_1_287' title='bbox 678 2589 982 2644; x_wconf 91' lang='lat' dir='ltr'><strong>contendit.</strong></span> <span class='ocrx_word' id='word_1_288' title='bbox 1025 2607 1044 2640; x_wconf 73' lang='grc' dir='ltr'><strong>ι</strong></span> <span class='ocrx_word' id='word_1_289' title='bbox 1089 2588 1245 2644; x_wconf 84' lang='grc' dir='ltr'>Νιιιιε</span> <span class='ocrx_word' id='word_1_290' title='bbox 1300 2599 1549 2660; x_wconf 89' lang='lat' dir='ltr'><strong>tantum,</strong></span> <span class='ocrx_word' id='word_1_291' title='bbox 1592 2613 1611 2647; x_wconf 77' lang='grc' dir='ltr'><strong>ι</strong></span> <span class='ocrx_word' id='word_1_292' title='bbox 1667 2595 1843 2665; x_wconf 87' lang='lat' dir='ltr'><strong>inquit</strong></span> 
     </span>
    </p>
   </div>
   <div class='ocr_carea' id='block_1_41' title="bbox 248 2674 1841 2747">
    <p class='ocr_par' dir='ltr' id='par_1_41' title="bbox 248 2674 1841 2747">
     <span class='ocr_line' id='line_1_41' title="bbox 248 2674 1841 2747; baseline 0.009 -21"><span class='ocrx_word' id='word_1_293' title='bbox 248 2674 349 2730; x_wconf 89' lang='lat' dir='ltr'><strong>lib.</strong></span> <span class='ocrx_word' id='word_1_294' title='bbox 390 2690 430 2731; x_wconf 87' lang='lat' dir='ltr'><strong>tt</strong></span> <span class='ocrx_word' id='word_1_295' title='bbox 475 2678 725 2731; x_wconf 78' lang='lat' dir='ltr'><strong>adversus</strong></span> <span class='ocrx_word' id='word_1_296' title='bbox 782 2677 1057 2747; x_wconf 81' lang='lat' dir='ltr'><strong>Ruﬁnum,</strong></span> <span class='ocrx_word' id='word_1_297' title='bbox 1095 2700 1113 2732; x_wconf 81' lang='grc' dir='ltr'><strong>ι</strong></span> <span class='ocrx_word' id='word_1_298' title='bbox 1155 2682 1262 2737; x_wconf 91' lang='lat' dir='ltr'><strong>tuis</strong></span> <span class='ocrx_word' id='word_1_299' title='bbox 1302 2684 1699 2740; x_wconf 89' lang='lat' dir='ltr'><strong>assertionibus</strong></span> <span class='ocrx_word' id='word_1_300' title='bbox 1742 2685 1841 2740; x_wconf 79' lang='lat' dir='ltr'><strong>ob-</strong></span> 
     </span>
    </p>
   </div>
   <div class='ocr_carea' id='block_1_42' title="bbox 246 2767 1842 2842">
    <p class='ocr_par' dir='ltr' id='par_1_42' title="bbox 246 2767 1842 2842">
     <span class='ocr_line' id='line_1_42' title="bbox 246 2767 1842 2842; baseline 0.008 -23"><span class='ocrx_word' id='word_1_301' title='bbox 246 2768 431 2824; x_wconf 75' lang='lat' dir='ltr'><strong>viasse</strong></span> <span class='ocrx_word' id='word_1_302' title='bbox 460 2767 716 2835; x_wconf 81' lang='lat' dir='ltr'><strong>sufﬁciat,</strong></span> <span class='ocrx_word' id='word_1_303' title='bbox 754 2779 809 2825; x_wconf 89' lang='lat' dir='ltr'><strong>et.</strong></span> <span class='ocrx_word' id='word_1_304' title='bbox 851 2772 953 2826; x_wconf 86' lang='lat' dir='ltr'><strong>hoc</strong></span> <span class='ocrx_word' id='word_1_305' title='bbox 987 2773 1231 2827; x_wconf 89' lang='lat' dir='ltr'><strong>breviter</strong></span> <span class='ocrx_word' id='word_1_306' title='bbox 1272 2774 1594 2842; x_wconf 91' lang='lat' dir='ltr'><strong>prudentem</strong></span> <span class='ocrx_word' id='word_1_307' title='bbox 1633 2776 1842 2831; x_wconf 86' lang='lat' dir='ltr'><strong>instru-</strong></span> 
     </span>
    </p>
   </div>
   <div class='ocr_carea' id='block_1_43' title="bbox 246 2858 1839 2932">
    <p class='ocr_par' dir='ltr' id='par_1_43' title="bbox 246 2858 1839 2932">
     <span class='ocr_line' id='line_1_43' title="bbox 246 2858 1839 2932; baseline 0.006 -20"><span class='ocrx_word' id='word_1_308' title='bbox 246 2858 401 2913; x_wconf 74' lang='lat' dir='ltr'><strong>xisse</strong></span> <span class='ocrx_word' id='word_1_309' title='bbox 430 2858 712 2926; x_wconf 88' lang='lat' dir='ltr'><strong>lectorem,</strong></span> <span class='ocrx_word' id='word_1_310' title='bbox 749 2876 835 2916; x_wconf 87' lang='lat' dir='ltr'><strong>tne</strong></span> <span class='ocrx_word' id='word_1_311' title='bbox 872 2862 1034 2916; x_wconf 90' lang='lat' dir='ltr'><strong>istum</strong></span> <span class='ocrx_word' id='word_1_312' title='bbox 1089 2861 1310 2930; x_wconf 91' lang='lat' dir='ltr'><strong>librum,</strong></span> <span class='ocrx_word' id='word_1_313' title='bbox 1349 2864 1438 2932; x_wconf 92' lang='lat' dir='ltr'><strong>qui</strong></span> <span class='ocrx_word' id='word_1_314' title='bbox 1476 2865 1577 2919; x_wconf 87' lang='lat' dir='ltr'><strong>sub</strong></span> <span class='ocrx_word' id='word_1_315' title='bbox 1617 2867 1839 2923; x_wconf 91' lang='lat' dir='ltr'><strong>nomine</strong></span> 
     </span>
    </p>
   </div>
   <div class='ocr_carea' id='block_1_44' title="bbox 244 2950 1836 3026">
    <p class='ocr_par' dir='ltr' id='par_1_44' title="bbox 244 2950 1836 3026">
     <span class='ocr_line' id='line_1_44' title="bbox 244 2950 1836 3026; baseline 0.005 -21"><span class='ocrx_word' id='word_1_316' title='bbox 244 2950 522 3021; x_wconf 77' lang='lat' dir='ltr'><strong>Pamphili</strong></span> <span class='ocrx_word' id='word_1_317' title='bbox 562 2952 864 3019; x_wconf 81' lang='lat' dir='ltr'><strong>ferebatur,</strong></span> <span class='ocrx_word' id='word_1_318' title='bbox 920 2954 1125 3010; x_wconf 83' lang='lat' dir='ltr'><strong>vidisse</strong></span> <span class='ocrx_word' id='word_1_319' title='bbox 1175 2955 1407 3024; x_wconf 91' lang='lat' dir='ltr'><strong>primum</strong></span> <span class='ocrx_word' id='word_1_320' title='bbox 1465 2957 1727 3026; x_wconf 88' lang='lat' dir='ltr'><strong>scriptum</strong></span> <span class='ocrx_word' id='word_1_321' title='bbox 1783 2958 1836 3013; x_wconf 92' lang='lat' dir='ltr'><strong>in</strong></span> 
     </span>
    </p>
   </div>
   <div class='ocr_carea' id='block_1_45' title="bbox 245 3042 1838 3117">
    <p class='ocr_par' dir='ltr' id='par_1_45' title="bbox 245 3042 1838 3117">
     <span class='ocr_line' id='line_1_45' title="bbox 245 3042 1838 3117; baseline 0.004 -20"><span class='ocrx_word' id='word_1_322' title='bbox 245 3042 443 3097; x_wconf 78' lang='lat' dir='ltr'><strong>codice</strong></span> <span class='ocrx_word' id='word_1_323' title='bbox 474 3053 596 3108; x_wconf 87' lang='lat' dir='ltr'><strong>tuo;</strong></span> <span class='ocrx_word' id='word_1_324' title='bbox 637 3053 693 3098; x_wconf 92' lang='lat' dir='ltr'><strong>et</strong></span> <span class='ocrx_word' id='word_1_325' title='bbox 728 3044 855 3114; x_wconf 79' lang='lat' dir='ltr'><strong>quia</strong></span> <span class='ocrx_word' id='word_1_326' title='bbox 903 3060 1012 3101; x_wconf 89' lang='lat' dir='ltr'><strong>non</strong></span> <span class='ocrx_word' id='word_1_327' title='bbox 1055 3056 1175 3100; x_wconf 84' lang='lat' dir='ltr'><strong>erat</strong></span> <span class='ocrx_word' id='word_1_328' title='bbox 1211 3046 1340 3101; x_wconf 87' lang='lat' dir='ltr'><strong>mihi</strong></span> <span class='ocrx_word' id='word_1_329' title='bbox 1380 3062 1523 3101; x_wconf 77' lang='lat' dir='ltr'><strong>cura:</strong></span> <span class='ocrx_word' id='word_1_330' title='bbox 1565 3048 1695 3117; x_wconf 91' lang='lat' dir='ltr'><strong>quid</strong></span> <span class='ocrx_word' id='word_1_331' title='bbox 1740 3063 1838 3117; x_wconf 90' lang='lat' dir='ltr'><strong>pro</strong></span> 
     </span>
    </p>
   </div>
   <div class='ocr_carea' id='block_1_46' title="bbox 246 3134 1835 3208">
    <p class='ocr_par' dir='ltr' id='par_1_46' title="bbox 246 3134 1835 3208">
     <span class='ocr_line' id='line_1_46' title="bbox 246 3134 1835 3208; baseline 0.003 -21"><span class='ocrx_word' id='word_1_332' title='bbox 246 3134 516 3190; x_wconf 63' lang='lat' dir='ltr'><strong>haeretica</strong></span> <span class='ocrx_word' id='word_1_333' title='bbox 544 3134 839 3201; x_wconf 87' lang='lat' dir='ltr'><strong>diceretur,</strong></span> <span class='ocrx_word' id='word_1_334' title='bbox 876 3136 957 3192; x_wconf 88' lang='lat' dir='ltr'><strong>sic</strong></span> <span class='ocrx_word' id='word_1_335' title='bbox 986 3151 1203 3205; x_wconf 87' lang='lat' dir='ltr'><strong>semper</strong></span> <span class='ocrx_word' id='word_1_336' title='bbox 1234 3137 1491 3193; x_wconf 88' lang='lat' dir='ltr'><strong>habuisse</strong></span> <span class='ocrx_word' id='word_1_337' title='bbox 1511 3178 1527 3202; x_wconf 87' lang='lat'><strong>,</strong></span> <span class='ocrx_word' id='word_1_338' title='bbox 1560 3139 1718 3208; x_wconf 88' lang='lat' dir='ltr'><strong>quasi</strong></span> <span class='ocrx_word' id='word_1_339' title='bbox 1749 3139 1835 3192; x_wconf 85' lang='lat' dir='ltr'><strong>di-</strong></span> 
     </span>
    </p>
   </div>
   <div class='ocr_carea' id='block_1_47' title="bbox 243 3228 1834 3300">
    <p class='ocr_par' dir='ltr' id='par_1_47' title="bbox 243 3228 1834 3300">
     <span class='ocr_line' id='line_1_47' title="bbox 243 3228 1834 3300; baseline 0.003 -19"><span class='ocrx_word' id='word_1_340' title='bbox 243 3240 471 3283; x_wconf 80' lang='lat' dir='ltr'><strong>versum</strong></span> <span class='ocrx_word' id='word_1_341' title='bbox 532 3236 681 3283; x_wconf 91' lang='lat' dir='ltr'><strong>esset</strong></span> <span class='ocrx_word' id='word_1_342' title='bbox 732 3242 870 3299; x_wconf 81' lang='lat' dir='ltr'><strong>Opus</strong></span> <span class='ocrx_word' id='word_1_343' title='bbox 915 3228 1187 3300; x_wconf 85' lang='lat' dir='ltr'><strong>Pamphili</strong></span> <span class='ocrx_word' id='word_1_344' title='bbox 1230 3239 1285 3287; x_wconf 88' lang='lat' dir='ltr'><strong>et</strong></span> <span class='ocrx_word' id='word_1_345' title='bbox 1331 3230 1592 3286; x_wconf 87' lang='lat' dir='ltr'><strong>Eusebii:</strong></span> <span class='ocrx_word' id='word_1_346' title='bbox 1644 3242 1834 3297; x_wconf 90' lang='lat' dir='ltr'><strong>postea</strong></span> 
     </span>
    </p>
   </div>
   <div class='ocr_carea' id='block_1_48' title="bbox 245 3322 1836 3393">
    <p class='ocr_par' dir='ltr' id='par_1_48' title="bbox 245 3322 1836 3393">
     <span class='ocr_line' id='line_1_48' title="bbox 245 3322 1836 3393; baseline 0.006 -22"><span class='ocrx_word' id='word_1_347' title='bbox 245 3334 404 3386; x_wconf 87' lang='lat' dir='ltr'><strong>vero,</strong></span> <span class='ocrx_word' id='word_1_348' title='bbox 440 3322 739 3390; x_wconf 58' lang='lat' dir='ltr'><strong>quaestione</strong></span> <span class='ocrx_word' id='word_1_349' title='bbox 789 3330 930 3375; x_wconf 90' lang='lat' dir='ltr'><strong>mota</strong></span> <span class='ocrx_word' id='word_1_350' title='bbox 952 3362 968 3387; x_wconf 92' lang='lat'><strong>,</strong></span> <span class='ocrx_word' id='word_1_351' title='bbox 1017 3322 1238 3391; x_wconf 82' lang='lat' dir='ltr'><strong>scriptis</strong></span> <span class='ocrx_word' id='word_1_352' title='bbox 1277 3338 1468 3376; x_wconf 90' lang='lat' dir='ltr'><strong>eorum</strong></span> <span class='ocrx_word' id='word_1_353' title='bbox 1504 3325 1836 3393; x_wconf 85' lang='lat' dir='ltr'><strong>respondere</strong></span> 
     </span>
    </p>
   </div>
   <div class='ocr_carea' id='block_1_49' title="bbox 240 3413 1837 3485">
    <p class='ocr_par' dir='ltr' id='par_1_49' title="bbox 240 3413 1837 3485">
     <span class='ocr_line' id='line_1_49' title="bbox 240 3413 1837 3485; baseline 0.003 -20"><span class='ocrx_word' id='word_1_354' title='bbox 240 3413 512 3479; x_wconf 78' lang='lat' dir='ltr'><strong>voluisse,</strong></span> <span class='ocrx_word' id='word_1_355' title='bbox 544 3422 601 3468; x_wconf 90' lang='lat' dir='ltr'><strong>et</strong></span> <span class='ocrx_word' id='word_1_356' title='bbox 634 3415 702 3468; x_wconf 91' lang='lat' dir='ltr'><strong>ob</strong></span> <span class='ocrx_word' id='word_1_357' title='bbox 753 3416 893 3468; x_wconf 90' lang='lat' dir='ltr'><strong>banc</strong></span> <span class='ocrx_word' id='word_1_358' title='bbox 927 3429 1149 3468; x_wconf 86' lang='lat' dir='ltr'><strong>causam</strong></span> <span class='ocrx_word' id='word_1_359' title='bbox 1183 3415 1382 3482; x_wconf 90' lang='lat' dir='ltr'><strong>legisse</strong></span> <span class='ocrx_word' id='word_1_360' title='bbox 1408 3416 1541 3485; x_wconf 91' lang='lat' dir='ltr'><strong>quid</strong></span> <span class='ocrx_word' id='word_1_361' title='bbox 1574 3430 1673 3484; x_wconf 90' lang='lat' dir='ltr'><strong>pro</strong></span> <span class='ocrx_word' id='word_1_362' title='bbox 1711 3414 1837 3469; x_wconf 88' lang='lat' dir='ltr'><strong>Ori-</strong></span> 
     </span>
    </p>
   </div>
   <div class='ocr_carea' id='block_1_50' title="bbox 242 3504 1831 3576">
    <p class='ocr_par' dir='ltr' id='par_1_50' title="bbox 242 3504 1831 3576">
     <span class='ocr_line' id='line_1_50' title="bbox 242 3504 1831 3576; baseline 0.001 -17"><span class='ocrx_word' id='word_1_363' title='bbox 242 3520 387 3575; x_wconf 75' lang='lat' dir='ltr'><strong>gene</strong></span> <span class='ocrx_word' id='word_1_364' title='bbox 438 3508 813 3576; x_wconf 83' lang='lat' dir='ltr'><strong>unusquisque</strong></span> <span class='ocrx_word' id='word_1_365' title='bbox 869 3507 1130 3570; x_wconf 90' lang='lat' dir='ltr'><strong>sentiret;</strong></span> <span class='ocrx_word' id='word_1_366' title='bbox 1187 3506 1582 3576; x_wconf 86' lang='lat' dir='ltr'><strong>perspicueque</strong></span> <span class='ocrx_word' id='word_1_367' title='bbox 1633 3504 1831 3575; x_wconf 83' lang='lat' dir='ltr'><strong>depre-</strong></span> 
     </span>
    </p>
   </div>
   <div class='ocr_carea' id='block_1_51' title="bbox 243 3596 1834 3669">
    <p class='ocr_par' dir='ltr' id='par_1_51' title="bbox 243 3596 1834 3669">
     <span class='ocr_line' id='line_1_51' title="bbox 243 3596 1834 3669; baseline 0.003 -18"><span class='ocrx_word' id='word_1_368' title='bbox 243 3596 531 3661; x_wconf 75' lang='lat' dir='ltr'><strong>beadisse,</strong></span> <span class='ocrx_word' id='word_1_369' title='bbox 566 3600 712 3669; x_wconf 88' lang='lat' dir='ltr'><strong>quod</strong></span> <span class='ocrx_word' id='word_1_370' title='bbox 748 3600 958 3668; x_wconf 89' lang='lat' dir='ltr'><strong>primus</strong></span> <span class='ocrx_word' id='word_1_371' title='bbox 993 3599 1130 3653; x_wconf 89' lang='lat' dir='ltr'><strong>liber</strong></span> <span class='ocrx_word' id='word_1_372' title='bbox 1150 3612 1249 3653; x_wconf 85' lang='lat' dir='ltr'><strong>sex</strong></span> <span class='ocrx_word' id='word_1_373' title='bbox 1283 3598 1615 3653; x_wconf 90' lang='lat' dir='ltr'><strong>voluminum</strong></span> <span class='ocrx_word' id='word_1_374' title='bbox 1656 3596 1834 3655; x_wconf 84' lang='lat' dir='ltr'><strong>Euse—</strong></span> 
     </span>
    </p>
   </div>
   <div class='ocr_carea' id='block_1_52' title="bbox 241 3684 1834 3760">
    <p class='ocr_par' dir='ltr' id='par_1_52' title="bbox 241 3684 1834 3760">
     <span class='ocr_line' id='line_1_52' title="bbox 241 3684 1834 3760; baseline -0.001 -15"><span class='ocrx_word' id='word_1_375' title='bbox 241 3690 316 3745; x_wconf 88' lang='lat' dir='ltr'><strong>bii</strong></span> <span class='ocrx_word' id='word_1_376' title='bbox 355 3690 480 3759; x_wconf 89' lang='lat' dir='ltr'><strong>ipse</strong></span> <span class='ocrx_word' id='word_1_377' title='bbox 522 3698 701 3755; x_wconf 91' lang='lat' dir='ltr'><strong>esset,</strong></span> <span class='ocrx_word' id='word_1_378' title='bbox 738 3691 829 3760; x_wconf 92' lang='lat' dir='ltr'><strong>qui</strong></span> <span class='ocrx_word' id='word_1_379' title='bbox 872 3704 1011 3743; x_wconf 90' lang='lat' dir='ltr'><strong>unus</strong></span> <span class='ocrx_word' id='word_1_380' title='bbox 1051 3688 1151 3743; x_wconf 90' lang='lat' dir='ltr'><strong>sub</strong></span> <span class='ocrx_word' id='word_1_381' title='bbox 1199 3688 1418 3743; x_wconf 87' lang='lat' dir='ltr'><strong>nomine</strong></span> <span class='ocrx_word' id='word_1_382' title='bbox 1462 3684 1728 3759; x_wconf 86' lang='lat' dir='ltr'><strong>Pamphili</strong></span> <span class='ocrx_word' id='word_1_383' title='bbox 1803 3706 1834 3744; x_wconf 92' lang='lat' dir='ltr'><strong>a</strong></span> 
     </span>
    </p>
   </div>
   <div class='ocr_carea' id='block_1_53' title="bbox 240 3778 1834 3849">
    <p class='ocr_par' dir='ltr' id='par_1_53' title="bbox 240 3778 1834 3849">
     <span class='ocr_line' id='line_1_53' title="bbox 240 3778 1834 3849; baseline 0 -12"><span class='ocrx_word' id='word_1_384' title='bbox 240 3792 296 3837; x_wconf 80' lang='lat' dir='ltr'><strong>te</strong></span> <span class='ocrx_word' id='word_1_385' title='bbox 323 3782 510 3836; x_wconf 82' lang='lat' dir='ltr'><strong>editus</strong></span> <span class='ocrx_word' id='word_1_386' title='bbox 539 3790 627 3836; x_wconf 90' lang='lat' dir='ltr'><strong>est</strong></span> <span class='ocrx_word' id='word_1_387' title='bbox 662 3790 769 3835; x_wconf 91' lang='lat' dir='ltr'><strong>tam</strong></span> <span class='ocrx_word' id='word_1_388' title='bbox 809 3780 997 3835; x_wconf 62' lang='lat' dir='ltr'><strong>Graece</strong></span> <span class='ocrx_word' id='word_1_389' title='bbox 1038 3796 1202 3849; x_wconf 92' lang='lat' dir='ltr'><strong>quam</strong></span> <span class='ocrx_word' id='word_1_390' title='bbox 1254 3778 1487 3847; x_wconf 89' lang='lat' dir='ltr'><strong>Latine,</strong></span> <span class='ocrx_word' id='word_1_391' title='bbox 1528 3781 1834 3837; x_wconf 85' lang='lat' dir='ltr'><strong>immutatis</strong></span> 
     </span>
    </p>
   </div>
   <div class='ocr_carea' id='block_1_54' title="bbox 240 3872 1830 3944">
    <p class='ocr_par' dir='ltr' id='par_1_54' title="bbox 240 3872 1830 3944">
     <span class='ocr_line' id='line_1_54' title="bbox 240 3872 1830 3944; baseline -0.003 -14"><span class='ocrx_word' id='word_1_392' title='bbox 240 3875 521 3930; x_wconf 82' lang='lat' dir='ltr'><strong>duntaxat</strong></span> <span class='ocrx_word' id='word_1_393' title='bbox 561 3873 811 3927; x_wconf 84' lang='lat' dir='ltr'><strong>sensibus</strong></span> <span class='ocrx_word' id='word_1_394' title='bbox 852 3873 919 3927; x_wconf 91' lang='lat' dir='ltr'><strong>de</strong></span> <span class='ocrx_word' id='word_1_395' title='bbox 946 3872 1087 3927; x_wconf 87' lang='lat' dir='ltr'><strong>Filio</strong></span> <span class='ocrx_word' id='word_1_396' title='bbox 1124 3882 1179 3927; x_wconf 93' lang='lat' dir='ltr'><strong>et</strong></span> <span class='ocrx_word' id='word_1_397' title='bbox 1222 3872 1428 3941; x_wconf 84' lang='lat' dir='ltr'><strong>Spiritu</strong></span> <span class='ocrx_word' id='word_1_398' title='bbox 1473 3884 1685 3941; x_wconf 90' lang='lat' dir='ltr'><strong>sancto,</strong></span> <span class='ocrx_word' id='word_1_399' title='bbox 1738 3874 1830 3944; x_wconf 93' lang='lat' dir='ltr'><strong>qui</strong></span> 
     </span>
    </p>
   </div>
   <div class='ocr_carea' id='block_1_55' title="bbox 238 3965 1828 4046">
    <p class='ocr_par' dir='ltr' id='par_1_55' title="bbox 238 3965 1828 4046">
     <span class='ocr_line' id='line_1_55' title="bbox 238 3965 1828 4046; baseline 0 -27"><span class='ocrx_word' id='word_1_400' title='bbox 238 3976 499 4036; x_wconf 88' lang='lat' dir='ltr'><strong>apertam</strong></span> <span class='ocrx_word' id='word_1_401' title='bbox 547 3965 947 4035; x_wconf 87' lang='lat' dir='ltr'><strong>blasphemiam</strong></span> <span class='ocrx_word' id='word_1_402' title='bbox 1006 3965 1414 4046; x_wconf 32' lang='lat' dir='ltr'><strong>praeferebant.‘</strong></span> <span class='ocrx_word' id='word_1_403' title='bbox 1457 3966 1610 4021; x_wconf 89' lang='lat' dir='ltr'><strong>Unde</strong></span> <span class='ocrx_word' id='word_1_404' title='bbox 1662 3968 1828 4021; x_wconf 90' lang='lat' dir='ltr'><strong>etiam</strong></span> 
     </span>
    </p>
   </div>
   <div class='ocr_carea' id='block_1_56' title="bbox 239 4057 1831 4122">
    <p class='ocr_par' dir='ltr' id='par_1_56' title="bbox 239 4057 1831 4122">
     <span class='ocr_line' id='line_1_56' title="bbox 239 4057 1831 4122; baseline 0 -11"><span class='ocrx_word' id='word_1_405' title='bbox 239 4068 373 4112; x_wconf 86' lang='lat' dir='ltr'><strong>ante</strong></span> <span class='ocrx_word' id='word_1_406' title='bbox 427 4072 603 4112; x_wconf 86' lang='lat' dir='ltr'><strong>annos</strong></span> <span class='ocrx_word' id='word_1_407' title='bbox 651 4057 825 4113; x_wconf 84' lang='lat' dir='ltr'><strong>ferme</strong></span> <span class='ocrx_word' id='word_1_408' title='bbox 868 4058 1094 4122; x_wconf 89' lang='lat' dir='ltr'><strong>decem,</strong></span> <span class='ocrx_word' id='word_1_409' title='bbox 1159 4073 1283 4111; x_wconf 91' lang='lat' dir='ltr'><strong>cum</strong></span> <span class='ocrx_word' id='word_1_410' title='bbox 1364 4058 1560 4111; x_wconf 80' lang='lat' dir='ltr'><strong>Dexter</strong></span> <span class='ocrx_word' id='word_1_411' title='bbox 1621 4057 1831 4111; x_wconf 86' lang='lat' dir='ltr'><strong>amicus</strong></span> 
     </span>
    </p>
   </div>
   <div class='ocr_carea' id='block_1_57' title="bbox 238 4148 1832 4220">
    <p class='ocr_par' dir='ltr' id='par_1_57' title="bbox 238 4148 1832 4220">
     <span class='ocr_line' id='line_1_57' title="bbox 238 4148 1832 4220; baseline -0.002 -15"><span class='ocrx_word' id='word_1_412' title='bbox 238 4167 426 4214; x_wconf 85' lang='lat' dir='ltr'><strong>meus,</strong></span> <span class='ocrx_word' id='word_1_413' title='bbox 462 4150 556 4220; x_wconf 92' lang='lat' dir='ltr'><strong>qui</strong></span> <span class='ocrx_word' id='word_1_414' title='bbox 593 4149 973 4220; x_wconf 71' lang='lat' dir='ltr'><strong>pmfecturam</strong></span> <span class='ocrx_word' id='word_1_415' title='bbox 1002 4148 1413 4203; x_wconf 86' lang='lat' dir='ltr'><strong>administravit</strong></span> <span class='ocrx_word' id='word_1_416' title='bbox 1445 4149 1709 4217; x_wconf 77' lang='lat' dir='ltr'><strong>prtetorii,</strong></span> <span class='ocrx_word' id='word_1_417' title='bbox 1746 4162 1832 4202; x_wconf 88' lang='lat' dir='ltr'><strong>me</strong></span> 
     </span>
    </p>
   </div>
   <div class='ocr_carea' id='block_1_58' title="bbox 242 4240 1827 4313">
    <p class='ocr_par' dir='ltr' id='par_1_58' title="bbox 242 4240 1827 4313">
     <span class='ocr_line' id='line_1_58' title="bbox 242 4240 1827 4313; baseline -0.001 -19"><span class='ocrx_word' id='word_1_418' title='bbox 242 4251 502 4313; x_wconf 84' lang='lat' dir='ltr'><strong>rogasset</strong></span> <span class='ocrx_word' id='word_1_419' title='bbox 536 4254 595 4295; x_wconf 92' lang='lat' dir='ltr'><strong>ut</strong></span> <span class='ocrx_word' id='word_1_420' title='bbox 636 4250 919 4297; x_wconf 88' lang='lat' dir='ltr'><strong>auctorum</strong></span> <span class='ocrx_word' id='word_1_421' title='bbox 955 4252 1155 4295; x_wconf 67' lang='lat' dir='ltr'><strong>nostra:</strong></span> <span class='ocrx_word' id='word_1_422' title='bbox 1197 4241 1479 4310; x_wconf 82' lang='lat' dir='ltr'><strong>religionis</strong></span> <span class='ocrx_word' id='word_1_423' title='bbox 1510 4240 1561 4294; x_wconf 91' lang='lat' dir='ltr'><strong>ei</strong></span> <span class='ocrx_word' id='word_1_424' title='bbox 1592 4241 1827 4294; x_wconf 78' lang='lat' dir='ltr'><strong>indicent</strong></span> 
     </span>
    </p>
   </div>
   <div class='ocr_carea' id='block_1_59' title="bbox 239 4331 1829 4400">
    <p class='ocr_par' dir='ltr' id='par_1_59' title="bbox 239 4331 1829 4400">
     <span class='ocr_line' id='line_1_59' title="bbox 239 4331 1829 4400; baseline -0.001 -11"><span class='ocrx_word' id='word_1_425' title='bbox 239 4347 513 4399; x_wconf 87' lang='lat' dir='ltr'><strong>texerem,</strong></span> <span class='ocrx_word' id='word_1_426' title='bbox 552 4333 697 4387; x_wconf 90' lang='lat' dir='ltr'><strong>inter</strong></span> <span class='ocrx_word' id='word_1_427' title='bbox 738 4341 967 4387; x_wconf 65' lang='lat' dir='ltr'><strong>caeteros</strong></span> <span class='ocrx_word' id='word_1_428' title='bbox 1017 4340 1342 4387; x_wconf 89' lang='lat' dir='ltr'><strong>tractatores</strong></span> <span class='ocrx_word' id='word_1_429' title='bbox 1385 4331 1542 4400; x_wconf 90' lang='lat' dir='ltr'><strong>posui</strong></span> <span class='ocrx_word' id='word_1_430' title='bbox 1593 4339 1647 4385; x_wconf 85' lang='lat' dir='ltr'><strong>et</strong></span> <span class='ocrx_word' id='word_1_431' title='bbox 1684 4333 1829 4387; x_wconf 91' lang='lat' dir='ltr'><strong>lnmc</strong></span> 
     </span>
    </p>
   </div>
   <div class='ocr_carea' id='block_1_60' title="bbox 238 4424 1827 4493">
    <p class='ocr_par' dir='ltr' id='par_1_60' title="bbox 238 4424 1827 4493">
     <span class='ocr_line' id='line_1_60' title="bbox 238 4424 1827 4493; baseline -0.001 -14"><span class='ocrx_word' id='word_1_432' title='bbox 238 4427 445 4481; x_wconf 88' lang='lat' dir='ltr'><strong>librum</strong></span> <span class='ocrx_word' id='word_1_433' title='bbox 490 4441 521 4479; x_wconf 90' lang='lat' dir='ltr'><strong>a</strong></span> <span class='ocrx_word' id='word_1_434' title='bbox 564 4424 871 4493; x_wconf 82' lang='lat' dir='ltr'><strong>Pamphilo,</strong></span> <span class='ocrx_word' id='word_1_435' title='bbox 924 4425 998 4478; x_wconf 91' lang='lat' dir='ltr'><strong>ita</strong></span> <span class='ocrx_word' id='word_1_436' title='bbox 1044 4434 1243 4492; x_wconf 87' lang='lat' dir='ltr'><strong>putans</strong></span> <span class='ocrx_word' id='word_1_437' title='bbox 1282 4438 1405 4478; x_wconf 89' lang='lat' dir='ltr'><strong>esse</strong></span> <span class='ocrx_word' id='word_1_438' title='bbox 1444 4435 1501 4477; x_wconf 93' lang='lat' dir='ltr'><strong>ut</strong></span> <span class='ocrx_word' id='word_1_439' title='bbox 1540 4439 1570 4478; x_wconf 94' lang='lat' dir='ltr'><strong>a</strong></span> <span class='ocrx_word' id='word_1_440' title='bbox 1614 4433 1664 4477; x_wconf 89' lang='lat' dir='ltr'><strong>te</strong></span> <span class='ocrx_word' id='word_1_441' title='bbox 1698 4434 1750 4477; x_wconf 88' lang='lat' dir='ltr'><strong>et</strong></span> <span class='ocrx_word' id='word_1_442' title='bbox 1798 4438 1827 4477; x_wconf 91' lang='lat' dir='ltr'><strong>a</strong></span> 
     </span>
    </p>
   </div>
   <div class='ocr_carea' id='block_1_61' title="bbox 238 4513 1829 4586">
    <p class='ocr_par' dir='ltr' id='par_1_61' title="bbox 238 4513 1829 4586">
     <span class='ocr_line' id='line_1_61' title="bbox 238 4513 1829 4586; baseline 0.001 -16"><span class='ocrx_word' id='word_1_443' title='bbox 238 4521 349 4574; x_wconf 87' lang='lat' dir='ltr'><strong>tuis</strong></span> <span class='ocrx_word' id='word_1_444' title='bbox 398 4516 683 4586; x_wconf 88' lang='lat' dir='ltr'><strong>discipulis</strong></span> <span class='ocrx_word' id='word_1_445' title='bbox 735 4516 916 4570; x_wconf 87' lang='lat' dir='ltr'><strong>fuerat</strong></span> <span class='ocrx_word' id='word_1_446' title='bbox 975 4515 1331 4584; x_wconf 81' lang='lat' dir='ltr'><strong>divulgatum.</strong></span> <span class='ocrx_word' id='word_1_447' title='bbox 1385 4513 1493 4569; x_wconf 91' lang='lat' dir='ltr'><strong>Sed</strong></span> <span class='ocrx_word' id='word_1_448' title='bbox 1539 4531 1662 4570; x_wconf 94' lang='lat' dir='ltr'><strong>cum</strong></span> <span class='ocrx_word' id='word_1_449' title='bbox 1714 4518 1829 4586; x_wconf 85' lang='lat' dir='ltr'><strong>ipse</strong></span> 
     </span>
    </p>
   </div>
   <div class='ocr_carea' id='block_1_62' title="bbox 1950 2028 3535 2108">
    <p class='ocr_par' dir='ltr' id='par_1_62' title="bbox 1950 2028 3535 2108">
     <span class='ocr_line' id='line_1_62' title="bbox 1950 2028 3535 2108; baseline 0.007 -26"><span class='ocrx_word' id='word_1_450' title='bbox 1950 2029 2017 2084; x_wconf 89' lang='lat' dir='ltr'><strong>de</strong></span> <span class='ocrx_word' id='word_1_451' title='bbox 2063 2028 2202 2084; x_wconf 88' lang='lat' dir='ltr'><strong>Filio</strong></span> <span class='ocrx_word' id='word_1_452' title='bbox 2251 2031 2344 2085; x_wconf 90' lang='lat' dir='ltr'><strong>Dei</strong></span> <span class='ocrx_word' id='word_1_453' title='bbox 2387 2040 2441 2085; x_wconf 90' lang='lat' dir='ltr'><strong>et</strong></span> <span class='ocrx_word' id='word_1_454' title='bbox 2493 2030 2701 2101; x_wconf 90' lang='lat' dir='ltr'><strong>Spiritu</strong></span> <span class='ocrx_word' id='word_1_455' title='bbox 2750 2044 2944 2088; x_wconf 84' lang='lat' dir='ltr'><strong>sancto</strong></span> <span class='ocrx_word' id='word_1_456' title='bbox 2999 2036 3374 2101; x_wconf 87' lang='lat' dir='ltr'><strong>commutatis,</strong></span> <span class='ocrx_word' id='word_1_457' title='bbox 3414 2055 3535 2108; x_wconf 74' lang='lat' dir='ltr'><strong>qua:</strong></span> 
     </span>
    </p>
   </div>
   <div class='ocr_carea' id='block_1_63' title="bbox 1947 2123 3533 2201">
    <p class='ocr_par' dir='ltr' id='par_1_63' title="bbox 1947 2123 3533 2201">
     <span class='ocr_line' id='line_1_63' title="bbox 1947 2123 3533 2201; baseline 0.006 -24"><span class='ocrx_word' id='word_1_458' title='bbox 1947 2123 2162 2178; x_wconf 89' lang='lat' dir='ltr'><strong>sciebas</strong></span> <span class='ocrx_word' id='word_1_459' title='bbox 2218 2124 2562 2195; x_wconf 88' lang='lat' dir='ltr'><strong>displicitura</strong></span> <span class='ocrx_word' id='word_1_460' title='bbox 2625 2127 2922 2191; x_wconf 79' lang='lat' dir='ltr'><strong>Romanis,</strong></span> <span class='ocrx_word' id='word_1_461' title='bbox 2978 2138 3176 2183; x_wconf 72' lang='lat' dir='ltr'><strong>ctctera</strong></span> <span class='ocrx_word' id='word_1_462' title='bbox 3236 2147 3407 2201; x_wconf 89' lang='lat' dir='ltr'><strong>usque</strong></span> <span class='ocrx_word' id='word_1_463' title='bbox 3465 2130 3533 2187; x_wconf 88' lang='lat' dir='ltr'><strong>ad</strong></span> 
     </span>
    </p>
   </div>
   <div class='ocr_carea' id='block_1_64' title="bbox 1948 2215 3532 2289">
    <p class='ocr_par' dir='ltr' id='par_1_64' title="bbox 1948 2215 3532 2289">
     <span class='ocr_line' id='line_1_64' title="bbox 1948 2215 3532 2289; baseline 0.005 -21"><span class='ocrx_word' id='word_1_464' title='bbox 1948 2215 2111 2269; x_wconf 77' lang='lat' dir='ltr'><strong>finem</strong></span> <span class='ocrx_word' id='word_1_465' title='bbox 2147 2216 2355 2285; x_wconf 79' lang='lat' dir='ltr'><strong>integra</strong></span> <span class='ocrx_word' id='word_1_466' title='bbox 2394 2218 2673 2273; x_wconf 88' lang='lat' dir='ltr'><strong>dimisisti.</strong></span> <span class='ocrx_word' id='word_1_467' title='bbox 2724 2236 2745 2271; x_wconf 71' lang='grc' dir='ltr'><strong>ι</strong></span> <span class='ocrx_word' id='word_1_468' title='bbox 2790 2220 2856 2275; x_wconf 76' lang='lat' dir='ltr'><strong>At</strong></span> <span class='ocrx_word' id='word_1_469' title='bbox 2885 2235 3013 2273; x_wconf 88' lang='lat' dir='ltr'><strong>vero</strong></span> <span class='ocrx_word' id='word_1_470' title='bbox 3045 2232 3270 2276; x_wconf 87' lang='lat' dir='ltr'><strong>sanctus</strong></span> <span class='ocrx_word' id='word_1_471' title='bbox 3317 2222 3532 2289; x_wconf 88' lang='lat' dir='ltr'><strong>doctor,</strong></span> 
     </span>
    </p>
   </div>
   <div class='ocr_carea' id='block_1_65' title="bbox 1948 2306 3530 2377">
    <p class='ocr_par' dir='ltr' id='par_1_65' title="bbox 1948 2306 3530 2377">
     <span class='ocr_line' id='line_1_65' title="bbox 1948 2306 3530 2377; baseline 0.007 -18"><span class='ocrx_word' id='word_1_472' title='bbox 1948 2306 2040 2377; x_wconf 91' lang='lat' dir='ltr'><strong>qui</strong></span> <span class='ocrx_word' id='word_1_473' title='bbox 2072 2316 2395 2362; x_wconf 90' lang='lat' dir='ltr'><strong>constanter</strong></span> <span class='ocrx_word' id='word_1_474' title='bbox 2425 2308 2560 2363; x_wconf 89' lang='lat' dir='ltr'><strong>locis</strong></span> <span class='ocrx_word' id='word_1_475' title='bbox 2603 2310 2763 2363; x_wconf 90' lang='lat' dir='ltr'><strong>modo</strong></span> <span class='ocrx_word' id='word_1_476' title='bbox 2806 2310 2994 2366; x_wconf 86' lang='lat' dir='ltr'><strong>citatis</strong></span> <span class='ocrx_word' id='word_1_477' title='bbox 3024 2323 3303 2367; x_wconf 85' lang='lat' dir='ltr'><strong>asseverat</strong></span> <span class='ocrx_word' id='word_1_478' title='bbox 3331 2313 3530 2370; x_wconf 90' lang='lat' dir='ltr'><strong>librmn</strong></span> 
     </span>
    </p>
   </div>
   <div class='ocr_carea' id='block_1_66' title="bbox 1947 2398 3531 2473">
    <p class='ocr_par' dir='ltr' id='par_1_66' title="bbox 1947 2398 3531 2473">
     <span class='ocr_line' id='line_1_66' title="bbox 1947 2398 3531 2473; baseline 0.006 -20"><span class='ocrx_word' id='word_1_479' title='bbox 1947 2398 2095 2453; x_wconf 88' lang='lat' dir='ltr'><strong>hunc</strong></span> <span class='ocrx_word' id='word_1_480' title='bbox 2124 2415 2152 2453; x_wconf 91' lang='lat' dir='ltr'><strong>a</strong></span> <span class='ocrx_word' id='word_1_481' title='bbox 2186 2398 2383 2454; x_wconf 83' lang='lat' dir='ltr'><strong>Ruﬁno</strong></span> <span class='ocrx_word' id='word_1_482' title='bbox 2410 2399 2602 2455; x_wconf 84' lang='lat' dir='ltr'><strong>Latine</strong></span> <span class='ocrx_word' id='word_1_483' title='bbox 2637 2400 2986 2467; x_wconf 90' lang='lat' dir='ltr'><strong>translatum,</strong></span> <span class='ocrx_word' id='word_1_484' title='bbox 3013 2418 3135 2460; x_wconf 89' lang='lat' dir='ltr'><strong>esse</strong></span> <span class='ocrx_word' id='word_1_485' title='bbox 3167 2404 3404 2473; x_wconf 91' lang='lat' dir='ltr'><strong>primum</strong></span> <span class='ocrx_word' id='word_1_486' title='bbox 3434 2422 3531 2463; x_wconf 83' lang='lat' dir='ltr'><strong>sex</strong></span> 
     </span>
    </p>
   </div>
   <div class='ocr_carea' id='block_1_67' title="bbox 1944 2489 3527 2567">
    <p class='ocr_par' dir='ltr' id='par_1_67' title="bbox 1944 2489 3527 2567">
     <span class='ocr_line' id='line_1_67' title="bbox 1944 2489 3527 2567; baseline 0.006 -24"><span class='ocrx_word' id='word_1_487' title='bbox 1944 2490 2283 2544; x_wconf 89' lang='lat' dir='ltr'><strong>voluminum</strong></span> <span class='ocrx_word' id='word_1_488' title='bbox 2324 2489 2543 2545; x_wconf 85' lang='lat' dir='ltr'><strong>Eusebii</strong></span> <span class='ocrx_word' id='word_1_489' title='bbox 2588 2490 2948 2562; x_wconf 77' lang='grc' dir='ltr'><strong>Ἀπολογίας</strong></span> <span class='ocrx_word' id='word_1_490' title='bbox 2985 2493 3138 2562; x_wconf 82' lang='grc' dir='ltr'><strong>ὑπὲρ</strong></span> <span class='ocrx_word' id='word_1_491' title='bbox 3161 2496 3527 2567; x_wconf 81' lang='grc' dir='ltr'><strong>Ὠριγένους,</strong></span> 
     </span>
    </p>
   </div>
   <div class='ocr_carea' id='block_1_68' title="bbox 1942 2583 3526 2661">
    <p class='ocr_par' dir='ltr' id='par_1_68' title="bbox 1942 2583 3526 2661">
     <span class='ocr_line' id='line_1_68' title="bbox 1942 2583 3526 2661; baseline 0.005 -24"><span class='ocrx_word' id='word_1_492' title='bbox 1942 2584 2279 2637; x_wconf 88' lang='lat' dir='ltr'><strong>contrarium</strong></span> <span class='ocrx_word' id='word_1_493' title='bbox 2310 2583 2556 2652; x_wconf 89' lang='lat' dir='ltr'><strong>omnino,</strong></span> <span class='ocrx_word' id='word_1_494' title='bbox 2589 2600 2785 2653; x_wconf 89' lang='lat' dir='ltr'><strong>nempe</strong></span> <span class='ocrx_word' id='word_1_495' title='bbox 2818 2586 2959 2640; x_wconf 81' lang='lat' dir='ltr'><strong>sexti</strong></span> <span class='ocrx_word' id='word_1_496' title='bbox 2991 2586 3117 2641; x_wconf 90' lang='lat' dir='ltr'><strong>libri</strong></span> <span class='ocrx_word' id='word_1_497' title='bbox 3158 2602 3283 2644; x_wconf 91' lang='lat' dir='ltr'><strong>esse</strong></span> <span class='ocrx_word' id='word_1_498' title='bbox 3315 2590 3526 2661; x_wconf 88' lang='lat' dir='ltr'><strong>princi-</strong></span> 
     </span>
    </p>
   </div>
   <div class='ocr_carea' id='block_1_69' title="bbox 1944 2674 3531 2750">
    <p class='ocr_par' dir='ltr' id='par_1_69' title="bbox 1944 2674 3531 2750">
     <span class='ocr_line' id='line_1_69' title="bbox 1944 2674 3531 2750; baseline 0.004 -21"><span class='ocrx_word' id='word_1_499' title='bbox 1944 2674 2115 2745; x_wconf 90' lang='lat' dir='ltr'><strong>pium,</strong></span> <span class='ocrx_word' id='word_1_500' title='bbox 2154 2685 2351 2731; x_wconf 65' lang='lat' dir='ltr'><strong>castera</strong></span> <span class='ocrx_word' id='word_1_501' title='bbox 2381 2690 2514 2731; x_wconf 90' lang='lat' dir='ltr'><strong>vero</strong></span> <span class='ocrx_word' id='word_1_502' title='bbox 2580 2678 2823 2731; x_wconf 90' lang='lat' dir='ltr'><strong>membra</strong></span> <span class='ocrx_word' id='word_1_503' title='bbox 2890 2693 2919 2732; x_wconf 89' lang='lat' dir='ltr'><strong>a</strong></span> <span class='ocrx_word' id='word_1_504' title='bbox 2964 2678 3193 2750; x_wconf 88' lang='lat' dir='ltr'><strong>Didymo</strong></span> <span class='ocrx_word' id='word_1_505' title='bbox 3236 2680 3318 2735; x_wconf 92' lang='lat' dir='ltr'><strong>vel</strong></span> <span class='ocrx_word' id='word_1_506' title='bbox 3354 2680 3423 2735; x_wconf 87' lang='lat' dir='ltr'><strong>ab</strong></span> <span class='ocrx_word' id='word_1_507' title='bbox 3451 2682 3531 2735; x_wconf 87' lang='lat' dir='ltr'><strong>al-</strong></span> 
     </span>
    </p>
   </div>
   <div class='ocr_carea' id='block_1_70' title="bbox 1945 2767 3525 2836">
    <p class='ocr_par' dir='ltr' id='par_1_70' title="bbox 1945 2767 3525 2836">
     <span class='ocr_line' id='line_1_70' title="bbox 1945 2767 3525 2836; baseline 0.004 -16"><span class='ocrx_word' id='word_1_508' title='bbox 1945 2776 2063 2821; x_wconf 92' lang='lat' dir='ltr'><strong>tero</strong></span> <span class='ocrx_word' id='word_1_509' title='bbox 2084 2767 2327 2836; x_wconf 90' lang='lat' dir='ltr'><strong>quolibet</strong></span> <span class='ocrx_word' id='word_1_510' title='bbox 2361 2768 2543 2823; x_wconf 88' lang='lat' dir='ltr'><strong>addita</strong></span> <span class='ocrx_word' id='word_1_511' title='bbox 2573 2768 2745 2824; x_wconf 83' lang='lat' dir='ltr'><strong>fuisse</strong></span> <span class='ocrx_word' id='word_1_512' title='bbox 2772 2769 2957 2824; x_wconf 88' lang='lat' dir='ltr'><strong>dicere</strong></span> <span class='ocrx_word' id='word_1_513' title='bbox 2990 2771 3209 2826; x_wconf 85' lang='lat' dir='ltr'><strong>videtur</strong></span> <span class='ocrx_word' id='word_1_514' title='bbox 3236 2773 3336 2829; x_wconf 92' lang='lat' dir='ltr'><strong>sub</strong></span> <span class='ocrx_word' id='word_1_515' title='bbox 3365 2774 3525 2831; x_wconf 85' lang='lat' dir='ltr'><strong>linem</strong></span> 
     </span>
    </p>
   </div>
   <div class='ocr_carea' id='block_1_71' title="bbox 1942 2854 3521 2929">
    <p class='ocr_par' dir='ltr' id='par_1_71' title="bbox 1942 2854 3521 2929">
     <span class='ocr_line' id='line_1_71' title="bbox 1942 2854 3521 2929; baseline 0.004 -17"><span class='ocrx_word' id='word_1_516' title='bbox 1942 2860 2108 2929; x_wconf 83' lang='lat' dir='ltr'><strong>epist.</strong></span> <span class='ocrx_word' id='word_1_517' title='bbox 2140 2859 2231 2924; x_wconf 74' lang='grc' dir='ltr'><strong>Η,</strong></span> <span class='ocrx_word' id='word_1_518' title='bbox 2266 2860 2401 2913; x_wconf 91' lang='lat' dir='ltr'><strong>alias</strong></span> <span class='ocrx_word' id='word_1_519' title='bbox 2430 2860 2522 2921; x_wconf 81' lang='lat'><strong>65.</strong></span> <span class='ocrx_word' id='word_1_520' title='bbox 2550 2861 2617 2914; x_wconf 90' lang='lat' dir='ltr'><strong>ad</strong></span> <span class='ocrx_word' id='word_1_521' title='bbox 2657 2860 3070 2917; x_wconf 88' lang='lat' dir='ltr'><strong>Pammachium</strong></span> <span class='ocrx_word' id='word_1_522' title='bbox 3105 2873 3162 2919; x_wconf 90' lang='lat' dir='ltr'><strong>et</strong></span> <span class='ocrx_word' id='word_1_523' title='bbox 3208 2854 3521 2920; x_wconf 87' lang='lat' dir='ltr'><strong>Oceanum:</strong></span> 
     </span>
    </p>
   </div>
   <div class='ocr_carea' id='block_1_72' title="bbox 1948 2945 3527 3029">
    <p class='ocr_par' dir='ltr' id='par_1_72' title="bbox 1948 2945 3527 3029">
     <span class='ocr_line' id='line_1_72' title="bbox 1948 2945 3527 3029; baseline 0.008 -28"><span class='ocrx_word' id='word_1_524' title='bbox 1948 2969 1967 3001; x_wconf 76' lang='grc' dir='ltr'><strong>ι</strong></span> <span class='ocrx_word' id='word_1_525' title='bbox 2001 2949 2157 3004; x_wconf 83' lang='lat' dir='ltr'><strong>Sexti</strong></span> <span class='ocrx_word' id='word_1_526' title='bbox 2188 2951 2311 3005; x_wconf 90' lang='lat' dir='ltr'><strong>libri</strong></span> <span class='ocrx_word' id='word_1_527' title='bbox 2339 2945 2556 3005; x_wconf 76' lang='lat' dir='ltr'><strong>Eusebii</strong></span> <span class='ocrx_word' id='word_1_528' title='bbox 2580 2968 2743 3022; x_wconf 88' lang='lat' dir='ltr'><strong>super</strong></span> <span class='ocrx_word' id='word_1_529' title='bbox 2764 2954 3009 3023; x_wconf 78' lang='lat' dir='ltr'><strong>Origenis</strong></span> <span class='ocrx_word' id='word_1_530' title='bbox 3037 2953 3352 3019; x_wconf 76' lang='lat' dir='ltr'><strong>Defensione</strong></span> <span class='ocrx_word' id='word_1_531' title='bbox 3374 2960 3527 3029; x_wconf 83' lang='lat' dir='ltr'><strong>prin-</strong></span> 
     </span>
    </p>
   </div>
   <div class='ocr_carea' id='block_1_73' title="bbox 1940 3043 3522 3120">
    <p class='ocr_par' dir='ltr' id='par_1_73' title="bbox 1940 3043 3522 3120">
     <span class='ocr_line' id='line_1_73' title="bbox 1940 3043 3522 3120; baseline 0.005 -24"><span class='ocrx_word' id='word_1_532' title='bbox 1940 3043 2141 3110; x_wconf 90' lang='lat' dir='ltr'><strong>cipium</strong></span> <span class='ocrx_word' id='word_1_533' title='bbox 2176 3058 2350 3111; x_wconf 91' lang='lat' dir='ltr'><strong>usque</strong></span> <span class='ocrx_word' id='word_1_534' title='bbox 2382 3044 2448 3097; x_wconf 90' lang='lat' dir='ltr'><strong>ad</strong></span> <span class='ocrx_word' id='word_1_535' title='bbox 2482 3043 2629 3098; x_wconf 91' lang='lat' dir='ltr'><strong>mille</strong></span> <span class='ocrx_word' id='word_1_536' title='bbox 2662 3045 2831 3099; x_wconf 88' lang='lat' dir='ltr'><strong>ferme</strong></span> <span class='ocrx_word' id='word_1_537' title='bbox 2877 3061 3066 3100; x_wconf 82' lang='lat' dir='ltr'><strong>versus</strong></span> <span class='ocrx_word' id='word_1_538' title='bbox 3102 3047 3242 3101; x_wconf 83' lang='lat' dir='ltr'><strong>liber</strong></span> <span class='ocrx_word' id='word_1_539' title='bbox 3274 3048 3399 3112; x_wconf 86' lang='lat' dir='ltr'><strong>iste,</strong></span> <span class='ocrx_word' id='word_1_540' title='bbox 3429 3066 3522 3120; x_wconf 72' lang='lat' dir='ltr'><strong>qut</strong></span> 
     </span>
    </p>
   </div>
   <div class='ocr_carea' id='block_1_74' title="bbox 1941 3133 3525 3208">
    <p class='ocr_par' dir='ltr' id='par_1_74' title="bbox 1941 3133 3525 3208">
     <span class='ocr_line' id='line_1_74' title="bbox 1941 3133 3525 3208; baseline 0.004 -21"><span class='ocrx_word' id='word_1_541' title='bbox 1941 3133 2207 3202; x_wconf 86' lang='lat' dir='ltr'><strong>Pamphili</strong></span> <span class='ocrx_word' id='word_1_542' title='bbox 2241 3135 2465 3201; x_wconf 92' lang='lat' dir='ltr'><strong>dicitur,</strong></span> <span class='ocrx_word' id='word_1_543' title='bbox 2509 3136 2775 3202; x_wconf 90' lang='lat' dir='ltr'><strong>continet,</strong></span> <span class='ocrx_word' id='word_1_544' title='bbox 2826 3147 2882 3190; x_wconf 90' lang='lat' dir='ltr'><strong>et</strong></span> <span class='ocrx_word' id='word_1_545' title='bbox 2926 3137 2978 3190; x_wconf 92' lang='lat' dir='ltr'><strong>in</strong></span> <span class='ocrx_word' id='word_1_546' title='bbox 3031 3138 3255 3207; x_wconf 88' lang='lat' dir='ltr'><strong>reliquis</strong></span> <span class='ocrx_word' id='word_1_547' title='bbox 3283 3141 3525 3208; x_wconf 82' lang='lat' dir='ltr'><strong>scriptor</strong></span> 
     </span>
    </p>
   </div>
   <div class='ocr_carea' id='block_1_75' title="bbox 1942 3226 3526 3299">
    <p class='ocr_par' dir='ltr' id='par_1_75' title="bbox 1942 3226 3526 3299">
     <span class='ocr_line' id='line_1_75' title="bbox 1942 3226 3526 3299; baseline 0.004 -18"><span class='ocrx_word' id='word_1_548' title='bbox 1942 3226 2180 3292; x_wconf 83' lang='lat' dir='ltr'><strong>ejusdem</strong></span> <span class='ocrx_word' id='word_1_549' title='bbox 2211 3228 2392 3296; x_wconf 85' lang='lat' dir='ltr'><strong>operis</strong></span> <span class='ocrx_word' id='word_1_550' title='bbox 2445 3226 2653 3297; x_wconf 81' lang='lat' dir='ltr'><strong>profert</strong></span> <span class='ocrx_word' id='word_1_551' title='bbox 2704 3227 3036 3293; x_wconf 81' lang='lat' dir='ltr'><strong>testimonia,</strong></span> <span class='ocrx_word' id='word_1_552' title='bbox 3088 3230 3285 3299; x_wconf 90' lang='lat' dir='ltr'><strong>quibus</strong></span> <span class='ocrx_word' id='word_1_553' title='bbox 3332 3232 3526 3287; x_wconf 85' lang='lat' dir='ltr'><strong>nititur</strong></span> 
     </span>
    </p>
   </div>
   <div class='ocr_carea' id='block_1_76' title="bbox 1864 3292 3525 3386">
    <p class='ocr_par' dir='ltr' id='par_1_76' title="bbox 1864 3292 3525 3386">
     <span class='ocr_line' id='line_1_76' title="bbox 1864 3292 3525 3386; baseline 0.006 -17"><span class='ocrx_word' id='word_1_554' title='bbox 1864 3292 1910 3352; x_wconf 60' lang='grc' dir='ltr'><strong>(ἶ</strong></span> <span class='ocrx_word' id='word_1_555' title='bbox 1943 3292 2559 3386; x_wconf 28' lang='grc' dir='ltr'>ορριοὺειενοιίεειιειη</span> <span class='ocrx_word' id='word_1_556' title='bbox 2591 3318 2764 3373; x_wconf 92' lang='lat' dir='ltr'><strong>fuisse</strong></span> <span class='ocrx_word' id='word_1_557' title='bbox 2792 3292 3145 3375; x_wconf 80' lang='lat' dir='ltr'><strong>catholicum.</strong></span> <span class='ocrx_word' id='word_1_558' title='bbox 3169 3320 3436 3378; x_wconf 87' lang='lat' dir='ltr'><strong>Eusebius</strong></span> <span class='ocrx_word' id='word_1_559' title='bbox 3468 3335 3525 3380; x_wconf 90' lang='lat' dir='ltr'><strong>et</strong></span> 
     </span>
    </p>
   </div>
   <div class='ocr_carea' id='block_1_77' title="bbox 1940 3408 3525 3482">
    <p class='ocr_par' dir='ltr' id='par_1_77' title="bbox 1940 3408 3525 3482">
     <span class='ocr_line' id='line_1_77' title="bbox 1940 3408 3525 3482; baseline 0.006 -21"><span class='ocrx_word' id='word_1_560' title='bbox 1940 3408 2253 3478; x_wconf 86' lang='lat' dir='ltr'><strong>Pamphilus</strong></span> <span class='ocrx_word' id='word_1_561' title='bbox 2289 3420 2493 3463; x_wconf 86' lang='lat' dir='ltr'><strong>tantam</strong></span> <span class='ocrx_word' id='word_1_562' title='bbox 2528 3411 2670 3464; x_wconf 89' lang='lat' dir='ltr'><strong>inter</strong></span> <span class='ocrx_word' id='word_1_563' title='bbox 2700 3424 2761 3465; x_wconf 92' lang='lat' dir='ltr'><strong>se</strong></span> <span class='ocrx_word' id='word_1_564' title='bbox 2794 3411 3033 3468; x_wconf 90' lang='lat' dir='ltr'><strong>habuere</strong></span> <span class='ocrx_word' id='word_1_565' title='bbox 3065 3414 3435 3482; x_wconf 89' lang='lat' dir='ltr'><strong>concordiam,</strong></span> <span class='ocrx_word' id='word_1_566' title='bbox 3465 3427 3525 3471; x_wconf 90' lang='lat' dir='ltr'><strong>nt</strong></span> 
     </span>
    </p>
   </div>
   <div class='ocr_carea' id='block_1_78' title="bbox 1939 3499 3519 3571">
    <p class='ocr_par' dir='ltr' id='par_1_78' title="bbox 1939 3499 3519 3571">
     <span class='ocr_line' id='line_1_78' title="bbox 1939 3499 3519 3571; baseline 0.004 -15"><span class='ocrx_word' id='word_1_567' title='bbox 1939 3499 2103 3556; x_wconf 91' lang='lat' dir='ltr'><strong>unius</strong></span> <span class='ocrx_word' id='word_1_568' title='bbox 2144 3501 2341 3556; x_wconf 78' lang='lat' dir='ltr'><strong>anima:</strong></span> <span class='ocrx_word' id='word_1_569' title='bbox 2375 3501 2632 3558; x_wconf 89' lang='lat' dir='ltr'><strong>homines</strong></span> <span class='ocrx_word' id='word_1_570' title='bbox 2676 3513 2856 3571; x_wconf 84' lang='lat' dir='ltr'><strong>putes,</strong></span> <span class='ocrx_word' id='word_1_571' title='bbox 2907 3504 3058 3559; x_wconf 90' lang='lat' dir='ltr'><strong>etab</strong></span> <span class='ocrx_word' id='word_1_572' title='bbox 3106 3520 3214 3559; x_wconf 91' lang='lat' dir='ltr'><strong>uno</strong></span> <span class='ocrx_word' id='word_1_573' title='bbox 3241 3506 3379 3561; x_wconf 90' lang='lat' dir='ltr'><strong>alter</strong></span> <span class='ocrx_word' id='word_1_574' title='bbox 3420 3526 3519 3562; x_wconf 85' lang='lat' dir='ltr'><strong>no-</strong></span> 
     </span>
    </p>
   </div>
   <div class='ocr_carea' id='block_1_79' title="bbox 1939 3594 3521 3665">
    <p class='ocr_par' dir='ltr' id='par_1_79' title="bbox 1939 3594 3521 3665">
     <span class='ocr_line' id='line_1_79' title="bbox 1939 3594 3521 3665; baseline 0.006 -18"><span class='ocrx_word' id='word_1_575' title='bbox 1939 3609 2061 3648; x_wconf 91' lang='lat' dir='ltr'><strong>men</strong></span> <span class='ocrx_word' id='word_1_576' title='bbox 2092 3594 2389 3663; x_wconf 87' lang='lat' dir='ltr'><strong>acceperit.</strong></span> <span class='ocrx_word' id='word_1_577' title='bbox 2430 3594 2716 3661; x_wconf 83' lang='lat' dir='ltr'><strong>Quomodo</strong></span> <span class='ocrx_word' id='word_1_578' title='bbox 2753 3594 2919 3665; x_wconf 85' lang='lat' dir='ltr'><strong>igitur</strong></span> <span class='ocrx_word' id='word_1_579' title='bbox 2964 3597 3109 3653; x_wconf 90' lang='lat' dir='ltr'><strong>inter</strong></span> <span class='ocrx_word' id='word_1_580' title='bbox 3142 3610 3203 3652; x_wconf 89' lang='lat' dir='ltr'><strong>se</strong></span> <span class='ocrx_word' id='word_1_581' title='bbox 3231 3598 3521 3656; x_wconf 77' lang='lat' dir='ltr'><strong>dissentire</strong></span> 
     </span>
    </p>
   </div>
   <div class='ocr_carea' id='block_1_80' title="bbox 1937 3687 3516 3761">
    <p class='ocr_par' dir='ltr' id='par_1_80' title="bbox 1937 3687 3516 3761">
     <span class='ocr_line' id='line_1_80' title="bbox 1937 3687 3516 3761; baseline 0.004 -20"><span class='ocrx_word' id='word_1_582' title='bbox 1937 3695 2251 3755; x_wconf 89' lang='lat' dir='ltr'><strong>potuerunt,</strong></span> <span class='ocrx_word' id='word_1_583' title='bbox 2286 3697 2343 3740; x_wconf 92' lang='lat' dir='ltr'><strong>ut</strong></span> <span class='ocrx_word' id='word_1_584' title='bbox 2375 3687 2646 3744; x_wconf 88' lang='lat' dir='ltr'><strong>Eusebius</strong></span> <span class='ocrx_word' id='word_1_585' title='bbox 2681 3689 2732 3742; x_wconf 92' lang='lat' dir='ltr'><strong>in</strong></span> <span class='ocrx_word' id='word_1_586' title='bbox 2767 3698 2882 3743; x_wconf 88' lang='lat' dir='ltr'><strong>toto</strong></span> <span class='ocrx_word' id='word_1_587' title='bbox 2907 3704 3075 3761; x_wconf 83' lang='lat' dir='ltr'><strong>Opere</strong></span> <span class='ocrx_word' id='word_1_588' title='bbox 3101 3707 3200 3745; x_wconf 92' lang='lat' dir='ltr'><strong>suo</strong></span> <span class='ocrx_word' id='word_1_589' title='bbox 3229 3691 3516 3761; x_wconf 83' lang='lat' dir='ltr'><strong>Origenem</strong></span> 
     </span>
    </p>
   </div>
   <div class='ocr_carea' id='block_1_81' title="bbox 1934 3776 3515 3856">
    <p class='ocr_par' dir='ltr' id='par_1_81' title="bbox 1934 3776 3515 3856">
     <span class='ocr_line' id='line_1_81' title="bbox 1934 3776 3515 3856; baseline 0.004 -26"><span class='ocrx_word' id='word_1_590' title='bbox 1934 3776 2122 3831; x_wconf 82' lang='lat' dir='ltr'><strong>Ariani</strong></span> <span class='ocrx_word' id='word_1_591' title='bbox 2150 3779 2344 3848; x_wconf 87' lang='lat' dir='ltr'><strong>probet</strong></span> <span class='ocrx_word' id='word_1_592' title='bbox 2381 3779 2671 3850; x_wconf 85' lang='lat' dir='ltr'><strong>dogmatis,</strong></span> <span class='ocrx_word' id='word_1_593' title='bbox 2721 3790 2777 3835; x_wconf 91' lang='lat' dir='ltr'><strong>et</strong></span> <span class='ocrx_word' id='word_1_594' title='bbox 2810 3781 3127 3852; x_wconf 84' lang='lat' dir='ltr'><strong>Pamphilus</strong></span> <span class='ocrx_word' id='word_1_595' title='bbox 3157 3782 3390 3839; x_wconf 75' lang='lat' dir='ltr'><strong>Niczente</strong></span> <span class='ocrx_word' id='word_1_596' title='bbox 3418 3800 3515 3856; x_wconf 87' lang='lat' dir='ltr'><strong>sy-</strong></span> 
     </span>
    </p>
   </div>
   <div class='ocr_carea' id='block_1_82' title="bbox 1936 3870 3521 3945">
    <p class='ocr_par' dir='ltr' id='par_1_82' title="bbox 1936 3870 3521 3945">
     <span class='ocr_line' id='line_1_82' title="bbox 1936 3870 3521 3945; baseline 0.005 -22"><span class='ocrx_word' id='word_1_597' title='bbox 1936 3870 2086 3935; x_wconf 91' lang='lat' dir='ltr'><strong>nodi,</strong></span> <span class='ocrx_word' id='word_1_598' title='bbox 2130 3885 2252 3940; x_wconf 76' lang='lat' dir='ltr'><strong>qua:</strong></span> <span class='ocrx_word' id='word_1_599' title='bbox 2294 3870 2397 3925; x_wconf 89' lang='lat' dir='ltr'><strong>fuit</strong></span> <span class='ocrx_word' id='word_1_600' title='bbox 2426 3882 2639 3941; x_wconf 91' lang='lat' dir='ltr'><strong>postea,</strong></span> <span class='ocrx_word' id='word_1_601' title='bbox 2681 3872 3021 3929; x_wconf 88' lang='lat' dir='ltr'><strong>defensorem</strong></span> <span class='ocrx_word' id='word_1_602' title='bbox 3046 3876 3069 3928; x_wconf 82' lang='lat' dir='ltr'><strong>‘l</strong></span> <span class='ocrx_word' id='word_1_603' title='bbox 3098 3875 3176 3929; x_wconf 86' lang='lat' dir='ltr'><strong>Ex</strong></span> <span class='ocrx_word' id='word_1_604' title='bbox 3200 3890 3309 3945; x_wconf 90' lang='lat' dir='ltr'><strong>quo</strong></span> <span class='ocrx_word' id='word_1_605' title='bbox 3333 3886 3521 3932; x_wconf 88' lang='lat' dir='ltr'><strong>osten-</strong></span> 
     </span>
    </p>
   </div>
   <div class='ocr_carea' id='block_1_83' title="bbox 1934 3961 3514 4035">
    <p class='ocr_par' dir='ltr' id='par_1_83' title="bbox 1934 3961 3514 4035">
     <span class='ocr_line' id='line_1_83' title="bbox 1934 3961 3514 4035; baseline 0.005 -20"><span class='ocrx_word' id='word_1_606' title='bbox 1934 3961 2087 4016; x_wconf 90' lang='lat' dir='ltr'><strong>ditur</strong></span> <span class='ocrx_word' id='word_1_607' title='bbox 2110 3962 2195 4017; x_wconf 86' lang='lat' dir='ltr'><strong>vel</strong></span> <span class='ocrx_word' id='word_1_608' title='bbox 2228 3962 2467 4034; x_wconf 81' lang='lat' dir='ltr'><strong>Didymi,</strong></span> <span class='ocrx_word' id='word_1_609' title='bbox 2498 3964 2583 4017; x_wconf 82' lang='lat' dir='ltr'><strong>vel</strong></span> <span class='ocrx_word' id='word_1_610' title='bbox 2610 3963 2900 4032; x_wconf 88' lang='lat' dir='ltr'><strong>cujuslibet</strong></span> <span class='ocrx_word' id='word_1_611' title='bbox 2938 3966 3166 4021; x_wconf 86' lang='lat' dir='ltr'><strong>alterius</strong></span> <span class='ocrx_word' id='word_1_612' title='bbox 3204 3981 3326 4022; x_wconf 90' lang='lat' dir='ltr'><strong>esse</strong></span> <span class='ocrx_word' id='word_1_613' title='bbox 3354 3984 3514 4035; x_wconf 87' lang='lat' dir='ltr'><strong>opus-</strong></span> 
     </span>
    </p>
   </div>
   <div class='ocr_carea' id='block_1_84' title="bbox 1933 4053 3517 4125">
    <p class='ocr_par' dir='ltr' id='par_1_84' title="bbox 1933 4053 3517 4125">
     <span class='ocr_line' id='line_1_84' title="bbox 1933 4053 3517 4125; baseline 0.003 -17"><span class='ocrx_word' id='word_1_614' title='bbox 1933 4053 2138 4118; x_wconf 91' lang='lat' dir='ltr'><strong>culum,</strong></span> <span class='ocrx_word' id='word_1_615' title='bbox 2182 4055 2298 4124; x_wconf 87' lang='lat' dir='ltr'><strong>qui,</strong></span> <span class='ocrx_word' id='word_1_616' title='bbox 2340 4055 2480 4110; x_wconf 90' lang='lat' dir='ltr'><strong>sexti</strong></span> <span class='ocrx_word' id='word_1_617' title='bbox 2539 4055 2659 4111; x_wconf 91' lang='lat' dir='ltr'><strong>libri</strong></span> <span class='ocrx_word' id='word_1_618' title='bbox 2705 4058 2880 4125; x_wconf 88' lang='lat' dir='ltr'><strong>capite</strong></span> <span class='ocrx_word' id='word_1_619' title='bbox 2916 4056 3270 4123; x_wconf 87' lang='lat' dir='ltr'><strong>detruucato,</strong></span> <span class='ocrx_word' id='word_1_620' title='bbox 3321 4070 3517 4114; x_wconf 67' lang='lat' dir='ltr'><strong>caetera</strong></span> 
     </span>
    </p>
   </div>
   <div class='ocr_carea' id='block_1_85' title="bbox 1937 4143 3512 4215">
    <p class='ocr_par' dir='ltr' id='par_1_85' title="bbox 1937 4143 3512 4215">
     <span class='ocr_line' id='line_1_85' title="bbox 1937 4143 3512 4215; baseline 0.004 -16"><span class='ocrx_word' id='word_1_621' title='bbox 1937 4147 2177 4201; x_wconf 88' lang='lat' dir='ltr'><strong>membra</strong></span> <span class='ocrx_word' id='word_1_622' title='bbox 2227 4147 2475 4202; x_wconf 91' lang='lat' dir='ltr'><strong>sociarit.</strong></span> <span class='ocrx_word' id='word_1_623' title='bbox 2536 4167 2555 4200; x_wconf 75' lang='grc' dir='ltr'><strong>ι</strong></span> <span class='ocrx_word' id='word_1_624' title='bbox 2610 4143 2681 4203; x_wconf 86' lang='lat' dir='ltr'><strong>Ut</strong></span> <span class='ocrx_word' id='word_1_625' title='bbox 2731 4147 2953 4201; x_wconf 89' lang='lat' dir='ltr'><strong>tollatur</strong></span> <span class='ocrx_word' id='word_1_626' title='bbox 2988 4159 3179 4215; x_wconf 89' lang='lat' dir='ltr'><strong>aperta</strong></span> <span class='ocrx_word' id='word_1_627' title='bbox 3222 4151 3512 4206; x_wconf 89' lang='lat' dir='ltr'><strong>verborum</strong></span> 
     </span>
    </p>
   </div>
   <div class='ocr_carea' id='block_1_86' title="bbox 1934 4238 3514 4309">
    <p class='ocr_par' dir='ltr' id='par_1_86' title="bbox 1934 4238 3514 4309">
     <span class='ocr_line' id='line_1_86' title="bbox 1934 4238 3514 4309; baseline 0.005 -18"><span class='ocrx_word' id='word_1_628' title='bbox 1934 4239 2292 4309; x_wconf 88' lang='lat' dir='ltr'><strong>repugnantia</strong></span> <span class='ocrx_word' id='word_1_629' title='bbox 2322 4280 2336 4302; x_wconf 85' lang='lat'><strong>,</strong></span> <span class='ocrx_word' id='word_1_630' title='bbox 2394 4238 2862 4294; x_wconf 87' lang='lat' dir='ltr'><strong>eminentissimus</strong></span> <span class='ocrx_word' id='word_1_631' title='bbox 2912 4240 3212 4297; x_wconf 90' lang='lat' dir='ltr'><strong>cardinalis</strong></span> <span class='ocrx_word' id='word_1_632' title='bbox 3266 4241 3514 4299; x_wconf 85' lang='lat' dir='ltr'><strong>Norisins</strong></span> 
     </span>
    </p>
   </div>
   <div class='ocr_carea' id='block_1_87' title="bbox 1934 4329 3510 4403">
    <p class='ocr_par' dir='ltr' id='par_1_87' title="bbox 1934 4329 3510 4403">
     <span class='ocr_line' id='line_1_87' title="bbox 1934 4329 3510 4403; baseline 0.004 -20"><span class='ocrx_word' id='word_1_633' title='bbox 1934 4329 2157 4385; x_wconf 79' lang='lat' dir='ltr'><strong>Dissert.</strong></span> <span class='ocrx_word' id='word_1_634' title='bbox 2209 4331 2467 4384; x_wconf 83' lang='lat' dir='ltr'><strong>historica</strong></span> <span class='ocrx_word' id='word_1_635' title='bbox 2499 4332 2562 4385; x_wconf 86' lang='lat' dir='ltr'><strong>de</strong></span> <span class='ocrx_word' id='word_1_636' title='bbox 2611 4334 2812 4403; x_wconf 79' lang='lat' dir='ltr'><strong>synodo</strong></span> <span class='ocrx_word' id='word_1_637' title='bbox 2851 4331 3061 4398; x_wconf 83' lang='lat' dir='ltr'><strong>quinta,</strong></span> <span class='ocrx_word' id='word_1_638' title='bbox 3106 4348 3229 4401; x_wconf 89' lang='lat' dir='ltr'><strong>cap.</strong></span> <span class='ocrx_word' id='word_1_639' title='bbox 3264 4333 3510 4401; x_wconf 36' lang='lat' dir='ltr'><strong>13,.eam</strong></span> 
     </span>
    </p>
   </div>
   <div class='ocr_carea' id='block_1_88' title="bbox 1935 4420 3514 4494">
    <p class='ocr_par' dir='ltr' id='par_1_88' title="bbox 1935 4420 3514 4494">
     <span class='ocr_line' id='line_1_88' title="bbox 1935 4420 3514 4494; baseline 0.004 -19"><span class='ocrx_word' id='word_1_640' title='bbox 1935 4420 2109 4490; x_wconf 85' lang='lat' dir='ltr'><strong>rejicit</strong></span> <span class='ocrx_word' id='word_1_641' title='bbox 2156 4423 2209 4476; x_wconf 93' lang='lat' dir='ltr'><strong>in</strong></span> <span class='ocrx_word' id='word_1_642' title='bbox 2251 4424 2666 4478; x_wconf 88' lang='lat' dir='ltr'><strong>amanuensimn</strong></span> <span class='ocrx_word' id='word_1_643' title='bbox 2705 4438 2975 4487; x_wconf 85' lang='lat' dir='ltr'><strong>errorem,</strong></span> <span class='ocrx_word' id='word_1_644' title='bbox 3013 4425 3105 4494; x_wconf 92' lang='lat' dir='ltr'><strong>qui</strong></span> <span class='ocrx_word' id='word_1_645' title='bbox 3149 4442 3273 4480; x_wconf 92' lang='lat' dir='ltr'><strong>cum</strong></span> <span class='ocrx_word' id='word_1_646' title='bbox 3305 4427 3359 4482; x_wconf 92' lang='lat' dir='ltr'><strong>in</strong></span> <span class='ocrx_word' id='word_1_647' title='bbox 3410 4430 3514 4483; x_wconf 87' lang='lat' dir='ltr'><strong>hac</strong></span> 
     </span>
    </p>
   </div>
   <div class='ocr_carea' id='block_1_89' title="bbox 1931 4513 3521 4597">
    <p class='ocr_par' dir='ltr' id='par_1_89' title="bbox 1931 4513 3521 4597">
     <span class='ocr_line' id='line_1_89' title="bbox 1931 4513 3521 4597; baseline 0.007 -31"><span class='ocrx_word' id='word_1_648' title='bbox 1931 4517 1999 4567; x_wconf 92' lang='lat' dir='ltr'><strong>ad</strong></span> <span class='ocrx_word' id='word_1_649' title='bbox 2047 4513 2457 4569; x_wconf 89' lang='lat' dir='ltr'><strong>Pammachium</strong></span> <span class='ocrx_word' id='word_1_650' title='bbox 2492 4525 2545 4569; x_wconf 89' lang='lat' dir='ltr'><strong>et</strong></span> <span class='ocrx_word' id='word_1_651' title='bbox 2573 4513 2849 4570; x_wconf 89' lang='lat' dir='ltr'><strong>Oceanum</strong></span> <span class='ocrx_word' id='word_1_652' title='bbox 2880 4516 3107 4587; x_wconf 88' lang='lat' dir='ltr'><strong>epistola</strong></span> <span class='ocrx_word' id='word_1_653' title='bbox 3142 4517 3383 4589; x_wconf 89' lang='lat' dir='ltr'><strong>legerent</strong></span> <span class='ocrx_word' id='word_1_654' title='bbox 3407 4522 3521 4597; x_wconf 2' lang='lat' dir='ltr'><strong>ab-j</strong></span> 
     </span>
    </p>
   </div>
   <div class='ocr_carea' id='block_1_90' title="bbox 236 4604 3508 4699">
    <p class='ocr_par' dir='ltr' id='par_1_90' title="bbox 236 4604 3508 4699">
     <span class='ocr_line' id='line_1_90' title="bbox 236 4604 3508 4699; baseline 0.001 -34"><span class='ocrx_word' id='word_1_655' title='bbox 236 4613 388 4667; x_wconf 83' lang='lat' dir='ltr'><strong>dicat</strong></span> <span class='ocrx_word' id='word_1_656' title='bbox 432 4608 701 4664; x_wconf 89' lang='lat' dir='ltr'><strong>Eusebius</strong></span> <span class='ocrx_word' id='word_1_657' title='bbox 745 4607 1087 4677; x_wconf 87' lang='lat' dir='ltr'><strong>Pamphilum</strong></span> <span class='ocrx_word' id='word_1_658' title='bbox 1134 4607 1273 4661; x_wconf 87' lang='lat' dir='ltr'><strong>nihil</strong></span> <span class='ocrx_word' id='word_1_659' title='bbox 1319 4606 1628 4678; x_wconf 90' lang='lat' dir='ltr'><strong>scripsisse,</strong></span> <span class='ocrx_word' id='word_1_660' title='bbox 1661 4623 1826 4663; x_wconf 83' lang='lat' dir='ltr'><strong>exce-</strong></span> <span class='ocrx_word' id='word_1_661' title='bbox 1858 4641 1908 4699; x_wconf 74' lang='grc' dir='ltr'>υ</span> <span class='ocrx_word' id='word_1_662' title='bbox 1934 4604 2207 4660; x_wconf 89' lang='lat' dir='ltr'><strong>hreviatas</strong></span> <span class='ocrx_word' id='word_1_663' title='bbox 2238 4606 2404 4662; x_wconf 90' lang='lat' dir='ltr'><strong>hasce</strong></span> <span class='ocrx_word' id='word_1_664' title='bbox 2437 4617 2621 4662; x_wconf 88' lang='lat' dir='ltr'><strong>notas:</strong></span> <span class='ocrx_word' id='word_1_665' title='bbox 2664 4628 2681 4658; x_wconf 75' lang='grc' dir='ltr'><strong>ι</strong></span> <span class='ocrx_word' id='word_1_666' title='bbox 2726 4623 2775 4662; x_wconf 73' lang='lat' dir='ltr'><strong>vr</strong></span> <span class='ocrx_word' id='word_1_667' title='bbox 2814 4609 2907 4662; x_wconf 91' lang='lat' dir='ltr'><strong>lib.</strong></span> <span class='ocrx_word' id='word_1_668' title='bbox 2942 4608 3161 4665; x_wconf 89' lang='lat' dir='ltr'><strong>Eusebii</strong></span> <span class='ocrx_word' id='word_1_669' title='bbox 3194 4627 3355 4680; x_wconf 88' lang='lat' dir='ltr'><strong>super</strong></span> <span class='ocrx_word' id='word_1_670' title='bbox 3387 4611 3508 4669; x_wconf 90' lang='lat' dir='ltr'><strong>Ori-</strong></span> 
     </span>
    </p>
   </div>
   <div class='ocr_carea' id='block_1_91' title="bbox 234 4698 1820 4770">
    <p class='ocr_par' dir='ltr' id='par_1_91' title="bbox 234 4698 1820 4770">
     <span class='ocr_line' id='line_1_91' title="bbox 234 4698 1820 4770; baseline -0.001 -13"><span class='ocrx_word' id='word_1_671' title='bbox 234 4704 345 4770; x_wconf 90' lang='lat' dir='ltr'><strong>ptis</strong></span> <span class='ocrx_word' id='word_1_672' title='bbox 388 4698 652 4755; x_wconf 88' lang='lat' dir='ltr'><strong>brevibus</strong></span> <span class='ocrx_word' id='word_1_673' title='bbox 702 4700 951 4769; x_wconf 86' lang='lat' dir='ltr'><strong>epistolis</strong></span> <span class='ocrx_word' id='word_1_674' title='bbox 992 4700 1058 4753; x_wconf 88' lang='lat' dir='ltr'><strong>ad</strong></span> <span class='ocrx_word' id='word_1_675' title='bbox 1108 4700 1353 4765; x_wconf 91' lang='lat' dir='ltr'><strong>amicos,</strong></span> <span class='ocrx_word' id='word_1_676' title='bbox 1395 4711 1452 4754; x_wconf 90' lang='lat' dir='ltr'><strong>et</strong></span> <span class='ocrx_word' id='word_1_677' title='bbox 1496 4700 1707 4768; x_wconf 91' lang='lat' dir='ltr'><strong>primus</strong></span> <span class='ocrx_word' id='word_1_678' title='bbox 1751 4701 1820 4755; x_wconf 87' lang='lat' dir='ltr'><strong>li-</strong></span> 
     </span>
    </p>
   </div>
   <div class='ocr_carea' id='block_1_92' title="bbox 235 4790 1827 4849">
    <p class='ocr_par' dir='ltr' id='par_1_92' title="bbox 235 4790 1827 4849">
     <span class='ocr_line' id='line_1_92' title="bbox 235 4790 1827 4849; baseline -0.001 0"><span class='ocrx_word' id='word_1_679' title='bbox 235 4795 335 4849; x_wconf 90' lang='lat' dir='ltr'><strong>ber</strong></span> <span class='ocrx_word' id='word_1_680' title='bbox 370 4809 468 4848; x_wconf 89' lang='lat' dir='ltr'><strong>sex</strong></span> <span class='ocrx_word' id='word_1_681' title='bbox 500 4791 835 4847; x_wconf 83' lang='lat' dir='ltr'><strong>voluminum</strong></span> <span class='ocrx_word' id='word_1_682' title='bbox 872 4792 1014 4845; x_wconf 91' lang='lat' dir='ltr'><strong>illius</strong></span> <span class='ocrx_word' id='word_1_683' title='bbox 1058 4790 1247 4845; x_wconf 88' lang='lat' dir='ltr'><strong>eadem</strong></span> <span class='ocrx_word' id='word_1_684' title='bbox 1287 4800 1343 4846; x_wconf 92' lang='lat' dir='ltr'><strong>et</strong></span> <span class='ocrx_word' id='word_1_685' title='bbox 1386 4792 1589 4847; x_wconf 87' lang='lat' dir='ltr'><strong>eisdem</strong></span> <span class='ocrx_word' id='word_1_686' title='bbox 1645 4792 1827 4847; x_wconf 88' lang='lat' dir='ltr'><strong>verbis</strong></span> 
     </span>
    </p>
   </div>
   <div class='ocr_carea' id='block_1_93' title="bbox 235 4883 1827 4953">
    <p class='ocr_par' dir='ltr' id='par_1_93' title="bbox 235 4883 1827 4953">
     <span class='ocr_line' id='line_1_93' title="bbox 235 4883 1827 4953; baseline -0.001 -14"><span class='ocrx_word' id='word_1_687' title='bbox 235 4887 523 4941; x_wconf 82' lang='lat' dir='ltr'><strong>contineat</strong></span> <span class='ocrx_word' id='word_1_688' title='bbox 545 4900 667 4953; x_wconf 79' lang='lat' dir='ltr'><strong>quae</strong></span> <span class='ocrx_word' id='word_1_689' title='bbox 698 4884 798 4939; x_wconf 92' lang='lat' dir='ltr'><strong>sub</strong></span> <span class='ocrx_word' id='word_1_690' title='bbox 826 4883 1046 4938; x_wconf 91' lang='lat' dir='ltr'><strong>nomine</strong></span> <span class='ocrx_word' id='word_1_691' title='bbox 1076 4883 1347 4952; x_wconf 88' lang='lat' dir='ltr'><strong>Pamphili</strong></span> <span class='ocrx_word' id='word_1_692' title='bbox 1379 4899 1407 4936; x_wconf 93' lang='lat' dir='ltr'><strong>a</strong></span> <span class='ocrx_word' id='word_1_693' title='bbox 1440 4894 1490 4937; x_wconf 93' lang='lat' dir='ltr'><strong>te</strong></span> <span class='ocrx_word' id='word_1_694' title='bbox 1521 4884 1644 4938; x_wconf 82' lang='lat' dir='ltr'><strong>ficta</strong></span> <span class='ocrx_word' id='word_1_695' title='bbox 1674 4894 1827 4950; x_wconf 90' lang='lat' dir='ltr'><strong>sunt,</strong></span> 
     </span>
    </p>
   </div>
   <div class='ocr_carea' id='block_1_94' title="bbox 236 4974 1827 5046">
    <p class='ocr_par' dir='ltr' id='par_1_94' title="bbox 236 4974 1827 5046">
     <span class='ocr_line' id='line_1_94' title="bbox 236 4974 1827 5046; baseline -0.001 -15"><span class='ocrx_word' id='word_1_696' title='bbox 236 4979 594 5046; x_wconf 83' lang='lat' dir='ltr'><strong>perspicuum</strong></span> <span class='ocrx_word' id='word_1_697' title='bbox 628 4987 711 5031; x_wconf 89' lang='lat' dir='ltr'><strong>est</strong></span> <span class='ocrx_word' id='word_1_698' title='bbox 743 4988 793 5030; x_wconf 90' lang='lat' dir='ltr'><strong>te</strong></span> <span class='ocrx_word' id='word_1_699' title='bbox 824 4977 1032 5030; x_wconf 91' lang='lat' dir='ltr'><strong>idcirco</strong></span> <span class='ocrx_word' id='word_1_700' title='bbox 1057 4974 1255 5029; x_wconf 90' lang='lat' dir='ltr'><strong>librum</strong></span> <span class='ocrx_word' id='word_1_701' title='bbox 1286 4976 1432 5029; x_wconf 88' lang='lat' dir='ltr'><strong>hunc</strong></span> <span class='ocrx_word' id='word_1_702' title='bbox 1464 4976 1827 5031; x_wconf 89' lang='lat' dir='ltr'><strong>disseminare</strong></span> 
     </span>
    </p>
   </div>
   <div class='ocr_carea' id='block_1_95' title="bbox 234 5067 1827 5138">
    <p class='ocr_par' dir='ltr' id='par_1_95' title="bbox 234 5067 1827 5138">
     <span class='ocr_line' id='line_1_95' title="bbox 234 5067 1827 5138; baseline -0.001 -15"><span class='ocrx_word' id='word_1_703' title='bbox 234 5070 502 5135; x_wconf 80' lang='lat' dir='ltr'><strong>voluisse,</strong></span> <span class='ocrx_word' id='word_1_704' title='bbox 542 5078 602 5123; x_wconf 91' lang='lat' dir='ltr'><strong>ut</strong></span> <span class='ocrx_word' id='word_1_705' title='bbox 635 5071 736 5123; x_wconf 90' lang='lat' dir='ltr'><strong>sub</strong></span> <span class='ocrx_word' id='word_1_706' title='bbox 769 5084 1001 5138; x_wconf 84' lang='lat' dir='ltr'><strong>persona</strong></span> <span class='ocrx_word' id='word_1_707' title='bbox 1060 5068 1318 5138; x_wconf 89' lang='lat' dir='ltr'><strong>martyris</strong></span> <span class='ocrx_word' id='word_1_708' title='bbox 1366 5067 1619 5121; x_wconf 68' lang='lat' dir='ltr'><strong>haaresim</strong></span> <span class='ocrx_word' id='word_1_709' title='bbox 1655 5069 1827 5121; x_wconf 90' lang='lat' dir='ltr'><strong>intro-</strong></span> 
     </span>
    </p>
   </div>
   <div class='ocr_carea' id='block_1_96' title="bbox 234 5158 1823 5226">
    <p class='ocr_par' dir='ltr' id='par_1_96' title="bbox 234 5158 1823 5226">
     <span class='ocr_line' id='line_1_96' title="bbox 234 5158 1823 5226; baseline -0.003 -9"><span class='ocrx_word' id='word_1_710' title='bbox 234 5163 491 5219; x_wconf 80' lang='lat' dir='ltr'><strong>duceres.</strong></span> <span class='ocrx_word' id='word_1_711' title='bbox 533 5182 553 5214; x_wconf 84' lang='grc'><em>›</em></span> <span class='ocrx_word' id='word_1_712' title='bbox 590 5161 732 5217; x_wconf 87' lang='lat' dir='ltr'><strong>Idem</strong></span> <span class='ocrx_word' id='word_1_713' title='bbox 768 5171 955 5215; x_wconf 87' lang='lat' dir='ltr'><strong>narrat</strong></span> <span class='ocrx_word' id='word_1_714' title='bbox 1000 5160 1097 5215; x_wconf 92' lang='lat' dir='ltr'><strong>lib.</strong></span> <span class='ocrx_word' id='word_1_715' title='bbox 1134 5175 1188 5215; x_wconf 90' lang='lat' dir='ltr'><strong>Ill</strong></span> <span class='ocrx_word' id='word_1_716' title='bbox 1242 5160 1496 5214; x_wconf 82' lang='lat' dir='ltr'><strong>adversus</strong></span> <span class='ocrx_word' id='word_1_717' title='bbox 1532 5158 1823 5226; x_wconf 84' lang='lat' dir='ltr'><strong>Ruﬁnum:</strong></span> 
     </span>
    </p>
   </div>
   <div class='ocr_carea' id='block_1_97' title="bbox 238 5252 1822 5325">
    <p class='ocr_par' dir='ltr' id='par_1_97' title="bbox 238 5252 1822 5325">
     <span class='ocr_line' id='line_1_97' title="bbox 238 5252 1822 5325; baseline -0.001 -17"><span class='ocrx_word' id='word_1_718' title='bbox 238 5273 261 5308; x_wconf 71' lang='grc' dir='ltr'><strong>ι</strong></span> <span class='ocrx_word' id='word_1_719' title='bbox 301 5256 381 5310; x_wconf 87' lang='lat' dir='ltr'><strong>De</strong></span> <span class='ocrx_word' id='word_1_720' title='bbox 406 5255 673 5325; x_wconf 85' lang='lat' dir='ltr'><strong>Pamphili</strong></span> <span class='ocrx_word' id='word_1_721' title='bbox 713 5254 849 5309; x_wconf 85' lang='lat' dir='ltr'><strong>libro</strong></span> <span class='ocrx_word' id='word_1_722' title='bbox 895 5270 1002 5307; x_wconf 92' lang='lat' dir='ltr'><strong>non</strong></span> <span class='ocrx_word' id='word_1_723' title='bbox 1042 5252 1355 5315; x_wconf 83' lang='lat' dir='ltr'><strong>ridiculosa,</strong></span> <span class='ocrx_word' id='word_1_724' title='bbox 1406 5262 1465 5305; x_wconf 91' lang='lat' dir='ltr'><strong>ut</strong></span> <span class='ocrx_word' id='word_1_725' title='bbox 1495 5260 1550 5305; x_wconf 91' lang='lat' dir='ltr'><strong>tu</strong></span> <span class='ocrx_word' id='word_1_726' title='bbox 1602 5252 1822 5317; x_wconf 86' lang='lat' dir='ltr'><strong>scribis,</strong></span> 
     </span>
    </p>
   </div>
   <div class='ocr_carea' id='block_1_98' title="bbox 233 5344 1822 5413">
    <p class='ocr_par' dir='ltr' id='par_1_98' title="bbox 233 5344 1822 5413">
     <span class='ocr_line' id='line_1_98' title="bbox 233 5344 1822 5413; baseline -0.003 -9"><span class='ocrx_word' id='word_1_727' title='bbox 233 5349 333 5404; x_wconf 78' lang='lat' dir='ltr'><strong>sed</strong></span> <span class='ocrx_word' id='word_1_728' title='bbox 380 5348 612 5403; x_wconf 89' lang='lat' dir='ltr'><strong>ridicula</strong></span> <span class='ocrx_word' id='word_1_729' title='bbox 650 5348 779 5401; x_wconf 91' lang='lat' dir='ltr'><strong>mihi</strong></span> <span class='ocrx_word' id='word_1_730' title='bbox 830 5347 973 5401; x_wconf 86' lang='lat' dir='ltr'><strong>forte</strong></span> <span class='ocrx_word' id='word_1_731' title='bbox 1022 5361 1111 5399; x_wconf 90' lang='lat' dir='ltr'><strong>res</strong></span> <span class='ocrx_word' id='word_1_732' title='bbox 1160 5344 1389 5408; x_wconf 89' lang='lat' dir='ltr'><strong>accidit;</strong></span> <span class='ocrx_word' id='word_1_733' title='bbox 1432 5353 1491 5398; x_wconf 92' lang='lat' dir='ltr'><strong>ut</strong></span> <span class='ocrx_word' id='word_1_734' title='bbox 1534 5355 1822 5413; x_wconf 88' lang='lat' dir='ltr'><strong>postquam</strong></span> 
     </span>
    </p>
   </div>
   <div class='ocr_carea' id='block_1_99' title="bbox 232 5436 1823 5513">
    <p class='ocr_par' dir='ltr' id='par_1_99' title="bbox 232 5436 1823 5513">
     <span class='ocr_line' id='line_1_99' title="bbox 232 5436 1823 5513; baseline -0.003 -17"><span class='ocrx_word' id='word_1_735' title='bbox 232 5441 463 5497; x_wconf 87' lang='lat' dir='ltr'><strong>Eusebii</strong></span> <span class='ocrx_word' id='word_1_736' title='bbox 512 5440 841 5513; x_wconf 84' lang='lat' dir='ltr'><strong>asseruerim</strong></span> <span class='ocrx_word' id='word_1_737' title='bbox 872 5455 1015 5504; x_wconf 89' lang='lat' dir='ltr'><strong>esse,</strong></span> <span class='ocrx_word' id='word_1_738' title='bbox 1055 5454 1162 5492; x_wconf 89' lang='lat' dir='ltr'><strong>non</strong></span> <span class='ocrx_word' id='word_1_739' title='bbox 1199 5436 1493 5506; x_wconf 88' lang='lat' dir='ltr'><strong>Pamphili,</strong></span> <span class='ocrx_word' id='word_1_740' title='bbox 1532 5438 1598 5490; x_wconf 87' lang='lat' dir='ltr'><strong>ad</strong></span> <span class='ocrx_word' id='word_1_741' title='bbox 1634 5448 1823 5492; x_wconf 86' lang='lat' dir='ltr'><strong>extre-</strong></span> 
     </span>
    </p>
   </div>
   <div class='ocr_carea' id='block_1_100' title="bbox 235 5530 1826 5602">
    <p class='ocr_par' dir='ltr' id='par_1_100' title="bbox 235 5530 1826 5602">
     <span class='ocr_line' id='line_1_100' title="bbox 235 5530 1826 5602; baseline -0.004 -15"><span class='ocrx_word' id='word_1_742' title='bbox 235 5548 389 5587; x_wconf 87' lang='lat' dir='ltr'><strong>mum</strong></span> <span class='ocrx_word' id='word_1_743' title='bbox 421 5533 677 5596; x_wconf 85' lang='lat' dir='ltr'><strong>dixerim,</strong></span> <span class='ocrx_word' id='word_1_744' title='bbox 711 5533 876 5586; x_wconf 91' lang='lat' dir='ltr'><strong>etiam</strong></span> <span class='ocrx_word' id='word_1_745' title='bbox 924 5547 1010 5586; x_wconf 90' lang='lat' dir='ltr'><strong>me</strong></span> <span class='ocrx_word' id='word_1_746' title='bbox 1056 5546 1233 5586; x_wconf 90' lang='lat' dir='ltr'><strong>annos</strong></span> <span class='ocrx_word' id='word_1_747' title='bbox 1269 5530 1535 5602; x_wconf 88' lang='lat' dir='ltr'><strong>plurimos</strong></span> <span class='ocrx_word' id='word_1_748' title='bbox 1570 5530 1672 5584; x_wconf 87' lang='lat' dir='ltr'><strong>hoc</strong></span> <span class='ocrx_word' id='word_1_749' title='bbox 1726 5546 1826 5598; x_wconf 89' lang='lat' dir='ltr'><strong>pu-</strong></span> 
     </span>
    </p>
   </div>
   <div class='ocr_carea' id='block_1_101' title="bbox 236 5621 1823 5695">
    <p class='ocr_par' dir='ltr' id='par_1_101' title="bbox 236 5621 1823 5695">
     <span class='ocr_line' id='line_1_101' title="bbox 236 5621 1823 5695; baseline -0.002 -17"><span class='ocrx_word' id='word_1_750' title='bbox 236 5637 410 5691; x_wconf 79' lang='lat' dir='ltr'><strong>tasse,</strong></span> <span class='ocrx_word' id='word_1_751' title='bbox 450 5626 594 5695; x_wconf 90' lang='lat' dir='ltr'><strong>quod</strong></span> <span class='ocrx_word' id='word_1_752' title='bbox 627 5624 889 5695; x_wconf 90' lang='lat' dir='ltr'><strong>Pamphili</strong></span> <span class='ocrx_word' id='word_1_753' title='bbox 922 5623 1109 5687; x_wconf 86' lang='lat' dir='ltr'><strong>fuerit,</strong></span> <span class='ocrx_word' id='word_1_754' title='bbox 1159 5633 1213 5678; x_wconf 92' lang='lat' dir='ltr'><strong>et</strong></span> <span class='ocrx_word' id='word_1_755' title='bbox 1244 5639 1273 5676; x_wconf 89' lang='lat' dir='ltr'><strong>a</strong></span> <span class='ocrx_word' id='word_1_756' title='bbox 1308 5632 1361 5677; x_wconf 88' lang='lat' dir='ltr'><strong>te</strong></span> <span class='ocrx_word' id='word_1_757' title='bbox 1392 5621 1673 5691; x_wconf 79' lang='lat' dir='ltr'><strong>exemplar</strong></span> <span class='ocrx_word' id='word_1_758' title='bbox 1721 5624 1823 5675; x_wconf 85' lang='lat' dir='ltr'><strong>Int-</strong></span> 
     </span>
    </p>
   </div>
   <div class='ocr_carea' id='block_1_102' title="bbox 232 5714 1824 5784">
    <p class='ocr_par' dir='ltr' id='par_1_102' title="bbox 232 5714 1824 5784">
     <span class='ocr_line' id='line_1_102' title="bbox 232 5714 1824 5784; baseline -0.001 -15"><span class='ocrx_word' id='word_1_759' title='bbox 232 5717 323 5784; x_wconf 79' lang='lat' dir='ltr'><strong>jus</strong></span> <span class='ocrx_word' id='word_1_760' title='bbox 355 5717 653 5771; x_wconf 85' lang='lat' dir='ltr'><strong>voluminis</strong></span> <span class='ocrx_word' id='word_1_761' title='bbox 684 5726 988 5770; x_wconf 88' lang='lat' dir='ltr'><strong>mutuatum</strong></span> <span class='ocrx_word' id='word_1_762' title='bbox 1024 5756 1037 5770; x_wconf 94' lang='lat'><strong>.</strong></span> <span class='ocrx_word' id='word_1_763' title='bbox 1074 5755 1090 5769; x_wconf 96' lang='lat'><strong>.</strong></span> <span class='ocrx_word' id='word_1_764' title='bbox 1129 5755 1144 5769; x_wconf 95' lang='lat'><strong>.</strong></span> <span class='ocrx_word' id='word_1_765' title='bbox 1185 5753 1202 5769; x_wconf 95' lang='lat'><strong>.</strong></span> <span class='ocrx_word' id='word_1_766' title='bbox 1236 5754 1251 5770; x_wconf 95' lang='lat'><strong>.</strong></span> <span class='ocrx_word' id='word_1_767' title='bbox 1292 5755 1305 5767; x_wconf 94' lang='lat'><strong>.</strong></span> <span class='ocrx_word' id='word_1_768' title='bbox 1343 5755 1357 5769; x_wconf 95' lang='lat'><strong>.</strong></span> <span class='ocrx_word' id='word_1_769' title='bbox 1390 5714 1467 5768; x_wconf 85' lang='lat' dir='ltr'><strong>De</strong></span> <span class='ocrx_word' id='word_1_770' title='bbox 1500 5725 1592 5768; x_wconf 90' lang='lat' dir='ltr'><strong>tuo</strong></span> <span class='ocrx_word' id='word_1_771' title='bbox 1636 5716 1824 5769; x_wconf 88' lang='lat' dir='ltr'><strong>codice</strong></span> 
     </span>
    </p>
   </div>
   <div class='ocr_carea' id='block_1_103' title="bbox 234 5806 1818 5878">
    <p class='ocr_par' dir='ltr' id='par_1_103' title="bbox 234 5806 1818 5878">
     <span class='ocr_line' id='line_1_103' title="bbox 234 5806 1818 5878; baseline -0.001 -15"><span class='ocrx_word' id='word_1_772' title='bbox 234 5812 399 5877; x_wconf 87' lang='lat' dir='ltr'><strong>quasi</strong></span> <span class='ocrx_word' id='word_1_773' title='bbox 436 5808 700 5878; x_wconf 86' lang='lat' dir='ltr'><strong>Pamphili</strong></span> <span class='ocrx_word' id='word_1_774' title='bbox 738 5808 1014 5877; x_wconf 84' lang='lat' dir='ltr'><strong>exemplar</strong></span> <span class='ocrx_word' id='word_1_775' title='bbox 1040 5809 1371 5877; x_wconf 86' lang='lat' dir='ltr'><strong>accepimus.</strong></span> <span class='ocrx_word' id='word_1_776' title='bbox 1406 5807 1625 5861; x_wconf 89' lang='lat' dir='ltr'><strong>Credidi</strong></span> <span class='ocrx_word' id='word_1_777' title='bbox 1654 5806 1818 5862; x_wconf 83' lang='lat' dir='ltr'><strong>Chri-</strong></span> 
     </span>
    </p>
   </div>
   <div class='ocr_carea' id='block_1_104' title="bbox 233 5898 1822 5969">
    <p class='ocr_par' dir='ltr' id='par_1_104' title="bbox 233 5898 1822 5969">
     <span class='ocr_line' id='line_1_104' title="bbox 233 5898 1822 5969; baseline -0.002 -14"><span class='ocrx_word' id='word_1_778' title='bbox 233 5903 441 5969; x_wconf 81' lang='lat' dir='ltr'><strong>stiano,</strong></span> <span class='ocrx_word' id='word_1_779' title='bbox 462 5911 519 5956; x_wconf 92' lang='lat' dir='ltr'><strong>et</strong></span> <span class='ocrx_word' id='word_1_780' title='bbox 544 5899 748 5957; x_wconf 91' lang='lat' dir='ltr'><strong>credidi</strong></span> <span class='ocrx_word' id='word_1_781' title='bbox 776 5902 1077 5956; x_wconf 89' lang='lat' dir='ltr'><strong>monacho:</strong></span> <span class='ocrx_word' id='word_1_782' title='bbox 1114 5916 1219 5957; x_wconf 93' lang='lat' dir='ltr'><strong>non</strong></span> <span class='ocrx_word' id='word_1_783' title='bbox 1247 5898 1429 5969; x_wconf 87' lang='lat' dir='ltr'><strong>putavi</strong></span> <span class='ocrx_word' id='word_1_784' title='bbox 1458 5908 1670 5953; x_wconf 88' lang='lat' dir='ltr'><strong>tantum</strong></span> <span class='ocrx_word' id='word_1_785' title='bbox 1703 5912 1822 5953; x_wconf 89' lang='lat' dir='ltr'><strong>sce-</strong></span> 
     </span>
    </p>
   </div>
   <div class='ocr_carea' id='block_1_105' title="bbox 1933 4697 3504 4769">
    <p class='ocr_par' dir='ltr' id='par_1_105' title="bbox 1933 4697 3504 4769">
     <span class='ocr_line' id='line_1_105' title="bbox 1933 4697 3504 4769; baseline 0.003 -17"><span class='ocrx_word' id='word_1_786' title='bbox 1933 4698 2085 4766; x_wconf 82' lang='lat' dir='ltr'><strong>genis</strong></span> <span class='ocrx_word' id='word_1_787' title='bbox 2116 4697 2437 4753; x_wconf 85' lang='lat' dir='ltr'><strong>defensione</strong></span> <span class='ocrx_word' id='word_1_788' title='bbox 2478 4698 2829 4769; x_wconf 84' lang='lat' dir='ltr'><strong>principium,</strong></span> <span class='ocrx_word' id='word_1_789' title='bbox 2869 4701 3008 4754; x_wconf 84' lang='lat' dir='ltr'><strong>sexti</strong></span> <span class='ocrx_word' id='word_1_790' title='bbox 3046 4701 3170 4757; x_wconf 90' lang='lat' dir='ltr'><strong>libri</strong></span> <span class='ocrx_word' id='word_1_791' title='bbox 3229 4704 3444 4759; x_wconf 87' lang='lat' dir='ltr'><strong>Eusebii</strong></span> <span class='ocrx_word' id='word_1_792' title='bbox 3486 4724 3504 4756; x_wconf 74' lang='grc' dir='ltr'><strong><em>ο</em></strong></span> 
     </span>
    </p>
   </div>
   <div class='ocr_carea' id='block_1_106' title="bbox 1934 4789 3507 4863">
    <p class='ocr_par' dir='ltr' id='par_1_106' title="bbox 1934 4789 3507 4863">
     <span class='ocr_line' id='line_1_106' title="bbox 1934 4789 3507 4863; baseline 0.003 -21"><span class='ocrx_word' id='word_1_793' title='bbox 1934 4789 2305 4857; x_wconf 91' lang='lat' dir='ltr'><strong>reddiderunt,</strong></span> <span class='ocrx_word' id='word_1_794' title='bbox 2339 4806 2461 4846; x_wconf 89' lang='lat' dir='ltr'><strong>cum</strong></span> <span class='ocrx_word' id='word_1_795' title='bbox 2487 4809 2505 4841; x_wconf 79' lang='grc' dir='ltr'><strong>ι</strong></span> <span class='ocrx_word' id='word_1_796' title='bbox 2530 4806 2623 4845; x_wconf 88' lang='lat' dir='ltr'><strong>sex</strong></span> <span class='ocrx_word' id='word_1_797' title='bbox 2654 4790 2915 4845; x_wconf 91' lang='lat' dir='ltr'><strong>librorum</strong></span> <span class='ocrx_word' id='word_1_798' title='bbox 2950 4792 3166 4847; x_wconf 86' lang='lat' dir='ltr'><strong>Eusebii</strong></span> <span class='ocrx_word' id='word_1_799' title='bbox 3187 4810 3350 4863; x_wconf 88' lang='lat' dir='ltr'><strong>super</strong></span> <span class='ocrx_word' id='word_1_800' title='bbox 3381 4795 3507 4850; x_wconf 85' lang='lat' dir='ltr'><strong>Ori-</strong></span> 
     </span>
    </p>
   </div>
   <div class='ocr_carea' id='block_1_107' title="bbox 1931 4880 3507 4952">
    <p class='ocr_par' dir='ltr' id='par_1_107' title="bbox 1931 4880 3507 4952">
     <span class='ocr_line' id='line_1_107' title="bbox 1931 4880 3507 4952; baseline 0.006 -20"><span class='ocrx_word' id='word_1_801' title='bbox 1931 4880 2085 4948; x_wconf 87' lang='lat' dir='ltr'><strong>genis</strong></span> <span class='ocrx_word' id='word_1_802' title='bbox 2111 4882 2427 4938; x_wconf 87' lang='lat' dir='ltr'><strong>defensione</strong></span> <span class='ocrx_word' id='word_1_803' title='bbox 2452 4884 2805 4952; x_wconf 90' lang='lat' dir='ltr'><strong>principium,</strong></span> <span class='ocrx_word' id='word_1_804' title='bbox 2844 4904 2863 4934; x_wconf 72' lang='grc' dir='ltr'><strong>ι</strong></span> <span class='ocrx_word' id='word_1_805' title='bbox 2899 4884 3136 4941; x_wconf 90' lang='lat' dir='ltr'><strong>scribere</strong></span> <span class='ocrx_word' id='word_1_806' title='bbox 3166 4885 3507 4942; x_wconf 88' lang='lat' dir='ltr'><strong>debuissent.</strong></span> 
     </span>
    </p>
   </div>
   <div class='ocr_carea' id='block_1_108' title="bbox 1933 4972 3509 5043">
    <p class='ocr_par' dir='ltr' id='par_1_108' title="bbox 1933 4972 3509 5043">
     <span class='ocr_line' id='line_1_108' title="bbox 1933 4972 3509 5043; baseline 0.003 -18"><span class='ocrx_word' id='word_1_807' title='bbox 1933 4972 2023 5025; x_wconf 89' lang='lat' dir='ltr'><strong>Sic</strong></span> <span class='ocrx_word' id='word_1_808' title='bbox 2043 4972 2206 5026; x_wconf 90' lang='lat' dir='ltr'><strong>etiam</strong></span> <span class='ocrx_word' id='word_1_809' title='bbox 2243 4973 2401 5042; x_wconf 88' lang='lat' dir='ltr'><strong>paulo</strong></span> <span class='ocrx_word' id='word_1_810' title='bbox 2434 4983 2555 5041; x_wconf 91' lang='lat' dir='ltr'><strong>post</strong></span> <span class='ocrx_word' id='word_1_811' title='bbox 2583 4972 2925 5041; x_wconf 76' lang='lat' dir='ltr'><strong>legentibus:</strong></span> <span class='ocrx_word' id='word_1_812' title='bbox 2966 4991 2985 5023; x_wconf 73' lang='grc' dir='ltr'><strong>ι</strong></span> <span class='ocrx_word' id='word_1_813' title='bbox 3008 4974 3096 5040; x_wconf 89' lang='lat' dir='ltr'><strong>qui</strong></span> <span class='ocrx_word' id='word_1_814' title='bbox 3128 4989 3177 5027; x_wconf 86' lang='lat' dir='ltr'><strong>vt</strong></span> <span class='ocrx_word' id='word_1_815' title='bbox 3209 4974 3301 5029; x_wconf 91' lang='lat' dir='ltr'><strong>lib.</strong></span> <span class='ocrx_word' id='word_1_816' title='bbox 3330 4974 3509 5043; x_wconf 87' lang='lat' dir='ltr'><strong>capite</strong></span> 
     </span>
    </p>
   </div>
   <div class='ocr_carea' id='block_1_109' title="bbox 1931 5064 3501 5131">
    <p class='ocr_par' dir='ltr' id='par_1_109' title="bbox 1931 5064 3501 5131">
     <span class='ocr_line' id='line_1_109' title="bbox 1931 5064 3501 5131; baseline 0.002 -12"><span class='ocrx_word' id='word_1_817' title='bbox 1931 5067 2271 5124; x_wconf 88' lang='lat' dir='ltr'><strong>detruncato.</strong></span> <span class='ocrx_word' id='word_1_818' title='bbox 2289 5082 2307 5114; x_wconf 71' lang='grc' dir='ltr'><strong>ι</strong></span> <span class='ocrx_word' id='word_1_819' title='bbox 2331 5078 2435 5117; x_wconf 90' lang='lat' dir='ltr'><strong>non</strong></span> <span class='ocrx_word' id='word_1_820' title='bbox 2449 5064 2867 5117; x_wconf 77' lang='lat' dir='ltr'><strong>exscribendum</strong></span> <span class='ocrx_word' id='word_1_821' title='bbox 2886 5064 2966 5118; x_wconf 90' lang='lat' dir='ltr'><strong>eis</strong></span> <span class='ocrx_word' id='word_1_822' title='bbox 2983 5074 3121 5129; x_wconf 86' lang='lat' dir='ltr'><strong>erat,</strong></span> <span class='ocrx_word' id='word_1_823' title='bbox 3136 5084 3153 5115; x_wconf 78' lang='grc' dir='ltr'><strong>ι</strong></span> <span class='ocrx_word' id='word_1_824' title='bbox 3167 5066 3304 5120; x_wconf 88' lang='lat' dir='ltr'><strong>sexti</strong></span> <span class='ocrx_word' id='word_1_825' title='bbox 3322 5066 3501 5131; x_wconf 62' lang='lat' dir='ltr'><strong>libri,»</strong></span> 
     </span>
    </p>
   </div>
   <div class='ocr_carea' id='block_1_110' title="bbox 1930 5136 3527 5227">
    <p class='ocr_par' dir='ltr' id='par_1_110' title="bbox 1930 5136 3527 5227">
     <span class='ocr_line' id='line_1_110' title="bbox 1930 5136 3527 5227; baseline 0.003 -18"><span class='ocrx_word' id='word_1_826' title='bbox 1930 5154 2046 5216; x_wconf 86' lang='lat' dir='ltr'><strong>sed,</strong></span> <span class='ocrx_word' id='word_1_827' title='bbox 2074 5171 2093 5203; x_wconf 74' lang='grc' dir='ltr'><strong>ι</strong></span> <span class='ocrx_word' id='word_1_828' title='bbox 2120 5167 2215 5206; x_wconf 84' lang='lat' dir='ltr'><strong>sex</strong></span> <span class='ocrx_word' id='word_1_829' title='bbox 2246 5152 2526 5209; x_wconf 89' lang='lat' dir='ltr'><strong>librorum.</strong></span> <span class='ocrx_word' id='word_1_830' title='bbox 2554 5172 2573 5203; x_wconf 76' lang='grc' dir='ltr'><strong>ι</strong></span> <span class='ocrx_word' id='word_1_831' title='bbox 2591 5152 2745 5227; x_wconf 75' lang='lat' dir='ltr'><strong>Quod</strong></span> <span class='ocrx_word' id='word_1_832' title='bbox 2759 5164 2935 5207; x_wconf 92' lang='lat' dir='ltr'><strong>autem</strong></span> <span class='ocrx_word' id='word_1_833' title='bbox 2956 5155 3103 5208; x_wconf 89' lang='lat' dir='ltr'><strong>addit</strong></span> <span class='ocrx_word' id='word_1_834' title='bbox 3124 5136 3527 5227; x_wconf 33' lang='lat' dir='ltr'><strong>Hieronymus;</strong></span> 
     </span>
    </p>
   </div>
   <div class='ocr_carea' id='block_1_111' title="bbox 1935 5247 3519 5319">
    <p class='ocr_par' dir='ltr' id='par_1_111' title="bbox 1935 5247 3519 5319">
     <span class='ocr_line' id='line_1_111' title="bbox 1935 5247 3519 5319; baseline 0.003 -19"><span class='ocrx_word' id='word_1_835' title='bbox 1935 5267 1954 5300; x_wconf 78' lang='grc' dir='ltr'><strong>ι</strong></span> <span class='ocrx_word' id='word_1_836' title='bbox 1997 5250 2079 5305; x_wconf 92' lang='lat' dir='ltr'><strong>vel</strong></span> <span class='ocrx_word' id='word_1_837' title='bbox 2110 5247 2345 5318; x_wconf 87' lang='lat' dir='ltr'><strong>Didymi,</strong></span> <span class='ocrx_word' id='word_1_838' title='bbox 2386 5248 2467 5301; x_wconf 90' lang='lat' dir='ltr'><strong>vel</strong></span> <span class='ocrx_word' id='word_1_839' title='bbox 2514 5249 2805 5317; x_wconf 87' lang='lat' dir='ltr'><strong>cujuslibet</strong></span> <span class='ocrx_word' id='word_1_840' title='bbox 2850 5251 3075 5307; x_wconf 88' lang='lat' dir='ltr'><strong>alterius</strong></span> <span class='ocrx_word' id='word_1_841' title='bbox 3109 5268 3229 5306; x_wconf 86' lang='lat' dir='ltr'><strong>csse</strong></span> <span class='ocrx_word' id='word_1_842' title='bbox 3267 5266 3519 5319; x_wconf 3' lang='lat' dir='ltr'><strong>opuscu-y</strong></span> 
     </span>
    </p>
   </div>
   <div class='ocr_carea' id='block_1_112' title="bbox 1931 5326 3504 5413">
    <p class='ocr_par' dir='ltr' id='par_1_112' title="bbox 1931 5326 3504 5413">
     <span class='ocr_line' id='line_1_112' title="bbox 1931 5326 3504 5413; baseline -0.001 -18"><span class='ocrx_word' id='word_1_843' title='bbox 1931 5341 2066 5402; x_wconf 88' lang='lat' dir='ltr'><strong>lum,</strong></span> <span class='ocrx_word' id='word_1_844' title='bbox 2100 5340 2214 5409; x_wconf 88' lang='lat' dir='ltr'><strong>qui,</strong></span> <span class='ocrx_word' id='word_1_845' title='bbox 2246 5353 2338 5394; x_wconf 85' lang='lat' dir='ltr'><strong>sex</strong></span> <span class='ocrx_word' id='word_1_846' title='bbox 2369 5338 2630 5393; x_wconf 90' lang='lat' dir='ltr'><strong>librorum</strong></span> <span class='ocrx_word' id='word_1_847' title='bbox 2677 5340 2854 5407; x_wconf 77' lang='lat' dir='ltr'><strong>Capite</strong></span> <span class='ocrx_word' id='word_1_848' title='bbox 2892 5342 3217 5394; x_wconf 86' lang='lat' dir='ltr'><strong>detruncato</strong></span> <span class='ocrx_word' id='word_1_849' title='bbox 3241 5380 3257 5405; x_wconf 91' lang='lat'><strong>,</strong></span> <span class='ocrx_word' id='word_1_850' title='bbox 3296 5326 3504 5413; x_wconf 55' lang='lat' dir='ltr'><strong>caeteri}</strong></span> 
     </span>
    </p>
   </div>
   <div class='ocr_carea' id='block_1_113' title="bbox 1934 5431 3503 5502">
    <p class='ocr_par' dir='ltr' id='par_1_113' title="bbox 1934 5431 3503 5502">
     <span class='ocr_line' id='line_1_113' title="bbox 1934 5431 3503 5502; baseline -0.001 -16"><span class='ocrx_word' id='word_1_851' title='bbox 1934 5432 2176 5487; x_wconf 90' lang='lat' dir='ltr'><strong>membra</strong></span> <span class='ocrx_word' id='word_1_852' title='bbox 2216 5431 2467 5494; x_wconf 88' lang='lat' dir='ltr'><strong>sociarit,</strong></span> <span class='ocrx_word' id='word_1_853' title='bbox 2507 5451 2526 5483; x_wconf 72' lang='grc' dir='ltr'><strong>ι</strong></span> <span class='ocrx_word' id='word_1_854' title='bbox 2559 5447 2663 5484; x_wconf 89' lang='lat' dir='ltr'><strong>non</strong></span> <span class='ocrx_word' id='word_1_855' title='bbox 2694 5431 2766 5485; x_wconf 91' lang='lat' dir='ltr'><strong>ita</strong></span> <span class='ocrx_word' id='word_1_856' title='bbox 2799 5432 3170 5502; x_wconf 85' lang='lat' dir='ltr'><strong>accipiendum</strong></span> <span class='ocrx_word' id='word_1_857' title='bbox 3204 5442 3307 5496; x_wconf 90' lang='lat' dir='ltr'><strong>est,</strong></span> <span class='ocrx_word' id='word_1_858' title='bbox 3349 5433 3503 5498; x_wconf 85' lang='lat' dir='ltr'><strong>quasi</strong></span> 
     </span>
    </p>
   </div>
   <div class='ocr_carea' id='block_1_114' title="bbox 1928 5522 3505 5593">
    <p class='ocr_par' dir='ltr' id='par_1_114' title="bbox 1928 5522 3505 5593">
     <span class='ocr_line' id='line_1_114' title="bbox 1928 5522 3505 5593; baseline 0.003 -18"><span class='ocrx_word' id='word_1_859' title='bbox 1928 5525 2058 5579; x_wconf 84' lang='lat' dir='ltr'><strong>velit</strong></span> <span class='ocrx_word' id='word_1_860' title='bbox 2087 5524 2399 5593; x_wconf 84' lang='lat' dir='ltr'><strong>Apologiam</strong></span> <span class='ocrx_word' id='word_1_861' title='bbox 2432 5539 2526 5591; x_wconf 86' lang='lat' dir='ltr'><strong>pro</strong></span> <span class='ocrx_word' id='word_1_862' title='bbox 2571 5522 2797 5591; x_wconf 83' lang='lat' dir='ltr'><strong>Origene</strong></span> <span class='ocrx_word' id='word_1_863' title='bbox 2833 5539 2864 5577; x_wconf 92' lang='lat' dir='ltr'><strong>a</strong></span> <span class='ocrx_word' id='word_1_864' title='bbox 2905 5523 3100 5579; x_wconf 74' lang='lat' dir='ltr'><strong>Rufino</strong></span> <span class='ocrx_word' id='word_1_865' title='bbox 3140 5528 3241 5578; x_wconf 84' lang='lat' dir='ltr'><strong>sub</strong></span> <span class='ocrx_word' id='word_1_866' title='bbox 3288 5524 3505 5579; x_wconf 89' lang='lat' dir='ltr'><strong>nomine</strong></span> 
     </span>
    </p>
   </div>
   <div class='ocr_carea' id='block_1_115' title="bbox 1929 5612 3503 5687">
    <p class='ocr_par' dir='ltr' id='par_1_115' title="bbox 1929 5612 3503 5687">
     <span class='ocr_line' id='line_1_115' title="bbox 1929 5612 3503 5687; baseline 0.001 -18"><span class='ocrx_word' id='word_1_867' title='bbox 1929 5617 2194 5686; x_wconf 89' lang='lat' dir='ltr'><strong>Pamphili</strong></span> <span class='ocrx_word' id='word_1_868' title='bbox 2244 5618 2479 5681; x_wconf 80' lang='lat' dir='ltr'><strong>editam,</strong></span> <span class='ocrx_word' id='word_1_869' title='bbox 2523 5632 2709 5670; x_wconf 80' lang='lat' dir='ltr'><strong>revera</strong></span> <span class='ocrx_word' id='word_1_870' title='bbox 2743 5631 2864 5669; x_wconf 87' lang='lat' dir='ltr'><strong>esse</strong></span> <span class='ocrx_word' id='word_1_871' title='bbox 2910 5618 3158 5687; x_wconf 88' lang='lat' dir='ltr'><strong>Didymi;</strong></span> <span class='ocrx_word' id='word_1_872' title='bbox 3204 5618 3295 5671; x_wconf 90' lang='lat' dir='ltr'><strong>sed</strong></span> <span class='ocrx_word' id='word_1_873' title='bbox 3328 5612 3503 5687; x_wconf 83' lang='lat' dir='ltr'><strong>expli-</strong></span> 
     </span>
    </p>
   </div>
   <div class='ocr_carea' id='block_1_116' title="bbox 1929 5709 3503 5790">
    <p class='ocr_par' dir='ltr' id='par_1_116' title="bbox 1929 5709 3503 5790">
     <span class='ocr_line' id='line_1_116' title="bbox 1929 5709 3503 5790; baseline 0 -26"><span class='ocrx_word' id='word_1_874' title='bbox 1929 5711 2158 5790; x_wconf 70' lang='lat' dir='ltr'><strong>caqdum</strong></span> <span class='ocrx_word' id='word_1_875' title='bbox 2205 5709 2348 5763; x_wconf 91' lang='lat' dir='ltr'><strong>istud</strong></span> <span class='ocrx_word' id='word_1_876' title='bbox 2378 5718 2459 5763; x_wconf 91' lang='lat' dir='ltr'><strong>est</strong></span> <span class='ocrx_word' id='word_1_877' title='bbox 2482 5723 2545 5761; x_wconf 89' lang='lat' dir='ltr'><strong>ex</strong></span> <span class='ocrx_word' id='word_1_878' title='bbox 2573 5709 2679 5762; x_wconf 92' lang='lat' dir='ltr'><strong>alio</strong></span> <span class='ocrx_word' id='word_1_879' title='bbox 2714 5710 2835 5764; x_wconf 89' lang='lat' dir='ltr'><strong>loco</strong></span> <span class='ocrx_word' id='word_1_880' title='bbox 2866 5725 3025 5780; x_wconf 91' lang='lat' dir='ltr'><strong>supra</strong></span> <span class='ocrx_word' id='word_1_881' title='bbox 3067 5710 3228 5764; x_wconf 88' lang='lat' dir='ltr'><strong>allato</strong></span> <span class='ocrx_word' id='word_1_882' title='bbox 3255 5725 3285 5765; x_wconf 90' lang='lat' dir='ltr'><strong>e</strong></span> <span class='ocrx_word' id='word_1_883' title='bbox 3318 5709 3411 5764; x_wconf 89' lang='lat' dir='ltr'><strong>lib.</strong></span> <span class='ocrx_word' id='word_1_884' title='bbox 3444 5726 3503 5764; x_wconf 84' lang='lat' dir='ltr'><strong>Ill</strong></span> 
     </span>
    </p>
   </div>
   <div class='ocr_carea' id='block_1_117' title="bbox 1928 5798 3504 5870">
    <p class='ocr_par' dir='ltr' id='par_1_117' title="bbox 1928 5798 3504 5870">
     <span class='ocr_line' id='line_1_117' title="bbox 1928 5798 3504 5870; baseline -0.001 -16"><span class='ocrx_word' id='word_1_885' title='bbox 1928 5802 2202 5869; x_wconf 81' lang='lat' dir='ltr'><strong>Apologia:</strong></span> <span class='ocrx_word' id='word_1_886' title='bbox 2251 5801 2503 5854; x_wconf 75' lang='lat' dir='ltr'><strong>adversus</strong></span> <span class='ocrx_word' id='word_1_887' title='bbox 2544 5798 2815 5867; x_wconf 78' lang='lat' dir='ltr'><strong>Ruﬁnum,</strong></span> <span class='ocrx_word' id='word_1_888' title='bbox 2871 5802 2956 5854; x_wconf 90' lang='lat' dir='ltr'><strong>tthi</strong></span> <span class='ocrx_word' id='word_1_889' title='bbox 3007 5810 3294 5870; x_wconf 88' lang='lat' dir='ltr'><strong>postquam</strong></span> <span class='ocrx_word' id='word_1_890' title='bbox 3340 5801 3504 5855; x_wconf 82' lang='lat' dir='ltr'><strong>dixit:</strong></span> 
     </span>
    </p>
   </div>
   <div class='ocr_carea' id='block_1_118' title="bbox 1934 5891 3510 5963">
    <p class='ocr_par' dir='ltr' id='par_1_118' title="bbox 1934 5891 3510 5963">
     <span class='ocr_line' id='line_1_118' title="bbox 1934 5891 3510 5963; baseline 0.003 -18"><span class='ocrx_word' id='word_1_891' title='bbox 1934 5914 1951 5945; x_wconf 78' lang='grc' dir='ltr'><strong>ι</strong></span> <span class='ocrx_word' id='word_1_892' title='bbox 1988 5893 2179 5949; x_wconf 82' lang='lat' dir='ltr'><strong>Postea</strong></span> <span class='ocrx_word' id='word_1_893' title='bbox 2215 5906 2345 5947; x_wconf 81' lang='lat' dir='ltr'><strong>vero</strong></span> <span class='ocrx_word' id='word_1_894' title='bbox 2375 5907 2473 5961; x_wconf 91' lang='lat' dir='ltr'><strong>per</strong></span> <span class='ocrx_word' id='word_1_895' title='bbox 2496 5892 2999 5961; x_wconf 86' lang='lat' dir='ltr'><strong>interpretationem</strong></span> <span class='ocrx_word' id='word_1_896' title='bbox 3038 5904 3183 5949; x_wconf 87' lang='lat' dir='ltr'><strong>tuam</strong></span> <span class='ocrx_word' id='word_1_897' title='bbox 3207 5891 3510 5963; x_wconf 66' lang='lat' dir='ltr'><strong>qumﬁtiom</strong></span> 
     </span>
    </p>
   </div>
  </div>
