3902 6524
432 444 537 501 3:7

1660 449 1723 505 S.
1768 448 2092 505 PAMPHILI
2136 449 2497 505 MARTYRIS

3594 454 3699 511 528

429 581 620 626 contra
652 570 939 641 Origcnem
975 580 1089 625 toto
1115 569 1247 625 orbe
1293 582 1585 638 commota,
1625 572 1676 627 in
1707 574 2018 643 quaerendis
2047 578 2091 634 Α
2120 573 2225 628 dici
2275 588 2382 628 non
2429 573 2635 637 delmit,
2684 587 2842 644 quem
2897 572 3146 637 alterius,
3206 586 3403 645 nempe
3446 574 3696 639 Eusebii,

431 663 836 734 exemplaribus
862 664 1178 733 diligentior
1215 664 1313 729 fni,
1358 674 1414 720 et
1451 665 1504 720 in
1550 664 1868 721 Caesariensi
1927 668 2009 721 bi-

431 756 699 811 bliotheca
734 755 947 810 Eusebii
984 772 1077 810 sex
1122 757 1393 812 volumina
1440 759 1615 827 reperi
1652 758 2011 829 Ἀπολογίας

431 850 587 917 ὑπὲρ
619 849 973 918 Ὠριγένους.
998 850 1130 917 Quae
1159 867 1280 906 cum
1312 850 1583 921 legissem,
1616 853 1845 923 primum
1884 869 2008 908 eum

429 939 629 995 librum
657 941 988 1009 deprehendi
1021 958 1182 1010 quem
1220 954 1272 997 tu
1308 943 1453 998 solus
1483 948 1581 999 sub
1616 947 1832 999 nomine
1858 961 2006 999 mar-

431 1032 567 1100 tyris
596 1026 842 1094 edidisti,
875 1031 941 1085 de
981 1031 1119 1086 Filio
1162 1042 1215 1085 et
1251 1031 1454 1101 Spiritu
1488 1044 1680 1087 sancto
1712 1034 1761 1086 in
1810 1033 2005 1087 bonam

426 1132 636 1191 partem
669 1121 941 1192 plerisque
970 1120 1324 1191 blasphemiis
1351 1123 1722 1187 commutatis,
1754 1143 1774 1175 ι
1812 1124 2002 1177 addit:

430 1231 453 1267 ι
479 1213 545 1267 Et
579 1215 683 1271 hoc
713 1216 796 1271 vel
829 1214 1142 1287 Didymum,
1177 1219 1261 1273 vel
1284 1227 1357 1282 te,
1380 1220 1464 1273 vel
1492 1220 1658 1272 alium
1687 1219 1879 1273 fecisse
1911 1235 2006 1273 ne-

2112 681 2275 735 apera
2313 665 2531 731 adjutus
2554 665 2877 720 elaboravit.
2913 666 3029 721 Huc
3062 666 3203 721 adde
3247 668 3390 736 quod
3423 676 3572 724 totus
3608 667 3699 723 ille

2112 767 2328 815 constat
2362 758 2496 813 locis
2525 756 2778 829 Origenis
2823 774 2889 813 ex
2927 758 3097 812 variis
3147 758 3266 826 eius
3294 759 3557 827 operibus
3600 774 3699 814 ex-

2110 851 2335 920 cerptis.
2383 850 2426 904 si
2486 850 2646 904 modo
2699 850 2983 919 exeeperis
3030 848 3273 913 initium,
3326 850 3469 918 quod
3507 848 3699 919 aliquo

2112 944 2271 998 modo
2298 941 2432 996 nihil
2467 942 2612 996 aliud
2640 949 2726 995 est
2773 956 2932 1009 quam
2965 940 3192 1009 epistola
3243 940 3309 995 ad
3351 939 3696 997 confessores

2110 1036 2175 1089 ad
2206 1033 2417 1088 metalla
2444 1036 2728 1087 damnatos
2761 1054 2773 1088 :
2805 1048 2868 1087 ac
2902 1032 3126 1103 proinde
3161 1041 3339 1102 potest
3358 1033 3501 1088 inter
3528 1032 3693 1087 Pam-

2109 1125 2242 1192 phili
2285 1125 2543 1192 epistolas
2572 1125 2750 1179 locum
2782 1126 3063 1189 obtinere;
3097 1124 3156 1180 5ο
3193 1143 3212 1176 ι
3262 1124 3416 1188 Date,
3451 1144 3472 1177 ι
3515 1125 3696 1195 inquit

2106 1216 2473 1288 Hieronymus
2495 1218 2654 1287 epist.
2674 1217 2766 1280 65,
2785 1219 2850 1271 ad
2876 1216 3284 1271 Pammachimn
3307 1226 3359 1272 et
3385 1216 3692 1283 Oceanum,

426 1308 540 1361 scio
564 1322 746 1377 quem,
769 1309 911 1377 quod
946 1320 999 1363 tu
1019 1311 1363 1380 apertissime
1384 1312 1436 1364 ir.
1463 1310 1614 1364 libris
1636 1309 1775 1379 Περὶ
1801 1309 2005 1380 ἀρχῶν
2111 1328 2129 1359 ι
2169 1311 2444 1378 quodlibet
2480 1309 2625 1363 aliud
2647 1325 2783 1378 opus
2812 1308 3104 1379 Pamphili.
3134 1308 3410 1379 Nusquam
3451 1310 3694 1378 reperie-

427 1398 621 1455 fecisse
650 1402 1017 1457 convinceris.
1052 1420 1074 1454 ι
1116 1402 1170 1456 ld
1202 1417 1331 1473 ergo
1363 1419 1528 1457 unum
1560 1404 1855 1473 utrobique
1897 1404 2000 1458 sibi
2109 1402 2193 1455 tis.
2226 1399 2339 1453 Hoc
2377 1416 2541 1453 unum
2585 1410 2691 1453 est.
2747 1398 2900 1455 Unde
2944 1402 3106 1470 igitur
3137 1401 3305 1455 sciam
3341 1402 3487 1471 quod
3528 1400 3693 1456 Pam-

422 1490 540 1545 vult
572 1490 957 1563 Hieronymus,
998 1493 1079 1547 vel
1130 1493 1437 1563 Didymum,
1472 1493 1555 1547 vel
1594 1493 1845 1549 Ruﬁnum
1870 1534 1886 1560 ,
1919 1496 2002 1548 Vel
2104 1492 2235 1561 phili
2260 1492 2380 1545 sit?
2411 1491 2673 1545 Videlicet
2706 1492 2877 1561 stylus
2909 1500 2961 1544 et
2989 1491 3155 1545 saliva
3210 1492 3411 1549 docere
3451 1508 3540 1548 me
3587 1509 3689 1564 po-

424 1590 587 1645 alium
625 1591 809 1644 nescio
853 1605 1014 1659 quem
1052 1591 1104 1643 in
1152 1590 1347 1644 bonam
1400 1600 1605 1658 partem
1659 1600 1768 1643 tam
1816 1589 2004 1645 Graece
2107 1584 2277 1641 terit?
2306 1584 2553 1655 iEstylo
2571 1584 3088 1653 quidcmnosbodie
3110 1583 3409 1652 diiudicare
3426 1601 3536 1641 non
3554 1601 3687 1657 pos-

425 1694 586 1747 quam
620 1675 814 1733 Latine
866 1679 1152 1748 plerasque
1214 1679 1586 1749 blasphemias
1636 1691 2001 1735 commutasse
2102 1692 2293 1733 sumus
2319 1691 2385 1730 an
2419 1674 2691 1746 Pamphili
2738 1690 2875 1745 opus
2922 1676 3026 1739 sit;
3058 1692 3247 1731 verum
3283 1676 3335 1732 id
3372 1676 3534 1733 facile
3564 1688 3688 1735 erat

424 1785 545 1840 qum
591 1769 643 1823 in
700 1768 917 1823 Eusebii
972 1778 1120 1823 textu
1168 1770 1576 1838 comparebant.
1619 1769 1771 1836 Quod
1817 1779 1998 1824 utrum

428 1861 729 1916 verisimile
759 1862 861 1921 sit,
904 1874 1026 1914 mox
1064 1861 1328 1929 indagare
1363 1862 1712 1916 tentabimus.

496 1952 591 2009 ιν.
617 1952 737 2007 Jam
764 1967 895 2007 vero
922 1963 979 2007 ut
999 1953 1185 2023 probet
1209 1954 1569 2025 Hieronymus
1593 1954 1996 2024 Apologeticum

425 2045 592 2101 istum
628 2043 866 2099 libellum
902 2058 1001 2113 pro
1037 2044 1290 2115 Origene,
1326 2062 1431 2099 non
1462 2044 1749 2114 Pamphili,
1782 2047 1877 2101 sed
1911 2061 1999 2100 so-

434 2136 541 2194 lius
571 2136 788 2191 Eusebii
824 2152 963 2201 esse,
986 2136 1104 2191 haec
1129 2145 1255 2191 sunt
1284 2135 1400 2204 eius
1417 2146 1734 2207 argumenta
1763 2154 1776 2190 :
1812 2139 1867 2191 1⁸
1888 2156 1906 2188 ι
1938 2136 1995 2192 Si

423 2231 527 2284 iste
551 2226 820 2298 Pamphili
850 2228 987 2283 liber
1003 2238 1110 2294 est,
1139 2243 1159 2278 ι
1188 2230 1364 2297 inquit
1385 2228 1475 2283 lib.
1508 2229 1759 2298 tApolog.
1789 2231 1993 2284 advers.

422 2318 694 2389 Ruﬁnum,
728 2338 748 2371 ι
786 2319 855 2374 de
883 2334 977 2374 sex
1004 2318 1159 2375 libris
1183 2320 1275 2390 qui
1306 2321 1411 2375 erit
1435 2321 1642 2390 primus
1690 2320 1905 2376 Eusebii
1928 2322 1951 2374 ’ἔ
1972 2339 1991 2374 r

425 2413 728 2483 Responsio
754 2410 928 2467 facilis
958 2422 1063 2466 est.
1107 2412 1224 2466 Erit
1268 2414 1476 2482 primus
1516 2411 1783 2482 Pamphili
1832 2412 1993 2467 simul

422 2514 477 2559 et
508 2503 763 2568 Eusebii;
794 2504 855 2557 ε’
909 2505 1073 2565 instat
1122 2505 1319 2559 ibidem
1349 2522 1362 2558 :
1397 2522 1417 2557 s
1454 2503 1509 2557 In
1553 2504 1669 2573 ipso
1699 2504 1994 2572 volumine,

421 2596 567 2666 quod
613 2606 668 2650 tu
719 2595 986 2667 Pamphili
1043 2596 1296 2659 simulas,
1338 2596 1681 2665 sequentium
1736 2596 1993 2650 librorum

418 2686 561 2742 facta
587 2691 790 2743 mentio
824 2697 928 2743 est.
957 2688 1015 2743 In
1044 2689 1283 2743 secundo
1314 2703 1532 2757 quoque
1568 2697 1620 2740 et
1664 2687 1882 2757 reliquis
1915 2687 1995 2740 di-

419 2781 495 2835 cit
528 2779 795 2836 Eusebius
820 2782 964 2850 quod
1014 2782 1068 2835 in
1101 2781 1276 2851 primo
1313 2781 1453 2836 libro
1494 2791 1650 2835 antea
1683 2781 1913 2844 dixerat,
1942 2788 1996 2834 et

414 2873 560 2943 quod
593 2873 783 2927 eadem
812 2882 1058 2942 repetere
1080 2889 1187 2927 non
1225 2874 1439 2927 debeat.
1474 2892 1493 2925 ι
1537 2871 1734 2926 Nullihi
1764 2872 1815 2925 in
1855 2872 1993 2927 libro

414 2966 593 3036 primo
631 2967 698 3021 de
726 2965 940 3021 caeteris
988 2968 1318 3020 mentionem
1361 2967 1475 3019 ﬁeri
1522 2967 1865 3033 reperimus:
1899 2964 1993 3019 sed

414 3070 535 3114 esto
577 3059 629 3113 in
666 3058 857 3113 Graeco
907 3057 1045 3112 facta
1093 3057 1275 3119 fuerit,
1322 3057 1451 3127 quid
1499 3055 1743 3110 mirum?
1790 3054 1993 3125 Nempe

414 3152 658 3222 quinque
685 3150 896 3219 priores
923 3167 952 3203 a
998 3148 1283 3219 Pamphilo
1314 3149 1473 3202 simul
1509 3158 1561 3201 et
1600 3148 1832 3203 Eusebio
1877 3148 1991 3201 col-

2103 1770 2194 1835 iis,
2227 1770 2429 1839 quibus
2463 1768 2594 1823 illud
2627 1784 2751 1823 cum
2789 1767 2906 1837 ejus
2931 1767 3199 1838 epistolis,
3224 1784 3344 1839 quae
3380 1770 3567 1825 adhuc
3594 1785 3688 1825 sn-

2100 1860 2645 1931 pererant,conlerre
2675 1860 2944 1931 integrum
2972 1870 3112 1915 erat.
3147 1860 3264 1930 Ipse
3293 1861 3682 1933 Hieronymus,

2101 1954 2192 2019 qui
2240 1953 2469 2027 idipsum
2505 1952 2750 2021 profecto
2804 1952 3056 2018 contulit,
3084 1968 3334 2008 asserere
3369 1969 3477 2007 non
3513 1970 3687 2011 ausus

2099 2055 2187 2099 est
2214 2045 2463 2098 eumdem
2489 2058 2612 2099 esse
2640 2042 2763 2098 libri
2795 2042 2955 2112 huius
2999 2043 3333 2113 Ensebiique
3355 2044 3596 2116 stylum;
3625 2052 3686 2099 et

2101 2136 2280 2205 reipsa
2313 2136 2381 2191 ab
2432 2135 2647 2191 Eusebii
2683 2136 2852 2191 saliva
2913 2134 3190 2206 paululum
3233 2137 3489 2192 diversus
3523 2135 3689 2191 abire

2098 2227 2334 2281 videtur.

2174 2319 2239 2373 V.
2289 2317 2494 2387 Obiicit
2524 2329 2786 2390 praeterea
2840 2320 3203 2393 Hieronymus
3248 2318 3343 2375 lib.
3387 2335 3429 2375 ιι
3469 2320 3680 2375 advers.

2099 2409 2379 2479 Ruﬁnum,
2424 2411 2599 2465 virum
2642 2412 3020 2466 doctissimum
3066 2411 3362 2467 Eusebium
3405 2412 3685 2483 (doctissi-

2097 2518 2268 2569 mum,
2305 2517 2411 2558 non
2458 2502 2810 2572 catholicum)
2847 2521 2866 2555 ι
2927 2519 3024 2574 per
3076 2519 3173 2559 sex
3223 2504 3498 2559 volumina
3547 2505 3681 2560 nihil

2098 2594 2243 2649 aliud
2270 2610 2456 2665 agere,
2489 2596 2593 2650 uisi
2641 2605 2700 2649 ut
2748 2596 3039 2668 Origenem
3080 2611 3194 2653 sua:
3240 2597 3497 2651 ostendat
3530 2597 3686 2662 ﬁdei,

2097 2688 2150 2742 id
2175 2697 2258 2741 est
2283 2688 2498 2741 Arianae
2538 2687 2819 2754 perﬁdiae;
2852 2706 2873 2741 ι
2903 2689 3107 2743 nullam
3136 2702 3268 2759 ergo
3295 2688 3458 2756 huius
3493 2690 3681 2760 operis

2096 2789 2307 2848 partem
2352 2780 2422 2834 ad
2464 2777 2809 2849 Pamphilum
2847 2782 3142 2852 martyreiu
3189 2781 3490 2851 pertinere,
3522 2780 3685 2851 cuius

2098 2871 2257 2927 ﬁdem
2298 2871 2495 2942 probat
2522 2872 2785 2927 Ecclesia.
2842 2871 3043 2926 Eadem
3081 2874 3279 2943 repetit
3329 2872 3470 2928 locis
3511 2888 3679 2944 supra

2096 2964 2295 3027 citatis,
2326 2974 2382 3018 et
2413 2965 2540 3018 al.bi
2577 2965 2806 3033 passim,
2841 2963 2984 3019 unde
3023 2964 3299 3021 concludit
3342 2964 3545 3019 librum
3576 2966 3685 3021 sub

2094 3055 2359 3124 Pamphili
2423 3056 2641 3111 nomine
2689 3056 2919 3121 editum,
2961 3057 3032 3111 ah
3074 3056 3257 3127 aliquo
3311 3057 3365 3111 in
3398 3054 3684 3113 Trinitate

2094 3148 2362 3202 catholico
2388 3148 2552 3202 fuisse
2578 3148 2943 3215 emendatum,
2973 3148 3064 3218 qni
3095 3148 3380 3218 plerasque
3420 3148 3686 3219 blasphe—

415 3242 523 3297 lata
550 3258 713 3312 opera
748 3241 960 3296 fuerant
996 3240 1291 3305 elaborati;
1320 3241 1376 3295 3°
1405 3240 1579 3309 pergit
1608 3240 1805 3293 ibidem
1838 3256 1851 3292 :
1883 3258 1900 3289 ι
1933 3238 1987 3294 Si
2017 3263 2059 3319 ε
2096 3239 2234 3292 mias
2273 3240 2339 3293 de
2366 3238 2506 3295 Filio
2537 3249 2592 3294 et
2637 3240 2844 3308 Spiritu
2897 3251 3089 3295 saneto
3142 3248 3250 3294 tam
3288 3238 3484 3295 Graece
3504 3256 3677 3310 quam

412 3342 585 3388 totum
617 3348 755 3403 Opus
794 3331 1059 3403 Pamphili
1094 3340 1198 3396 est,
1234 3346 1334 3386 cur
1384 3332 1620 3400 reliquos
1667 3332 1841 3386 libros
1882 3347 1988 3385 non

412 3424 719 3479 transfers!
758 3445 775 3476 ι
816 3423 1043 3479 Scilicet
1081 3423 1259 3478 obfuit
1289 3422 1508 3477 Macarii
1550 3422 1904 3486 desiderium,
1934 3435 1990 3476 ut

405 3514 518 3584 iam
550 3516 785 3570 diximus
832 3533 846 3569 :
892 3516 973 3571 vel
1016 3514 1197 3584 potius
1232 3514 1378 3569 nulla
1429 3517 1531 3568 alia
1576 3516 1791 3568 videtur
1823 3515 1990 3571 fuisse

410 3624 599 3669 eausa,
632 3622 795 3677 quam
825 3607 967 3677 quod
1000 3606 1179 3661 Ruﬁni
1207 3605 1376 3660 codex
1408 3606 1629 3660 unicum
1661 3604 1820 3671 huius
1849 3606 1990 3675 Apo-

411 3698 568 3767 logim
602 3698 800 3751 librum
836 3699 1072 3768 primum
1122 3696 1224 3752 sub
1270 3698 1489 3755 nomine
1526 3696 1793 3767 Pamphili
1842 3714 1991 3752 mar-

404 3789 551 3863 tyris
582 3790 909 3844 contineret.
934 3788 1094 3843 Certe
1117 3788 1213 3842 lib.
1244 3804 1282 3844 tt
1318 3789 1523 3843 advers.
1555 3789 1803 3860 Ruﬁnum
1848 3790 1987 3846 fate-

408 3891 500 3936 tur
540 3882 654 3952 ipse
704 3876 1071 3951 Hieronymus
1117 3895 1175 3935 se
1209 3899 1229 3931 ι
1269 3883 1432 3936 istum
1484 3883 1705 3949 librum,
1755 3883 1847 3953 qui
1889 3885 1989 3939 Sub

409 3975 627 4029 nomine
654 3973 920 4043 Pamphili
972 3974 1272 4038 ferebatur,
1310 3974 1511 4031 vidisse
1562 3975 1797 4046 primum
1845 3978 1987 4031 scri-

404 4076 556 4137 ptum
607 4066 661 4120 in
712 4066 901 4121 codice
933 4064 1138 4129 Ruﬁni,
1172 4076 1229 4121 et
1258 4065 1385 4135 quia
1434 4082 1539 4121 non
1583 4078 1705 4121 erat
1741 4068 1789 4121 ei
1842 4082 1986 4121 curae

402 4158 535 4229 quid
578 4174 676 4228 pro
722 4159 977 4215 haeretica
1013 4159 1313 4223 diceretur,
1357 4159 1437 4215 sic
1476 4174 1695 4226 semper
1723 4158 1986 4213 habuisse

403 4252 558 4319 quasi
594 4250 868 4306 diversum
890 4260 1034 4305 esset
1056 4266 1193 4319 opus
1214 4249 1478 4318 Pamphili
1509 4262 1565 4305 et
1597 4250 1848 4315 Eusebii;
1885 4267 1904 4302 ι
1928 4263 1984 4305 et

402 4342 496 4397 lib.
537 4357 598 4397 ιιι
631 4342 707 4396 ait
740 4357 798 4396 se
825 4358 852 4395 a
874 4341 1068 4396 Ruﬁno
1095 4359 1113 4393 ι
1148 4341 1422 4410 exemplar
1447 4341 1604 4411 huius
1634 4341 1975 4406 voluminis,s

404 4434 647 4503 (nonscx
677 4433 1031 4505 voluminum)
1059 4432 1227 4487 fuisse
1251 4449 1269 4483 ι
1311 4442 1647 4496 mutuatum;
1680 4452 1699 4485 ι
1737 4434 1795 4487 4ο
1827 4432 1975 4503 Obii-

399 4528 476 4582 cit
512 4523 878 4596 Hieronymus
935 4524 1069 4580 nihil
1132 4524 1339 4594 proprii
1394 4524 1575 4592 operis
1632 4523 1973 4593 Pamphilum

2095 3331 2288 3385 Latine
2320 3332 2371 3384 in
2421 3332 2619 3386 bonam
2652 3340 2861 3399 partem
2898 3332 3270 3387 commntarit.
3308 3350 3327 3384 ι
3366 3332 3477 3387 Sed
3509 3333 3679 3388 ﬁdem

2092 3422 2181 3477 hic
2206 3421 2535 3493 Hieronymo
2568 3422 2879 3477 habendam
2914 3437 3021 3476 non
3044 3436 3168 3477 esse
3200 3422 3555 3479 validissimis
3581 3440 3673 3479 ar-

2090 3515 2363 3584 gumentis
2400 3515 2578 3569 evinci
2633 3524 2812 3583 potest
2861 3514 3058 3585 (inquit
3091 3513 3274 3568 Bullus
3318 3514 3395 3571 De
3430 3514 3680 3589 Ρίιὶἱτῷ

2089 3607 2380 3679 ὀμοουσίῳ,
2406 3623 2525 3678 cap.
2550 3607 2605 3673 9,
2637 3615 2743 3661 art.
2766 3606 2883 3675 20).
2912 3606 3049 3661 Nam
3072 3626 3086 3662 :
3127 3607 3181 3661 l°
3220 3607 3451 3663 Pbotius
3478 3610 3676 3665 codice

2088 3716 2255 3756 cxvut
2286 3708 2521 3755 testatur
2549 3713 2609 3755 se
2640 3700 2691 3753 in
2731 3698 2925 3756 Graeco
2971 3699 3168 3769 legisse
3201 3698 3473 3769 Pamphili
3526 3715 3673 3755 mar-

2089 3793 2228 3864 tyris
2252 3802 2303 3847 et
2330 3791 2551 3847 Eusebii
2580 3792 2749 3846 libros
2774 3806 2893 3856 sex,
2927 3790 2979 3845 in
3023 3789 3224 3860 quibus
3264 3791 3415 3845 nulla
3446 3793 3676 3848 Arias:

2087 3884 2328 3953 perﬁdia:
2355 3884 2578 3955 vestigia
2611 3893 2763 3938 notat
2801 3898 3025 3938 severus
3048 3882 3140 3938 ille
3160 3897 3379 3948 censor,
3411 3885 3505 3954 qui
3530 3885 3669 3940 alio-

2086 3975 2177 4045 qui
2219 3975 2272 4029 ln
2319 3974 2549 4030 aliorum
2599 3975 2820 4045 scriptis
2885 3984 3202 4031 constanter
3243 3975 3385 4031 solet
3437 3976 3670 4032 minima
3724 3958 3731 3963 ’

2086 4075 2313 4136 quaeque
2347 4068 2769 4135 reprehendere,
2799 4083 2919 4135 qua:
2961 4067 3045 4122 vel
3093 4069 3333 4138 speciem
3361 4068 3669 4123 Arianismi

2086 4172 2197 4227 prae
2230 4173 2289 4212 se
2328 4156 2507 4211 ferant
2534 4175 2549 4224 ;
2579 4158 2639 4211 ‘2-
2664 4158 2803 4214 idem
2831 4158 3055 4215 Photius
3090 4160 3211 4215 cod.
3244 4176 3393 4216 cxvu
3422 4171 3667 4216 veterem

2083 4249 2372 4317 quemdam
2413 4258 2692 4303 auctorem
2716 4264 3044 4321 anonymum
3084 4266 3531 4308 commemorans
3572 4255 3669 4323 qui

2081 4342 2391 4411 Apologiam
2446 4342 2629 4397 itidem
2679 4358 2774 4412 pro
2836 4341 3062 4411 Origene
3105 4345 3539 4415 conscripserat,
3589 4346 3669 4402 ait

2083 4444 2362 4488 auctorem
2409 4432 2558 4487 illum
2587 4434 2640 4488 in
2681 4435 2934 4505 Apoloyia
2977 4451 3075 4491 sua
3112 4451 3209 4505 pro
3249 4435 3485 4507 Origene
3517 4437 3666 4505 eius—

2082 4541 2188 4596 que
2236 4525 2527 4581 sententiis
2574 4542 2849 4597 pugnasse
2892 4528 3216 4583 auctoritate
3264 4539 3378 4582 tum
3426 4530 3662 4584 aliorum

401 4617 745 4689 SCI‘ipSiSSBJ
777 4616 841 4671 Et
878 4617 996 4686 ipse
1021 4616 1237 4687 quidem
1262 4615 1465 4687 proprii
1503 4616 1707 4683 operis,
1740 4635 1760 4668 ι
1792 4618 1971 4688 inquit
2007 4613 2053 4669 D
2078 4617 2442 4685 antiquiorum
2490 4618 2841 4688 scriptorum,
2896 4627 3009 4672 tum
3064 4620 3335 4687 imprimis
3386 4619 3659 4690 Pamphili

398 4709 497 4766 lib.
542 4725 559 4765 ι
604 4710 809 4764 advers.
847 4708 1119 4778 Ruﬁnum,
1184 4726 1204 4761 ι
1258 4708 1391 4763 nihil
1452 4708 1677 4763 omnino
1726 4710 1972 4780 scripsit,

391 4803 635 4871 exceptis
697 4802 964 4871 epistolis.
1020 4815 1159 4869 quas
1208 4801 1274 4854 ad
1336 4800 1545 4854 amicos
1600 4800 1741 4855 forte
1794 4802 1974 4856 mitte-

390 4894 485 4951 bat
513 4893 612 4966 (3),
640 4894 693 4949 in
723 4902 931 4948 tantmn
962 4909 1023 4948 se
1052 4892 1363 4947 humilitate
1393 4892 1687 4962 deiecerat.
1717 4892 1971 4947 Veterum

390 4995 570 5041 autem
601 4994 869 5040 tractatus
909 4983 1244 5055 scriptorum
1293 4981 1502 5052 legebat
1545 4984 1963 5051 studiosissime,

386 5088 443 5133 et
471 5078 522 5132 in
549 5092 738 5132 eorum
766 5078 1125 5132 meditatione
1158 5075 1359 5145 iugiter
1385 5074 1730 5130 versabatur.
1774 5076 1971 5132 Defen-

387 5184 481 5226 sor
508 5170 779 5241 Origcnis,
810 5180 863 5225 et
895 5168 1142 5224 laudator
1168 5167 1432 5243 Pamphili
1473 5169 1607 5224 dicit
1630 5169 1968 5239 Pamphilum

388 5262 521 5318 nihil
552 5264 773 5318 omnino
794 5263 1104 5332 scripsisse,
1134 5275 1234 5317 nec
1259 5259 1467 5332 proprii
1494 5262 1791 5330 quidquam
1840 5276 1970 5317 con-

385 5353 590 5409 didisse
612 5354 879 5409 sermonis
914 5369 929 5406 :
957 5362 1013 5408 et
1047 5354 1150 5407 hoc
1176 5352 1331 5414 dicit,
1354 5336 1472 5416 iam
1511 5350 1795 5420 Pamphilo
1824 5366 1967 5405 mar-

387 5444 530 5519 tyrio
550 5454 831 5510 coronato,
868 5459 936 5500 ne
961 5444 1165 5500 habeas
1194 5440 1489 5511 sulfugium
1525 5452 1643 5513 post
1681 5442 1859 5496 editos
1893 5441 1960 5495 ab

387 5536 619 5593 Eusebio
669 5534 839 5591 libros
889 5535 990 5590 hoc
1034 5532 1376 5602 Pamphilum
1429 5531 1737 5601 scripsisse.
1792 5550 1810 5585 ι
1850 5533 1957 5589 Sed

384 5628 558 5684 nodus
596 5628 687 5684 hic
706 5642 968 5699 perquam
1018 5626 1181 5681 facile
1217 5634 1432 5696 poterat
1472 5640 1502 5678 a
1556 5624 1749 5679 Ruﬁno
1796 5624 1973 5681 solvi.

383 5717 594 5790 Quippe
644 5720 918 5791 proprium
961 5714 1229 5788 Pamphili
1273 5730 1414 5787 opus
1444 5714 1811 5785 Apologeticus
1863 5715 1955 5773 ille

450 5890 532 5962 (ὃ)
561 5892 759 5949 Euseb.
793 5892 887 5946 lib.
914 5905 972 5946 ut
1013 5890 1088 5947 De
1118 5890 1225 5945 vita
1256 5886 1553 5959 Pamphili.

2074 4710 2331 4779 martyris
2355 4719 2408 4761 et
2436 4709 2654 4763 Eusebii
2691 4708 3058 4764 Ctesariensis.
3099 4710 3316 4765 Μᾶλλον
3342 4710 3426 4775 δὲ,
3460 4711 3661 4782 inqttit,

2067 4799 2174 4854 τῶν
2212 4800 2383 4854 ἄλλων
2408 4801 2683 4864 ἁπάντων,
2729 4801 3002 4872 Παμφίλῳ
3052 4820 3113 4855 τε
3165 4802 3246 4874 τῷ
3282 4804 3533 4878 μάρτυρι
3560 4808 3660 4861 t1:-

2067 4890 2328 4961 ερείδεται
2362 4892 2457 4943 καί
2487 4890 2564 4961 τῷ
2588 4890 2854 4961 suasere,
2895 4892 2947 4945 id
2975 4902 3078 4955 est.
3109 4913 3128 4945 ι
3155 4909 3266 4963 pra:
3287 4897 3504 4951 caeteris
3533 4914 3663 4953 vero

2070 4980 2348 5051 Pamphilo
2366 4984 2593 5051 martyri
2621 4982 2869 5037 innititur
2884 4996 2934 5039 et
2956 4982 3215 5048 Eusebio,
3245 5005 3267 5039 ›
3297 4988 3655 5045 utinduhium

2079 5073 2209 5128 mihi
2264 5075 2514 5128 videatur
2566 5088 2897 5146 anonymum
2944 5075 3095 5130 illum
3132 5078 3382 5132 eamdem
3429 5095 3659 5150 prorsus

2074 5180 2197 5220 cum
2227 5166 2511 5234 Pamphilo
2534 5176 2587 5221 et
2614 5166 2849 5222 Eusebio
2875 5166 3164 5237 Origenem
3194 5168 3527 5226 defendendi
3562 5186 3653 5225 ra-

2067 5256 2267 5312 tionem
2300 5267 2551 5313 secutqu
2587 5272 2732 5313 esse.
2794 5256 3050 5327 Nunquid
3096 5276 3222 5315 vero
3272 5260 3515 5317 Aristius
3556 5262 3655 5317 fuit

2065 5349 2419 5418 apologista?
2462 5348 2607 5404 Nihil
2661 5348 2861 5406 minus.
2901 5349 3039 5405 Nam
3084 5352 3197 5421 ipse
3248 5351 3505 5419 Photius,
3558 5356 3648 5426 qui

2067 5439 2267 5509 alioqui
2312 5441 2600 5510 plerosque
2640 5440 2896 5512 Origenis
2936 5458 3157 5498 errores
3206 5440 3281 5499 illi
3330 5447 3545 5514 tribuit,
3572 5446 3651 5503 di-

2067 5540 2211 5584 serte
2240 5531 2389 5597 dicit,
2417 5534 2560 5601 quod
2593 5534 2722 5604 περὶ
2765 5533 2862 5604 τῆς
2895 5534 3058 5604 ἁγίας
3090 5534 3321 5606 Τριάδος
3348 5538 3511 5593 οὐδὲν
3535 5538 3646 5594 τῶν

2064 5620 2415 5693 ἐσφαλμένων
2444 5622 2615 5693 λέγει’
2650 5643 2667 5675 ι
2705 5624 2771 5679 de
2797 5626 2856 5679 S.
2886 5624 3155 5684 Trinitate
3179 5628 3314 5687 nihil
3336 5645 3643 5689 erratorlm

2063 5711 2239 5770 atl'ert.
2268 5734 2287 5768 ι
2318 5714 2599 5783 Quomodo
2627 5726 2805 5772 autem
2826 5716 3120 5790 Origene-3
3143 5720 3393 5779 defendit
3409 5720 3639 5781 auctori
