3942 6512
1276 388 1625 447 nomen
1656 392 1794 448 rso
1824 350 2146 455 ostensa.
2187 430 2253 443 —
2294 398 2634 458 nonnon.

3484 406 3593 465 530

320 506 458 576 Φησὶ
479 504 562 568 δὲ.
618 505 795 575 inquit
839 506 1092 575 Pbotius,
1141 511 1235 564 καὶ
1277 514 1409 584 περὶ
1453 513 1548 568 τοῦ
1598 515 1895 586 Ὠριγένους

2010 521 2196 589 fuisse,
2227 524 2470 596 nunquid
2493 526 2619 581 inde
2646 534 2972 596 sequeretur
3004 538 3110 582 non
3137 524 3305 582 fuisse
3330 532 3592 599 martyris

324 596 490 670 μηδὲν
512 596 674 652 αὐτὸν
703 598 844 653 κατὰ
871 599 1030 664 δόξαν
1056 601 1320 670 ἐσφάλθαι
1342 604 1471 674 περὶ
1505 605 1604 676 τῆς
1643 607 1901 679 Τριάδος·

324 709 344 740 ι
385 689 518 759 quin
570 690 737 744 etiam
785 690 889 746 boc
929 693 1129 748 asserit
1167 694 1235 749 de
1282 693 1542 764 Origene,
1600 696 1733 751 nihil
1781 712 1903 752 eum

318 782 463 850 quod
477 782 693 850 quidem
713 783 781 837 ad
799 784 993 854 dogma
1019 786 1087 839 de
1108 786 1374 842 Trinitate
1398 788 1614 853 attinet,
1632 804 1866 845 errasse.
1881 810 1900 843 ι

316 874 410 927 Ait
439 889 561 927 mox
596 873 826 930 Photius
854 878 1179 946 scriptorem
1210 878 1359 933 illum
1385 880 1697 948 quindecim
1727 882 1903 951 capita

314 962 540 1035 Origeni
567 965 808 1034 objecta,
836 982 1072 1037 quorum
1119 970 1219 1023 tria
1253 970 1449 1038 prima.
1481 972 1751 1026 decimum
1795 982 1906 1028 ter-

316 1056 455 1109 tium
495 1068 553 1111 et
586 1058 838 1112 ultimum
886 1060 953 1112 ad
990 1060 1281 1115 articulum
1316 1062 1380 1116 de
1430 1060 1697 1117 Triuitate
1732 1066 1901 1133 perti-

313 1158 473 1211 nent,
510 1151 776 1217 probasse
808 1151 1062 1216 διαϐολὰς
1111 1148 1275 1217 εἶναι,
1334 1155 1400 1213 ὲκ
1443 1154 1555 1207 τῶν
1590 1154 1685 1208 τοῦ
1740 1156 1901 1210 αὐτοῦ

309 1239 529 1295 ἐκείνου
572 1244 1025 1315 συγγραμμάτων
1066 1245 1393 1317 ποιούμενον
1441 1247 1567 1311 τοὺς
1611 1246 1898 1318 ἐλέγχους·

316 1350 338 1384 ι
384 1349 565 1388 meras
622 1350 746 1391 esse
788 1335 1120 1401 calumnias.
1164 1353 1228 1393 ex
1284 1338 1569 1407 ipsiusmet
1608 1339 1900 1413 (Origcnis)

308 1425 538 1495 scriptis
571 1425 752 1481 allatis
774 1428 1134 1497 argumentis.
1168 1448 1187 1480 ι
1228 1428 1490 1484 Eamdem
1534 1430 1697 1499 plane
1738 1431 1904 1485 ratio-

309 1531 444 1573 nent
478 1532 543 1574 ac
576 1518 889 1573 methodum
936 1530 1121 1574 servat
1173 1520 1433 1591 Apologia
1491 1522 1591 1575 sub
1632 1520 1898 1591 Pamphili

309 1609 541 1664 nomine
590 1625 619 1663 a
652 1610 851 1666 Rulino
881 1610 1049 1665 edita.
1098 1611 1245 1666 Sane
1272 1627 1338 1665 ex
1387 1612 1473 1667 his
1520 1612 1651 1667 illud
1709 1612 1900 1667 saltem

305 1697 569 1762 elicitur.
598 1715 627 1754 a
655 1699 847 1756 Graeco
872 1702 1142 1772 scriptore
1164 1704 1334 1758 veteri
1369 1704 1461 1773 qui
1495 1703 1548 1758 in
1578 1705 1807 1760 articulo
1836 1706 1901 1760 de

308 1791 374 1846 S.
403 1790 698 1859 ‘l‘riuitate,
727 1794 812 1849 vel
843 1794 1044 1849 Pbotio
1076 1794 1287 1863 judice,
1317 1795 1632 1851 catholicus
1667 1796 1793 1865 fuit,
1824 1798 1901 1852 al-

2010 613 2313 686 Pampbili?
2342 616 2561 673 Minime
2599 617 2865 683 omnium,
2889 616 2977 673 vel
3009 618 3237 687 ipsemet
3261 616 3589 690 llier0nymo

2001 705 2231 771 judiceu
2262 708 2365 763 Sed
2392 710 2830 764 concedamus‘ex
2856 708 3180 779 superﬂuo.»
3215 709 3395 779 inquit
3421 709 3583 779 epist.

2006 798 2095 859 65.
2115 800 2181 853 ad
2213 800 2621 856 Pammachium
2653 812 2708 857 et
2734 800 3032 867 Oceanum,
3053 822 3080 853 r.
3107 811 3165 856 ιιι
3194 802 3455 869 Pamphili
3480 803 3583 866 sit;

2006 892 2100 946 sed
2150 896 2381 948 necdum
2441 897 2718 966 martyris.
2769 900 2909 951 Ante
2956 897 3101 951 enim
3150 896 3372 964 scripsit
3416 912 3583 966 quam

2007 981 2326 1051 tnartyrium
2388 992 2780 1051 perpeteretnr.
2850 984 2913 1037 Et
2972 984 3265 1052 quomodo,
3346 982 3580 1053 inquies,

2008 1072 2272 1141 martyrio
2314 1071 2511 1143 dignus
2540 1074 2684 1128 fuit?
2722 1076 2947 1130 Scilicet
2992 1085 3049 1127 ut
3088 1076 3352 1146 martyrio
3380 1074 3587 1130 deleret

2003 1178 2271 1231 errorem,
2306 1174 2365 1219 ut
2401 1182 2565 1221 unam
2615 1167 2829 1237 culpam
2881 1168 3159 1237 sanguinis
3199 1169 3281 1222 sui
3322 1167 3585 1221 cﬁ'usione

2005 1268 2281 1323 purgaret.
2325 1256 2522 1320 Ouanti
2561 1259 2613 1311 in
2647 1259 2781 1314 orbe
2813 1271 3101 1328 martyres,
3137 1269 3423 1327 antequam
3477 1272 3583 1313 ca:-

2002 1345 2282 1413 dereutur,
2355 1350 2523 1403 variis
2570 1348 2891 1418 suhjacuerc
2946 1351 3184 1417 peccatis
3205 1352 3226 1403 ε’
3292 1369 3311 1401 ι
3371 1349 3585 1415 Quibus

2005 1437 2183 1492 verbis
2220 1446 2477 1508 tanquam
2511 1440 2744 1511 suffugio
2796 1443 2969 1495 utitur
3015 1442 3398 1512 Hieronymus.
3429 1448 3486 1492 ιιι
3535 1440 3580 1492 si

2003 1530 2181 1581 minus
2246 1530 2403 1584 ﬁdem
2462 1530 2771 1600 famamque
2834 1532 3014 1587 Ruﬁni
3074 1531 3334 1597 elevaret,
3392 1531 3582 1585 saltem

2001 1618 2271 1689 Pamphili
2308 1622 2596 1691 martyris,
2625 1638 2786 1691 quem
2830 1624 2987 1695 hujus
3010 1623 3283 1693 Apologia:
3308 1632 3583 1679 auctorem

2002 1727 2109 1767 non
2135 1712 2361 1766 omnino
2388 1714 2604 1770 diﬁiteri
2638 1716 2824 1781 audet,
2865 1718 3253 1772 auctoritatem
3290 1716 3581 1770 minueret.

2004 1803 2109 1858 Sed
2141 1819 2208 1858 eo
2244 1805 2515 1861 inﬁrmius
2546 1806 2667 1876 ejus
2702 1817 2785 1861 est
2820 1818 3222 1879 argumentum,
3274 1809 3417 1876 quod
3475 1816 3584 1861 tor-

309 1884 427 1939 lata
460 1884 627 1943 fuisse
679 1902 751 1941 ex
794 1887 930 1956 ipsis
981 1888 1237 1958 Origeais
1278 1888 1519 1959 scriptis,
1570 1900 1736 1960 prout
1786 1902 1895 1945 tum
1932 1879 1973 1934 Β
2004 1908 2187 1952 menta
2215 1897 2445 1966 plurima
2478 1899 2628 1967 prius
2657 1914 2852 1967 passus
2879 1909 3021 1954 esset
3054 1899 3389 1967 Pamphilus,
3422 1914 3583 1967 quam

302 1977 503 2035 Graece
540 1989 845 2048 exstarent,
900 1980 1236 2048 testimonia,
1274 1996 1395 2050 quas
1427 1982 1751 2041 catholicum
1803 1999 1898 2052 pa-

306 2070 451 2125 riter
494 2070 663 2127 fuisse
692 2072 749 2126 in
798 2071 989 2127 eodem
1032 2072 1262 2128 articulo
1303 2074 1592 2144 Origenem
1647 2074 1899 2130 ostende-

304 2171 459 2229 rent,
504 2172 672 2233 atque
714 2163 821 2217 hoc
867 2162 1066 2219 fecisse
1110 2174 1393 2220 auctorem
1431 2165 1583 2220 illum
1632 2164 1898 2235 Pamphili

303 2255 570 2327 martyris
614 2264 671 2311 et
718 2255 935 2311 Eusebii
988 2257 1260 2326 exemplo,
1309 2273 1609 2328 eorumque
1652 2258 1899 2327 vestigiis

304 2348 679 2403 insistentem.
730 2365 750 2402 ι
785 2348 843 2403 5ο
881 2347 1189 2404 Verisimile
1247 2365 1355 2404 non
1406 2358 1494 2404 est
1538 2350 1652 2420 jam
1687 2360 1800 2405 tum
1828 2351 1897 2405 ad

299 2439 573 2495 Ariauatn
603 2442 853 2496 haeresim
886 2440 1158 2497 defecisse
1184 2441 1501 2508 Eusebium,
1528 2458 1652 2497 cum
1692 2443 1746 2497 in
1774 2459 1897 2511 gra-

301 2531 442 2587 tiam
475 2532 729 2603 Origenis
783 2533 1073 2589 scriberet.
1115 2533 1252 2600 Quis
1280 2533 1425 2587 enim
1458 2534 1670 2600 credat,
1707 2534 1752 2588 si
1782 2534 1894 2603 jam

299 2633 429 2679 tum
464 2624 659 2679 fuisset
687 2625 948 2689 Arianus,
979 2624 1030 2679 id
1060 2639 1121 2681 se
1151 2625 1253 2679 sibi
1310 2627 1649 2694 probandum
1708 2640 1899 2681 susce-

298 2718 456 2786 pisse
488 2716 559 2771 ab
596 2714 830 2787 Origene
866 2717 1033 2771 statui
1084 2735 1103 2768 ι
1148 2717 1290 2786 quod
1325 2717 1549 2785 aequalis
1599 2716 1673 2772 sit
1715 2715 1897 2771 Trini-

298 2814 395 2862 tas
432 2825 449 2863 :
484 2813 629 2877 quod
660 2822 765 2861 non
803 2823 973 2878 purus
1001 2808 1186 2874 homo,
1216 2808 1311 2863 sed
1342 2808 1541 2863 divinte
1582 2819 1794 2864 naturas
1822 2809 1894 2863 sit

298 2897 610 2954 Christus:
648 2899 797 2965 quod
826 2910 989 2965 extra
1032 2898 1203 2957 ullum
1244 2898 1461 2953 initium
1502 2899 1575 2954 sit
1616 2899 1896 2970 generatio

301 2988 440 3045 Filii
472 2989 567 3045 Dei
597 3006 612 3043 :
642 2992 787 3059 quod
821 3005 930 3045 non
955 2991 1031 3044 sit
1062 2988 1225 3045 Pater
1252 3000 1544 3057 antequam
1572 2989 1770 3055 Filius,
1801 2993 1894 3046 sed

298 3091 621 3137 maternus
654 3081 727 3137 sit
752 3080 924 3135 Filius
958 3080 1148 3136 Patri:
1181 3081 1326 3152 quod
1355 3098 1463 3137 non
1506 3098 1596 3153 per
1629 3083 1894 3154 prolatio—

2001 1990 2305 2056 scriberet;
2340 1991 2585 2058 adeoque
2622 1990 2736 2059 jam
2768 2002 2897 2046 tunc
2925 2007 3053 2046 vere
3086 2001 3205 2045 erat
3236 2000 3466 2062 martyr,
3493 2006 3583 2047 se-

2000 2080 2236 2136 cundum
2268 2081 2546 2152 vulgarem
2576 2083 2693 2151 ejus
2723 2084 2983 2153 temporis
3029 2083 3284 2153 loquendi
3338 2084 3580 2139 moduni.

1998 2170 2332 2244 Hieronymo
2399 2183 2578 2229 autem
2635 2176 2714 2231 sic
2770 2177 3063 2245 respondet
3120 2176 3348 2232 Ruﬁnus
3384 2174 3581 2231 Invect.

2000 2263 2092 2320 lib.
2125 2280 2163 2319 ιι
2193 2282 2207 2317 :
2234 2281 2255 2317 ι
2294 2263 2351 2320 Si
2381 2263 2435 2320 in
2475 2275 2683 2321 tantum
2712 2267 2933 2321 volebas
2963 2267 3260 2333 audere,ut
3288 2277 3581 2340 martyrem

2000 2357 2454 2427 reprehenderes,
2489 2357 2632 2412 dicta
2674 2358 2814 2428 ipsa,
2851 2373 2972 2426 qua:
3003 2359 3097 2414 tibi
3138 2359 3461 2413 videbantur
3493 2373 3582 2414 re-

2000 2446 2407 2515 prcbensibilia,
2436 2447 2490 2500 in
2516 2446 2753 2501 medium
2791 2446 3031 2515 proferre
3049 2446 3343 2512 debueras;
3372 2455 3426 2501 et
3457 2456 3585 2501 tunc

2000 2537 2379 2607 unusquisque
2411 2536 2939 2606 legentiumvidisset
2963 2538 3093 2605 quid
3120 2536 3191 2591 ibi
3217 2546 3361 2593 esset
3390 2537 3580 2594 absur—

1999 2627 2148 2689 dum,
2205 2626 2335 2697 quid
2391 2641 2759 2695 consequens,
2796 2626 2925 2696 quid
2967 2626 3239 2696 iniquttm,
3274 2627 3402 2695 quid
3433 2636 3582 2682 certe

1998 2727 2185 2773 contra
2221 2718 2549 2787 apostolicas
2582 2718 2794 2788 regulas
2824 2735 2838 2772 :
2869 2718 2963 2774 sed
2993 2726 3201 2773 tantum
3237 2717 3423 2774 nescio
3453 2719 3580 2790 quid

2000 2811 2318 2879 impietatis,
2352 2827 2451 2881 pro
2494 2827 2624 2882 quo,
2657 2819 2715 2864 ut
2740 2810 2898 2875 dicis,
2949 2811 3223 2881 cxpiando
3263 2812 3579 2881 sanguinem

1998 2921 2155 2959 suum
2189 2904 2392 2959 fuderit
2421 2915 2652 2975 martyr.
2678 2903 2792 2973 Ipsa
2827 2904 2915 2957 illa
2953 2905 3115 2959 verba
3155 2904 3200 2959 si
3235 2902 3581 2975 legeret,jam

2000 3010 2106 3050 non
2137 3003 2249 3059 tua,
2276 2996 2372 3050 sed
2406 3010 2502 3050 sua
2550 2973 2851 3059 sententia,
2878 3004 2971 3048 aut
3004 3009 3223 3050 errasse
3256 2973 3576 3065 martyrem,

2001 3092 2097 3138 aut
2132 3083 2353 3139 nomine
2378 3085 2637 3153 martyris
2656 3084 2949 3137 absurdam
2979 3096 3035 3138 et
3068 3084 3288 3149 impiam
3335 3082 3579 3137 conscri-

300 3188 435 3229 nem
465 3183 628 3228 natus
650 3174 723 3228 sit
750 3173 920 3229 Filius
949 3191 963 3228 :
988 3174 1130 3243 quod
1150 3174 1529 3243 inseparabilis
1553 3175 1625 3228 sit
1649 3175 1891 3232 aPatre:
1922 3217 1964 3273 Ο
2004 3178 2246 3247 ptionem
2292 3177 2359 3232 ab
2413 3176 2522 3230 alio
2575 3176 2785 3231 diceret
2828 3191 2951 3231 esse
2979 3173 3361 3252 compositam.
3429 3173 3582 3228 Nunc

298 3268 455 3336 quod
489 3267 682 3321 eadem
712 3267 785 3321 sit
816 3266 1308 3322 inconvertibilitas
1331 3266 1535 3331 Patris,
1564 3279 1620 3322 et
1665 3266 1808 3332 Filii,
1842 3280 1897 3324 et

297 3356 549 3429 Spiritus
586 3359 761 3413 sancti
799 3376 814 3413 :
851 3358 993 3429 quod
1026 3359 1168 3413 sicut
1201 3357 1364 3412 Pater
1395 3358 1546 3412 novit
1594 3358 1745 3413 initia
1780 3375 1897 3414 ont-

300 3452 464 3506 nium
501 3461 557 3507 et
593 3452 753 3517 ﬁnes,
782 3451 865 3507 sic
887 3461 941 3507 et
968 3451 1162 3515 Filius,
1190 3451 1271 3506 sic
1289 3462 1345 3506 et
1372 3450 1609 3520 Spiritus
1639 3462 1892 3507 sanctus:

296 3546 452 3615 quod
474 3560 544 3601 ex
576 3543 687 3599 Deo
712 3544 874 3598 Patre
907 3553 1065 3597 natus
1086 3545 1158 3598 sit
1182 3542 1221 3597 F
1230 3542 1377 3610 ilius,
1404 3558 1471 3597 ac
1490 3544 1650 3598 unius
1672 3554 1728 3599 et
1746 3543 1893 3612 ejus-

292 3641 430 3693 dem
462 3652 590 3693 cum
636 3636 800 3692 Patre
848 3634 1207 3703 substantire;
1264 3636 1478 3693 alienus
1523 3652 1653 3693 vero
1706 3655 1736 3692 a
1766 3640 1885 3693 sub-

293 3731 525 3789 stantiis
564 3740 969 3796 creaturarum,
1017 3749 1034 3783 ι
1073 3740 1207 3797 etc.,
1241 3745 1365 3800 quae
1403 3745 1436 3785 e
1464 3731 1736 3787 diametro
1781 3731 1894 3787 ba:-

298 3822 415 3879 resi
474 3822 696 3877 Arianae
748 3820 1154 3876 adversantur?
1219 3821 1353 3887 Quis
1403 3820 1513 3876 sibi
1567 3822 1899 3892 persuadeat

297 3928 454 3978 eum,
485 3911 615 3967 dum
668 3912 1088 3983 praeclarissima
1139 3910 1233 3965 illa
1279 3909 1531 3981 Origenis
1581 3912 1893 3967 testimonia

295 4013 635 4073 excerperet
664 4004 805 4059 unde
846 4005 1086 4059 Arianus
1119 4018 1276 4058 error
1319 4003 1657 4070 confoditur,
1688 4004 1892 4059 Ariana

300 4100 440 4171 ipsis
465 4097 787 4154 infersisse?
814 4097 871 4151 4·
915 4096 1119 4152 invicte
1158 4096 1503 4152 demonstrat
1541 4097 1901 4154 doctissimus

297 4200 499 4247 noster
520 4190 753 4245 domnus
792 4187 1130 4243 Prudentius
1159 4187 1347 4242 Μαι-ειη
1378 4188 1431 4241 in
1462 4203 1559 4243 suo
1588 4188 1667 4243 De
1698 4190 1893 4245 divini-

297 4294 413 4338 tate
472 4282 667 4338 Christi
708 4280 804 4337 lib.
857 4296 933 4343 tv.
976 4295 1099 4349 cap.
1154 4280 1343 4342 14-16,
1404 4290 1461 4333 et
1502 4279 1632 4335 alibi
1666 4281 1892 4348 passim,

298 4377 526 4435 Arianae
554 4373 751 4431 haeresi
796 4373 1106 4429 nullatenus
1134 4371 1318 4428 favere
1348 4371 1640 4440 Origenem
1671 4373 1774 4445 (ὁ),
1798 4375 1893 4427 sed

296 4485 331 4525 e
358 4468 646 4526 contrario
692 4466 1017 4537 scriptorem
1066 4464 1401 4520 catholicum
1446 4466 1893 4536 acerrimumque

2000 3282 2129 3323 vero
2172 3267 2351 3323 sciens
2383 3267 2510 3337 quia
2544 3268 2588 3321 si
2644 3267 2897 3337 legantur
2928 3282 2990 3322 ea
3031 3280 3153 3337 qua:
3200 3266 3577 3336 reprehendis,

1999 3368 2129 3413 nota
2178 3359 2580 3428 retorquebitnr
2625 3358 2675 3412 in
2727 3373 2851 3412 cum
2906 3358 2997 3429 qui
3043 3357 3227 3427 culpat
3258 3358 3477 3427 injuste,
3514 3371 3580 3412 ea

1999 3449 2217 3520 quidem
2247 3465 2369 3520 quae
2402 3452 2756 3518 reprehendis
2812 3468 2917 3506 non
2965 3449 3198 3520 profers.
3235 3469 3253 3501 ι
3290 3451 3352 3504 Et
3403 3450 3580 3520 reipsa

1999 3540 2135 3597 nihil
2168 3538 2269 3595 nisi
2298 3541 2601 3611 generatim
2643 3542 2871 3610 protulit
2902 3540 3267 3612 Hieronymus
3319 3541 3580 3593 adversus

1998 3637 2141 3691 hanc
2179 3634 2514 3706 Apologiam.
2563 3633 2675 3689 lmo
2729 3633 3063 3703 promiserat
3112 3633 3207 3687 lib.
3240 3648 3278 3688 tt
3328 3633 3577 3686 adversus

2000 3725 2271 3795 Ruﬁnum,
2299 3725 2436 3780 sein
2477 3726 2831 3796 sequentibus
2865 3736 3055 3778 contra
3114 3722 3285 3791 ipsam
3334 3722 3575 3791 scriptu-

1999 3834 2140 3883 rum,
2160 3817 2207 3872 si
2234 3816 2473 3873 dictandi
2500 3817 2732 3886 spatium
2756 3826 2920 3879 esset,
2954 3830 3055 3870 nec
3072 3823 3248 3868 tamen
3286 3815 3576 3883 quidquam

1996 3910 2281 3979 scripsisse
2341 3908 2611 3975 novimus,
2670 3909 2917 3977 quamvis
2955 3907 3134 3977 plures
3176 3922 3346 3961 annos
3389 3916 3575 3976 postea

1997 4002 2213 4056 vixerit.
3051 4051 3109 4086 ι

2069 4092 2155 4147 Vl.
2186 4092 2291 4148 Sed
2322 4101 2503 4146 tamen
2538 4102 2595 4144 ιιι
2629 4091 3017 4163 Hieronymum
3047 4106 3168 4145 cum
3213 4092 3395 4164 seipso
3447 4107 3581 4147 con-

1996 4183 2197 4249 ciliem,
2224 4198 2330 4237 non
2361 4182 2570 4237 inﬁcias
2603 4182 2757 4236 ierim
2784 4183 2954 4237 videri
2980 4184 3202 4252 quidem
3230 4183 3575 4254 Pamphilum

1997 4285 2051 4329 et
2076 4274 2367 4331 Eusebium
2404 4274 2457 4329 in
2498 4274 2810 4343 Defensioue
2844 4273 2934 4327 illa
2966 4276 3212 4342 quzedam
3244 4276 3489 4331 attulisse
3511 4291 3577 4330 ex

1995 4366 2233 4439 Origene
2256 4366 2591 4430 testimonia,
2610 4366 2811 4435 quibus
2834 4365 3042 4421 voculae
3064 4377 3120 4420 et
3144 4367 3287 4422 dicta
3318 4367 3576 4422 nonnulla

1997 4460 2226 4514 admista
2258 4466 2480 4524 essent,
2517 4473 2638 4529 qme
2667 4455 2960 4515 catholicis
3002 4458 3229 4514 auribus
3264 4456 3578 4529 Hieronymi

296 4556 448 4614 sacri
472 4557 543 4613 de
576 4554 850 4611 Trinitate
878 4555 1147 4627 dogmatis
1173 4556 1520 4611 defensorem
1554 4556 1752 4612 haberi
1796 4556 1891 4609 de-
1923 4559 1969 4618 D
1995 4561 2154 4607 aetate
2184 4552 2365 4607 minus
2396 4552 2745 4622 placuerunt,
2785 4562 2972 4623 utpote
3002 4551 3070 4606 ab
3100 4551 3321 4606 Arianis
3372 4562 3481 4603 tum
3512 4552 3578 4602 ad

300 4651 473 4715 bere;
507 4660 564 4705 et
615 4664 737 4719 quae
784 4650 1147 4718 objiciuntur,
1180 4660 1275 4703 aut
1307 4649 1430 4704 ﬁcta
1487 4663 1611 4703 esse
1636 4658 1691 4702 et
1727 4648 1796 4702 ah
1824 4662 1890 4702 eo

297 4740 512 4806 aliena,
548 4751 647 4794 aut
675 4741 875 4809 partim
916 4738 1397 4810 praeclarissimam
1433 4739 1639 4794 habere
1668 4748 1889 4793 senten-

299 4831 462 4899 tiam,
489 4833 537 4887 si
570 4842 720 4887 recte
754 4831 1156 4902 interpreteris,
1197 4832 1395 4900 partim
1430 4847 1535 4885 non
1586 4831 1890 4886 incommo-

297 4922 456 4985 dam,
487 4922 533 4976 si
580 4938 705 4976 cum
757 4921 880 4976 aliis
922 4921 1043 4991 ejus
1099 4920 1381 4991 principiis
1426 4932 1553 4991 apte
1602 4922 1887 4978 concilies.

296 5011 591 5079 Quomodo
639 5011 806 5081 igitur
849 5011 1117 5066 Eusebius
1165 5013 1219 5067 in
1268 5014 1746 5083 praestantissimis
1781 5013 1892 5068 illis

297 5105 676 5169 contextibus,
707 5105 904 5174 quibus
937 5104 1193 5175 Origenis
1248 5107 1553 5161 doctrinam
1589 5104 1657 5159 ab
1685 5110 1890 5160 Ariana

290 5193 427 5252 ,labe
452 5195 718 5263 vindicat,
752 5195 1058 5265 approbare
1083 5196 1354 5263 potuisset
1383 5199 1559 5268 ipsum
1599 5197 1887 5267 Origenem

301 5288 474 5344 fuisse
513 5288 823 5343 Ariannm?
874 5286 1023 5355 Quas
1062 5287 1428 5359 blasphemiae
1468 5289 1797 5354 infersisset,
1840 5288 1887 5343 si

300 5382 440 5437 nihil
470 5382 545 5437 sit
574 5381 628 5436 iu
657 5381 893 5451 Origene
909 5381 1052 5449 quod
1088 5382 1155 5435 ad
1188 5382 1439 5437 haeresim
1461 5383 1722 5438 Arianam
1747 5383 1888 5438 trahi

299 5472 498 5530 merito
522 5473 729 5543 queat?
751 5472 1023 5528 Caeterum
1058 5474 1207 5542 dato,
1253 5490 1357 5529 non
1391 5485 1572 5530 autem
1601 5490 1885 5539 concesso.

302 5564 720 5636 Apologeticum
749 5564 990 5619 libellum
1026 5564 1127 5620 sub
1162 5565 1384 5619 nomine
1414 5564 1677 5635 Pamphili
1713 5581 1741 5619 a
1775 5565 1887 5618 Ru-

298 5652 415 5714 ﬁno
437 5657 668 5724 editum,
697 5656 904 5713 Ariano
927 5656 1215 5712 venenoin
1242 5666 1389 5714 textu
1403 5657 1593 5714 Grzeco
1631 5658 1887 5713 infectum

1997 4645 2247 4700 haeresim
2279 4660 2433 4699 suam
2475 4648 2876 4715 propagandam
2911 4653 3209 4715 usurpata:
3242 4658 3379 4714 quas
3413 4658 3579 4696 vncu-

1996 4736 2110 4803 las,
2138 4736 2224 4791 vel
2254 4750 2374 4805 quae
2416 4735 2555 4790 dicta
2605 4745 2894 4806 propterea
2946 4736 3249 4791 resecuisse
3292 4733 3508 4788 videtur
3552 4747 3575 4784 ι

1996 4844 2091 4884 sua
2121 4830 2369 4882 versione
2394 4827 2644 4890 Ruﬁnus,
2667 4836 2721 4881 et
2751 4829 3074 4897 quibusdam
3106 4826 3324 4891 additis,
3349 4824 3575 4894 quibus-

1997 4920 2121 4975 dam
2169 4920 2429 4974 detractis
2470 4920 2762 4981 emollisse.
2798 4928 2856 4972 ut
2904 4917 3227 4973 catholicam
3271 4915 3574 4969 doctrinam

1996 5010 2177 5066 verbis
2210 5010 2369 5081 plane
2417 5011 2701 5065 catholicis
2736 5010 2996 5064 traderet.
3034 5006 3187 5073 Quod
3221 5006 3447 5061 innuere
3497 5006 3576 5058 vi-

1996 5103 2154 5158 detur
2188 5101 2302 5171 ipse
2339 5101 2608 5167 Ruﬁnus,
2642 5117 2763 5156 cum
2802 5104 2853 5155 in
2890 5102 3105 5171 epilogo
3150 5100 3217 5153 ad
3262 5098 3577 5152 translatiu-

1994 5211 2118 5250 nem
2148 5209 2302 5249 suam
2330 5197 2396 5248 ad
2420 5195 2721 5259 Macarium
2758 5195 2833 5247 ait
2864 5209 2925 5249 se
2962 5213 2980 5245 ι
3018 5191 3416 5263 Apologeticum
3447 5206 3574 5245 san-

1994 5288 2066 5343 cti
2105 5288 2356 5358 martyris
2399 5285 2662 5353 Pamphili
2691 5327 2707 5351 ,
2735 5297 2893 5355 prout
2930 5286 3138 5352 potuit,
3167 5284 3253 5340 vel
3287 5301 3371 5339 res
3400 5299 3573 5355 popo-

1993 5379 2119 5445 scit,
2162 5379 2354 5434 Latino
2385 5393 2636 5433 sermone
2663 5380 2982 5443 digessisse.
3019 5397 3037 5430 ι
3075 5376 3392 5447 ilujusmodi
3428 5391 3569 5433 rese-

1993 5471 2190 5527 ctionis
2264 5470 2562 5525 etiamnum
2644 5470 2926 5539 vestigium
2999 5476 3199 5523 exstat.
3255 5463 3572 5536 Pamphilus

1996 5566 2154 5636 hujus
2168 5564 2435 5636 Apologia:
2451 5578 2571 5634 cap.
2592 5568 2645 5628 4,
2670 5561 2742 5616 Dc
2759 5560 2959 5631 Spiritu
2976 5571 3175 5623 sancto,
3204 5555 3570 5612 testimonium

1996 5656 2213 5713 adducit
2242 5672 2271 5713 e
2301 5671 2420 5727 cap.
2454 5654 2488 5710 3
2558 5654 2677 5710 libri
2708 5667 2766 5720 ι,
2794 5649 2931 5722 Περὶ
2978 5648 3220 5722 ἀρχῶν,
3261 5648 3414 5718 cujus
3459 5645 3571 5702 fra-

378 5836 460 5909 (ι)
504 5834 643 5896 Vide
670 5835 812 5893 infra
845 5845 1001 5894 nons
1038 5836 1093 5896 in
1126 5837 1436 5910 Origeniaa.
1461 5835 1552 5895 lib.
1582 5852 1645 5907 ιι,
1680 5852 1799 5911 cap.
1824 5834 1879 5904 2,
1908 5842 2098 5907 quaest.
2130 5834 2184 5888 2.
