3902 6558
379 421 479 478 551

1583 419 1640 474 S.
1683 417 2009 472 PAMPHILI
2050 413 2406 472 MARTYBIS

3537 407 3642 468 533

378 539 920 614 gmentumGrmcum
955 539 1175 594 exhibet
1197 539 1492 607 imperator
1519 536 1858 593 Justinianus
1889 536 1953 591 ad
1989 542 2029 599 Α
2059 536 2153 590 lib.
2181 551 2195 589 ι
2240 534 2447 588 advers.
2471 531 2720 601 Ruﬁnum
2747 529 2831 586 his
2850 529 3031 585 verbis
3061 549 3074 584 :
3106 547 3125 580 ι
3157 527 3459 598 Paucisque
3485 531 3640 587 testi-

379 632 585 689 calcem
615 631 853 702 epistolae
879 629 947 683 ad
983 629 1219 691 Menam,
1245 629 1387 698 quod
1420 644 1524 682 non
1557 643 1744 698 parum
1773 627 1957 681 crimi-

379 733 581 777 nantur
606 723 725 792 ipse
752 721 1095 775 Justinianus
1117 763 1132 784 ,
1165 720 1496 774 Athanasius
1539 720 1594 773 in
1622 718 1820 774 Matth.
1853 734 1952 784 xu,

376 815 482 882 32;
518 813 847 883 Theophilus
871 813 922 867 in
955 815 1106 880 epist.
1139 821 1164 867 1
1201 813 1475 882 paschaii;
1511 812 1870 882 Hieronymus
1903 811 1954 864 in

377 907 538 975 epist.
595 908 660 958 ad
712 905 972 972 Avitum,
1020 915 1076 960 et
1121 906 1349 959 letins
1383 905 1636 958 Biblioth.
1683 905 1805 961 cod.
1835 920 1952 960 vni.

377 995 456 1049 En
491 994 586 1048 tibi
628 995 856 1063 ipsamet
893 996 1055 1048 verba
1084 1011 1098 1047 :
1133 994 1254 1048 ’Ὁτι
1283 997 1311 1048 ὁ
1345 995 1445 1066 μὲν
1479 995 1610 1058 Θεὸς
1637 993 1730 1047 καὶ
1764 994 1956 1064 Πατὴρ

377 1087 615 1157 συνέχων
642 1087 710 1140 τὰ
742 1087 918 1141 πάντα
945 1087 1134 1156 φθάνει
1161 1089 1241 1151 εἰς
1271 1088 1499 1140 ἕκαστον
1523 1086 1632 1139 τῶν
1649 1085 1836 1147 ὄντων,
1863 1102 1958 1155 με·

372 1181 617 1244 ταδιδοὺς
638 1181 854 1250 ἑκάστῳ
871 1181 980 1234 ἀπὸ
1000 1177 1092 1233 τοῦ
1122 1179 1252 1233 ἰδίου
1275 1180 1336 1233 τὸ
1358 1175 1497 1232 εἶναι
1516 1193 1530 1207 ⁸
1558 1177 1634 1231 ὢν
1654 1178 1764 1248 γάρ
1785 1179 1950 1230 ἐστιν.

385 1273 652 1326 Ἕλὰττων
680 1273 735 1325 δὲ
759 1273 894 1345 πρὸς
920 1273 1011 1325 τὸν
1033 1274 1250 1344 Πατέρα
1272 1274 1301 1324 ὁ
1321 1270 1448 1333 Υἱὸς
1465 1269 1681 1338 φθάνων
1703 1269 1796 1320 ἐπὶ
1819 1267 1956 1338 μόνα

371 1365 440 1418 τὰ
490 1365 712 1433 λογικόν
744 1364 993 1436 δεύτερος
1045 1365 1154 1435 γάρ
1193 1365 1308 1416 ἐστι
1345 1361 1439 1414 τοῦ
1485 1361 1697 1432 Πατρός
1721 1377 1734 1390 ο
1778 1359 1859 1412 ἔτι
1899 1359 1957 1412 δὲ

369 1452 532 1530 ἦττον
565 1458 626 1511 τὸ
654 1456 876 1526 Πνεῦμα
908 1457 970 1508 τὸ
1017 1456 1171 1524 ἅγιον
1216 1455 1308 1508 ἐπὶ
1357 1453 1550 1524 μόνους
1594 1453 1721 1516 τοὺς
1766 1451 1955 1521 ἁγίους

369 1547 762 1620 διικνούμενον.
782 1550 945 1601 Ὥστε
970 1546 1110 1601 κατὰ
1135 1546 1290 1599 τοῦτο
1322 1545 1522 1616 μείζων
1549 1545 1582 1615 ἡ
1609 1545 1834 1616 δύναμις
1859 1543 1953 1597 τοῦ

369 1641 581 1712 Πατρὸς
628 1641 778 1714 παρὰ
817 1640 910 1693 τὸν
962 1639 1089 1693 Υἱὺν
1133 1638 1228 1691 καὶ
1273 1636 1333 1691 τὸ
1380 1629 1605 1708 Πνέὖμα
1661 1637 1721 1690 τὸ
1780 1637 1952 1705 ἅγιον.

367 1729 577 1786 Πλείων
609 1729 722 1801 δὲὴ
754 1730 847 1783 τοῦ
876 1728 1006 1782 Υἱοῦ
1037 1728 1188 1799 παρὰ
1215 1728 1275 1781 τὸ
1308 1727 1531 1798 Πνεῦμα
1553 1726 1614 1779 τὸ
1643 1725 1796 1795 ἅγιον
1817 1744 1829 1755 ·
1864 1725 1956 1779 καὶ

369 1821 532 1875 πάλιν
556 1822 886 1894 διαφέρουσα
917 1821 1116 1893 μᾶλλον
1146 1820 1238 1874 τοῦ
1265 1820 1418 1890 ἁγίου
1449 1819 1765 1891 Πνεύματος
1797 1821 1831 1890 ἡ
1859 1819 1953 1872 δύ-

2060 627 2258 683 moniis
2285 625 2654 689 commutatis,
2674 638 2793 694 qua:
2819 623 3036 678 sciebas
3064 621 3405 692 displicitura
3444 623 3642 678 Roma-

2057 721 2179 784 nis,
2225 730 2419 773 caetera
2472 717 2614 782 (libri
2663 718 2824 786 primi
2880 715 3125 784 Eusebii)
3171 729 3346 784 usque
3381 716 3447 769 ad
3479 713 3640 770 tinem

2057 812 2266 880 integra
2297 807 2572 862 dimisisti.
2606 827 2624 859 ι
2667 807 2812 862 Idem
2847 806 3092 877 apertius
3125 804 3306 860 innuit
3339 806 3393 860 in
3411 805 3640 875 epistola

2057 905 2124 959 ad
2155 899 2566 957 Pammachium
2600 910 2653 955 et
2681 899 2980 955 Oceanum.
3011 897 3126 954 lmo
3158 899 3247 953 vix
3281 900 3642 956 continerese

2056 1005 2233 1068 potest
2259 994 2310 1048 in
2356 993 2456 1048 hac
2491 993 2679 1047 eadem
2710 991 2937 1061 epistola
2959 1032 2974 1057 ,
3009 990 3142 1060 quin
3175 990 3244 1044 ab
3270 990 3378 1045 alio
3401 990 3642 1060 quolibet

2055 1089 2325 1159 scriptore
2351 1100 2512 1154 quam
2548 1083 2824 1150 Eusebio,
2858 1083 3072 1137 scilicet
3116 1083 3200 1136 vel
3246 1083 3509 1151 Didyme,
3555 1083 3640 1138 vel

2057 1181 2290 1251 ipsomet
2339 1177 2577 1242 Rufino,
2627 1185 2795 1230 totum
2837 1175 2983 1229 hunc
3026 1174 3220 1228 librum
3268 1174 3418 1227 dicat
3469 1173 3640 1229 fuisse

2055 1272 2438 1343 compositum.
2476 1290 2495 1322 ι
2528 1269 2939 1336 Porro,inqnit,
2971 1267 3113 1336 quod
3146 1265 3484 1336 Pamphilum
3515 1282 3641 1336 pro-

2054 1366 2240 1422 ferunt
2265 1366 2603 1420 laudatorem
2635 1361 2753 1430 ejus
2785 1359 3084 1432 (Origenis)
3105 1400 3120 1424 ,
3158 1360 3362 1429 gratias
3398 1360 3507 1415 illis
3539 1375 3638 1431 ago

2054 1473 2176 1514 meo
2209 1457 2428 1512 nomine
2452 1496 2467 1521 ,
2496 1456 2641 1526 quod
2676 1455 2898 1525 dignum
2946 1469 3033 1508 me
3078 1463 3448 1521 putaverunt,
3475 1468 3638 1523 quem

2053 1563 2176 1603 cum
2205 1557 2448 1618 martyre
2483 1547 2974 1600 calumniarentur.
3011 1543 3067 1598 Si
3098 1545 3243 1600 enim
3283 1545 3352 1598 ab
3399 1544 3640 1602 inimicis

2053 1640 2307 1711 Origenis
2332 1640 2500 1695 libros
2535 1639 2654 1704 ejus
2687 1639 2869 1694 dicitis
2896 1653 3020 1694 esse
3054 1638 3285 1692 violatos
3318 1648 3376 1692 ut
3407 1639 3641 1695 infama-

2054 1743 2266 1797 rentur,
2298 1747 2468 1800 quare
2500 1732 2628 1786 mihi
2661 1745 2768 1785 non
2798 1731 2962 1786 liceat
2993 1731 3179 1785 dicere
3208 1731 3275 1786 ab
3298 1731 3492 1797 amicis
3520 1733 3638 1800 ejus

2053 1833 2106 1880 et
2139 1823 2512 1880 sectatoribus
2543 1823 2908 1891 compositum
2938 1837 3061 1878 esse
3091 1822 3190 1878 sub
3232 1823 3450 1876 nomine
3478 1823 3639 1878 Pam-

368 1931 533 1985 ναμις
563 1914 714 1988 παρά
751 1914 819 1968 τὰ
847 1914 980 1969 ἄλλα
1011 1914 1163 1982 ἅγια.
1199 1932 1217 1966 ι
1257 1913 1409 1981 Quod
1453 1911 1596 1968 Dens
1637 1911 1851 1982 quidem
1899 1925 1938 1965 el

2061 1916 2192 1985 phili
2227 1916 2504 1982 volumen,
2541 1914 2684 1983 quod
2717 1914 2866 1968 illum
2911 1914 3232 1969 testimonio
3274 1915 3536 1985 martyris
3568 1916 3635 1971 ab

367 2001 535 2059 Pater
567 2005 749 2061 omnia
783 2011 1069 2062 continens
1099 2007 1166 2060 ad
1209 2019 1651 2074 unumquemque
1681 2003 1945 2072 pervenit,

367 2111 490 2150 esse
535 2098 828 2164 unicuique
879 2097 1194 2166 impertiens
1227 2096 1294 2151 de
1341 2110 1479 2150 suo:
1522 2095 1637 2164 ipse
1683 2095 1828 2149 enim
1866 2104 1951 2149 est

368 2187 457 2254 qui
493 2198 596 2243 est.
630 2188 784 2256 Quod
828 2205 954 2244 vero
1005 2199 1203 2258 printer
1237 2187 1457 2242 Patrem
1511 2186 1677 2240 Filius
1722 2187 1791 2241 ad
1834 2184 1946 2240 sola

369 2282 712 2336 rationabiiia
746 2283 1025 2351 pervenit,
1057 2293 1139 2336 est
1177 2281 1322 2335 enim
1364 2280 1636 2335 secundus
1681 2295 1709 2332 a
1741 2278 1943 2333 Patre:

365 2373 543 2430 adhuc
577 2383 758 2428 autem
812 2377 988 2428 minor
1030 2375 1266 2445 Spiritus
1305 2387 1528 2429 sanctus
1559 2375 1626 2427 ad
1653 2373 1796 2427 solos
1823 2387 1946 2425 san-

363 2471 486 2519 ctos
511 2465 791 2536 pertingit.
821 2465 899 2520 Ita
933 2482 998 2521 ex
1032 2467 1133 2520 hoc
1163 2466 1334 2535 major
1354 2475 1436 2520 est
1472 2474 1712 2534 potestas
1741 2463 1941 2528 Patris,

362 2569 528 2624 quam
552 2555 673 2610 Filii
697 2567 752 2611 et
785 2558 1021 2626 Spiritus
1050 2557 1247 2612 sancti.
1275 2558 1520 2627 Ainplior
1546 2560 1676 2612 item
1704 2567 1945 2626 potestas

361 2647 489 2704 Filii
543 2663 656 2717 pra:
710 2647 914 2722 Spiritu
961 2660 1194 2714 sancto;
1242 2665 1305 2704 ac
1362 2665 1551 2703 rursus
1597 2648 1946 2720 praestantior

362 2741 536 2800 sancti
585 2741 824 2815 Spiritus
868 2743 1081 2809 virtus,
1133 2758 1296 2811 quam
1345 2742 1575 2796 aliorum
1625 2751 1941 2795 sanctorum

359 2833 590 2891 entium.
622 2853 642 2884 ι
685 2832 842 2899 Ηεεε,
879 2835 1131 2904 quamvis
1176 2833 1488 2889 duriuscula
1534 2835 1708 2903 prima
1763 2832 1943 2888 fronte

360 2924 671 2986 videantur,
696 2923 740 2974 si
764 2927 888 2990 quis
917 2934 1096 2979 tamen
1129 2925 1194 2978 ad
1229 2933 1464 2978 mentem
1492 2923 1670 2994 potius
1695 2922 1942 2991 Origenis

359 3029 524 3092 quam
555 3015 621 3069 ad
646 3015 807 3069 verba
841 3016 1151 3082 attenderit,
1179 3031 1372 3072 sanum
1403 3016 1668 3086 recipient
1697 3031 1940 3079 sensum,

357 3115 412 3165 et
465 3105 532 3162 ab
582 3105 812 3180 ipsemet
857 3107 1054 3162 Huetio
1109 3118 1441 3163 excusantur
1499 3106 1942 3178 Origenianorum

358 3200 451 3253 lib.
503 3213 563 3259 ιι,
594 3211 715 3268 cap.
752 3197 820 3263 2,
856 3208 1046 3270 quaest.
1081 3199 1144 3266 9.,
1183 3215 1335 3254 num.
1361 3200 1430 3254 27
1461 3209 1518 3254 et
1562 3199 1652 3254 28.
1684 3200 1761 3255 Ibi
1795 3200 1938 3253 enim

355 3290 538 3362 agitur
580 3259 900 3345 de-ratione
938 3291 1228 3360 principii,
1260 3291 1429 3347 fontis
1464 3303 1520 3346 et
1550 3291 1800 3361 originis.
1833 3291 1940 3346 Sed
1968 3259 2010 3317 Ο

355 3398 418 3436 ea
443 3381 697 3452 Rulinus,
717 3383 846 3451 quia
869 3398 965 3437 sua
990 3393 1151 3437 aetate
1184 3383 1360 3438 minus
1383 3383 1692 3454 placebant,
1718 3386 1942 3454 quibus-

354 3473 477 3527 dam
528 3475 765 3543 additis,
815 3475 1139 3545 quibusdam
1186 3476 1447 3539 resectis,
1499 3476 1573 3530 ita
1626 3485 1682 3530 et
1729 3477 1782 3530 in
1839 3479 1940 3532 hac

353 3567 613 3640 Apologia
635 3610 650 3634 ,
675 3580 730 3624 ct
753 3571 808 3625 in
843 3569 983 3624 libro
1014 3585 1028 3624 ι
1056 3568 1198 3638 Περὶ
1223 3567 1426 3639 ἀρχῶν·
1451 3569 1714 3624 emollivit
1745 3585 1758 3621 :
1784 3589 1803 3622 ι
1839 3572 1940 3625 Ar-

358 3656 533 3712 bitror
557 3659 722 3728 igitur
752 3659 1122 3730 Operationem
1152 3660 1369 3728 quidem
1403 3675 1522 3714 esse
1547 3659 1728 3716 Patris
1759 3670 1812 3716 et
1844 3661 1937 3715 Fi-

350 3749 410 3806 lii
444 3761 550 3806 tani
582 3752 635 3806 in
669 3753 875 3808 sanctis
897 3768 1059 3822 quam
1085 3752 1137 3805 in
1168 3754 1585 3823 peccatoribus;
1614 3755 1667 3808 in
1698 3754 1938 3809 rationa-

358 3842 558 3903 hilibus
585 3845 897 3900 hominibus
920 3886 937 3912 ,
969 3853 1025 3898 et
1057 3843 1110 3898 in
1149 3845 1313 3899 mutis
1345 3845 1712 3910 animalibus;
1744 3847 1836 3901 sed
1883 3857 1937 3900 et

280 3951 295 3970 ι
350 3935 406 3989 in
453 3936 536 3990 his
573 3952 698 4006 qum
749 3936 999 3989 exanima
1033 3943 1198 4001 sunt,
1227 3945 1283 3990 et
1327 3935 1379 3989 in
1425 3937 1682 3992 omnibus
1712 3938 1934 3992 omnino

348 4043 469 4098 qum
495 4039 622 4084 sunt
645 4045 658 4082 :
684 4028 1057 4097 operationem
1090 4042 1220 4081 vero
1251 4027 1490 4098 Spiritus
1523 4029 1699 4083 sancti
1730 4045 1936 4099 nequa-

347 4136 510 4190 quam
541 4135 763 4184 prorsus
801 4120 1041 4174 incidere
1070 4119 1151 4174 vel
1187 4119 1238 4173 in
1266 4134 1330 4174 ea
1362 4135 1482 4190 quae
1503 4121 1755 4176 exanima
1781 4131 1929 4189 sunt,

346 4211 434 4268 vel
461 4213 514 4266 in
556 4228 619 4272 ea
651 4228 772 4282 qua:
807 4212 1106 4268 animantia
1145 4212 1370 4285 quidem
1399 4253 1414 4278 ,
1443 4215 1538 4268 sed
1587 4225 1735 4276 muta
1766 4227 1928 4271 sunt:

345 4306 442 4364 sed
467 4320 534 4360 ne
568 4305 620 4359 in
653 4305 757 4361 illis
783 4305 1002 4376 quidem
1043 4305 1276 4360 inveniri
1305 4307 1398 4376 qui
1427 4308 1780 4363 rationabiles
1803 4309 1928 4378 qui-

345 4399 467 4452 dem
521 4405 680 4459 sunt,
731 4397 823 4459 sed
872 4397 924 4450 in
962 4397 1166 4451 malitia
1210 4397 1416 4467 positi,
1457 4413 1562 4454 nec
1603 4399 1826 4454 omnino
1860 4401 1928 4456 ad

344 4483 573 4539 meliora
607 4485 880 4538 conversi.
920 4483 976 4538 In
1014 4484 1119 4538 illis
1155 4495 1334 4542 autem
1365 4487 1496 4542 solis
1540 4488 1780 4542 arbitror
1807 4505 1926 4545 esse

2055 2005 2273 2060 infamia
2312 2005 2653 2059 vindicaret?
2679 2005 2816 2060 Ecce
2856 2020 2951 2060 vos
2973 2004 3276 2059 emendatis
3304 2005 3355 2059 in
3384 2005 3636 2076 Origenis

2050 2093 2205 2148 libris
2235 2095 2378 2163 quod
2427 2093 2516 2146 ille
2565 2108 2672 2147 non
2704 2094 2964 2163 scripsit;
3009 2102 3062 2148 et
3095 2093 3367 2148 tniratnini
3414 2096 3460 2149 si
3511 2098 3638 2152 edat

2049 2185 2244 2254 aliquis
2275 2185 2499 2248 librum,
2529 2200 2690 2255 quem
2741 2185 2830 2240 ille
2867 2202 2974 2240 non
3021 2187 3227 2241 edidit?
3253 2187 3363 2242 Vos
3403 2188 3458 2242 in
3488 2190 3637 2245 edito

2049 2293 2215 2346 opere
2247 2279 2471 2348 potestis
2508 2279 2798 2349 redargui:
2835 2279 2926 2332 ille
2956 2278 3046 2346 qui
3081 2278 3219 2333 nihil
3265 2280 3412 2334 aliud
3441 2282 3633 2349 edidit,

2051 2369 2263 2424 facilius
2289 2378 2434 2438 patet
2485 2370 2792 2424 calumniae.
2840 2368 2975 2423 Date
3003 2369 3282 2438 quodlibet
3312 2371 3459 2427 aliud
3498 2389 3634 2443 opus

2048 2461 2339 2532 Pamphili.
2369 2461 2643 2532 Nusquam
2673 2463 2981 2531 reperietis.
3012 2461 3125 2519 Hoc
3155 2479 3321 2519 unum
3343 2476 3448 2520 est.
3479 2465 3635 2520 Unde

2049 2553 2213 2622 igitur
2245 2554 2438 2618 sciam,
2463 2555 2606 2622 quod
2638 2553 2901 2624 Pamphili
2931 2555 3047 2610 sit?
3087 2554 3350 2612 Videlicet
3381 2557 3557 2628 stylus
3579 2567 3634 2612 et

2046 2644 2215 2699 saliva
2246 2647 2445 2700 docere
2495 2661 2580 2699 me
2619 2646 2863 2714 poterit?
2893 2647 3178 2716 Nunquam
3225 2649 3448 2704 credam
3488 2653 3631 2720 quod

2045 2737 2238 2793 doctus
2264 2738 2348 2792 vir
2386 2739 2604 2808 primos
2627 2739 2825 2808 ingenii
2871 2740 2952 2794 sui
3001 2738 3212 2794 fructus
3239 2742 3631 2809 quazstionibus

2045 2839 2099 2883 et
2124 2828 2359 2883 infamia:
2387 2829 2691 2884 dedicarit.
2727 2868 2742 2884 .
2777 2871 2790 2885 .
2824 2830 2997 2886 Unum
3039 2847 3180 2886 nunc
3211 2833 3512 2901 proferam,
3541 2835 3631 2891 cui

2047 2923 2426 2977 contradicere
2451 2921 2535 2977 vel
2586 2923 2735 2977 stulti
2770 2924 2884 2988 sit,
2911 2923 2995 2978 vel
3031 2923 3386 2994 impudentis.
3421 2924 3532 2981 Sex
3560 2926 3631 2982 ii-

2043 3014 2267 3068 brorum
2300 3014 2516 3069 Eusebii
2557 3030 2721 3084 super
2763 3014 3009 3087 Origenis
3059 3017 3376 3087 Defensione
3422 3019 3631 3090 princi-

2043 3107 2191 3176 pium
2229 3121 2398 3177 usque
2452 3108 2520 3161 ad
2576 3107 2722 3164 mille
2744 3123 2935 3164 versus
2983 3109 3118 3165 liber
3171 3111 3295 3175 iste,
3331 3113 3425 3182 qui
3466 3111 3630 3168 Pam»

2045 3197 2173 3268 phili
2225 3197 2462 3265 dicitur,
2521 3201 2802 3264 continet,
2849 3210 2905 3256 et
2952 3202 3005 3256 in
3058 3203 3284 3272 reliquis
3324 3204 3628 3279 (versibus)

2045 3291 2284 3358 seriptor
2308 3291 2548 3362 ejusdem
2584 3295 2766 3363 operis
2809 3294 3014 3364 profert
3044 3297 3354 3351 testimOnia
3376 3338 3392 3362 ,
3428 3301 3629 3366 quibus

2045 3382 2238 3436 nititur
2264 3387 2566 3454 approbare
2600 3386 2897 3454 Origenem
2926 3386 3488 3445 fuissecatholicum.
3525 3393 3630 3446 Eu-

2043 3473 2226 3530 sebius
2257 3488 2314 3531 et
2354 3475 2672 3548 Pamphilus
2707 3488 2913 3532 tantam
2951 3479 3094 3534 inter
3125 3495 3187 3536 se
3217 3482 3464 3538 habuere
3491 3498 3627 3538 con-

2042 3565 2310 3631 cordiam,
2348 3579 2407 3621 ut
2435 3568 2593 3624 unius
2621 3569 2815 3624 animm
2840 3570 3090 3625 homines
3119 3581 3296 3642 putes,
3331 3583 3387 3629 et
3421 3577 3492 3630 ab
3518 3590 3628 3630 uno

2043 3657 2179 3711 alter
2227 3673 2422 3712 nomen
2475 3663 2770 3730 acceperit.
2811 3661 3093 3728 Quomodo
3152 3665 3321 3732 igitur
3369 3667 3518 3722 inter
3568 3684 3628 3724 se

2041 3751 2333 3806 dissentire
2366 3761 2677 3822 potuerunt,
2713 3764 2771 3808 ut
2804 3754 3069 3824 Eusebius
3105 3756 3156 3810 in
3184 3766 3296 3812 toto
3323 3773 3493 3829 opere
3526 3777 3626 3818 suo

2039 3839 2329 3911 Origenem
2371 3841 2560 3896 Ariani
2607 3845 2799 3914 probet
2849 3845 3160 3915 dogmatis,
3203 3857 3258 3902 et
3299 3847 3624 3917 Pamphilus

2037 3931 2271 3988 Nicaeum
2299 3934 2485 4004 synodi
2515 3975 2532 4000 ,
2569 3950 2688 4002 qua:
2715 3936 2817 3989 fuit
2857 3947 3044 4006 postea
3074 3978 3090 4003 ,
3127 3939 3518 3996 defensorem?
3544 3943 3623 3997 Ex

2038 4041 2147 4095 quo
2175 4027 2480 4081 ostenditur
2509 4026 2596 4081 vel
2640 4027 2892 4098 Didymi,
2929 4029 3013 4082 vel
3067 4030 3360 4099 cujuslibet
3393 4033 3624 4090 alterius

2037 4131 2158 4172 esse
2185 4121 2531 4187 opusculum,
2549 4121 2638 4188 qui
2662 4134 2756 4174 sex
2782 4120 3040 4175 librorum
3063 4123 3240 4191 capite
3267 4123 3620 4195 detruncato,

2034 4225 2230 4268 caatera
2264 4213 2507 4267 membra
2544 4213 2784 4268 sociarit.
2820 4233 2839 4265 ι
2881 4212 3081 4268 Verum
3113 4213 3218 4269 sibi
3266 4232 3373 4271 non
3405 4229 3622 4274 constat

2034 4303 2410 4375 Hieronymus.
2438 4304 2570 4358 Nam
2606 4305 2939 4359 contrarium
2964 4306 3189 4360 omnino
3217 4310 3416 4364 statuit
3452 4310 3551 4364 lib.
3577 4326 3617 4365 ιι

2033 4397 2282 4451 adversus
2331 4395 2600 4465 Ruﬁnum,
2655 4396 2747 4451 ubi
2804 4405 3038 4451 testatur
3091 4398 3330 4468 primum
3377 4401 3617 4458 Eusebii

2033 4493 2230 4548 librum
2281 4493 2472 4547 eadem
2509 4499 2563 4546 et
2593 4491 2782 4546 iisdem
2824 4491 3007 4546 verbis
3045 4494 3332 4549 continere
3363 4510 3487 4564 quae
3517 4497 3617 4551 sub

341 4589 478 4644 opus
505 4573 742 4643 Spiritus
772 4576 972 4638 sancti,
1003 4580 1095 4645 qui
1118 4575 1231 4645 jam
1261 4593 1320 4632 se
1345 4579 1410 4631 ad
1442 4579 1666 4634 meliora
1696 4596 1926 4636 conver-
1958 4623 2005 4679 ο
2035 4584 2255 4640 nomine
2295 4583 2561 4652 Pamphili
2598 4599 2628 4636 a
2662 4581 2860 4637 Rufino
2892 4584 3038 4638 edita
3072 4595 3232 4651 sunt,
3263 4595 3318 4641 et
3359 4587 3614 4640 Rufinum

346 4674 485 4727 tunt,
520 4674 574 4720 et
604 4681 704 4736 per
730 4666 846 4721 vias
873 4665 1000 4722 Jesu
1032 4667 1237 4723 Christi
1265 4669 1546 4734 incedunt,
1587 4673 1639 4726 id
1677 4681 1796 4740 est,
1831 4676 1921 4744 qui

343 4767 469 4815 sunt
495 4757 547 4810 in
581 4759 734 4812 novis
765 4759 975 4818 actibus
1007 4758 1319 4826 incedentes
1345 4801 1360 4826 ,
1385 4772 1438 4816 et
1486 4764 1538 4818 in
1571 4764 1683 4818 Deo
1708 4780 1926 4836 perma-

344 4858 557 4903 nentes.
596 4867 614 4900 ι
649 4845 751 4901 Vix
778 4847 998 4904 dubium
1029 4861 1113 4907 est
1141 4853 1271 4922 quin
1306 4855 1372 4906 ad
1419 4854 1561 4908 hunc
1581 4864 1923 4921 contextum,

341 4948 397 4994 et
443 4940 510 4994 ad
559 4955 762 5010 paucos
799 4945 1064 5010 quosdam
1108 4942 1345 4999 fortasse
1380 4945 1586 5000 similes
1627 4949 1924 5003 attenderit

340 5030 705 5103 Hieronymus
730 5075 745 5105 ,
782 5049 906 5090 cum
940 5035 1018 5090 ait
1069 5035 1319 5090 Rufinum
1351 5037 1641 5107 plerasque
1673 5039 1923 5110 blasphe-

339 5117 502 5182 mias,
539 5136 662 5197 quae
709 5123 773 5177 de
830 5123 967 5179 Filio
1016 5135 1070 5180 et
1113 5127 1314 5194 Spiritu
1358 5139 1548 5188 sancto
1599 5130 1652 5182 in
1702 5131 1921 5185 Eusebii

342 5217 489 5263 textu
521 5214 932 5285 comparebant,
958 5215 1278 5281 detraxisse,
1315 5224 1371 5271 et
1406 5219 1457 5272 in
1485 5219 1680 5274 bonam
1710 5231 1919 5289 partem

337 5313 726 5358 commutasse.
758 5304 1007 5361 Forsitan
1046 5307 1195 5363 dicas
1227 5309 1344 5362 ﬁeri
1391 5326 1548 5378 posse
1577 5322 1632 5366 ut
1661 5311 1919 5382 Pamphi-

337 5391 422 5446 lus
449 5401 505 5447 et
535 5393 827 5461 Eusebius,
861 5399 1102 5452 nondum
1152 5401 1543 5468 quaestionibus
1596 5404 1665 5459 de
1694 5403 1834 5460 Filio
1868 5415 1922 5460 et

339 5483 544 5554 Spiritu
574 5497 765 5543 sancto
799 5499 1081 5559 tantopere
1113 5504 1208 5554 sua
1240 5501 1401 5547 aetate
1428 5495 1648 5564 agitatis
1671 5536 1686 5560 ,
1715 5498 1920 5552 clario-

337 5590 429 5630 res
447 5579 927 5655 expressioresque
955 5581 1208 5650 Origenis
1236 5584 1304 5638 de
1327 5583 1598 5641 Trinitate
1633 5597 1918 5645 contextus

338 5681 445 5719 non
477 5673 836 5738 extraxerint,
875 5688 1104 5742 quorum
1143 5678 1262 5730 loco
1288 5677 1424 5732 alios
1450 5682 1768 5748 expressius
1791 5699 1917 5738 con-

338 5758 851 5818 substantialitatem
879 5767 1172 5833 probantes
1195 5767 1423 5824 Rulinus
1454 5769 1591 5826 forte
1617 5775 1916 5831 substitue-

341 5847 430 5904 rit.
455 5846 633 5919 Atque
665 5851 715 5904 id
752 5854 968 5927 quidem
1017 5858 1259 5917 indicare
1300 5859 1512 5916 videtur
1548 5862 1915 5938 Hieronymus

2031 4693 2223 4734 sensus
2270 4679 2532 4732 duntaxat
2569 4679 2638 4734 de
2679 4679 2816 4734 Filio
2863 4690 2915 4734 et
2957 4678 3168 4749 Spiritu
3200 4679 3616 4733 sanctoimmu-

2030 4784 2178 4825 tasse
2233 4785 2329 4824 seu
2375 4771 2747 4840 pervertisse,
2779 4771 2871 4844 qui
2921 4779 3167 4839 apertam
3216 4769 3612 4840 blasphemiam

2027 4857 2408 4927 praaferebant.
2441 4878 2459 4910 ι
2500 4859 2899 4930 Perspicueque
2938 4879 2956 4912 ι
3007 4860 3380 4930 deprehendi,
3413 4862 3611 4931 inquit,

2032 4966 2052 4999 ‹
2083 4950 2226 5019 quod
2285 4950 2494 5019 primus
2532 4950 2670 5006 liber
2703 4967 2795 5006 sex
2841 4951 3178 5006 voluminum
3226 4951 3456 5007 Eusebii
3501 4955 3612 5023 ipse

2025 5050 2191 5105 esset,
2213 5044 2301 5112 qui
2331 5058 2470 5098 unus
2493 5045 2593 5098 sub
2619 5045 2834 5099 nomine
2875 5043 3142 5114 Pamphili
3173 5059 3205 5098 a
3238 5054 3290 5100 te
3317 5045 3500 5101 editus
3531 5055 3612 5102 est
3647 5100 3650 5103 _

2029 5142 2136 5186 tam
2170 5133 2360 5188 Graece
2391 5150 2556 5204 quam
2598 5134 2810 5200 Latine,
2846 5134 3152 5190 immutatis
3185 5136 3457 5190 duntaxat
3489 5153 3609 5192 sen-

2027 5228 2178 5282 sibus
2209 5227 2278 5282 de
2312 5226 2449 5282 Filio
2481 5237 2537 5282 et
2576 5226 2780 5296 Spiritu
2815 5237 3028 5292 sancto,
3073 5228 3166 5298 qui
3209 5238 3454 5298 apertam
3499 5230 3610 5283 hla-

2023 5319 2321 5389 spbemiam
2353 5319 2751 5388 praeferebant.
2771 5359 2786 5373 .
2812 5358 2826 5373 .
2856 5317 3068 5374 Etcum
3098 5319 3308 5390 primus
3335 5319 3479 5376 liber
3511 5337 3607 5376 sex

2022 5413 2358 5467 voluminum
2400 5411 2543 5466 illius
2570 5409 2832 5482 (Eusebii)
2878 5412 3071 5466 eadem
3107 5421 3162 5466 et
3203 5413 3400 5468 iisdem
3429 5417 3606 5470 verbis

2021 5501 2296 5556 contineat
2323 5517 2444 5571 quae
2464 5501 2568 5557 sub
2614 5502 2838 5556 nomine
2873 5499 3140 5572 Pamphili
3175 5518 3205 5556 a
3240 5513 3293 5558 te
3321 5505 3450 5559 licta
3485 5517 3608 5561 sunt

2025 5632 2038 5647 .
2073 5630 2088 5647 .
2121 5631 2136 5645 .
2163 5609 2396 5664 cumque
2431 5594 2496 5649 de
2543 5595 2645 5648 hoc
2677 5594 2793 5663 ipso
2824 5591 3001 5658 libro,
3035 5609 3197 5664 quem
3229 5594 3506 5668 Pamphili
3533 5599 3606 5653 si-

2019 5682 2219 5746 mulas,
2243 5684 2414 5737 multa
2448 5684 2801 5752 perveneris,
2835 5692 2891 5738 et
2919 5684 3082 5738 aliter
3113 5685 3166 5739 in
3194 5684 3415 5752 Graeco,
3447 5688 3602 5743 aliter

2019 5775 2072 5837 in
2103 5775 2298 5830 Latino
2327 5777 2436 5842 sit,
2479 5795 2498 5827 ι
2532 5786 2639 5831 etc.
2685 5777 2890 5831 Sensus
2923 5777 3195 5831 duntaxat
3235 5779 3315 5833 ait
3348 5780 3600 5834 Rufinum

2021 5868 2365 5938 pervertisse,
2398 5868 2656 5928 nimirum
2693 5868 2912 5926 verbula
2941 5871 3224 5942 quaedam,
3258 5887 3384 5944 quae
3414 5873 3600 5928 Hiero-
