3942 6516
290 410 392 469 533

1230 406 1580 464 APOLOGIA
1618 406 1754 464 P‘RO
1791 406 2115 465 ORIGENE.
2160 438 2227 481 7—
2262 403 2601 463 MONITUM.

3446 404 3551 461 55ῐ

296 546 481 602 ιιγιιιιιε
513 528 563 581 in
604 525 803 580 malam
851 535 1060 595 partem
1096 526 1372 592 trahebat,
1402 527 1728 597 quibusdam
1762 526 1858 581 ad-
1889 531 1933 587 A
1965 526 2152 590 nolim,
2192 525 2335 595 quod
2383 533 2510 579 ante
2539 532 2593 578 et
2631 530 2752 591 post
2786 521 3077 575 concilium
3127 520 3402 576 Nicmnum
3458 539 3551 576 ca-

291 623 447 683 ditis,
485 617 805 687 quibusdam
845 617 1070 671 resectis
1092 656 1107 680 ,
1138 617 1205 671 ad
1247 618 1442 673 bonam
1476 620 1856 683 convertisse;

293 728 394 766 non
424 711 662 779 integros
694 716 983 763 contextus
1020 708 1363 764 subtraxisse
1394 718 1449 762 et
1489 710 1626 763 alios
1654 709 1855 763 substi-

291 807 472 862 tuisse.
502 803 566 856 Et
593 803 733 857 hanc
764 815 890 858 esse
912 802 1230 874 Hieronymi
1264 813 1499 860 mentem
1531 804 1858 875 intelligitur

288 913 355 952 ex
388 896 479 950 lib.
508 910 564 950 ιιι
601 896 853 949 adversus
890 894 1162 964 Ruﬁnum,
1198 895 1288 951 ubi
1320 897 1398 951 ait
1424 897 1507 951 vel
1546 897 1856 967 Didymum,

289 986 370 1044 vel
404 984 678 1050 Ruﬁnum,
714 984 798 1040 vel
828 985 994 1040 alium
1029 986 1211 1040 nescio
1234 1001 1394 1056 quem
1430 989 1484 1042 in
1510 986 1705 1042 bonam
1737 1004 1861 1058 par-

292 1087 393 1131 tem
418 1084 525 1129 tam
554 1072 741 1129 Grmce
769 1088 933 1144 quam
962 1071 1155 1128 Latine
1188 1073 1477 1144 plerasque
1496 1074 1861 1144 blasphemias

287 1177 683 1230 commutasse,
717 1181 839 1236 qua:
890 1166 943 1220 in
993 1165 1214 1221 Eusebii
1250 1174 1399 1222 textu
1448 1170 1856 1238 comparebant.

288 1259 434 1326 Quod
482 1273 587 1313 non
633 1257 778 1311 aliud
824 1257 1101 1328 signiﬁcat
1158 1272 1319 1328 quam
1370 1274 1492 1329 qua:
1542 1260 1860 1331 blasphema

288 1352 613 1423 Hieronymo
636 1351 984 1415 videbantur,
1010 1349 1127 1406 solo
1153 1351 1443 1407 verborum
1469 1367 1630 1406 sensu
1665 1354 1862 1407 immu-

286 1452 415 1510 tato,
457 1444 525 1497 ad
570 1442 906 1499 catholicum
939 1456 1158 1497 sensum
1186 1443 1503 1499 adduxisse.
1549 1445 1683 1500 Rem
1713 1449 1860 1501 enim

286 1536 513 1606 aliquam
565 1536 619 1589 in
660 1535 856 1590 bonam
902 1545 1112 1605 partem
1147 1546 1522 1601 commutare,
1567 1550 1651 1594 est
1688 1540 1859 1609 ipsam

286 1628 633 1699 eamdemque
670 1643 805 1692 rem,
834 1643 957 1698 qum
996 1628 1137 1682 mala
1169 1628 1252 1684 vel
1281 1638 1420 1694 erat,
1457 1630 1538 1683 vel
1563 1646 1683 1686 esse
1714 1632 1863 1687 vide-

287 1722 460 1786 batur,
484 1722 555 1775 ad
581 1721 780 1776 bonum
814 1731 1159 1778 convertere.
1189 1720 1293 1776 Res
1323 1721 1512 1776 eadem
1536 1734 1819 1792 permanet
1844 1741 1861 1791 ;

286 1824 447 1868 status
474 1813 554 1868 rei
588 1828 693 1868 non
726 1812 894 1867 idem.

1970 620 2173 674 tholice
2202 620 2407 672 dictum
2440 628 2563 683 est;
2601 617 2746 685 quod
2783 615 3115 684 Theophilus
3151 616 3548 679 Antiochenus,

1968 712 2121 779 quod
2147 709 2423 777 Justinus,
2467 709 2613 779 quod
2646 708 2904 772 lrentetts,
2944 708 3086 776 quod
3135 705 3443 763 Orientales
3492 708 3548 761 in

1968 806 2220 874 exemplo
2268 805 2392 858 ﬁdei
2446 812 2633 857 contra
2666 801 2985 866 Photinum,
3018 801 3273 870 quodque
3308 799 3550 854 Hilarius

1967 910 2022 955 et
2044 898 2376 954 Athanasius
2404 896 2623 949 Arianae
2655 895 2879 949 haeresis
2915 893 3171 948 acerrimi
3202 891 3551 963 imphgnato-

1971 1006 2080 1055 res,
2112 1005 2179 1045 eo
2204 1003 2368 1043 sensu
2400 1002 2508 1057 quo
2536 986 2824 1055 Origenes,
2850 985 3123 1049 dixerunt,
3150 993 3210 1038 ut
3239 983 3379 1038 intra
3401 983 3552 1038 vide-

1969 1083 2147 1137 bimus
2176 1081 2228 1134 itt
2262 1080 2578 1148 Origenian.
2611 1077 2709 1131 lib.
2744 1091 2805 1143 ιιι,
2831 1091 2951 1146 cap.
3002 1076 3060 1137 2,
3090 1084 3284 1145 quaest.
3309 1074 3365 1140 2,
3399 1090 3549 1129 num.

1971 1175 2058 1231 M.
2083 1174 2237 1240 Quod
2268 1182 2450 1226 autem
2472 1171 2548 1224 ait
2579 1170 2965 1240 Hieronymus,
2990 1167 3257 1238 Spiritum
3301 1177 3551 1223 sanctum

1970 1266 2114 1321 ineo
2153 1263 2431 1317 volumine
2465 1278 2572 1317 non
2612 1262 2679 1315 de
2716 1261 2911 1317 eadem
2941 1258 3123 1313 Patris
3163 1258 3394 1329 Filiique
3425 1261 3553 1314 sub—

1969 1358 2164 1417 stantia
2190 1355 2320 1418 dici,
2348 1355 2400 1409 id
2430 1368 2693 1423 nusquam
2734 1350 2895 1405 hodie
2926 1350 3215 1419 reperitur,
3247 1364 3346 1405 nec
3375 1359 3553 1403 tamen

1971 1447 2094 1503 inde
2140 1446 2573 1502 concludendum
2636 1459 2781 1506 reor,
2834 1443 3295 1513 quemadmodum
3331 1441 3557 1511 coniicit

1972 1537 2198 1593 Hnetius
2227 1537 2329 1608 (5),
2359 1552 2425 1593 ea
2463 1537 2634 1592 fuisse
2667 1551 2696 1588 a
2744 1534 2940 1589 Ruﬁno
2969 1550 3146 1601 erasa,
3183 1549 3292 1604 quo
3338 1549 3553 1589 omnem

1970 1628 2217 1699 quaerela:
2242 1644 2431 1684 ansam
2464 1628 2805 1699 praecideret.
2842 1624 3091 1694 Nunquid
3122 1626 3270 1680 enim
3304 1624 3553 1688 Ruﬁnus,

1969 1723 2061 1791 qui
2117 1722 2173 1776 in
2212 1721 2303 1776 illo
2350 1720 2469 1790 ipso
2517 1720 2657 1775 libro
2701 1717 2954 1789 religiose
3003 1717 3310 1786 proﬁtetur,
3346 1732 3368 1767 ο
3410 1717 3555 1784 quod

1970 1823 2156 1870 sancta
2212 1813 2453 1868 Trinitas
2499 1822 2775 1867 coaeterna
2844 1810 2939 1875 sit,
2989 1818 3044 1863 et
3106 1809 3269 1861 unius
3322 1816 3553 1869 naturae,

352 1904 459 1959 VII.
491 1904 603 1959 Sed
633 1906 864 1959 necdum
892 1904 975 1959 his
1005 1914 1298 1960 contentus
1326 1920 1446 1975 quae
1473 1920 1636 1976 supra
1662 1906 1863 1975 obiecit
1899 1900 1938 1952 Β
1967 1906 2235 1974 uniusque
2270 1904 2493 1960 virtutis
2515 1912 2568 1958 et
2600 1902 2953 1966 substantias,
3005 1918 3023 1951 ι
3073 1908 3236 1966 atque
3267 1897 3426 1952 aliter
3458 1897 3557 1951 do-

288 1996 645 2069 llieronymus
696 1998 762 2051 ad
815 1997 1122 2067 Apologiam
1180 1998 1325 2053 hanc
1378 2009 1570 2054 sancto
1634 2004 1863 2071 martyri

286 2086 564 2157 Pamphilo
580 2088 1015 2159 abjudicandam,
1039 2090 1234 2143 iterum
1269 2090 1441 2146 instat
1463 2091 1557 2146 lib.
1584 2106 1621 2145 ιι
1654 2093 1862 2147 advers.

287 2181 531 2252 Ruﬁnum
584 2185 669 2240 his
709 2184 930 2238 verbis:
972 2200 991 2235 ι
1026 2183 1290 2250 Quamvis
1335 2185 1402 2239 de
1449 2184 1671 2240 Eusebii
1723 2186 1867 2242 libro

291 2276 446 2329 mtdta
482 2276 844 2338 subtraxerit,
879 2284 934 2330 et
968 2275 1025 2329 in
1058 2276 1258 2329 bonam
1287 2284 1497 2343 partem
1534 2275 1600 2329 de
1632 2274 1774 2330 Filio
1814 2284 1869 2330 et

287 2369 351 2422 de
380 2367 587 2436 Spiritu
612 2378 804 2423 sancto
828 2370 979 2422 nisus
1009 2366 1083 2422 sit
1111 2377 1470 2431 commutare,
1492 2376 1673 2422 tamen
1700 2367 1867 2422 multa

288 2459 338 2512 in
372 2460 462 2514 illo
490 2460 754 2515 scandala
787 2459 1134 2530 reperiuntur
1157 2469 1212 2516 et
1244 2461 1599 2530 apertissima:
1618 2459 1869 2530 blasphe-

293 2552 424 2617 miae,
462 2564 589 2621 quae
640 2551 743 2606 iste
794 2566 893 2605 sua
945 2568 1145 2623 negare
1197 2569 1304 2608 non
1342 2554 1566 2623 poterit,
1599 2554 1867 2608 catholica

290 2660 404 2699 esse
448 2643 839 2714 pronuntians.
893 2642 1035 2698 Dicit
1071 2645 1352 2711 Eusebius,
1392 2645 1523 2707 imo,
1570 2654 1627 2697 ut
1674 2652 1729 2697 tu
1761 2644 1867 2705 vis,

291 2736 601 2806 Pamphilus
660 2737 712 2790 in
768 2737 872 2791 isto
914 2737 1188 2792 volumine
1238 2736 1434 2792 Filium
1480 2737 1661 2792 Patris
1705 2738 1869 2791 tuini-

289 2838 488 2897 strum;
524 2829 795 2898 Spiritum
832 2840 1083 2884 sanctum
1109 2845 1213 2883 non
1243 2830 1309 2884 de
1342 2830 1536 2885 eadem
1568 2828 1745 2885 Patris
1776 2827 1869 2883 Fi-

292 2919 445 2991 liique
482 2922 830 2989 substantia;
864 2924 1077 2979 animas
1107 2922 1388 2977 hominum
1436 2921 1614 2991 lapsas
1654 2936 1777 2976 esse
1803 2922 1869 2976 de

292 3015 440 3079 coelo,
464 3025 520 3070 et
553 3017 607 3069 in
640 3017 739 3070 hoc
771 3017 916 3085 quod
957 3031 1148 3071 sumus
1193 3015 1261 3070 de
1291 3014 1498 3085 angelis
1524 3014 1867 3080 commutati,

288 3106 339 3161 in
362 3108 707 3164 restitutione
729 3109 971 3162 omnium
996 3108 1232 3178 aequales
1252 3118 1307 3163 et
1329 3107 1571 3177 angelos,
1602 3117 1657 3163 et
1673 3108 1871 3161 daemo-

293 3214 401 3268 nes,
431 3212 486 3256 et
518 3201 776 3256 homines
807 3202 946 3266 fore,
978 3211 1032 3255 et
1064 3202 1169 3256 alia
1196 3210 1305 3255 tam
1353 3200 1521 3268 impia
1555 3207 1608 3254 et
1641 3197 1868 3262 nefaria,

1968 2002 2109 2057 centi
2144 2000 2431 2054 anathema
2456 1995 2762 2059 denuntiat,
2796 1994 2931 2047 adeo
2955 1990 3203 2061 stupidus
3223 2004 3346 2044 esse
3378 1989 3559 2059 potuit

1970 2105 2028 2150 ut
2070 2105 2181 2149 tant
2225 2094 2467 2163 spissam
2508 2087 2902 2159 blasphemiam
2950 2084 3004 2137 in
3040 2099 3137 2139 sua
3187 2080 3553 2136 translatione

1969 2196 2218 2258 poneret,
2268 2194 2324 2240 et
2376 2185 2581 2254 absque
2611 2181 2879 2236 monitore
2922 2176 3254 2247 Hieronymo
3287 2191 3392 2232 non
3442 2174 3557 2230 ani-

1971 2278 2383 2335 madverteret?
2418 2276 2644 2339 Deinde,
2684 2274 2730 2329 si
2770 2288 2890 2328 eam
2924 2286 2954 2327 e
2986 2271 3265 2327 codicibus
3298 2270 3415 2324 suis
3455 2283 3556 2323 ex-
3644 2280 3653 2290 '

1970 2368 2180 2436 punxit,
2199 2366 2343 2420 unde
2368 2364 2533 2435 igitur
2554 2363 2737 2419 evenit
2751 2372 2809 2416 ut
2826 2360 3029 2415 nullum
3048 2360 3164 2430 ejus
3181 2360 3365 2430 operis
3381 2373 3559 2413 exem-

1970 2458 2264 2528 plarhodie
2288 2464 2486 2520 exstet,
2510 2456 2563 2509 in
2586 2469 2697 2524 qun
2729 2452 3065 2539 blasphemia
3098 2451 3187 2506 illa
3221 2450 3560 2519 reperiatur?

1970 2550 2105 2604 Nam
2124 2550 2283 2619 longe
2311 2549 2526 2617 lateque
2551 2547 2798 2615 dispersa
2828 2544 3044 2599 fuerant
3083 2544 3384 2598 Ruﬁni-aute
3424 2558 3554 2597 ver-

1970 2631 2139 2697 sionis
2180 2640 2533 2705 exemplaria,
2565 2648 2857 2707 antequam
2888 2636 3017 2690 illud
3060 2634 3325 2704 objiceret
3357 2635 3549 2690 lliero-

1972 2748 2190 2804 nymus.
2209 2731 2349 2786 Num
2366 2730 2668 2786 verisimile
2699 2738 2783 2783 est
2805 2727 3055 2783 Ruﬁnum
3094 2728 3332 2798 potuisse
3357 2742 3548 2782 oumcs

1972 2825 2096 2880 illos
2125 2825 2335 2894 priores
2358 2824 2580 2878 codices
2611 2823 2725 2879 sive
2753 2823 3117 2893 supprimere,
3154 2822 3271 2876 sive
3303 2826 3560 2875 emenda-

1971 2935 2031 2975 re
2050 2919 2085 2972 ?‘-
2105 2937 2122 2970 ‹
2161 2918 2298 2984 Quid
2337 2918 2503 2985 igitur
2527 2914 2857 2971 dicendum?
2886 2913 2987 2969 Det
3014 2914 3146 2968 mihi
3176 2913 3346 2969 lector
3370 2927 3558 2982 aequus

1971 3011 2314 3079 conjectaudi
2343 3012 2580 3074 veniam,
2609 3009 2786 3078 inquit
2826 3007 3017 3062 Bullus
3046 3005 3379 3073 Defensionis
3431 3004 3558 3073 ﬁdei

1975 3101 2211 3157 Nicaeum
2260 3105 2324 3155 de
2374 3100 2506 3154 Filii
2551 3099 2633 3166 τῷ
2663 3099 2967 3170 όμοουσίῳ
3008 3116 3133 3170 cap.
3169 3100 3225 3163 9,
3274 3114 3421 3152 num.
3463 3099 3555 3152 21.

1976 3195 2291 3263 Pamphilus
2322 3208 2505 3263 prope
2536 3194 2701 3248 linem
2746 3193 3017 3262 Apologia:
3055 3210 3081 3245 a
3122 3192 3318 3246 Ruﬁno
3363 3207 3554 3256 versae,

287 3308 401 3362 qua
429 3296 603 3349 etiam
642 3296 910 3366 replicare
940 3295 1011 3350 sit
1042 3294 1313 3349 criminis.
1356 3312 1374 3344 ›
1411 3292 1612 3347 Verum
1633 3292 1724 3346 hic
1747 3307 1870 3346 san-
1898 3276 1941 3332 (ἶ
1975 3284 2229 3355 Origcnis
2275 3300 2520 3341 errorem
2553 3284 2621 3339 de
2659 3284 2962 3339 animarum
2994 3282 3336 3353 προῦπάρξει
3381 3280 3560 3337 defen-

290 3395 400 3441 etus
444 3386 645 3441 doctor
691 3386 793 3441 sibi
845 3387 945 3457 ipsi
1004 3396 1192 3455 aperte
1253 3386 1593 3438 adversatur.
1634 3384 1870 3437 Tantum

290 3478 426 3532 enim
456 3480 620 3533 abest
658 3490 717 3532 ut
744 3477 979 3548 aliquem
1006 3478 1071 3532 de
1117 3476 1385 3532 Trinitate
1428 3490 1673 3531 errorem
1707 3476 1761 3529 in
1807 3490 1872 3531 ea

292 3568 466 3626 Ruﬁni
522 3570 985 3640 interpretatione
1027 3569 1313 3639 repererit,
1372 3580 1430 3622 ut
1466 3566 1808 3637 Pamphilum
1842 3582 1873 3621 e

291 3663 566 3719 contrario
590 3672 809 3718 asserat
839 3662 1072 3717 Nicaeum
1108 3662 1326 3733 synodi,
1353 3677 1475 3731 qua:
1512 3660 1608 3714 fuit
1658 3671 1870 3729 postea,

293 3769 383 3825 per
412 3769 534 3810 eam
569 3754 785 3809 ostendi
811 3754 1176 3816 defensorem,
1221 3759 1276 3807 et
1321 3751 1446 3807 inde
1489 3750 1777 3806 concludat
1803 3749 1872 3804 ab

293 3846 469 3917 aliquo
494 3849 556 3903 in
575 3846 847 3901 Trinitate
870 3844 1147 3901 catholico
1173 3859 1313 3914 Opus
1340 3843 1471 3897 illud
1491 3842 1661 3898 fuisse
1687 3856 1871 3896 emen-

292 3939 490 3994 datum.
511 3938 610 3993 Sic
640 3936 785 3992 enim
823 3935 900 3990 ait
924 3935 1026 3990 sub
1049 3933 1209 3988 ﬁnem
1238 3930 1483 4003 epistola:
1527 3929 1599 3985 65
1620 3929 1687 3983 ad
1714 3928 1874 3981 Pam-

292 4031 564 4088 machium
620 4038 677 4086 et
725 4026 1002 4084 Oceanum
1044 4045 1059 4083 :
1098 4044 1119 4078 ι
1163 4024 1271 4081 Sex
1326 4025 1600 4081 librorum
1651 4020 1872 4078 Eusebii

290 4137 447 4193 super
484 4122 735 4193 Origem's
785 4119 1107 4191 Defensione
1173 4117 1503 4190 principium
1570 4128 1746 4184 usque
1804 4111 1871 4167 ad

296 4215 436 4271 mille
472 4215 649 4269 ferme
676 4202 869 4270 versus
897 4211 1039 4266 liber
1062 4214 1196 4277 iste,
1227 4209 1320 4279 qui
1356 4205 1627 4277 Pamphili
1652 4205 1872 4268 dicitur,

295 4306 617 4368 continet,et
631 4304 685 4358 in
702 4302 931 4373 reliquis
949 4301 1188 4371 scriptor
1201 4298 1450 4370 ejusdem
1462 4299 1650 4368 operis
1668 4297 1877 4367 profert

295 4396 606 4452 testimonia
637 4395 835 4465 quibus
859 4393 1050 4448 nititur
1079 4391 1380 4462 approbare
1403 4389 1691 4461 Origenem
1712 4388 1877 4443 fuisse

299 4488 655 4545 catholicum.
690 4486 961 4543 Eusebius
998 4494 1055 4541 et
1086 4483 1400 4555 Pamphilus
1421 4490 1630 4537 tantam
1655 4481 1797 4536 inter
1818 4493 1877 4536 se

294 4580 531 4638 habuere
564 4580 943 4642 concordiam,
961 4588 1020 4633 ut
1036 4577 1198 4633 unius
1209 4576 1408 4632 animae
1427 4574 1677 4630 homines
1693 4580 1873 4644 putes,

291 4672 428 4729 etab
441 4688 556 4729 uno
569 4673 712 4728 alter
725 4687 920 4727 nomen
939 4670 1234 4739 acceperit.
1248 4668 1534 4737 Quomodo
1548 4666 1718 4741 igitur
1732 4666 1875 4722 inter

296 4780 353 4821 se
381 4765 680 4821 dissentire
710 4773 1027 4835 potuerunt,
1085 4770 1144 4816 ut
1176 4760 1445 4817 Eusebius
1476 4761 1530 4815 iu
1569 4770 1681 4815 toto
1708 4772 1875 4829 opere

291 4872 389 4913 suo
420 4859 717 4929 Origenem
741 4856 933 4911 Ariani
969 4858 1162 4925 probet
1188 4854 1480 4924 dogmatis,
1512 4862 1568 4907 et
1613 4850 1872 4921 Pamphi-

292 4949 377 5007 lus
398 4950 635 5007 Nicaeum
665 4949 882 5021 synodi,
936 4964 1058 5018 qua:
1109 4947 1207 5001 fuit
1237 4957 1448 5015 postea,
1480 4944 1821 5001 defensorem
1849 4944 1877 4998 τ

300 5040 373 5095 Ex
408 5057 519 5112 quo
553 5042 861 5097 ostenditur
908 5039 991 5094 vel
1040 5039 1270 5110 Didymi,
1303 5039 1385 5093 vel
1412 5037 1701 5105 cujuslibet
1741 5040 1877 5092 alte-

299 5133 410 5188 rius
450 5149 578 5189 esse
629 5133 972 5201 cpusculum,
1011 5130 1127 5199 qui,
1154 5144 1251 5184 sex
1283 5128 1546 5183 librorum
1572 5126 1752 5197 capite
1778 5126 1875 5180 de-

296 5232 572 5289 truncato,
624 5235 821 5280 extera
855 5223 1098 5278 membra
1151 5220 1395 5275 sociarit.
1432 5238 1451 5271 ι
1482 5217 1693 5273 Nullam
1746 5233 1875 5287 ergo

300 5314 548 5372 haeresim
582 5317 638 5371 in
672 5331 737 5371 ea
770 5314 949 5370 Ruﬁni
972 5314 1439 5383 interpretatione,
1471 5311 1677 5366 nullum
1717 5326 1877 5366 scan-

301 5407 503 5477 dalum,
530 5408 803 5464 nullamve
826 5407 1225 5477 blasphemiam
1251 5416 1382 5461 tunc
1412 5406 1719 5475 reperiebat
1749 5404 1876 5460 Hie-

298 5512 580 5570 ronymus.
610 5501 842 5556 Exstant
868 5516 1087 5571 quidem
1113 5511 1220 5555 auo
1251 5498 1556 5554 testimonia
1595 5498 1684 5553 ubi
1709 5496 1879 5554 Filius

300 5587 477 5648 Patris
505 5592 756 5649 minister
783 5594 986 5650 dicitur
1019 5610 1033 5647 :
1066 5595 1160 5650 sed
1204 5592 1336 5649 illud
1366 5592 1742 5663 blasphemum
1769 5591 1878 5650 dici

367 5707 415 5741 ⁸⁸
454 5708 655 5779 Ephes.
684 5724 760 5777 tv,
794 5709 884 5766 30.

366 5865 448 5939 (5)
475 5867 787 5939 Origenian.
820 5868 916 5927 lib.
952 5885 1013 5941 ιι,
1039 5877 1232 5941 quast.
1264 5868 1354 5942 ll,
1384 5884 1533 5933 num.
1564 5871 1650 5927 16.

1974 3379 2132 3443 tiens,
2164 3376 2249 3432 vel
2277 3389 2426 3432 certe
2454 3391 2743 3440 excusans,
2773 3387 3075 3445 contraque
3123 3392 3219 3430 cos
3270 3376 3560 3445 disputans

1976 3466 2069 3536 qui
2103 3466 2410 3520 animarum
2443 3465 2846 3520 traductionem
2892 3466 3280 3527 defenderent,
3316 3463 3425 3518 duo
3456 3464 3557 3519 ho-

1980 3575 2101 3615 rum
2144 3572 2349 3629 genera
2396 3555 2657 3611 describit
2692 3571 2707 3608 :
2739 3554 2973 3612 alterum
3022 3570 3213 3610 eorum
3246 3554 3377 3625 qui,
3435 3570 3557 3609 cum

1974 3650 2186 3705 animas
2209 3647 2490 3704 hominum
2516 3661 2585 3701 ex
2620 3647 2845 3702 traduce
2870 3662 2993 3702 esse
3011 3648 3293 3711 docerent,
3328 3646 3557 3716 primam

1977 3752 2158 3798 tamen
2195 3741 2433 3796 animam
2455 3752 2524 3793 ex
2554 3738 2648 3795 Dei
2671 3753 2791 3794 esse
2819 3738 3126 3793 substantia
3155 3737 3514 3793 defenderent
3540 3751 3554 3801 ;

1977 3847 2168 3889 eorum
2200 3832 2582 3903 alterumgqui
2636 3847 2706 3886 ex
2769 3829 2942 3885 nihilo
2977 3826 3175 3886 factam
3203 3846 3322 3886 esse
3376 3845 3407 3884 ει
3447 3830 3559 3884 Deo

1977 3926 2215 3980 animam
2238 3924 2385 3981 illam
2422 3925 2656 3994 primam
2693 3922 3323 3979 assererent.Adversus
3347 3922 3560 3992 priores

1980 4016 2057 4071 ita
2088 4015 2313 4071 disserit
2338 4013 2656 4084 Pamphilus
2684 4032 2699 4068 :
2741 4031 2761 4066 ι
2788 4013 2912 4069 1am
2940 4028 3071 4069 vero
3095 4013 3172 4068 illi
3201 4014 3293 4084 qui
3342 4029 3410 4068 ex
3442 4022 3558 4068 tra-

1976 4109 2119 4164 duce
2135 4107 2347 4162 animas
2379 4106 2571 4161 venire
2600 4104 2894 4169 alﬁrtnant,
2929 4114 2986 4160 et
3012 4105 3173 4161 simul
3206 4121 3329 4161 cum
3358 4120 3559 4177 corpo-

1977 4203 2075 4257 rali
2102 4217 2197 4257 eas
2216 4201 2423 4257 semine
2447 4201 2745 4267 seminari;
2776 4200 3064 4270 siquidem,
3094 4210 3152 4255 ut
3173 4201 3391 4271 quidam
3415 4201 3560 4271 ipso-

1976 4308 2095 4348 rum
2115 4290 2388 4348 aﬁi‘rmare
2422 4292 2620 4357 solent,
2641 4308 2746 4346 non
2774 4291 2921 4345 aliud
2948 4292 3137 4347 dicunt
3153 4293 3393 4347 animam
3412 4308 3560 4358 esse,

1977 4400 2139 4455 quam
2174 4383 2597 4440 insnﬁhtionetn
2652 4384 2891 4453 Spiritus
2940 4384 3060 4450 Dei,
3122 4384 3269 4439 illam
3325 4384 3557 4452 scilicet,

1971 4492 2139 4550 quam
2161 4476 2217 4532 in
2243 4476 2397 4532 initio
2420 4476 2644 4531 factura:
2668 4478 2849 4532 mundi
2870 4476 3013 4532 Deus
3043 4475 3563 4533 insuﬁlussedicitur

1979 4571 2035 4625 in
2054 4570 2252 4636 Adam,
2289 4571 2357 4625 de
2383 4570 2499 4639 ipsa
2542 4569 2637 4625 Dei
2664 4584 2785 4626 esse
2808 4584 2931 4624 eam
2962 4570 3265 4625 substantia
3302 4570 3562 4640 proﬁten-

1980 4672 2099 4730 tes;
2133 4663 2408 4734 quomodo
2439 4679 2547 4719 non
2569 4672 2624 4718 et
2652 4664 2738 4720 isti
2782 4665 3114 4719 videbuntur
3156 4662 3562 4733 quodammodo

1979 4756 2097 4811 hac
2129 4767 2330 4826 praeter
2365 4755 2667 4826 Scriptura:
2722 4758 2964 4828 regulam
3000 4768 3056 4813 et
3090 4759 3356 4814 rationem
3389 4759 3562 4829 pieta-

1979 4849 2049 4903 tis
2101 4863 2369 4913 asserere,
2412 4849 2559 4917 quod
2616 4849 2924 4903 substantia
2977 4849 3075 4904 Dei
3112 4849 3235 4904 est?
3272 4867 3291 4901 ι
3330 4847 3430 4902 Vix
3456 4848 3563 4904 du-

1979 4940 2093 4995 bito
2129 4941 2258 5009 quin
2290 4955 2354 4994 ex
2383 4940 2467 4994 his
2505 4941 2687 4995 verbis
2717 4941 2876 4994 istam
2914 4939 3197 5010 Pamphilo
3231 4940 3561 4995 calumniam

1977 5032 2241 5085 struxerit
2265 5030 2647 5102 Hieronymus.
2693 5031 2901 5103 Quippe
2932 5048 3057 5087 cum
3092 5042 3334 5087 veterum
3376 5031 3560 5087 multis

1979 5124 2151 5180 sensit
2203 5122 2592 5195 Hieronymus,
2645 5124 2983 5194 spiraculum
3020 5125 3165 5187 vitae,
3215 5122 3361 5193 quod
3413 5122 3556 5178 Deus

1979 5216 2157 5284 primo
2183 5215 2388 5270 homini
2439 5215 2748 5270 insutllasse
2770 5215 2987 5281 dicitur,
3016 5214 3184 5269 fuisse
3228 5215 3401 5284 ipsum
3433 5215 3558 5285 Spi-

1984 5310 2149 5365 ritum
2190 5317 2436 5363 sanctum
2464 5309 2642 5363 eidem
2702 5308 2911 5362 homini
2951 5324 3055 5362 una
3084 5324 3207 5363 cum
3234 5309 3414 5363 anima
3444 5307 3565 5372 eius

1986 5400 2243 5457 infusum.
2259 5402 2349 5457 Sic
2366 5404 2417 5457 in
2434 5400 2835 5456 Commentariis
2849 5402 2900 5455 in
2916 5416 3033 5472 cap.
3054 5417 3102 5455 tv
3115 5401 3285 5471 Epist.
3302 5403 3366 5457 ad
3384 5402 3565 5471 Ephe-

1987 5494 2119 5562 sios,
2139 5496 2204 5551 ad
2221 5495 2381 5552 verba
2398 5495 2519 5549 illa:
2544 5514 2561 5546 ι
2588 5493 2765 5550 Nolite
2793 5496 3117 5551 contristare
3137 5495 3399 5563 Spiritum
3430 5511 3564 5552 san-

1989 5600 2136 5647 ctum
2180 5590 2236 5646 in
2279 5588 2615 5662 qu0'signati
2646 5590 2779 5647 estis
2810 5590 2864 5646 in
2899 5589 2999 5646 die.
3020 5588 3409 5663 redemptionis
3432 5586 3503 5660 ⁸⁸,
3538 5605 3561 5640 ι
