3942 6506
412 374 521 434 533

1623 375 1680 430 ὃ.
1722 372 2053 430 PAMPHILI
2088 370 2444 427 MARTYBIS

3550 374 3642 434 536

415 493 534 550 hac
570 493 836 551 adnotat:
875 512 896 548 r
935 493 1145 564 Signati
1205 495 1350 550 enim
1404 510 1593 551 sumus
1642 494 1847 562 Spiritu
1908 493 1999 549 Dei
2030 498 2077 553 A
2106 464 2324 547 assidue
2380 500 2711 555 versaverat,
2753 490 2805 544 in
2845 505 2944 546 suo
2991 489 3198 545 Histor.
3239 491 3421 545 eccles.
3469 491 3552 548 lib.
3574 510 3640 561 vt,

413 597 628 652 sancto,
677 594 737 642 ut
788 596 844 643 et
881 587 1109 657 spiritus
1136 594 1324 642 noster
1348 595 1405 642 et
1448 586 1631 640 anima
1682 585 1995 655 impriman-

415 685 506 732 tur
564 677 845 749 signaculo
910 676 1039 743 Dei,
1088 687 1144 733 et
1214 678 1357 732 illam
1418 677 1744 747 recipiamus
1798 675 1991 746 imagi-

413 782 540 824 nem
570 777 627 824 et
656 768 1093 834 similitudinem,
1129 770 1196 824 ad
1243 784 1405 839 quam
1447 768 1500 822 in
1532 768 1759 823 exordio
1785 766 1991 822 conditi

413 874 620 917 sumus.
651 858 762 915 Hoc
788 859 1128 930 signaculum
1162 860 1334 916 sancti
1379 859 1639 931 Spiritus,
1682 859 1835 929 juxta
1883 860 1989 915 elo-

412 953 599 1022 quium
626 951 960 1017 Servatoris,
983 952 1097 1009 Deo
1138 953 1505 1022 imprimente,
1537 952 1805 1022 signatur.
1842 970 1861 1003 ›
1895 951 1993 1008 Ubi

415 1046 705 1117 imaginem
735 1054 794 1101 et
844 1046 1256 1101 similitudinem
1304 1046 1451 1100 illam
1493 1045 1609 1113 Dei,
1647 1045 1716 1099 ad
1739 1060 1901 1115 quam
1939 1044 1992 1098 in

413 1137 527 1205 ipsa
559 1151 658 1193 sua
695 1138 972 1193 creatione
1013 1136 1331 1192 eﬂ'ormatus
1368 1138 1472 1192 fuit
1504 1138 1687 1199 homo,
1727 1137 1994 1205 interpre-

414 1236 561 1282 tatur
580 1228 922 1297 signaculum
951 1226 1189 1298 Spiritus
1208 1229 1379 1283 sancti
1415 1245 1430 1282 :
1457 1229 1601 1298 quod
1629 1229 1747 1281 ideo
1769 1226 1993 1283 omnino

410 1316 605 1375 fecisse
629 1317 863 1381 videtur,
877 1318 1000 1387 quia
1023 1317 1351 1386 spiraculum
1375 1318 1521 1380 vitae,
1537 1319 1677 1387 quod
1698 1318 1839 1373 Deus
1869 1333 1991 1372 cum

411 1407 647 1478 primum
679 1408 955 1463 hominem
988 1407 1271 1469 formaret,
1303 1407 1405 1479 ipsi
1437 1406 1743 1463 insulllasse
1775 1406 1991 1472 dicitur,

412 1498 674 1570 Spiritum
707 1499 877 1555 fuisse
910 1508 1166 1555 sanctum
1201 1498 1454 1554 credidit.
1491 1497 1604 1553 Hoc
1630 1497 1833 1565 clarius
1856 1495 1994 1550 dixit

411 1589 783 1648 Tertullianus
829 1592 928 1648 lib.
962 1592 1043 1649 De
1075 1592 1358 1662 baptismo,
1387 1606 1506 1661 cap.
1534 1591 1589 1655 5,
1617 1589 1707 1645 ubi
1744 1591 1811 1645 de
1837 1602 1995 1659 rege-

410 1684 695 1743 neratione
719 1683 981 1750 hominis,
1011 1698 1135 1754 qua:
1163 1698 1260 1753 per
1289 1683 1618 1752 baptismum
1656 1681 1741 1749 ﬁt,
1790 1682 1871 1737 sic
1913 1681 1993 1737 lo-

2097 600 2217 653 cap.
2246 584 2337 648 '55,
2366 591 2555 650 aperte
2583 582 2769 636 testari
2789 596 2820 635 a
2853 597 2913 637 se
2939 590 3039 636 eta
3064 590 3408 637 sacrosancto
3433 595 3644 656 martyre

2096 674 2376 743 Pamphilo
2432 672 2835 743 Apologeticum
2888 688 2985 742 pro
3039 671 3319 743 Origenis
3359 674 3644 731 defensioue

2094 767 2369 823 communi
2399 766 2581 823 studio
2607 776 2773 835 atque
2829 780 2994 835 opera
3050 766 3275 834 jnnctim
3305 765 3464 821 fuisse
3481 769 3645 822 elabo-

2096 868 2296 922 ratum,
2329 858 2574 927 adeoque
2609 858 2918 926 Apologiam
2943 855 3086 910 hanc
3124 859 3226 911 sub
3254 858 3466 911 nomine
3510 857 3647 911 Pam-

2095 952 2227 1021 phili
2265 967 2294 1003 a
2321 949 2520 1005 Ruﬁno
2553 949 2776 1013 editam,
2808 963 2969 1017 quam
3000 963 3122 1004 esse
3173 948 3370 1002 fatetur
3413 948 3649 1020 Hierony-

2095 1059 2215 1098 mus
2247 1044 2540 1113 ipsummet
2566 1041 2782 1096 Eusebii
2808 1043 3042 1112 primum
3073 1042 3346 1107 volumen,
3377 1057 3492 1097 esse
3520 1042 3649 1096 Pam-

2094 1134 2227 1203 phili
2260 1134 2502 1188 simulet
2566 1133 2803 1187 Eusebii.
2857 1133 3085 1188 Videtur
3130 1148 3260 1203 ergo
3317 1132 3649 1204 Hieronymus

2096 1223 2221 1277 ideo
2253 1224 2500 1278 eamdem
2530 1223 2629 1277 soli
2662 1222 2896 1277 Eusebio
2918 1223 3258 1293 ascripsisse,
3285 1224 3407 1292 quia
3429 1223 3648 1289 Rufinus,

2095 1315 2187 1369 cui
2218 1324 2345 1369 tunc
2381 1315 2639 1384 temporis
2678 1330 2788 1384 quo
2837 1317 2956 1369 haec
3012 1316 3289 1369 scribebat
3343 1331 3445 1370 non
3496 1316 3652 1371 minus

2095 1424 2258 1478 quam
2300 1407 2522 1478 Origeni
2559 1415 2681 1462 erat
2710 1407 2992 1475 infensus,
3034 1407 3133 1462 soli
3178 1406 3461 1478 Pamphilo
3505 1409 3653 1463 ascri-

2096 1509 2317 1569 pserat;
2344 1509 2398 1554 et
2425 1500 2547 1555 ideo
2595 1499 2829 1554 Eusebio
2859 1497 2956 1553 soli
2996 1498 3191 1553 iterum
3252 1499 3576 1568 ascripsisse,
3602 1509 3654 1554 ut

2092 1605 2215 1647 eam
2238 1592 2442 1647 Ariana
2462 1600 2613 1662 peste
2641 1604 2765 1645 esse
2793 1588 3049 1645 infectam
3077 1589 3292 1644 facilius
3311 1591 3652 1658 persuaderet,

2097 1686 2389 1756 Ilufinique
2414 1685 2538 1741 fidei
2562 1694 2619 1742 et
2652 1684 2964 1741 auctoritati
2999 1683 3202 1755 certius
3231 1683 3529 1752 derogaret.
3561 1681 3653 1736 Sed

410 1775 598 1844 quitur
626 1792 680 1830 τι
711 1775 786 1831 Ita
804 1775 1120 1831 restituitur
1147 1775 1312 1830 homo
1342 1774 1449 1829 Deo
1483 1774 1548 1827 ad
1582 1773 1989 1831 similitudinem
2024 1840 2063 1848 _
2097 1778 2231 1833 nihil
2274 1778 2490 1848 prolicit
2537 1787 2763 1833 sanctus
2824 1778 3015 1833 doctor
3059 1785 3249 1832 contra
3301 1774 3653 1829 auctoritatem

409 1840 553 1937 ejus,
583 1867 675 1938 qui
712 1875 859 1923 retro
898 1866 966 1922 ad
1015 1867 1307 1937 imaginem
1343 1866 1435 1921 Dei
1482 1867 1737 1921 conditus
1791 1864 1993 1931 fuerat,
2024 1840 2067 1896 Β
2099 1840 2288 1942 ipsius.
2317 1869 2560 1935 Eusebii,
2618 1869 2897 1937 Socratis,
2937 1869 3245 1940 anonymia
3290 1866 3359 1922 Il.
3424 1864 3483 1921 Ρ.
3524 1864 3655 1934 Lupo

410 1969 523 2015 etc.
576 1959 801 2028 Recepit
839 1959 986 2014 enim
1024 1958 1177 2013 illum
1209 1957 1305 2015 Dei
1348 1958 1634 2027 Spiritum,
1666 1973 1828 2028 quem
1869 1968 1997 2013 tunc

410 2049 479 2107 de
525 2050 706 2106 aﬂlatu
757 2050 877 2116 eius
935 2061 1273 2121 susceperat,
1307 2050 1404 2106 sed
1446 2059 1570 2120 post
1601 2050 1866 2106 amiserat
1899 2063 1997 2119 per

408 2142 700 2198 delictum.
732 2162 752 2195 ι
785 2142 925 2200 Hinc
970 2143 1132 2213 igitur
1174 2145 1375 2199 factum
1421 2144 1670 2209 videtur,
1712 2152 1772 2198 ut
1815 2158 1885 2199 ex
1929 2159 1995 2199 eo

312 2260 317 2267 ο
412 2234 559 2304 quod
596 2233 1015 2296 insuﬂlationem
1045 2234 1284 2305 Spiritus
1312 2235 1406 2290 Dei
1443 2234 1759 2305 Pamphilus
1810 2236 1995 2308 (intel-

407 2324 585 2396 ligens
608 2326 867 2382 nimirum
898 2341 993 2395 per
1011 2325 1453 2391 insuﬂlationem,
1477 2326 1629 2396 juxta
1656 2341 1778 2381 cum
1802 2327 1994 2382 adver-

406 2412 577 2467 sariis
602 2428 739 2483 quos
763 2412 984 2478 refeilit,
1013 2413 1148 2473 nihil
1172 2414 1320 2468 aliud
1353 2429 1518 2484 quam
1558 2416 1729 2485 ipsam
1756 2416 1993 2471 hominis

312 2576 319 2583 ἢ
409 2502 670 2575 animam)
699 2514 924 2576 negaret
949 2506 1016 2559 de
1049 2505 1357 2560 substantia
1387 2520 1510 2561 esse
1539 2507 1655 2573 Dei,
1692 2507 1870 2575 ipsum
1896 2520 1991 2563 ρει-

407 2594 706 2656 lumniatus
739 2596 901 2653 fuerit
930 2595 1322 2667 Hieronymus,
1352 2598 1510 2670 quasi
1544 2598 1824 2655 docuisset
1862 2598 1991 2669 Spiv

386 2686 575 2765 _ritum
628 2685 747 2753 Dei,
792 2686 1004 2747 tertiam
1056 2686 1372 2747 Divinitatis
1410 2702 1723 2758 personam,
1757 2689 1823 2743 de
1857 2690 1989 2744 sub-

405 2780 609 2843 stantia
664 2781 757 2837 Dei
816 2796 919 2835 non
970 2793 1110 2837 esse.
1154 2799 1174 2834 ι
1215 2779 1418 2837 Nullibi
1464 2782 1629 2839 etiam
1672 2793 1993 2853 comparent

407 2890 530 2944 quae
555 2884 740 2944 postea
767 2874 1120 2944 reprehendit
1153 2876 1537 2947 Hieronymus,
1568 2875 1778 2931 scilicet
1814 2893 1833 2927 ι
1872 2876 1992 2932 ani-

409 2980 532 3022 mas
572 2966 852 3023 hominum
884 2966 1069 3036 lapsas
1094 2983 1217 3024 esse
1242 2969 1308 3022 de
1339 2967 1504 3030 casio,
1542 2976 1597 3021 et
1629 2967 1684 3021 iu
1715 2968 1818 3023 hoc
1841 2969 1989 3039 quod

407 3070 599 3117 sumus
611 3056 678 3111 de
704 3055 911 3127 angelis
924 3059 1269 3123 commutati,
1295 3058 1351 3113 in
1374 3056 1720 3115 restitutione
1742 3060 1985 3116 omnium

404 3146 644 3218 aequales
666 3145 783 3202 fore
806 3157 861 3203 et
897 3149 1139 3218 angelos.
1170 3161 1224 3205 et
1255 3149 1552 3215 daemones,
1576 3159 1633 3205 et
1665 3150 1935 3208 homines.
1962 3173 1981 3205 ι

406 3238 517 3300 Sed
541 3239 656 3294 haec
684 3254 809 3296 cum
849 3243 1172 3300 naturaliter
1200 3254 1497 3314 sequantur
1515 3258 1580 3297 ex
1603 3243 1989 3311 praaexsisten-

406 3328 483 3389 tia
524 3330 856 3394 animarum,
889 3348 1054 3401 quam
1091 3348 1356 3389 excusare
1407 3342 1582 3389 tentat
1631 3333 1984 3405 Pamphilus,

407 3421 533 3478 inde
567 3438 654 3487 ea,
686 3424 846 3494 quasi
872 3425 915 3480 si
945 3426 1089 3480 dicta
1116 3425 1745 3497 fuissent,exprobrasse
1774 3429 1989 3483 videtur

411 3510 798 3581 Hieronymus.

479 3603 617 3660 VIII.
647 3604 726 3660 Ex
760 3605 847 3660 his
880 3605 1184 3677 intelligere
1223 3607 1353 3662 licet
1412 3623 1658 3677 quamam
1688 3607 1757 3662 sit
1808 3607 1989 3663 llierov

404 3708 573 3766 nymo
605 3695 738 3750 ﬁdes
763 3695 1091 3761 adhibenda,
1118 3712 1241 3751 cum
1289 3699 1340 3753 in
1390 3698 1531 3753 hanc
1581 3698 1827 3767 Origenis
1884 3699 1989 3753 De.-

406 3785 701 3853 {ensionem
736 3796 843 3841 tam
894 3788 1097 3844 acriter
1130 3790 1421 3847 invehitur.
1460 3789 1662 3845 Nullibi
1712 3792 1813 3846 sibi
1854 3808 1987 3846 con-

401 3886 517 3939 stat
538 3888 763 3934 sanctus
789 3880 978 3933 doctor
1015 3896 1028 3933 :
1066 3880 1266 3953 ubique
1292 3881 1393 3936 sibi
1445 3883 1786 3938 adversatur.
1835 3884 1988 3944 Hane

407 3970 643 4040 primum
692 3971 907 4026 dixerat
933 3973 1104 4028 solius
1136 3989 1257 4030 esse
1282 3973 1572 4045 Pamphili,
1603 3986 1786 4045 postea
1820 3980 1987 4036 solius

402 4062 652 4121 Eusebii.
682 4063 837 4119 Modo
869 4078 989 4119 eam
1012 4065 1245 4122 Eusebio
1275 4067 1487 4131 tribuit,
1522 4069 1685 4124 modo
1710 4070 1793 4124 vel
1816 4070 1985 4145 Didy-

402 4170 517 4220 mo,
554 4154 639 4213 vel
670 4155 885 4220 Rufino,
920 4157 1005 4210 vel
1039 4157 1195 4212 alteri
1228 4158 1476 4223 cuilibet,
1511 4161 1629 4230 qui,
1670 4159 1794 4216 libri
1824 4163 1982 4231 primi

398 4246 621 4309 Eusebii
653 4247 833 4320 capite
854 4251 1201 4315 detruncato,
1233 4260 1431 4305 caetera
1464 4255 1707 4306 membra
1737 4255 1980 4310 sociarit.

396 4336 561 4400 Modo
599 4338 742 4397 Itane
767 4353 889 4395 esse
922 4341 998 4393 ait
1026 4340 1317 4411 ipsummet
1348 4340 1568 4396 Eusebii
1595 4343 1831 4412 primum
1886 4361 1974 4401 vo-

397 4427 602 4498 lumen,
634 4430 794 4486 modo
827 4443 1039 4486 sextum
1073 4449 1088 4499 ;
1117 4433 1275 4488 modo
1305 4433 1496 4488 eadem
1523 4442 1578 4489 et
1608 4435 1798 4490 iisdem
1857 4453 1981 4492 ver-

2098 1962 2250 2026 cditi,
2280 1962 2483 2027 Photii,
2517 1970 2574 2017 et
2604 1972 2921 2019 ceterorum
2946 2000 2960 2026 ,
2991 1961 3083 2031 qui
3112 1964 3253 2015 hanc
3286 1958 3562 2029 Pamphilo
3588 1957 3655 2013 si-

2099 2054 2209 2109 mul
2240 2055 2582 2124 Eusebioque
2613 2054 2959 2124 adjudicant;
2990 2062 3045 2109 et
3078 2054 3213 2108 satis
3243 2052 3401 2107 nobis
3430 2061 3509 2106 est
3537 2065 3655 2120 pra:-

2096 2146 2314 2214 (‘ipuum
2345 2143 2530 2215 operis
2555 2154 2834 2199 auctorem
2882 2142 3225 2213 Pamphilum
3259 2143 3332 2197 ab
3359 2140 3579 2197 Eusebio
3607 2149 3656 2197 et

2096 2234 2291 2290 Phatio
2326 2235 2649 2305 agnosci,ut
2674 2234 2850 2290 nullas
2877 2235 2931 2290 in
2985 2248 3051 2291 eo
3094 2234 3463 2304 blasphemias
3502 2232 3653 2289 exsti-

2098 2327 2227 2380 tisse
2251 2325 2579 2394 judicemus.

2167 2415 2255 2475 IX.
2291 2416 2606 2485 llestatjam
2637 2426 2695 2472 ut
2731 2418 2935 2488 aliquid
2962 2419 3030 2473 de
3081 2418 3297 2474 caeteris
3324 2418 3553 2489 quinque
3574 2417 3655 2471 de-

2094 2509 2325 2580 perditis
2361 2510 2513 2565 libris
2567 2511 2833 2565 dicamus.
2886 2510 3143 2567 Socrates
3188 2511 3243 2566 in
3307 2527 3372 2567 eo
3423 2519 3652 2566 contextu

2092 2618 2252 2673 quem
2278 2618 2439 2671 supra
2473 2602 2753 2658 attulimus
2782 2618 2849 2659 ex
2864 2603 2980 2673 ejus
3006 2602 3214 2658 Hister.
3248 2603 3344 2659 lib.
3371 2618 3452 2670 ιιι,
3483 2617 3590 2670 cap.
3606 2601 3653 2668 7,

2094 2696 2484 2766 desumptum,
2536 2698 2608 2750 ait
2667 2694 3014 2764 Pamphilum
3056 2707 3113 2750 et
3164 2696 3457 2751 Eusebium
3514 2694 3654 2750 simul

2087 2789 2305 2857 junctos
2333 2790 2494 2843 vitam
2532 2788 2784 2859 Origenis
2807 2790 2857 2843 in
2888 2803 2954 2843 ea
2981 2788 3239 2860 Apologia
3264 2788 3653 2860 conscripsisse.

2092 2891 2148 2936 et
2175 2881 2248 2938 ibi
2284 2882 2595 2938 ostendisse
2620 2881 2936 2953 Origenem,
2970 2882 3062 2951 qui
3109 2882 3162 2936 in
3213 2882 3470 2937 omnibus
3519 2879 3653 2939 libris

2093 2972 2207 3027 suis
2249 2972 2528 3028 Christum
2573 2973 2849 3028 hominem
2909 2974 3113 3030 factum
3161 2974 3343 3027 anima
3395 2974 3650 3043 praeditum

2092 3080 2214 3120 esse
2244 3065 2512 3135 agnoscit,
2534 3064 2848 3134 specialiter
2880 3067 2932 3120 in
2969 3082 3110 3122 nono
3132 3076 3290 3122 atomo
3348 3067 3655 3121 Commenta-

2092 3155 2293 3210 riorum
2314 3154 2373 3208 in
2405 3152 2669 3221 Genesim,
2701 3153 2790 3208 ubi
2855 3153 3124 3208 Adamum
3177 3153 3398 3223 quidem
3448 3151 3651 3216 Christi,

2092 3244 2259 3299 Evam
2300 3253 2485 3299 autem
2520 3244 2781 3299 Ecclesia:
2811 3252 2998 3317 typum
3032 3258 3222 3314 gerere
3252 3243 3500 3313 pluribus
3519 3255 3651 3296 asse-

2090 3336 2285 3398 rucrit,
2326 3352 2432 3389 non
2490 3336 2724 3405 primum
2762 3335 2815 3389 in
2868 3334 2972 3389 hoc
3031 3345 3355 3405 argumento
3400 3344 3649 3389 versatum

2090 3444 2235 3507 esse,
2259 3428 2353 3483 sed
2380 3427 2637 3483 Ecclesia:
2684 3426 3031 3483 traditionem
3068 3440 3191 3481 esse
3228 3428 3646 3495 interpretatum.

2090 3520 2245 3589 Quod
2282 3530 2404 3589 post
2426 3520 2708 3575 Socratem
2738 3517 3298 3588 repetitNicephorus
3344 3517 3487 3575 Hist.
3543 3517 3573 3572 ι.
3601 3531 3652 3594 x,

2089 3629 2211 3683 cap.
2249 3613 2338 3666 14.
2368 3612 2535 3667 Docet
2563 3612 2726 3666 etiam
2777 3610 3043 3665 Eusebius
3070 3608 3215 3664 Hist.
3252 3609 3350 3664 lib.
3381 3626 3454 3674 \‘l,
3485 3625 3532 3665 c.
3566 3607 3645 3670 25,

2088 3718 2148 3758 se
2175 3705 2229 3758 in
2271 3704 2512 3759 secundo
2546 3702 2704 3770 hujus
2730 3701 2996 3772 Αροιοςὶαν
3044 3700 3183 3757 libro
3210 3703 3522 3771 exposuisse
3566 3699 3647 3771 qui

2090 3805 2268 3852 motus
2295 3794 2655 3851 ordinationis
2681 3792 2931 3864 Origenis
2960 3808 3124 3849 causa
3157 3793 3367 3849 fuerint
3389 3793 3646 3858 concitati,

2088 3899 2144 3944 et
2173 3904 2294 3957 qua:
2321 3902 2486 3958 super
2508 3887 2701 3942 iisdem
2738 3885 2976 3942 motibus
3010 3902 3039 3939 a
3097 3886 3424 3955 prazsulibus
3479 3883 3646 3941 Eccle-

2088 3981 2294 4036 siarum
2322 3980 2617 4035 constituta
2646 3979 2794 4046 sint;
2826 3985 2897 4034 'et
2939 3993 3277 4049 qumcunque
3327 3980 3433 4034 alia
3481 3977 3649 4050 vigens

2090 4072 2203 4141 ipse
2221 4071 2482 4140 Origenes
2505 4085 2570 4125 ac
2595 4068 2795 4124 ﬂorens
2830 4070 2882 4124 in
2914 4071 3304 4139 praedicatione
3338 4069 3487 4124 verbi
3526 4068 3649 4123 divi-

2087 4165 2140 4216 ni
2169 4163 2480 4218 contulerit.
2514 4162 2595 4216 Τὰ
2638 4162 2737 4233 μὲν
2771 4159 2865 4215 οὖν
2920 4162 3015 4215 ἐπὶ
3076 4161 3250 4233 τούτῳ
3317 4164 3445 4234 περὶ
3500 4160 3645 4215 αὐτοῦ

2089 4255 2424 4326 κεκινημένα
2451 4272 2463 4285 ·
2497 4255 2568 4309 τά
2592 4272 2650 4307 τε
2680 4254 2773 4307 ἐπὶ
2800 4257 2913 4318 τοῖς
2950 4254 3213 4326 κινηθεῖσι
3236 4255 3531 4328 δεδογμένα
3550 4256 3647 4316 τοῖς

2082 4347 2192 4401 τῶν
2231 4346 2567 4417 Ἐκκλησιῶν
2595 4346 2962 4418 προεστῶσιν·
2996 4349 3097 4402 ὅσα
3124 4365 3184 4401 τε
3231 4348 3369 4402 ἄλλα
3404 4348 3646 4422 ἀκμάζων

2083 4440 2212 4510 περὶ
2228 4438 2317 4492 τὸν
2339 4438 2480 4492 Θεῖον
2508 4438 2878 4510 εἰσενήνεκται
2902 4438 3079 4507 λόγον,
3107 4438 3243 4504 ἰδίας
3272 4440 3501 4513 δεόμενα
3533 4456 3644 4493 συν-

388 4518 564 4576 ἳιίείη
609 4522 784 4590 primo
845 4522 1062 4577 Eusebii
1122 4522 1262 4579 libro
1311 4525 1609 4590 contineri,
1652 4528 1811 4584 modo
1860 4510 1984 4598 ejus

2089 4530 2306 4597 τάξεως,
2337 4531 2573 4602 μετρίως
2606 4532 2663 4583 ἐν
2686 4530 2763 4603 τῷ
2791 4531 3029 4604 δευτέρῳ
3051 4527 3119 4605 ἦς
3169 4532 3310 4605 ὑπὲρ
3362 4510 3522 4587 ὰύτοῦ
3561 4548 3645 4586 πει

394 4612 721 4683 scriptorem
751 4614 818 4669 de
846 4615 963 4685 ipso
1012 4614 1231 4670 Eusebii
1286 4615 1425 4671 libro
1468 4619 1717 4686 quaedam
1776 4619 1974 4677 immu-

396 4713 582 4773 tasse;
621 4708 785 4761 modo
838 4721 1033 4762 sensus
1094 4708 1363 4764 duntaxat
1410 4709 1752 4777 immutasse,
1817 4713 1975 4769 modo

392 4797 511 4867 ipsa
566 4798 874 4855 testimonia
926 4800 1289 4867 subtraxisse,
1340 4812 1396 4858 et
1435 4803 1539 4858 alia
1583 4804 1969 4877 substituisse;

392 4894 554 4945 modo
583 4905 775 4960 pauca,
806 4892 967 4948 modo
994 4891 1163 4948 multa
1193 4911 1210 4962 ;
1240 4894 1401 4951 modo
1452 4895 1688 4966 denique
1741 4897 1792 4952 in
1855 4898 1969 4969 ipsa

389 4982 571 5046 Rufini
601 4980 790 5043 Latina
822 4984 1274 5055 interpretatione
1296 4986 1462 5042 multa
1486 4988 1783 5047 etiamnum
1813 5007 1970 5046 scan-

391 5073 537 5141 dala,
573 5085 628 5129 et
675 5077 1054 5145 apertissimas
1102 5078 1470 5148 blasphemias
1512 5082 1762 5150 reperiri,
1810 5083 1971 5139 modo

392 5165 726 5236 Pamphilum
756 5168 990 5224 Nicaeus:
1018 5169 1139 5224 lldei
1177 5185 1273 5240 per
1304 5186 1424 5226 eam
1455 5173 1663 5227 ostendi
1715 5174 1967 5231 defenso-

390 5272 528 5314 rem.
556 5258 929 5336 Undequaque
955 5277 1077 5317 sese
1100 5271 1285 5318 versat
1311 5274 1535 5319 sanctus
1555 5265 1769 5332 doctor,
1785 5268 1966 5320 omnia

389 5358 571 5404 movet
597 5365 666 5407 ne
691 5351 831 5409 liber
864 5354 955 5410 hic
978 5353 1251 5425 Pamphili
1278 5355 1371 5411 sit.
1406 5356 1567 5428 Atqui
1625 5367 1805 5413 tamen
1861 5374 1965 5413 non

389 5450 602 5512 poterat
629 5442 884 5515 ignorare
934 5446 1109 5518 ipsum
1169 5447 1482 5513 Eusebium,
1555 5449 1712 5520 cujus
1762 5450 1967 5520 scripta

376 5594 538 5674 ._‘_(6)
572 5604 726 5660 Φασὶ
778 5606 849 5662 δὲ
905 5610 1112 5672 αὐτόν,
1159 5618 1269 5665 etc.
1323 5612 1456 5665 Cum
1513 5588 1659 5666 dicat
1710 5610 1977 5667 Eusebius

387 5667 539 5753 ﬂist.
568 5678 884 5753 eccle§._lih.
913 5694 987 5743 vr,
1016 5667 1141 5753 cap.
1170 5681 1262 5744 59,
1294 5680 1584 5753 Origenem
1609 5691 1665 5736 et
1714 5681 1879 5736 Decio
1923 5689 1979 5753 et

390 5745 682 5821 tormentis
694 5746 875 5821 fuisse
896 5745 1281 5821 superstitem,
1310 5745 1464 5821 cujus
1490 5752 1567 5806 rei
1603 5759 1770 5808 testes
1790 5750 1974 5821 appel-

391 5812 464 5878 lat
488 5815 659 5887 ipsius
688 5813 940 5891 Origcnis
972 5812 1232 5889 epistolas
1257 5812 1395 5897 post'
1426 5823 1647 5883 Decium
1700 5812 1967 5899 scriptas;

2083 4623 2356 4695 ποιήμεθα
2413 4622 2751 4691 ἀπολογίας,
2821 4623 3229 4695 ἀνεγράψαμεν.
3291 4624 3423 4691 Quae
3480 4622 3644 4678 munia

2081 4716 2369 4771 confirmat
2392 4715 2619 4771 Photius
2647 4715 2900 4771 Bibliolh.
2947 4718 3135 4772 codice
3164 4734 3367 4787 cxvm,
3428 4719 3508 4773 his
3538 4731 3643 4769 ver-

2078 4806 2201 4864 bis:
2236 4806 2372 4861 Φασὶ
2408 4805 2465 4861 δὲ
2501 4808 2592 4861 τὸν
2639 4809 2918 4881 Ὠριγένην
2958 4812 3016 4863 ὲν
3057 4813 3171 4874 τοῖς
3232 4810 3373 4865 κατὰ
3423 4810 3641 4879 Σευῆρον

2078 4899 2337 4971 διωγμοῖς
2366 4899 2571 4972 γράψαι
2606 4901 2851 4975 Λεωνίδῃ
2893 4901 3083 4974 πατρῖ,
3134 4903 3493 4974 ὲπαλείφοντα
3519 4900 3639 4972 πρὸς

2077 4991 2169 5044 τὸν
2212 4992 2307 5045 τοῦ
2360 4992 2658 5067 μαρτυρίου
2688 4992 2907 5065 δρόμον,
2964 4993 3023 5047 ὃν
3053 4993 3147 5048 καὶ
3175 4993 3355 5058 καλῶς
3401 4993 3639 5065 δραμόντι

2074 5082 2184 5137 τῶν
2218 5083 2488 5156 βραϐείων
2515 5087 2697 5155 τυχεῖν
2728 5085 3035 5155 ὲξεγένετο”
3070 5086 3162 5140 καί
3194 5086 3355 5140 αὑτὸν
3378 5087 3434 5140 δὲ
3456 5081 3639 5138 ἀποδύ-

2078 5175 2274 5231 σασθαι
2302 5176 2551 5229 σπεύδειν
2583 5177 2720 5246 πρὸς
2741 5177 2802 5230 τὸ
2848 5178 2956 5231 τῶν
2989 5179 3389 5251 ἀγωνισμάτων
3422 5178 3637 5240 στάδιον,

2076 5267 2175 5340 τὴν
2203 5267 2261 5321 δὲ
2310 5267 2522 5339 μητέρα
2587 5268 2680 5322 καὶ
2723 5268 2926 5323 ἄκοντα
2980 5268 3274 5342 δυνηθῆναι
3329 5270 3432 5340 τῆς
3478 5267 3637 5338 ὁρμῆς

2075 5360 2354 5430 ἐπισχεῖν·
2394 5359 2675 5421 καὶτοῦτο
2704 5360 2799 5413 καὶ
2837 5360 3000 5425 αὐτὸς
3052 5362 3110 5416 ὲν
3159 5362 3416 5433 ἐπιστολῇ
3476 5358 3635 5427 οἰκείᾳ

2072 5450 2515 5521 ἐπισημαίνεται.
2556 5451 2631 5524 (6)
2658 5451 2797 5512 Φασὶ
2822 5452 2881 5506 δὲ
2935 5453 3119 5521 αὑτὸν,
3174 5455 3203 5508 ὃ
3246 5471 3304 5507 τε
3368 5450 3636 5525 Πάμφιλος

2074 5610 2158 5666 vel
2182 5611 2418 5667 nondum
2451 5610 2663 5667 viderat
2723 5611 2845 5667 illas
2899 5612 3161 5679 epistolas
3193 5612 3408 5680 quando
3439 5611 3489 5664 in
3541 5609 3631 5680 hac

2075 5682 2331 5752 Apologia
2369 5696 2630 5752 una_cutn
2665 5681 2950 5752 Pamphilo
2971 5684 3244 5736 scribebat
3265 5681 3545 5752 Origenem
3584 5679 3629 5730 iu

2072 5750 2451 5824 persecutione
2472 5750 2622 5824 Decii
2654 5750 2821 5824 vitam
2850 5752 3057 5824 celebri
3090 5753 3346 5824 tuartyrin
3374 5750 3627 5824 finivisset

2072 5818 2156 5880 vel
2192 5820 2499 5881 inconsulto
2524 5819 2761 5882 Eusebio
2782 5822 2931 5881 solus
2958 5824 3073 5881 haec
3123 5818 3346 5901 scripsit
3391 5818 3629 5891 Pamphi-
