3942 6512
148 425 238 481 537

1062 420 1409 479 APOLOGIA
1448 420 1586 480 PRO
1625 421 1950 479 ORIGENE.
1989 456 2058 467 —
2094 423 2436 481 MONITUM.

3272 425 3377 481 538

150 542 355 615 μάρτυς,
386 538 480 594 καὶ
505 537 687 611 ἕτεροι
719 540 982 605 πλεῖστοι,
1020 544 1219 608 οἵτινες
1246 544 1341 597 ἀπ’
1376 542 1557 597 αὐτῶν
1582 542 1688 596 τῶν

1794 544 1918 599 dam
1948 558 2046 599 sua
2082 552 2340 599 testatum
2379 543 2617 613 reliquit.
2649 542 2790 609 Quin
2822 542 3135 613 Pamphilus
3149 555 3377 616 martyr,

147 629 444 703 ἑωρακότων
492 628 775 700 Ὠριγένην
817 630 886 683 τὰ
916 631 1043 701 περὶ
1080 630 1173 686 τοῦ
1227 632 1420 704 ἀνδρὸς
1450 630 1693 704 ἡκριϐὡ-

148 738 304 784 σαντο,
331 719 594 791 διαϐοήτῳ
640 721 931 792 μαρτυρίῳ
972 722 1068 776 τοῦ
1120 724 1239 794 βίου
1289 722 1691 795 ἐξεληλυθέναι,

147 812 391 883 ὲπάὐτῆς
414 813 511 883 τῆς
532 812 869 883 Καισαρείας
892 815 1087 868 Δεκίου
1117 815 1216 887 τὴν
1242 816 1383 869 κατὰ
1410 815 1519 869 τῶν
1556 817 1693 888 Χρι-

149 905 350 960 στιανῶν
370 903 621 975 ὠμότητα
652 907 925 970 πνέοντος.
960 908 1024 960 Οἱ
1060 907 1119 961 δέ
1159 925 1323 978 φασιν
1366 907 1529 961 αὐτὸν
1588 908 1694 971 ἓως

150 994 323 1049 Γάλλου
340 996 431 1048 καὶ
459 995 811 1051 Βολουσιανοῦ
841 998 1224 1070 διαρκέσαντα,
1265 1000 1359 1054 καὶ
1404 999 1693 1070 ἑξηκοστὸν

150 1089 335 1142 ἔννατον
365 1087 483 1151 ἔτος
510 1088 608 1158 τῆς
640 1088 858 1159 ἡλικίας
884 1091 1107 1159 ἄγοντα,
1135 1093 1193 1146 ὲν
1245 1091 1408 1164 Τύρῳ
1455 1092 1551 1145 καὶ
1601 1109 1693 1144 τε-

149 1180 395 1251 λευτῆσαι.
428 1182 522 1234 καὶ
563 1185 707 1254 ταφῇ
754 1184 1147 1255 παραδοθῆναι.
1178 1186 1336 1241 ΙἸιὶστι
1384 1185 1441 1239 δὲ
1495 1184 1693 1255 μᾶλλον

147 1264 275 1335 οὗτος
296 1275 323 1325 ὁ
346 1273 498 1341 λόγος
519 1272 749 1345 ἀληθὴς,
779 1276 833 1327 εί
856 1292 920 1345 γε
944 1277 999 1329 αί
1027 1276 1326 1349 φερόμεναι
1362 1275 1527 1329 αὐτοῦ
1557 1274 1694 1346 μετὰ

147 1362 220 1417 τὸν
246 1364 468 1434 διωγμὸν
493 1364 684 1418 Δεκίου
708 1367 990 1421 ἐπιστολαὶ
1012 1369 1113 1421 οὐκ
1138 1368 1321 1439 ἔχουσι
1346 1368 1407 1421 τὸ
1431 1367 1689 1421 πλαστόν.

150 1456 321 1519 Παντὸς
348 1455 403 1509 δὲ
427 1455 750 1528 μαθήματος
774 1459 918 1513 ίδέαν
951 1459 1111 1513 αὐτόν
1142 1477 1275 1530 φασι
1307 1461 1399 1515 καὶ
1418 1459 1693 1531 μετελθεῖν

148 1548 222 1603 καὶ
261 1548 538 1603 διδάσκειν.
586 1550 787 1604 Τοῦτον
832 1552 1014 1606 τοίνυν
1052 1553 1143 1607 τὸν
1179 1554 1479 1626 Ὠριγένην,
1509 1553 1569 1606 ὃν
1596 1553 1693 1607 καὶ

156 1640 469 1711 ’Δδαμάντιον
493 1642 928 1713 ἐπονομάζεσθαι
955 1663 1137 1715 φασιν,
1169 1648 1252 1701 ὅτι
1310 1646 1691 1718 ἀδαμαντίνοις

146 1730 329 1803 δεσμοῖς
348 1732 588 1803 ἐῴκεσαν
615 1734 710 1799 οὓς
732 1735 799 1789 ἂν
830 1736 1014 1809 δήσειε
1038 1738 1251 1807 λόγους,
1286 1738 1564 1810 ἀκροατὴν
1596 1739 1691 1791 καὶ

144 1822 349 1893 διάδοχον
379 1824 600 1893 λέγουσι
649 1826 903 1895 γενέσθαι
944 1827 1264 1901 Κλήμεντος
1292 1829 1388 1882 τοῦ
1425 1831 1689 1901 Στρωμα-

1796 646 1851 691 et
1874 637 1963 691 alii
2001 653 2126 693 cum
2151 652 2217 693 eo
2241 636 2482 705 plurimi,
2501 651 2585 690 res
2616 636 2869 706 Origenis
2897 651 2964 691 ex
2991 634 3097 690 illis
3125 635 3259 705 ipsis
3282 636 3376 705 qui

1799 729 2070 783 hominem
2125 730 2392 793 viderant,
2430 729 2743 783 accuratius
2769 727 3117 797 perscrutati,
3153 736 3379 781 narrant

1795 835 1920 873 eum
1956 819 2156 875 celebri
2183 821 2448 892 martyrio
2480 831 2590 875 tum
2620 822 2727 874 vita
2755 819 3076 883 decessisse,
3106 834 3231 874 cum
3260 818 3379 873 Cte-

1794 926 1965 967 sarea:
2023 911 2218 967 Decius
2272 928 2425 967 suam
2483 913 2533 965 in
2584 913 2921 967 Christianos
2994 911 3373 967 crudelitatem

1791 1001 2113 1057 ellunderet.
2158 1002 2262 1056 Alii
2297 1013 2475 1057 tamen
2505 1002 2691 1057 volunt
2723 1003 2788 1054 ad
2819 1003 2957 1058 Galli
2982 1019 3047 1057 ac
3096 1002 3375 1058 Volusiani

1794 1108 1965 1162 usque
1991 1102 2234 1161 tempora
2264 1094 2611 1163 perdurasse,
2644 1102 2700 1147 et
2748 1095 3141 1165 sexagesimum
3176 1108 3374 1149 nonum

1792 1183 1967 1238 artatis
1988 1198 2192 1237 annum
2221 1192 2473 1253 agentem
2506 1184 2631 1255 Tyri
2673 1194 2970 1248 mortuum,
2997 1184 3049 1237 in
3075 1184 3376 1252 eademque

1793 1276 1927 1329 urbe
1950 1274 2220 1345 sepultum
2254 1276 2355 1345 (8).
2390 1276 2519 1342 Qua:
2547 1277 2766 1345 quidem
2800 1278 2979 1331 verior
3008 1277 3247 1331 narratio
3269 1286 3373 1340 est,

1791 1366 1835 1421 si
1868 1366 2025 1423 modo
2049 1382 2323 1438 germana:
2352 1378 2500 1431 sunt,
2524 1384 2648 1438 quae
2667 1369 2938 1433 feruntur,
2964 1368 3210 1438 epistolae
3231 1368 3376 1423 illius

1794 1469 1915 1529 post
1940 1459 2087 1514 Decii
2118 1461 2551 1529 persecutionem
2586 1461 2930 1530 conscriptzc.
2960 1461 3160 1516 Omnes
3194 1469 3373 1516 autem

1790 1551 2014 1605 omnino
2043 1552 2357 1621 disciplinas
2388 1553 2564 1621 ipsum
2593 1564 2647 1607 et
2684 1554 3015 1623 percepisse,
3040 1562 3095 1607 et
3124 1553 3375 1607 docuisse

1792 1641 1992 1695 lerunt.
2027 1641 2183 1698 llunc
2216 1643 2343 1698 item
2376 1644 2686 1712 Origenem,
2719 1659 2880 1714 quem
2909 1644 3075 1699 etiam
3100 1644 3374 1697 Adaman-

1792 1734 1923 1787 tium
1957 1733 2397 1803 cognominatum
2439 1750 2505 1787 ex
2563 1749 2629 1790 eo
2666 1735 2906 1797 tradunt,
2933 1734 3075 1804 quod
3136 1733 3372 1787 rationes

1790 1839 1927 1895 quas
1948 1825 2252 1893 colligaret,
2281 1814 2647 1881 adamantinis
2699 1826 3023 1895 quibusdam
3050 1825 3203 1895 quasi
3254 1824 3376 1877 vin-

144 1913 271 1979 τέως,
298 1915 385 1969 καὶ
403 1916 496 1969 τοῦ
534 1917 679 1971 κατὰ
713 1917 812 1989 τὴν
852 1918 1255 1992 Ἀλεξάνδρειαν
1307 1919 1688 1991 ἐκκλησιαστι-

1792 1917 1927 1971 culis
1986 1932 2093 1972 non
2130 1916 2411 1972 absimiles
2470 1918 2806 1981 viderentur,
2860 1918 3161 1972 auditorem
3204 1917 3374 1971 fuisse

144 2005 222 2061 κοῦ
247 2007 623 2064 διδασκαλείου.
658 2010 953 2082 Κλήμεντα
979 2010 1036 2063 δὲ
1094 2010 1393 2066 Πανταίνου
1436 2012 1688 2081 γενέσθαι

144 2096 324 2167 λιγουσι
346 2100 434 2154 καὶ
458 2102 758 2174 ἀκροατὴν,
782 2104 878 2157 καὶ
903 2102 999 2156 τοῦ
1022 2104 1398 2158 διδασκαλείου
1423 2104 1685 2175 διάδοχον-

144 2190 398 2245 Πάνταινον
419 2193 495 2258 δὲ,
550 2193 659 2247 τῶν
699 2211 759 2247 τε
798 2194 926 2259 τοὺς
980 2195 1310 2260 ἀποστόλους
1366 2196 1689 2266 ἑωρακότων

144 2282 501 2355 ἀκροάσασθαι,
536 2286 598 2338 οὐ
625 2286 733 2358 μὴν
761 2286 899 2341 ἀλλὰ
931 2286 1027 2340 καί
1056 2304 1219 2341 τινων
1248 2288 1425 2341 αὐτῶν
1464 2287 1689 2344 ἐκείνων

143 2373 399 2429 διακοῦσαι.
428 2377 545 2439 Τὰς
565 2376 623 2430 δὲ
660 2377 803 2432 κατὰ
838 2378 1145 2448 Ὠριγένους
1189 2380 1433 2451 κινήσεις
1480 2380 1688 2433 ἐκεῖθεν

144 2464 351 2534 λέγουσιν
395 2468 693 2541 ἐκρυῆναι·
755 2471 1067 2541 Δημήτριος
1104 2470 1512 2543 Ἀλεξανδρείας
1564 2474 1688 2525 ἑπι-

147 2558 319 2624 σιιόπει,
346 2559 400 2624 ὃς
448 2561 733 2633 Ὠριγένην
756 2561 823 2615 δι’
876 2563 1115 2616 ἐπαίνων
1145 2560 1279 2634 εἶχε,
1304 2564 1399 2616 καὶ
1452 2564 1511 2627 ἐς
1560 2566 1687 2629 τοὺς

147 2648 389 2717 φιλτάτους
416 2652 761 2707 συνέταττεν.
816 2653 958 2706 Ἀλλ’
1001 2655 1282 2727 Ὦριγένης
1315 2655 1574 2728 ἀπαίρειν
1606 2658 1687 2721 εἰς

152 2738 342 2812 Ἀθήνας
363 2742 532 2813 χωρὶς
565 2742 665 2814 τῆς
716 2743 813 2797 τοῦ
840 2745 1042 2799 οίκείου
1083 2745 1308 2818 γνώμης
1361 2748 1683 2816 ἐπισκόπου,

144 2831 207 2893 εἰς
230 2833 579 2905 πρεσϐύτερον
615 2834 676 2888 οὐ
720 2834 837 2889 δέον
874 2836 934 2890 δν
984 2837 1390 2903 ἀναϐιϐάζεται.
1430 2839 1506 2909 (7)
1557 2839 1687 2893 Θεόο

145 2939 296 2989 τεκνος
323 2925 363 2979 δ’
391 2922 477 2997 ἦν,
508 2928 544 2980 ὁ
577 2926 721 2982 κατὰ
753 2928 1092 3001 Καισάρειαν
1118 2930 1216 3002 τὴν
1262 2930 1322 2984 ὲν
1352 2931 1685 3007 Παλαιστίνῃ

144 3012 216 3067 τὸν
252 3016 621 3090 ἀρχιερατικὺν
669 3020 926 3091 χειρίζων
971 3020 1157 3092 νόμον,
1185 3023 1215 3074 6
1248 3020 1349 3092 τῆς
1380 3022 1687 3094 Ὠριγένους

144 3105 392 3180 αὐτουργὸς
415 3112 775 3184 χειροτονίας,
809 3112 949 3184 ἔχων
987 3111 1409 3168 συνευδοκοῦντα
1460 3114 1555 3167 καὶ
1594 3115 1687 3168 τὸν

154 3199 491 3273 Ἰεροσολύμων
541 3202 912 3275 Ἀλέξανδρον.
958 3205 1235 3277 Τρέπεται
1265 3205 1353 3259 διὰ
1386 3206 1548 3261 τοῦτο
1588 3209 1685 3279 Δη-

148 3294 322 3365 μητρίῳ
346 3295 420 3359 είς
446 3298 629 3367 μῖσος,
665 3295 726 3349 τὸ
750 3296 1003 3369 φίλτρον
1031 3298 1127 3351 καὶ
1158 3300 1208 3351 oi
1248 3298 1461 3353 ἔπαινοι
1486 3342 1502 3367 ,
1546 3299 1683 3372 πρὸς

144 3384 243 3448 τοὺς
266 3386 469 3456 ψόγους.
498 3389 620 3443 Καὶ
648 3387 863 3453 σύνοδος
887 3388 1195 3461 ἀθροίζεται
1226 3391 1562 3453 ἐπισκόπων.
1589 3395 1686 3447 καί

147 3489 273 3531 τινων
296 3478 694 3552 πρεσϐυτέρων,
735 3480 877 3534 κατὰ
931 3482 1257 3554 Ὠριγένους.
1312 3484 1378 3537 Ἠ
1418 3485 1497 3549 δὲ,
1534 3485 1612 3548 ὡς
1655 3486 1685 3538 ό

148 3564 383 3637 Πάμφιλός
433 3588 595 3644 φησι,
652 3572 997 3644 ψηφίζεται,
1035 3576 1369 3646 μεταστῆναι
1428 3577 1527 3648 μὲν
1575 3576 1686 3631 ἀπὸ

157 3657 509 3736 Ἀλεξανδρείας
552 3663 646 3716 τὸν
692 3665 996 3737 Ὠριγένην,
1026 3667 1122 3721 καὶ
1148 3668 1284 3739 μήτε
1308 3668 1605 3741 διατρίϐειν
1625 3671 1685 3723 ὲν

147 3750 272 3823 αὐτῇ.
295 3756 421 3825 μήτε
440 3755 741 3810 διδάσκειν.
777 3757 890 3826 Τῆς
938 3757 1120 3827 μέντοι
1149 3758 1244 3813 τοῦ
1289 3761 1683 3834 πρεσϐυτερίου

148 3843 277 3914 τιμῆς
304 3846 552 3918 οὐδαμῶς
589 3848 1040 3919 ἁποκεκινῆσθαι.
1085 3851 1225 3904 Ἀλλ’
1250 3852 1345 3921 ὅγε
1373 3837 1686 3925 Δημῆτριος

148 3931 237 4003 ἅμα
258 3937 384 3992 τισὶν
414 3938 739 4003 ἐπισκόποις
767 3940 1111 4009 Αίγυπτίοις,
1143 3943 1237 3996 καὶ
1258 3943 1357 4015 τῆς
1384 3946 1687 4019 ίερωσύνης

148 4024 430 4101 ἀπεκήρυξε,
458 4031 996 4102 συνυπογραψάντων
1017 4035 1111 4087 καὶ
1158 4038 1224 4106 τῇ
1261 4036 1533 4106 ἀποφάσει
1576 4038 1687 4093 τῶν

150 4120 407 4193 συμψήφων
434 4123 590 4195 αὐτῷ
620 4124 1026 4197 γεγενημένων.
1051 4128 1461 4196 Φυγαδευθέντα
1506 4129 1563 4183 δὲ
1593 4129 1688 4183 τὸν

159 4207 393 4285 Ὠριγένην
425 4216 520 4288 τῆς
561 4215 986 4289 ’Δλεξανδρείας,
1031 4218 1322 4283 Θεότεκνος
1346 4222 1374 4273 ό
1398 4220 1685 4274 Παλαιστί

149 4318 241 4373 νης,
260 4306 490 4377 ἀσμένως
520 4325 585 4361 τε
608 4308 813 4375 διάγειν
842 4311 899 4361 ὲν
925 4310 1233 4383 Καισαρείᾳ
1256 4310 1569 4376 ὑπεδέξατο,
1594 4312 1689 4365 καὶ

151 4394 224 4446 τοῦ
243 4397 490 4453 διδάσκειν
513 4402 695 4453 πᾶσαν
720 4401 968 4467 ἐξουσίαν
990 4405 1306 4475 ἐνεχείρισε.
1338 4404 1447 4457 Καὶ
1467 4404 1565 4468 τὰς
1590 4404 1689 4475 μὲν

152 4487 294 4553 αἰτίας
336 4492 391 4558 ἐξ
448 4485 524 4546 ὧν
581 4492 778 4563 συνέϐη
815 4494 915 4557 τὰς
966 4494 1218 4558 διαϐολὰς
1270 4497 1568 4568 ἐκραγῆναι
1611 4496 1689 4569 τῷ

1789 2009 2082 2064 Clementis
2107 2008 2250 2078 ejus,
2280 2011 2371 2078 qui
2398 2009 2740 2063 Stromatens
2759 2009 2936 2063 dictus
2968 2017 3072 2074 est,
3097 2006 3372 2075 ejusdem-

1787 2115 1893 2170 qne
1930 2101 1981 2154 in
2044 2101 2383 2155 catecltetica
2418 2099 2625 2166 schola,
2678 2116 2799 2169 quae
2843 2100 3187 2155 Alexandria:
3230 2109 3371 2164 erat,

1788 2207 2184 2248 successorem.
2254 2192 2590 2248 Clementem
2651 2194 2818 2263 porro
2890 2192 3133 2247 Pantzeni
3202 2193 3371 2247 fuisse

1788 2284 2133 2353 discipulum,
2163 2284 2474 2354 scholtequc
2497 2299 2876 2340 successorem
2902 2300 2915 2337 :
2963 2293 3020 2339 et
3051 2283 3369 2339 Pantmnum

1788 2392 2003 2432 rursum
2038 2376 2105 2431 iis
2123 2391 2279 2431 usum
2308 2376 2605 2447 magistris,
2628 2376 2719 2445 qui
2754 2374 3029 2445 apostolos
3053 2376 3318 2431 vidissent
3351 2394 3367 2432 :

1788 2469 1916 2539 quin
1948 2477 2003 2523 ct
2036 2467 2251 2523 illorum
2290 2467 2581 2524 nonnullos
2622 2468 2885 2524 audiisse.
2913 2466 3183 2521 Czcterutn
3245 2468 3371 2523 hinc

1788 2560 1841 2615 in
1867 2558 2156 2630 Origenem
2182 2559 2476 2615 excitatam
2529 2574 2748 2614 omnem
2799 2567 3177 2628 tempestatem
3224 2574 3375 2613 com-

1788 2662 2091 2707 memorant
2119 2668 2135 2705 :
2173 2652 2479 2707 Demetrius
2494 2650 2838 2707 Alexandria:
2858 2649 3055 2722 praesul
3079 2651 3369 2720 Origenem

1788 2746 2013 2800 multum
2052 2746 2301 2807 laudans,
2349 2744 2403 2799 in
2446 2745 2631 2813 paucis
2664 2744 3049 2799 cltarissimum
3111 2744 3367 2801 habebat.

1785 2838 1856 2893 At
1897 2854 2018 2893 cum
2047 2838 2135 2893 hic
2162 2838 2365 2907 absque
2431 2837 2569 2893 bona
2616 2836 2853 2905 episcopi
2918 2837 3073 2890 venia
3128 2836 3371 2891 Athenas

1787 2929 2127 3002 profecturus
2150 2936 2317 2995 esset,
2347 2928 2718 2991 Theotecnus,
2748 2928 3013 2982 Ctesareze
3062 2927 3371 2982 Palmstinae

1788 3032 1901 3076 tum
1954 3021 2400 3091 archiepiscopus
2427 3060 2443 3084 ,
2487 3034 2645 3074 secus
2694 3033 2819 3073 eum
2868 3034 3029 3088 tinam
3069 3030 3366 3088 oporteret,

1788 3114 2159 3184 presbyterum
2190 3111 2485 3181 ordinavit,
2513 3127 2619 3166 non
2662 3109 3004 3179 improbante
3036 3110 3239 3164 factum
3268 3111 3369 3164 hoc

1786 3204 2095 3260 Alexandro
2111 3204 2573 3273 Jerosolymorum
2601 3202 2876 3272 episcopo.
2924 3201 3061 3257 llinc
3094 3201 3370 3256 Demetrio

1789 3312 1941 3353 amor
1973 3298 2026 3352 in
2053 3297 2238 3351 odium
2287 3296 2471 3360 vertit,
2505 3294 2801 3365 laudesque
2830 3310 2953 3349 mox
2985 3310 3106 3347 cum
3154 3293 3369 3363 vitupe-

1792 3391 1999 3444 ratione
2026 3398 2391 3443 commutatae.
2428 3387 2679 3459 Synodus
2710 3388 2937 3456 insuper
2988 3389 3369 3456 episcoporum

1789 3492 1993 3545 coacta,
2030 3490 2085 3536 et
2112 3482 2555 3550 presbyterorum
2580 3480 2944 3549 quorumdam
2972 3488 3159 3534 contra
3190 3478 3374 3549 Orige-

1792 3588 1962 3628 nem:
1996 3588 2139 3642 quae,
2166 3582 2225 3627 ut
2268 3571 2579 3642 Pamphilus
2634 3570 2833 3637 refert,
2885 3571 3164 3627 decretum
3221 3550 3373 3639 fecit,

1789 3665 2117 3720 Alexandria
2146 3664 2363 3736 quidem
2396 3664 2702 3734 pellendum
2752 3662 3065 3734 Origenem,
3116 3677 3288 3732 neque
3315 3663 3369 3717 in

1792 3774 1854 3813 ea
1887 3758 2093 3813 versari
2146 3765 2240 3811 aut
2298 3758 2493 3811 docere
2546 3756 3011 3827 permittendum;
3077 3755 3368 3811 sacerdotii

1798 3862 1979 3905 tamen
2012 3848 2274 3918 dignitate
2296 3862 2636 3917 nequaquam
2673 3846 3124 3902 submovendum.
3170 3844 3372 3899 Verum

1796 3940 2102 3996 Demetrius
2155 3954 2260 3992 una
2300 3954 2421 3994 cum
2467 3937 2689 4009 [Egypti
2721 3938 2993 4008 episcopis
3016 3936 3256 4006 aliquot,
3294 3952 3376 3989 sa-

1792 4033 2034 4088 cerdotio
2079 4046 2294 4101 quoque
2346 4030 2495 4084 illum
2552 4029 2861 4097 abjudicat,
2904 4028 3374 4083 subscribentibus

1791 4124 1954 4179 etiam
1994 4124 2178 4179 edicto
2233 4121 2395 4189 huic,
2446 4128 2715 4190 quotquot
2769 4128 2927 4173 antea
2986 4117 3265 4187 sull‘ragati
3323 4118 3374 4172 ei

1794 4217 2045 4272 fuissent.
2082 4215 2155 4269 Ita
2181 4215 2349 4284 igitur
2382 4214 2708 4269 Alexandria
2760 4213 2811 4267 in
2857 4212 3107 4267 exsilium
3161 4212 3376 4283 pulsum

1795 4308 2103 4380 Origenem,
2140 4306 2483 4362 Theotecnns
2507 4306 2805 4360 Palaestina!
2822 4306 3110 4376 episcopus
3143 4304 3379 4358 libenter

1796 4400 2056 4455 Caesarem
2085 4408 2140 4454 et
2184 4399 2383 4464 degere
2403 4397 2587 4466 jussit,
2623 4408 2678 4452 et
2699 4398 2769 4453 de
2819 4399 3105 4467 superiore
3138 4396 3257 4452 loco
3288 4396 3377 4449 do-

1796 4493 1951 4548 cendi
2003 4500 2325 4562 potestatem
2361 4490 2511 4545 fecit.
2543 4491 2771 4546 llasille
2823 4506 3015 4545 causas
3075 4490 3251 4555 allert,
3309 4502 3375 4543 ex

160 4576 403 4648 Ὦριγένει,
432 4584 639 4647 ταύτας
666 4584 820 4655 φησί.
856 4604 875 4636 t
906 4587 1073 4640 Aiunt
1128 4587 1294 4656 igitur
1355 4587 1688 4658 (Pamphilus

1796 4583 1992 4653 quibus
2014 4598 2206 4639 omnes
2238 4581 2341 4637 illa:
2389 4583 2679 4637 calumniae
2728 4583 2781 4635 in
2836 4581 3122 4652 Origenem
3178 4595 3377 4650 erupe-

154 4678 195 4719 et
222 4668 481 4739 Eusebius)
525 4672 822 4745 Origencm
875 4674 1060 4729 Severi
1117 4677 1245 4743 imp.
1309 4678 1689 4743 persecutione
1723 4668 1760 4677 ⁷
1798 4679 1928 4747 rint.
1982 4693 2002 4727 ι
2069 4673 2340 4729 Prteterea
2395 4672 2662 4729 Eusebius
2715 4672 2854 4728 Hist.
2890 4674 2983 4726 lib.
3023 4688 3099 4737 vr,
3137 4688 3259 4743 cap.
3285 4672 3377 4737 56,

157 4758 365 4821 Leonida
418 4769 560 4836 patri
610 4767 875 4837 scriptum
910 4768 1147 4832 misisse,
1176 4782 1283 4837 quo
1334 4768 1401 4822 ad
1442 4767 1685 4839 martyrii

156 4859 441 4917 curriculum
468 4879 595 4918 eum
625 4872 922 4917 exacueret
961 4880 975 4918 :
1005 4873 1060 4917 et
1098 4878 1227 4916 sane
1254 4862 1491 4917 stadium
1534 4862 1688 4917 forti—

157 4955 221 5000 ter
251 4952 529 5010 decurrens
561 4955 649 5009 ille
679 4954 926 5009 bravium
958 4954 1191 5024 accepit.
1230 4953 1452 5008 Addunt
1490 4953 1691 5022 ipsum-

156 5044 534 5118 metOrigenem
563 5062 779 5103 summo
811 5046 993 5101 studio
1038 5046 1179 5100 idem
1213 5054 1491 5100 certamen
1516 5044 1690 5100 susci-

156 5143 256 5195 llefe
280 5148 519 5193 conatum
549 5137 742 5202 luisse,
779 5138 876 5192 sed
914 5145 1142 5191 matrem
1171 5136 1430 5205 impetum
1455 5134 1539 5190 vel
1569 5135 1686 5204 ipso

155 5217 291 5279 invito
328 5228 651 5285 refrenasse.
706 5228 861 5295 Quod
929 5227 1103 5298 ipsum
1140 5228 1267 5282 item
1291 5226 1517 5297 epistola
1552 5242 1685 5296 qna-

155 5332 426 5415 [ns,otpote
474 5346 779 5415 prascipuns
835 5345 1021 5413 operis
1051 5354 1272 5409 auctor;
1328 5343 1412 5399 vel
1464 5342 1694 5415 Photins

155 5404 743 5485 fortass-isdeeeptus'est
768 5404 1010 5483 martyrii
1038 5416 1223 5475 verbo.
1255 5404 1397 5484 quod
1424 5415 1489 5468 de
1516 5414 1691 5467 omni-

156 5473 232 5555 bus
247 5494 333 5547 pro
355 5483 471 5539 fidei
506 5473 735 5539 veritate
766 5473 1012 5539 toleratis
1044 5473 1381 5539 cruciatibus
1434 5494 1579 5538 recte
1609 5485 1691 5537 di-

157 5554 285 5614 citur,
308 5557 576 5625 quamvis
634 5559 747 5625 ipsa
808 5571 913 5609 non
960 5565 1222 5623 sequatur
1252 5569 1401 5608 tnors
1424 5554 1524 5625 (eo
1542 5556 1686 5608 enim

157 5621 358 5677 motuin
396 5623 624 5679 Deciana
650 5621 834 5694 strage
866 5621 1187 5696 martyrium
1224 5621 1457 5696 subiisse
1490 5622 1681 5696 O‘rige-

158 5698 254 5768 Ἧι
277 5705 411 5768 τῦφε
430 5704 609 5768 ικιιᾳι
635 5693 810 5768 diti);
845 5694 928 5768 vel
983 5693 1244 5768 tt'tetttoria
1291 5695 1472 5768 lapsus
1525 5693 1685 5749 Putn-

157 5755 275 5819 philo
302 5755 458 5817 etiam
488 5765 675 5819 tribuit
698 5755 840 5833 quod
872 5766 941 5818 ab
965 5765 1086 5820 aliis
1113 5755 1510 5828 tantumnodo,
1548 5779 1687 5833 quos

158 5838 533 5905 mmora,
548 5833 787 5905 fortasse
804 5835 1013 5905 dictum
1042 5846 1129 5890 est
1151 5858 1161 5890 :
1182 5836 1263 5890 vel
1295 5836 1528 5905 denique
1552 5834 1683 5890 illud

161 5893 383 5957 duntaxat
410 5893 631 5985 intelligi
668 5904 838 5962 voluit
862 5906 1195 5980 Pamphilus,
1241 5893 1534 5975 Origenem
1562 5922 1685 5963 cru-

1796 4768 1977 4823 dicere
2005 4766 2219 4821 videtur
2253 4780 2315 4820 se
2338 4764 2393 4819 in
2424 4776 2581 4819 sexto
2618 4766 2776 4834 hujus
2810 4765 3080 4834 Apologia:
3103 4766 3240 4819 libro
3265 4765 3379 4834 epi—

1794 4858 1984 4923 stolas,
2009 4873 2147 4927 quas
2171 4859 2238 4911 ad
2283 4856 2583 4912 Fabianum
2617 4873 2811 4927 papam
2864 4867 2917 4911 et
2957 4857 3023 4909 ad
3072 4856 3379 4925 complures

1794 4951 1933 5006 alios
1975 4950 2344 5005 Ecclesiarum
2399 4949 2675 5005 antistites
2707 4950 2774 5003 de
2820 4958 2967 5002 recta
2998 4948 3122 5001 ﬁdei
3154 4962 3266 5001 suae
3295 4963 3380 4997 ra-

1795 5044 1942 5097 tione
1980 5042 2244 5113 Origenes
2291 5043 2615 5110 scripserat,
2660 5040 2957 5095 inseruisse
3002 5058 3016 5095 :
3065 5039 3271 5109 Γράφει
3324 5036 3382 5091 δὲ

1796 5134 1891 5189 καὶ
1913 5132 2164 5203 Φαϐιανῷ
2184 5132 2263 5205 τῷ
2288 5132 2432 5186 κατὰ
2470 5131 2691 5204 Ῥώμην
2723 5131 3007 5201 ὲπισκόπῳ
3037 5170 3051 5195 ,
3088 5130 3293 5201 ἑτέροις
3322 5144 3382 5185 τε

1792 5224 2067 5289 πλείστοις
2094 5226 2357 5297 ἄρχουσιν
2401 5224 2760 5297 Ἐκκλησιῶν,
2792 5224 2919 5297 περὶ
2945 5224 3046 5293 τῆς
3070 5220 3382 5293 κατἰαὑτδν

1805 5342 2039 5422 eiatibus
2069 5358 2133 5396 ac
2160 5342 2402 5422 miseriis
2436 5341 2489 5395 in
2544 5340 2692 5422 Decii
2748 5337 3221 5422 lanieuaelisqm,
3270 5349 3380 5391 non

1801 5411 1959 5481 longe
1996 5422 2181 5481 postea
2234 5412 2435 5467 vixisse
2483 5431 2498 5466 :
2548 5412 2691 5480 quod
2762 5409 2981 5464 Eusebii
3030 5407 3212 5461 verbis
3274 5422 3380 5460 non

1799 5494 2670 5632 :eizgflggdregroc.l.egendnm
2700 5550 2912 5632 videtur
2942 5548 3053 5632 llic
3073 5556 3185 5632 ηιξιῄ
3220 5545 3380 5632 infra,

1796 5616 2139 5687 Θεόκτιστος.
2174 5623 2250 5677 lta
2278 5623 2421 5676 enim
2437 5616 2670 5675 'vocatur
2696 5621 2763 5674 ab
2800 5619 3028 5674 Eusebio
3063 5616 3269 5672 Hister.
3292 5630 3381 5671 et:-

1794 5695 1919 5747 cles.
1951 5695 2043 5747 lih.
2065 5708 2139 5756 vt,
2168 5708 2292 5762 cap.
2321 5692 2389 5746 27
2425 5701 2480 5747 et
2508 5690 2600 5754 46,
2636 5705 2735 5745 nec
2787 5706 2891 5762 non
2931 5692 2998 5744 ab
3052 5687 3383 5760 Hieronymo

1794 5762 1890 5819 lib.
1926 5759 2272 5833 Descriptor.
2296 5762 2616 5833 κάμωσι,
2641 5775 2762 5831 cap.
2798 5759 2887 5833 54.

1863 5832 1944 5906 (8)
1974 5826 2314 5908 llieronym.,
2341 5832 2417 5890 De
2445 5833 2686 5903 scriptor.
2710 5826 3026 5897 Ecclesium,
3048 5843 3168 5902 cap.
3188 5826 3278 5891 δι.
