3942 6504
563 411 668 466 559

1768 413 1828 469 S.
1871 413 2195 490 PAMPHILI
2237 411 2599 470 MARTYRIS

3706 409 3804 466 540

562 527 889 601 ὀρθοδοξίας·
910 529 1051 600 ἔχεις
1079 529 1173 582 καὶ
1199 528 1405 583 τούτων
1432 531 1532 594 τὰς
1555 530 1881 598 ἀποδείξεις,
1915 533 1972 584 ἐν
2001 531 2130 603 ἕκτᾳ

2244 541 2300 586 et
2328 532 2556 584 adversa
2599 526 2722 582 ﬁdei
2751 533 3100 582 astruentem.
3132 523 3349 579 Littera:
3399 523 3563 578 verba
3598 524 3803 578 tradunt

562 621 670 692 τῆς
710 623 1015 693 γραφείσης
1070 623 1204 693 ἡμῖν
1257 623 1385 693 περὶ
1433 623 1528 676 τοῦ
1573 623 1765 694 ἀνδρὸς
1819 624 2135 692 ἀπολογίας.

563 711 858 766 Testantur
885 715 1049 767 etiam
1116 713 1372 768 Socrates
1408 713 1549 766 Hist.
1575 714 1672 770 lib.
1707 731 1780 780 tv,
1815 730 1933 785 cap.
1965 714 2056 780 27,
2084 725 2140 769 et

563 804 898 872 Nicephorus
928 803 1020 858 lib.
1051 822 1129 869 χι,
1161 821 1282 875 cap.
1321 807 1406 869 l9,
1446 806 1594 861 hisee
1635 808 1790 862 libris
1824 808 2136 876 adjunctam

561 909 683 950 esse
719 896 778 950 S.
802 894 1050 965 Gregorii
1079 897 1472 970 Thattmatttrgi
1519 901 1890 969 panegyricum
1939 899 2137 954 oratio-

561 1003 698 1050 nem,
735 1002 897 1056 quam
923 988 1013 1042 ille
1041 989 1107 1043 ab
1132 989 1371 1058 Origene
1394 991 1678 1045 discedens
1702 991 1754 1044 iu
1785 989 1902 1058 ejus
1927 990 2136 1045 laudem

559 1085 886 1149 composuit.
915 1079 1164 1149 Ruﬁnus,
1189 1093 1247 1136 ut
1269 1081 1381 1148 jam
1433 1083 1694 1147 diximus,
1727 1083 1819 1138 lib.
1847 1082 2137 1138 tadversue

561 1167 964 1241 Hieronymum,
1002 1173 1134 1228 dicit
1169 1175 1221 1228 in
1257 1175 1358 1229 hac
1381 1173 1636 1244 Apologia
1667 1175 1752 1244 agi
1794 1177 1861 1230 de
1887 1175 1998 1230 fato
2037 1188 2135 1230 seu

559 1263 813 1320 mathesi.
843 1263 1158 1336 Auonymus
1192 1275 1384 1320 auctor
1415 1281 1444 1318 a
1476 1266 1541 1321 Β.
1599 1266 1662 1321 Ρ.
1720 1264 1874 1336 Lupo
1933 1266 2132 1332 editus,

561 1353 729 1408 refert
777 1355 1118 1424 Pamphilum
1171 1370 1511 1428 martyrem,
1562 1366 1616 1412 et
1677 1359 1970 1414 Eusebium
2039 1377 2136 1428 pro

559 1445 988 1512 praeexsistentia
1025 1453 1080 1499 et
1109 1448 1451 1502 restitutione
1507 1447 1694 1503 multis
1747 1449 1903 1505 valde
1936 1466 2136 1519 praece-

559 1537 800 1591 dentium
833 1537 1053 1591 Patrum
1081 1538 1407 1593 testimoniis
1435 1554 1565 1595 usos
1599 1556 1744 1596 esse.
1796 1541 1949 1596 Alter
1978 1543 2132 1596 deni-

555 1642 662 1696 que
690 1643 989 1698 anonymus
1019 1645 1049 1683 a
1075 1629 1368 1685 Sirmundo
1392 1633 1569 1686 editus
1607 1634 1706 1686 sub
1739 1634 1957 1687 nomine
1985 1631 2135 1687 Prte-

554 1720 825 1785 destiuati,
852 1735 1010 1789 quem
1053 1721 1144 1777 alii
1174 1722 1474 1777 Arnobium
1509 1722 1781 1791 juniorem
1808 1763 1825 1789 ,
1871 1725 1960 1779 alii
2018 1726 2135 1780 Pri-

557 1809 787 1863 masium
819 1824 940 1864 esse
979 1811 1314 1876 existimant,
1383 1813 1434 1867 in
1477 1814 1571 1869 lib.
1623 1830 1638 1868 ι
1699 1815 1771 1869 De
1824 1817 2130 1881 Itmreaibus,

557 1901 747 1958 haeresi
781 1917 920 1965 ml,
955 1917 1076 1976 quae
1110 1912 1195 1956 est
1242 1902 1625 1974 Apellitarum,
1667 1906 1737 1960 ita
1773 1907 1846 1960 ait
1880 1922 1894 1958 :
1969 1926 1987 1958 ‹
2029 1907 2137 1962 llos
2171 1886 2212 1939 Β

555 1991 820 2062 Origenes
850 1994 922 2048 ita
979 1994 1218 2062 perfecte
1268 1995 1567 2064 superavit,
1597 2007 1655 2050 ut
1718 2012 1905 2051 eorum
1973 2013 2134 2052 causa

557 2083 906 2156 περιοδευτὴς
931 2084 1238 2156 (circuitor)
1263 2086 1441 2151 ﬁeret,
1472 2095 1525 2140 et
1553 2102 1650 2156 per
1684 2086 1924 2156 singulas
1971 2103 2137 2158 quas-

556 2192 663 2244 que
692 2178 855 2232 urbes
891 2192 988 2245 per
1011 2177 1286 2233 Orientem
1311 2180 1488 2233 eundo
1534 2179 1874 2248 prmdicaret.
1908 2180 1972 2234 Et
2010 2181 2134 2250 quia

556 2263 970 2320 innumerabilia
1025 2275 1151 2320 sunt
1184 2275 1540 2320 tractatorum
1565 2267 1681 2336 ejus
1708 2267 2007 2334 volumina,
2035 2273 2138 2323 lue-

557 2353 715 2409 retici
745 2357 984 2424 superati
1017 2356 1187 2410 libros
1216 2356 1332 2423 ejus
1364 2358 1431 2410 ad
1479 2373 1605 2412 suos
1637 2358 1818 2412 libitus
1851 2359 2137 2414 callidissi-

557 2463 642 2500 tna
671 2449 1140 2517 argumentatione
1172 2458 1474 2514 mutarunt,
1513 2460 1727 2516 utquos
1765 2451 1965 2504 vellent
1991 2453 2136 2504 deci-

557 2554 705 2608 pere,
738 2539 984 2594 dicerent
1051 2541 1124 2594 ita
1180 2541 1466 2609 Origenem
1523 2541 1637 2595 suis
1691 2542 2134 2610 Expositionibus

554 2627 835 2684 deﬁnisse.
881 2628 1033 2684 Unde
1067 2631 1379 2701 quicunque
1407 2645 1577 2699 usque
1626 2631 1789 2686 hodie
1843 2632 2131 2698 Origenem

556 2719 706 2789 legit,
731 2720 775 2774 si
812 2721 1060 2789 prudenti
1092 2737 1214 2776 eum
1244 2723 1392 2777 novit
1424 2723 1744 2778 recitatione
1775 2724 2131 2795 distinguere,

553 2811 914 2880 deprehendit
941 2813 1055 2870 loca
1079 2818 1146 2872 ab
1185 2817 1454 2873 haereticis
1489 2817 1778 2872 maculata.
1843 2817 1996 2885 Quod
2057 2819 2130 2873 ita

552 2918 678 2959 esse
707 2915 925 2960 sanctus
952 2907 1271 2979 Pamphilus
1303 2920 1512 2983 martyr
1537 2913 1588 2966 in
1637 2926 1735 2966 suo
1793 2912 2131 2982 Apologetico

553 2995 871 3053 declaravit.
915 3018 935 3052 ι
969 3000 1035 3056 Et
1069 3003 1261 3058 haeresi
1294 3020 1451 3073 mu,
1505 3014 1795 3074 postquam
1826 3003 1964 3058 dixit
2021 3013 2132 3059 tres

553 3086 721 3144 fuisse
749 3088 1029 3160 Origenes,
1059 3110 1223 3150 unum
1270 3096 1467 3167 Syrum
1504 3097 2009 3159 sceleratissimum,
2041 3097 2129 3165 qui

552 3181 732 3248 turpia
760 3181 1026 3247 docuerit,
1058 3185 1287 3240 alterum
1319 3188 1408 3256 qui
1460 3197 1514 3243 et
1545 3198 1880 3243 mortuorum
1951 3203 2132 3244 resur-

553 3272 846 3328 rectionem
867 3277 1118 3346 negabat,
1145 3286 1202 3332 et
1222 3276 1422 3333 Christi
1449 3288 1757 3334 creaturam
1785 3293 1905 3335 esse
1953 3279 2130 3350 Spiri-

553 3371 666 3416 tum
717 3375 966 3421 sanctum
1001 3368 1246 3434 dicebat,
1303 3371 1611 3438 paradisum
1643 3381 1824 3425 autem
1856 3380 1911 3425 et
1962 3372 2132 3428 cwlos

549 3453 843 3525 allegorice
892 3457 1035 3512 dicta
1070 3475 1194 3515 esse
1249 3460 1576 3527 allirmabat,
1647 3463 1762 3517 haec
1811 3461 2130 3533 subjungit:

555 3561 577 3596 ι
608 3542 676 3599 Hi
708 3547 814 3602 duo
841 3547 1106 3616 Origenes
1125 3565 1292 3620 prava
1321 3566 1550 3622 quaeque
1595 3552 1953 3622 scripserunt.
2007 3553 2130 3609 Ha:-

553 3637 706 3691 retici
735 3648 788 3692 et
823 3642 1066 3707 perversi
1113 3643 1364 3698 doctores
1391 3653 1579 3699 nostro
1607 3643 1826 3714 Origeni
1863 3645 2132 3701 catholico

553 3731 835 3784 tractatori
869 3731 1227 3798 miscuerunt,
1257 3744 1314 3788 ut
1332 3734 1722 3803 adimpleretur
1751 3735 1895 3805 quod
1935 3736 2135 3791 dicitur

551 3834 583 3873 a
636 3819 862 3877 Domino
904 3822 958 3876 in
1013 3824 1380 3895 Evangeliis”
1415 3845 1429 3881 :
1464 3825 1657 3881 Nonne
1714 3827 1908 3880 bonum
1957 3843 2132 3882 semen

547 3910 822 3966 eeminaeti
877 3914 932 3968 in
985 3932 1114 3985 agro
1165 3918 1296 3971 tuo?
1347 3915 1499 3972 Unde
1554 3934 1677 3988 ergo
1708 3917 1820 3973 hac
1868 3918 2133 3975 zizania.’

549 3999 656 4066 Qui
707 4006 1022 4072 respondens
1054 4009 1128 4062 ait
1203 4028 1224 4066 :
1274 4009 1534 4064 Inimicus
1588 4011 1745 4064 homo
1797 4010 1912 4063 Itazc
1968 4009 2116 4080 fecit.

547 4093 672 4148 Ideo
706 4097 849 4150 enim
891 4099 1182 4169 Origenem
1249 4101 1490 4172 legentes
1542 4102 1851 4158 invenimus
1899 4103 2128 4157 catholi-

547 4199 692 4251 cum,
723 4197 779 4242 et
805 4199 993 4245 centra
1026 4192 1268 4250 haereses
1305 4194 1652 4249 dimicantem
1685 4202 1740 4248 et
1765 4193 2076 4248 vincentem
2110 4210 2125 4248 :

548 4274 842 4335 identidem
869 4283 1109 4352 legentes
1135 4283 1424 4354 Origenem
1457 4285 1764 4341 invenimus
1787 4285 2125 4352 ham-ticum,

617 4392 663 4425 ⁸³
688 4393 875 4449 Matth.
913 4413 1030 4464 xut,
1067 4398 1157 4464 27,
1188 4398 1279 4453 28.

558 4521 1535 4556 ξ

2241 632 2294 675 et
2326 635 2520 674 sensus
2561 635 2576 673 :
2611 619 2655 673 si
2688 628 2907 688 possent
2939 627 2994 671 et
3018 617 3191 670 facies
3235 616 3564 684 loquentium
3591 615 3801 669 demon-

2239 721 2436 776 strare,
2481 725 2721 764 errorem
2755 708 2934 762 nullus
2981 715 3194 778 poterat
3226 707 3292 760 de
3318 721 3551 775 persona
3576 707 3801 759 doctoris

2241 803 2544 862 incurrere.
2575 800 2710 855 Nam
2739 812 2796 854 et
2823 799 2953 854 illttd
2991 799 3293 853 cavendum
3329 809 3431 862 est,
3489 799 3630 866 «mod
3681 802 3802 851 Am-

2240 893 2510 962 pulliauus
2539 893 2756 962 quidam
2790 889 3182 944 lueresiarches
3211 887 3513 958 Bythinius,
3539 887 3626 956 qui
3654 889 3802 941 doce-

2239 990 2332 1044 bat
2370 994 2488 1056 post
2545 985 2831 1053 Origenem
2901 981 3196 1036 Ecclesiam
3261 981 3375 1035 Dei.
3439 978 3538 1034 llic
3586 981 3800 1035 incurrit

2241 1077 2404 1132 talem
2451 1077 2710 1130 haeresem
2733 1115 2748 1140 ,
2780 1083 2839 1128 ut
2868 1073 3074 1128 diceret
3097 1087 3289 1128 omnes
3331 1071 3656 1127 criminosus
3687 1087 3798 1124 eam

2238 1168 2454 1224 diabolo
2475 1178 2530 1224 et
2551 1167 2838 1222 daetnoniis
2864 1180 2929 1220 eo
2971 1181 3143 1234 usque
3167 1167 3218 1220 in
3259 1165 3504 1236 gehenna
3564 1166 3796 1234 decoqui,

2237 1273 2520 1330 usquequo
2575 1258 2694 1327 puri
2744 1257 2939 1312 redditi
2985 1257 3195 1325 possint
3245 1259 3366 1313 inde
3388 1268 3444 1311 et
3487 1257 3796 1311 immaculati

2237 1350 2445 1417 egredi,
2474 1348 2540 1402 ad
2567 1348 2666 1402 hoc
2697 1345 2839 1418 quod
2870 1355 3034 1399 antea
3054 1345 3274 1398 fuerant
3298 1345 3468 1400 alieni
3487 1359 3516 1397 a
3535 1343 3684 1411 culpa
3711 1357 3798 1396 sua

2239 1441 2433 1495 iterum
2475 1439 2725 1494 Creatori
2759 1438 2988 1493 restitui.
3037 1438 3165 1507 llic,
3202 1439 3328 1490 dum
3377 1447 3693 1506 argueretur
3738 1438 3796 1490 ab

2235 1531 2500 1595 Ecclesia,
2542 1530 2708 1601 cmpit
2737 1528 2979 1595 proﬁerre
3007 1527 3177 1583 libros
3207 1529 3460 1596 Origenis
3481 1567 3496 1592 ,
3519 1543 3668 1598 quos
3695 1529 3794 1597 ipse

2236 1624 2546 1690 vitiaverat,
2570 1633 2626 1679 et
2655 1624 2835 1678 dicere
2862 1641 2877 1678 :
2913 1624 3050 1678 Ecce
3071 1623 3196 1692 quia
3218 1621 3482 1690 Origenes
3514 1623 3586 1674 ita
3621 1622 3792 1684 sensit,

2237 1727 2291 1771 et
2314 1716 2584 1786 praecipue
2613 1717 2665 1769 in
2693 1724 2931 1786 quatuor
2954 1714 3094 1784 Περὶ
3111 1712 3312 1783 ἀρχῶν
3335 1713 3512 1768 lihris.
3562 1712 3665 1766 Sed
3711 1713 3793 1781 qui

2237 1811 2353 1864 sani
2387 1823 2579 1866 sensus
2603 1818 2707 1872 est,
2739 1819 2793 1862 et
2824 1807 2988 1862 habet
3016 1808 3215 1860 mentis
3257 1805 3573 1874 splendidos
3600 1806 3790 1864 oculos.

2240 1899 2320 1953 sic
2349 1899 2491 1952 videt
2526 1897 2707 1952 addita
2739 1896 2792 1951 in
2846 1895 3101 1965 Origeuis
3167 1893 3444 1963 opusculis
3501 1893 3639 1946 mala
3682 1893 3788 1956 ista,

2239 1997 2404 2060 atque
2429 1989 2729 2060 cognoscit,
2767 1989 2906 2042 sicut
2939 1988 2991 2041 in
3026 1986 3273 2057 stragulo
3321 1986 3578 2040 coccineo
3608 2001 3794 2054 pannos

2238 2077 2411 2143 albos,
2448 2089 2541 2132 aut
2570 2076 2835 2147 cujusque
2857 2076 3087 2131 alterius
3117 2076 3318 2131 coloris
3349 2084 3540 2130 cernat
3575 2085 3788 2129 assutos.

2238 2169 2390 2236 Quod
2423 2170 2496 2223 ita
2537 2183 2659 2223 esse
2681 2176 2903 2223 sanctus
2935 2178 3144 2238 martyr
3170 2166 3488 2236 Pamphilus
3519 2167 3690 2228 docet,
3714 2167 3793 2234 qui

2239 2271 2530 2326 antequam
2561 2261 2626 2312 ad
2653 2258 2906 2329 martyrii
2947 2273 3208 2313 coronam
3249 2258 3795 2328 attingeret,irrepre-

2239 2351 2578 2404 hensibiliter
2608 2350 2925 2404 cathedram
2951 2349 3297 2419 episcopatus
3330 2351 3564 2402 obtinuit
3584 2391 3600 2414 ,
3621 2361 3674 2402 et
3717 2367 3789 2403 sa-

2237 2455 2362 2494 nam
2393 2440 2694 2495 doctrinam
2720 2439 2814 2492 Dei
2868 2439 3081 2508 populis
3120 2438 3470 2492 ministravit.
3515 2439 3613 2492 Hic
3643 2441 3792 2494 edidit

2235 2530 2649 2601 Apotogeticum,
2681 2543 2735 2587 et
2757 2533 2941 2587 Omnia
2978 2547 3098 2600 quae
3151 2531 3220 2586 de
3267 2529 3501 2602 Origene
3550 2533 3788 2587 Catholici

2237 2624 2550 2693 ignorantes
2581 2625 2939 2690 tnentiuntur,
2981 2625 3239 2688 exclusit,
3263 2627 3558 2681 ostendens
3587 2643 3669 2691 ea,
3689 2642 3790 2694 quae

2236 2716 2688 2786 reprehensibilia
2720 2717 3074 2771 inveniuntur
3106 2718 3156 2770 in
3205 2719 3322 2786 ejus
3349 2719 3654 2787 Opusculis.
3690 2720 3790 2774 Ori-

2234 2811 2388 2880 gcnis
2414 2826 2518 2864 non
2555 2825 2698 2876 esse,
2728 2813 2820 2864 sed
2846 2825 3036 2864 eorum
3067 2826 3207 2878 quos
3258 2812 3375 2880 ipse
3405 2821 3748 2882 superaverat
3773 2828 3785 2864 :

2235 2901 2336 2955 alia
2370 2917 2518 2966 vero,
2548 2915 2667 2969 quae
2701 2910 2810 2955 tota
2849 2916 3103 2970 perversa
3143 2914 3289 2969 sunt,
3319 2905 3546 2959 aliorum
3584 2908 3786 2959 duorum

2234 2993 2618 3050 haereticorum
2652 3009 2794 3058 esse.
2819 2995 2908 3063 qui
2937 2993 3190 3065 Origenis
3215 3011 3433 3061 nomen,
3465 3014 3571 3052 non
3628 2997 3783 3060 ﬁdem,

2233 3099 2332 3140 nec
2377 3086 2765 3140 conscientiam
2810 3087 3135 3142 habuerunt.
3187 3107 3205 3139 ι
3260 3089 3454 3145 Nescio
3511 3098 3650 3145 unde
3692 3092 3787 3144 hac

2232 3177 2478 3234 hauserit
2498 3193 2800 3249 auonymus
2829 3188 3044 3242 auctor,
3066 3167 3167 3233 ‘Sed
3197 3195 3265 3233 ex
3306 3181 3533 3250 impuris
3588 3196 3649 3236 ea
3685 3181 3786 3234 fon.

2233 3268 2378 3324 tibus
2400 3269 2646 3324 hausisse
2668 3269 2886 3324 videtur
2911 3287 2926 3336 ;
2950 3280 3005 3325 et
3037 3285 3230 3324 vereor
3257 3286 3323 3326 ne
3355 3273 3448 3342 qui
3483 3283 3591 3328 tam
3631 3274 3786 3343 inepte

2235 3362 2574 3432 Pamphilum
2609 3377 2904 3434 martyrem
2953 3367 3246 3436 episcopali
3303 3367 3570 3436 dignitate
3623 3366 3783 3429 donat,

2235 3455 2472 3525 ineptius
2497 3457 2660 3511 etiam
2691 3459 2778 3512 vel
2842 3458 3152 3530 Apotogiam
3181 3462 3426 3531 quinque
3470 3461 3620 3517 libris
3670 3478 3782 3517 con-

2235 3557 2470 3602 stantem
2536 3548 2790 3618 anonymi
2834 3548 2978 3604 illius
3025 3551 3091 3605 de
3133 3567 3246 3622 quo
3290 3551 3514 3609 Photius
3559 3553 3779 3607 Biblioth.

2234 3640 2356 3698 cod.
2396 3655 2563 3706 cxvu,
2591 3643 2676 3696 vel
2704 3641 2886 3696 Ruﬁni
2921 3642 3118 3698 librum
3148 3644 3223 3699 De
3238 3647 3626 3701 adulter-aliane
3648 3649 3781 3699 libro-

2234 3749 2351 3787 rum
2385 3732 2632 3802 Origenis
2655 3750 2754 3805 pro
2785 3734 2898 3804 ipsa
2927 3732 3194 3805 Pamphili
3245 3738 3503 3809 Apologia
3534 3739 3775 3792 habuerit.

2239 3824 2478 3895 Uterque
2502 3828 2648 3881 enim
2679 3827 2848 3882 libros
2880 3827 3098 3894 quidem
3124 3825 3378 3898 Origenis
3411 3829 3481 3884 ab
3537 3828 3776 3883 haereticis

2232 3917 2310 3972 ait
2338 3932 2460 3972 esse
2487 3919 2743 3985 vitiatos;
2777 3917 2870 3972 sed
2909 3917 3100 3972 nullibi
3134 3918 3479 3987 Pamphilus;
3518 3921 3619 3974 nisi
3663 3921 3775 3972 torte

2233 4010 2285 4065 id
2322 4010 2522 4065 dixerit
2555 4011 2608 4064 in
2664 4012 2879 4066 caeteris
2935 4011 3090 4066 libris
3127 4021 3428 4081 temporum
3481 4013 3663 4081 injuria
3698 4011 3775 4061 at»

2233 4102 2467 4170 sumptis
2496 4117 2510 4154 :
2541 4100 2608 4155 de
2637 4116 2748 4168 quo
2772 4111 2949 4156 tamen
2982 4119 3082 4158 nec
3115 4103 3401 4168 Eusebius,
3425 4117 3526 4158 nec
3550 4103 3775 4168 Hierony-

2233 4206 2376 4257 mus,
2408 4207 2510 4248 nec
2530 4189 2814 4259 Socrates,
2839 4208 2942 4249 nec
2970 4193 3226 4256 Photius.
3260 4209 3360 4249 nec
3390 4194 3534 4250 ullus
3564 4194 3688 4248 alius
3709 4188 3774 4242 vel

2233 4285 2516 4342 minimum
2555 4287 2758 4342 habent
2796 4291 3040 4345 verbum.

998 4701 1146 4816 IN
1231 4702 2337 4820 APOLOGETICUM
2431 4628 2551 4818 s.
2650 4703 3340 4822 PAMPHILI

1896 4927 2053 4990 PRO
2097 4927 2454 4990 ORIGENE

1053 5113 1479 5202 RUFINI
1559 5053 2203 5206 PREFATIO
2274 5111 2424 5202 AD
2499 5111 3122 5204 MACARIUM
3194 5093 3304 5198 (ί).

613 5465 996 5536 Cognoscenda:
1020 5469 1249 5523 veritatis
1268 5485 1445 5524 amore
1460 5480 1748 5538 permotus,
1783 5487 1813 5524 ο
1842 5472 1918 5526 vir
1954 5463 2335 5529 desideriorum
2366 5471 2630 5540 Μαρίων-ἰ,
2668 5469 2744 5544 (2)
2766 5470 2998 5542 injungis
3035 5472 3166 5525 mihi
3193 5487 3321 5534 rem,
3345 5487 3466 5541 qua:
3497 5469 3590 5523 tibi
3613 5463 3789 5536 agni!!!

724 5586 899 5661 __Hat_t_c
931 5588 1329 5661 praefationem,
1381 5591 1773 5659 Apologeticum
1825 5592 2115 5661 Pamphili,

545 5669 610 5708 ac
631 5655 809 5730 [inlini
839 5655 1034 5712 librum
1063 5659 1140 5712 De
1172 5655 1569 5715 adulteratione"
1588 5663 1846 5716 librorum
1873 5655 2116 5730 Origenis

543 5726 866 5780 mntulimus
913 5741 1033 5780 cum
1064 5743 1159 5783 sex
1202 5745 1329 5784 mss.
1359 5746 1465 5785 uno
1492 5730 1824 5794 Corbciensi,
1856 5726 2012 5787 hodie
2058 5732 2118 5786 S.

545 5794 800 5870 germani
843 5812 878 5870 _a
919 5797 1115 5870 l’ratis,
1148 5800 1272 5853 noni
1306 5800 1515 5870 sareuli;
1553 5802 1729 5856 altero
1771 5803 1936 5870 Regio
1967 5818 2117 5855 nutu.

548 5863 706 5931 l6“,
741 5863 933 5920 decimi
978 5869 1119 5922 tertii
1151 5869 1360 5937 saeculi;
1393 5871 1449 5924 3°
1487 5871 1816 5938 Sorbonico;
1849 5863 1903 5926 Ii“
1931 5871 1988 5927 S.
2016 5871 2122 5927 Rc-

2227 5593 2376 5665 ntigii
2411 5591 2731 5665 Reme-usis;
2787 5592 2846 5645 5°
2894 5592 2953 5647 S.
3007 5593 3185 5647 Vitoni
3209 5611 3223 5655 ;
3251 5591 3308 5665 (if
3440 5586 3706 5644 Michaelis
3729 5586 3784 5665 in

2228 5658 2474 5718 Pericula
2523 5663 2689 5716 maris
2723 5683 2736 5718 :
2771 5677 2978 5716 necnon
3021 5671 3076 5717 et
3117 5677 3238 5717 cum
3276 5661 3466 5715 iisdem
3499 5674 3620 5715 mss.
3650 5658 3784 5710 codi-

2228 5734 2384 5814 cibus
2402 5734 2467 5786 ad
2497 5747 2728 5803 quorum
2772 5733 2932 5788 ﬁdem
2963 5733 3129 5788 libros
3156 5731 3296 5800 Περὶ
3315 5729 3520 5800 ἀρχῶν
3547 5727 3782 5784 emenda—

2228 5817 2560 5944 ωξὲῗίιίεεη
2589 5871 2822 5943 injungis
2848 5873 2975 5928 mihi
3002 5889 3106 5928 rem
3129 5891 3285 5943 quam
3331 5872 3521 5927 uideris
3549 5875 3800 5940 quantum
