3942 6542
233 449 342 505 545

1438 443 1784 501 APOLOCIA
1821 444 1962 502 PRO
1998 444 2323 504 ORIGENE.

3385 449 3491 506 546

238 572 423 616 tamen
448 560 675 617 Domino
701 560 852 627 Jesu,
877 570 933 617 et
947 560 1064 631 ejus
1087 561 1383 631 gloriamur
1401 576 1522 617 esse
1537 560 1812 633 discipuli,
1843 569 1888 624 Α
1916 561 2183 631 proximis
2215 576 2337 617 esse
2368 559 2569 630 quibus
2594 559 2921 618 charitatem
2944 574 3011 616 ex
3039 560 3296 617 mandato
3323 560 3492 616 debe-

229 668 333 708 nec
369 660 549 706 tamen
572 654 834 709 audemus
865 653 1046 707 dicere
1067 655 1207 723 quod
1246 651 1389 707 l'acie
1414 653 1479 706 ad
1513 652 1709 707 faciem
1740 654 1809 708 ab

225 745 349 814 ipso
397 743 646 798 traditam
709 744 1105 813 susceperimus
1154 744 1564 814 intelligentiam
1616 758 1807 799 eorum

221 848 352 903 quae
398 834 451 888 in
487 833 685 888 divinis
728 833 884 887 libris
917 832 1228 887 referuntur
1260 849 1274 885 :
1303 846 1425 900 qme
1453 831 1670 899 quidem
1694 844 1809 884 cer-

222 935 314 978 tus
346 940 465 977 sum
484 926 624 994 quod
652 938 720 978 ne
750 924 862 992 ipse
882 924 1095 991 quidem
1132 924 1364 976 mundus
1395 937 1490 991 pro
1513 923 1715 977 virtute
1740 937 1806 977 ac

218 1013 510 1080 majestate
552 1029 805 1069 sensuum
853 1028 1046 1084 capere
1092 1022 1266 1083 potest
1324 1013 1366 1067 ⁸.
1406 1013 1633 1082 Propter
1664 1016 1806 1080 quod

214 1106 581 1174 pronuntiare
602 1105 818 1175 quidem
857 1105 923 1158 de
962 1104 1045 1158 his
1077 1119 1194 1173 qua:
1238 1104 1487 1170 diciums,
1512 1103 1653 1158 sicut
1675 1119 1806 1173 apo-

212 1198 347 1253 stoli
377 1207 690 1267 potuerunt,
724 1213 828 1252 non
867 1198 1131 1252 audemus
1166 1214 1180 1250 :
1215 1198 1267 1251 in
1297 1212 1364 1253 eo
1392 1207 1571 1253 autem
1599 1197 1805 1266 gratias

211 1292 456 1361 agimus,
497 1291 641 1361 quod
664 1306 785 1345 cum
815 1290 969 1345 multi
998 1290 1320 1359 imperitiam
1350 1306 1502 1344 suam
1533 1278 1801 1353 nesciant,

210 1393 273 1435 et
303 1392 484 1436 motus
512 1397 640 1437 suos
665 1381 1049 1449 incompositos
1069 1390 1121 1434 et
1143 1380 1499 1443 inordinatos,
1529 1379 1799 1435 interdum

208 1474 384 1527 etiam
422 1482 477 1528 et
504 1474 716 1541 ineptos
746 1488 810 1527 ac
836 1472 1132 1532 fabulosos.
1165 1488 1285 1526 cum
1303 1473 1449 1527 nnmi
1478 1473 1798 1536 intentione,

205 1564 361 1618 sicut
404 1564 509 1619 sibi
556 1564 832 1629 videntur,
864 1563 1015 1631 quasi
1057 1563 1337 1617 verissima
1365 1563 1665 1617 assertione
1702 1579 1803 1618 an-

205 1654 490 1719 nuntient,
539 1667 638 1707 nos
676 1652 742 1706 de
786 1652 946 1705 rebus
991 1651 1221 1721 magnis,
1263 1662 1315 1704 et
1355 1650 1438 1703 his
1483 1664 1605 1718 quae
1636 1664 1798 1718 supra

204 1761 313 1799 nos
340 1753 487 1805 sunt,
514 1744 874 1813 ignorantiam
908 1753 1145 1798 nostram
1187 1758 1293 1797 non
1327 1742 1660 1811 ignoramus.
1703 1757 1724 1791 ι

281 1837 618 1892 Paurutws.
646 1836 782 1891 Cum
822 1849 956 1905 ergo
992 1836 1107 1889 haec
1138 1848 1261 1888 eum
1305 1835 1371 1889 de
1399 1848 1458 1888 se
1487 1833 1667 1887 dicere
1699 1848 1797 1886 au-

1916 668 2055 719 mus,
2088 663 2142 709 et
2173 662 2486 722 assumptos
2513 653 2680 708 libros
2707 652 2826 723 ejus
2860 652 3105 724 legerent
3133 667 3260 708 cum
3288 666 3353 708 ea
3387 666 3481 707 ve-

1914 743 2026 807 nia,
2050 759 2213 814 quam
2244 745 2355 813 ipse
2381 745 2434 798 iu
2470 744 2891 800 Przel'ationibus
2931 746 3045 800 suis
3071 745 3340 815 deposcit,
3371 744 3484 800 sic-

1920 836 2009 891 ubi
2057 837 2213 890 venia
2261 835 2485 904 dignum
2543 836 2747 905 aliquid
2786 837 3117 892 invenirent.
3160 836 3316 893 Nunc
3354 852 3485 892 vero

1914 944 1945 983 e
1971 930 2251 983 contrario
2293 930 2476 983 videas
2518 944 2609 983 eos
2643 927 2951 1003 maledictis
2975 930 3192 999 quidem
3243 929 3485 998 probris-

1911 1035 2017 1090 que
2044 1018 2158 1090 (27)
2191 1021 2320 1073 mihi
2360 1035 2465 1074 non
2494 1035 2720 1090 parcere
2750 1038 2763 1073 :
2800 1035 2895 1075 eos
2927 1035 3057 1075 vero
3086 1021 3178 1090 qui
3232 1020 3486 1090 Scriptu-

1910 1124 2096 1164 rarum
2151 1108 2628 1179 intelligendarum
2667 1110 2964 1165 secundum
3003 1113 3316 1166 mandatum
3371 1110 3481 1166 Do-

1909 1202 2040 1256 mini
2071 1212 2125 1256 et
2174 1201 2476 1257 Salvatoris
2540 1204 2715 1257 nostri
2766 1204 3006 1258 studium
3056 1214 3273 1273 gerunt,
3327 1219 3357 1259 a
3397 1204 3481 1259 le-

1908 1295 2090 1349 ctione
2114 1293 2379 1349 librorum
2416 1293 2535 1362 ejus
2562 1295 2862 1361 deterrere,
2892 1294 3146 1361 uitalibet
3186 1296 3349 1351 etiam
3370 1296 3477 1351 alia

1908 1384 2113 1452 inepta,
2144 1385 2306 1438 etiam
2355 1384 2488 1439 nihil
2531 1386 2836 1456 pro'utura,
2886 1385 3067 1456 potius
3116 1402 3280 1455 quam
3335 1387 3480 1443 illius

1907 1474 2332 1530 commentarios
2380 1475 2484 1545 legi
2527 1476 2726 1531 debere
2771 1476 3123 1532 allirmantes.
3178 1479 3237 1530 lu
3279 1477 3479 1546 quibus

1902 1580 2045 1635 sape
2093 1567 2255 1621 etiam
2297 1565 2507 1621 ridiculi
2556 1566 2760 1636 aliquid
2812 1567 2922 1635 pati
2961 1568 3157 1622 solent.
3211 1566 3345 1623 Nam
3417 1577 3480 1624 ut

1900 1670 2089 1711 eorum
2129 1656 2468 1711 contentiosa
2512 1658 2886 1726 praesumptio,
2930 1656 3037 1723 vel,
3080 1668 3141 1711 ut
3185 1657 3368 1712 verius
3394 1659 3483 1713 di-

1902 1760 2045 1809 eam,
2087 1744 2201 1816 (28)
2235 1745 2585 1815 ρηιῇιιόίωιει
2617 1746 2836 1802 vesania
2886 1746 3100 1802 facilius
3141 1748 3476 1815 declaretur,

1903 1835 2154 1892 accidere
2199 1836 2343 1891 solet
2386 1836 2470 1892 vel
2505 1852 2662 1899 casu,
2716 1836 2797 1891 vel
2841 1838 3117 1892 interdum
3160 1838 3363 1907 studio,
3416 1850 3480 1895 ut

202 1928 450 1993 dianins,
496 1936 551 1982 et
605 1925 978 1995 hujuscemodi
1025 1932 1205 1979 mente
1251 1938 1317 1977 ac
1354 1933 1479 1977 voto
1518 1937 1638 1994 quae
1668 1922 1798 1977 dicit
1831 1916 1874 1971 Β
1906 1927 2124 1980 nomine
2173 1926 2226 1980 in
2272 1925 2461 1981 codice
2507 1940 2613 1979 non
2658 1926 2990 1995 pratitulato
3023 1926 3239 1997 legatur
3269 1927 3475 1998 aliquid

201 2033 482 2081 asserere,
531 2017 797 2072 miramur
858 2017 911 2071 in
953 2025 1160 2070 tantum
1207 2014 1533 2070 temeritatis
1583 2014 1794 2084 aliquos

198 2126 335 2166 esse
383 2120 692 2179 provectos.
746 2119 806 2162 ut
854 2108 946 2174 qui
990 2122 1051 2162 se
1087 2108 1160 2162 ita
1214 2106 1518 2162 humilitate
1558 2108 1791 2176 judicat,

196 2213 462 2259 astruant
487 2204 630 2273 quod
675 2202 745 2257 ab
777 2202 897 2259 aliis
932 2202 1076 2257 dicta
1109 2201 1226 2269 ejus
1267 2201 1350 2257 vel
1381 2200 1505 2256 libri
1545 2215 1643 2270 pro
1674 2214 1793 2256 ser-

195 2295 466 2349 monibus
487 2293 796 2362 apostolicis
828 2291 909 2347 vel
940 2292 1099 2347 dictis
1116 2290 1450 2361 propheticis
1464 2291 1790 2355 habeantur,

1904 2017 2077 2087 ipsius
2109 2017 2162 2071 in
2192 2017 2416 2072 auribus
2448 2016 2881 2072 obtrectatorum
2908 2020 3064 2086 quasi
3096 2018 3324 2081 alterius
3354 2029 3466 2074 trao

1899 2106 2153 2163 ctatoris.
2196 2106 2348 2174 Quod
2391 2108 2581 2161 tandiu
2618 2106 2798 2176 placet
2824 2117 2880 2163 et
2904 2106 3180 2172 laudatur,
3204 2119 3369 2181 atque
3413 2109 3473 2167 in

1900 2199 2053 2253 οιηηί
2105 2198 2468 2253 admiratione
2516 2198 2770 2262 habetur,
2824 2198 3065 2268 quandiu
3109 2216 3305 2256 nomen
3359 2215 3473 2257 non

1892 2288 2059 2343 fuerit
2099 2289 2419 2344 indicatum.
2465 2289 2535 2343 At
2577 2289 2667 2344 ubi
2717 2287 2971 2360 Origenis
3009 2292 3224 2362 cognita
3270 2292 3476 2348 fuerint

194 2396 297 2437 aut
343 2386 490 2453 quod
540 2383 629 2437 ille
675 2384 791 2453 ipse
844 2384 930 2437 vel
965 2382 1246 2453 prophetis
1295 2383 1378 2437 vel
1432 2382 1691 2451 apostolis
1721 2382 1790 2437 ab
1889 2403 2157 2458 essequae
2182 2387 2490 2458 placebant,
2542 2388 2731 2442 statim
2784 2387 3098 2457 displicent,
3131 2390 3320 2445 statim
3354 2390 3469 2445 ha:-

194 2475 391 2544 aliquo
448 2484 809 2544 comparetur.
869 2473 937 2528 Et
985 2473 1204 2543 quidem
1275 2473 1418 2541 quod
1470 2482 1527 2527 et
1583 2472 1792 2528 honore
1894 2480 2064 2534 retica
2098 2494 2222 2535 esse
2260 2480 2553 2533 dicuntur:
2586 2488 2644 2534 et
2675 2494 2883 2549 eaque:
2910 2478 3073 2549 paulo
3093 2490 3224 2536 ante
3261 2481 3329 2536 ad
3355 2496 3471 2537 em-

192 2567 530 2639 presbyterii
581 2569 635 2623 in
685 2566 928 2622 Ecclesia
979 2565 1236 2634 praeditus
1282 2563 1467 2629 fuerit.
1518 2572 1573 2619 el
1620 2564 1787 2618 vitam
1891 2570 2003 2624 lntn
2057 2586 2231 2639 usque
2276 2569 2614 2635 ferebantur,
2668 2570 2859 2625 iisdem
2902 2570 3128 2626 vocibus
3165 2572 3474 2642 eademque

191 2658 729 2713 abstinentissimam
774 2657 945 2727 egerit
970 2667 1025 2711 et
1076 2656 1231 2711 valde
1287 2655 1402 2727 (21)
1450 2656 1786 2726 philosoplii-
1888 2661 2074 2731 lingua
2115 2678 2288 2732 usque
2332 2662 2399 2717 ad
2450 2660 2655 2716 inferos
2715 2662 3128 2733 demerguntur.
3190 2661 3464 2720 Praeterea

188 2766 350 2812 cam,
392 2750 650 2819 quodque
694 2765 882 2818 puram
922 2748 1198 2819 religionis
1216 2748 1591 2804 observaverit
1617 2748 1786 2802 disci-
1886 2753 2050 2806 etiam
2103 2752 2233 2806 illud
2286 2762 2372 2807 est
2415 2752 2681 2816 invenire,
2722 2752 2867 2822 quod
2898 2768 3287 2824 nonnunquam
3318 2754 3460 2810 tales

188 2843 431 2911 plinam,
502 2852 557 2896 et
622 2857 733 2911 pra:
784 2842 996 2897 cteteris
1051 2842 1215 2898 verbo
1270 2842 1363 2897 Dei
1420 2851 1476 2897 et
1524 2842 1786 2897 doctrinm
1885 2850 2011 2897 sunt
2050 2850 2397 2896 accusatores
2441 2841 2581 2909 ejus,
2631 2841 2724 2910 qui
2775 2855 2879 2895 nec
2913 2840 3162 2896 Graecam
3211 2843 3465 2898 noverint

188 2949 427 3004 Operam
465 2934 697 2997 dederit,
734 2934 862 2989 nulli
898 2934 1118 2990 dubium
1147 2942 1230 2990 est
1253 2945 1309 2989 et
1344 2950 1411 2988 es
1445 2934 1530 2990 his
1557 2948 1679 3005 quae
1715 2937 1783 2989 ad
1885 2930 2164 3000 linguam:
2192 2931 2285 2985 alii
2312 2932 2643 2988 omnimodis
2673 2933 2948 3001 imperiti;
2976 2933 3217 2988 nonnulli
3245 2935 3463 2990 etiamsi

189 3038 297 3077 nos
355 3022 556 3078 laboris
587 3033 647 3078 et
698 3023 859 3077 studii
916 3024 1035 3094 ejus
1080 3025 1383 3085 certissima
1427 3025 1783 3094 designantur
1884 3021 2090 3089 aliquid
2126 3023 2378 3076 videntur
2426 3022 2630 3078 habere
2659 3023 2891 3093 peritiae,
2939 3037 3045 3077 non
3081 3032 3263 3079 tamen
3294 3024 3462 3080 etiam

189 3115 442 3170 indicia:
503 3115 771 3184 prmcipue
824 3131 954 3171 vero
1019 3131 1117 3185 per
1165 3131 1260 3170 eos
1308 3125 1590 3179 tractatus,
1641 3131 1780 3186 quos
1882 3112 1936 3167 id
1969 3112 2134 3167 studii
2157 3112 2416 3169 habuisse
2444 3114 2818 3181 inveniuntur,
2848 3126 2902 3169 ut
2927 3115 3078 3169 libris
3101 3114 3462 3186 ejusoperam

188 3222 340 3278 pene
364 3205 609 3275 quotidie
635 3206 689 3260 in
715 3206 955 3262 Ecclesia
995 3207 1230 3261 habebat
1253 3221 1321 3261 ex
1350 3218 1611 3277 tempore,
1642 3222 1778 3277 quos
1806 3256 1845 3278 η
1882 3204 2171 3259 dederint:
2208 3213 2304 3259 aut
2345 3205 2390 3259 si
2438 3205 2704 3261 acciderit
2748 3217 2806 3261 ut
2846 3207 3012 3262 etiam
3057 3205 3312 3277 legerint,
3340 3222 3451 3263 non

187 3312 245 3355 et
271 3300 658 3355 describentes
686 3300 883 3355 notarii
939 3299 1005 3354 ad
1042 3302 1436 3355 monimentum
1481 3300 1772 3369 posteritao
1805 3296 1848 3315 “'
1880 3297 2138 3351 continuo
2161 3296 2325 3351 etiam
2368 3307 2533 3351 tanta:
2558 3298 2883 3353 eruditionis
2914 3298 3141 3364 fuerint,
3174 3308 3233 3354 ut
3262 3299 3451 3354 altitu-

189 3393 260 3446 tis
304 3393 621 3446 tradebant.
652 3391 1001 3460 Consequens
1030 3393 1196 3462 igitur
1227 3401 1370 3455 erat,
1403 3407 1471 3447 ex
1522 3393 1608 3447 his
1652 3407 1767 3448 om-
1882 3388 2065 3443 dinem
2117 3403 2313 3444 sensus
2362 3388 2481 3459 ejus
2526 3391 2744 3459 assequi
2776 3390 3079 3459 quiverint,
3102 3406 3212 3461 quo
3234 3406 3298 3446 ea
3328 3406 3455 3461 qua:

188 3485 359 3537 nibus
410 3483 661 3537 laborum
712 3491 767 3537 et
811 3483 1112 3538 studiorum
1163 3497 1387 3538 suorum
1449 3485 1777 3541 testimoniis
1879 3481 1971 3536 ille
2004 3481 2225 3537 diverso
2248 3492 2542 3553 prospectu
2571 3499 2671 3553 pro
2719 3483 2858 3539 locis
2882 3492 2936 3540 et
2969 3484 3153 3540 causis
3179 3485 3457 3541 disserere

187 3574 452 3646 amplecti
502 3574 661 3629 talem
702 3575 875 3630 virum
924 3593 940 3631 :
997 3584 1053 3631 et
1086 3590 1263 3645 neque
1287 3576 1621 3632 defensionis
1652 3587 1769 3632 stu—
1878 3572 2041 3636 solet,
2083 3574 2369 3629 advertere
2398 3574 2693 3629 valuerint.
2748 3574 2949 3632 Multos
2994 3576 3264 3640 invenias,
3314 3590 3458 3646 quos

187 3669 279 3725 dio
306 3670 437 3740 plus
466 3669 599 3724 dare
631 3669 743 3741 (25)
778 3669 830 3725 ei
863 3670 1039 3724 meriti
1080 3686 1244 3741 quam
1296 3685 1552 3725 mensura
1600 3670 1773 3741 depo-

187 3762 314 3825 scit,
356 3775 540 3830 neque
574 3777 761 3817 rursus
780 3763 1119 3817 obtrectandi
1153 3762 1286 3818 vitio
1316 3761 1476 3817 facile
1504 3764 1760 3818 condem—

187 3869 347 3918 nare,
406 3865 461 3908 et
513 3854 749 3909 alienum
788 3857 855 3909 ab
886 3854 1258 3910 ecclesiastica
1287 3856 1535 3910 doctrina
1565 3864 1771 3910 temere

185 3946 588 4016 pronuntiare:
623 3962 748 4001 cum
782 3955 1070 4017 utrumque
1095 3947 1235 4000 istud
1258 3947 1615 4015 pracipitium
1643 3962 1764 4016 pro-

186 4038 387 4093 videns
411 4047 538 4090 ante
575 4038 790 4092 divinus
821 4052 1001 4093 sermo
1029 4038 1371 4109 prohibuerit
1397 4038 1586 4092 dicens
1613 4036 1771 4091 :Non

184 4131 248 4183 sit
284 4132 345 4184 in
374 4140 426 4182 le
456 4145 701 4183 mensura
726 4130 919 4200 major.
954 4144 1116 4199 neque
1137 4146 1380 4183 naensura
1403 4130 1596 4182 minor.
1628 4128 1771 4182 Abo-

184 4223 443 4276 minaoile
481 4233 556 4276 est
584 4223 723 4276 enim
750 4224 806 4277 in
843 4233 1125 4289 conspectu
1158 4222 1365 4275 Domini
1408 4232 1687 4291 utrumque
1707 4224 1750 4279 ’.

192 4314 506 4384 Unicuique
532 4316 701 4382 enim,
730 4323 891 4385 prout
922 4316 1140 4383 dignum
1167 4323 1274 4379 est,
1316 4314 1577 4377 tribuere,
1605 4312 1769 4383 justi-

186 4408 274 4461 tim
311 4409 425 4463 hoc
458 4408 735 4477 proprium
785 4416 889 4462 est.
931 4405 1164 4476 Propter
1210 4405 1352 4475 quod
1399 4414 1454 4460 et
1514 4418 1766 4460 mensura

185 4500 425 4571 integra,
486 4508 541 4554 et
598 4500 809 4569 pondus
853 4498 1061 4567 aequale
1114 4498 1452 4566 acceptabile
1504 4507 1590 4552 est
1620 4495 1760 4567 apud

1875 3666 1920 3720 si
1966 3665 2270 3737 interroges
2303 3667 2357 3721 in
2388 3667 2587 3736 quibus
2646 3666 2825 3732 libris,
2862 3676 2955 3723 aut
2998 3667 3052 3722 in
3082 3668 3282 3738 quibus
3320 3667 3457 3723 locis

1875 3756 2021 3810 dicta
2072 3758 2183 3811 sint
2236 3757 2351 3812 haec
2403 3772 2526 3827 qua:
2562 3768 2821 3828 arguunt,
2872 3757 2987 3829 (29)
3027 3758 3361 3814 conﬁtentur
3392 3773 3477 3815 se

1875 3848 2093 3915 quidem
2124 3847 2339 3902 nescire
2360 3862 2424 3900 ea
2453 3847 2521 3902 de
2541 3847 2745 3917 quibus
2790 3845 3085 3912 alllrmant,
3118 3862 3217 3903 nec
3252 3847 3460 3919 legisse

1876 3954 2139 4006 unquam,
2163 3938 2382 3993 audisse
2405 3948 2586 3993 autem
2621 3938 2760 3991 alios
2786 3939 3052 3994 dicentes.
3088 3937 3165 3991 Ex
3193 3953 3303 4007 quo
3329 3937 3457 3993 cui-

1873 4029 1958 4082 vis
2002 4027 2157 4097 plena
2205 4028 2417 4083 ridiculi
2457 4027 2731 4083 sententia
2774 4043 2965 4084 eorum
2993 4028 3297 4095 videbitur,
3318 4043 3445 4083 cum

1870 4120 1941 4173 de
1993 4120 2078 4173 bis
2114 4118 2389 4187 judicant,
2437 4127 2605 4187 atque
2650 4134 2713 4173 ea
2770 4117 3159 4183 condemnant,
3198 4132 3319 4187 quae
3346 4131 3453 4172 nee

1869 4210 2083 4265 discere
2115 4210 2333 4279 quidem
2360 4210 2535 4279 prius,
2571 4226 2634 4265 ac
2669 4225 2828 4265 nosse
2869 4218 3184 4280 potuerunt.
3224 4210 3281 4264 ln
3307 4209 3450 4265 alios

1868 4319 2002 4359 vero
2040 4305 2168 4359 novi
2225 4303 2428 4359 furoris
2481 4304 2705 4357 morbus
2751 4309 2807 4357 et
2860 4301 3117 4356 inauditae
3151 4300 3264 4369 (50)
3297 4300 3447 4356 labes

1869 4396 2093 4451 incessit
2120 4395 2368 4461 insaniae,
2402 4409 2530 4451 cum
2562 4404 2672 4449 tam
2717 4394 2883 4448 multa
2910 4394 3026 4463 ejus
3055 4392 3326 4448 volumina
3357 4409 3445 4448 re-

1870 4487 2009 4545 ferta
2042 4490 2204 4544 totius
2235 4488 2489 4544 utilitatis
2516 4496 2573 4543 et
2618 4487 3000 4543 instructionis
3030 4486 3359 4549 habeantur,
3390 4496 3446 4539 et

184 4591 382 4655 Deum,
414 4604 520 4646 non
552 4590 655 4646 hoc
688 4590 830 4659 quod
857 4590 1118 4646 mentitur
1145 4589 1459 4654 veritatem,
1498 4605 1596 4658 per
1616 4590 1760 4659 quod
1798 4609 1843 4664 ι)
1870 4583 2007 4636 satis
2034 4596 2156 4636 rara
2184 4594 2240 4637 et
2267 4594 2539 4652 perpauca
2582 4579 2722 4635 forte
2753 4578 2869 4633 loca
2898 4579 3031 4644 sint,
3060 4580 3111 4632 in
3138 4578 3335 4649 quibus
3360 4575 3444 4632 vel

181 4682 263 4737 vel
318 4682 448 4752 plus
484 4683 718 4735 donatur
770 4681 951 4749 rebus,
1009 4696 1170 4749 quam
1222 4680 1415 4737 merita
1443 4689 1764 4751 exposcunt,

182 4773 264 4827 vel
295 4772 647 4829 subtrahitur
684 4772 893 4827 meritis
938 4772 1082 4841 quod
1130 4770 1382 4826 debetur.
1426 4772 1639 4837 Quanto
1680 4787 1768 4828 re-

182 4865 324 4919 ctius
354 4871 588 4933 agerent
616 4864 1012 4917 obtrectatores
1038 4862 1151 4926 isti,
1169 4862 1214 4917 si
1239 4862 1444 4931 absque
1469 4862 1574 4917 ulla
1596 4863 1765 4918 animi

182 4956 581 5026 praeventione,
635 4952 749 5025 (26)
787 4969 911 5008 cum
969 4953 1117 5007 omni
1160 4952 1429 5024 religione
1488 4954 1761 5017 veritatis,

181 5063 345 5118 quam
387 5047 640 5101 omnibus
669 5045 933 5115 proximis
963 5045 1167 5100 nostris
1204 5060 1326 5099 cum
1362 5044 1631 5100 charitate
1670 5044 1763 5112 ju-

182 5140 383 5197 hemur
414 5140 745 5210 expendere,
779 5138 1146 5207 intelligerent
1187 5146 1243 5190 et
1285 5136 1458 5205 ipsum
1490 5152 1661 5191 unum
1689 5136 1758 5191 de

252 5237 274 5267 '
297 5233 463 5289 Joan.
495 5232 721 5299 “1,25.
797 5232 819 5263 ’
853 5230 1009 5286 Prov.
1042 5246 1139 5295 xx,
1166 5230 1255 5285 10.

184 5333 390 5387 habent
428 5330 536 5393 alii,
584 5328 921 5393 credidimus,
961 5327 1072 5394 alii,
1115 5327 1512 5391 crediderimus;
1558 5326 1764 5398 reliqua

182 5417 313 5456 vero
347 5411 406 5454 ut
442 5402 495 5453 in
526 5412 694 5455 textu.

254 5471 376 5543 (24)
403 5468 611 5543 Merlini
641 5470 826 5543 editio,
864 5468 1294 5543 philosoylialcm,
1333 5467 1570 5543 quodque
1597 5483 1764 5536 ραι-ω.

185 5537 568 5597 Geiiebrartlus
600 5540 781 5601 habet.
829 5540 1258 5605 pltilosOphicam,
1302 5537 1540 5607 quodque
1594 5554 1761 5607 purw.

184 5611 315 5668 Has.
340 5626 490 5675 vero,
519 5609 900 5678 pltilosOpltam,
926 5609 1065 5678 quod
1093 5625 1190 5679 que
1210 5624 1419 5679 puram.

258 5680 379 5754 (25)
417 5677 586 5749 Alias,
618 5679 733 5750 ejus
764 5677 1005 5745 meritis;
1032 5687 1085 5734 et
1107 5677 1271 5751 paulo
1300 5677 1756 5749 post,prwvidens

187 5762 467 5811 ιιιε,εηε.

257 5821 373 5892 (26)
410 5819 547 5875 Cum
573 5820 721 5892 omni
750 5819 1020 5892 religione.
1052 5818 1182 5876 Haec
1208 5818 1371 5874 verba
1407 5816 1756 5892 reperiuntur

191 5889 244 5946 in
269 5888 461 5957 editis,
488 5891 584 5947 sed
617 5888 948 5946 omittuntur
998 5891 1052 5945 in
1102 5903 1235 5946 mss.
1268 5888 1491 5955 nostris,
1520 5902 1754 5959 quorum

1870 4673 2238 4741 imperitiores
2288 4672 2512 4741 quique,
2567 4670 2675 4736 vel,
2724 4672 2870 4740 quod
2933 4669 3138 4737 verius,
3186 4669 3445 4724 malevoli

1868 4780 2028 4838 posse
2074 4765 2177 4821 sibi
2224 4766 2517 4820 videantur
2564 4762 2766 4818 oil’endi
2821 4780 2835 4816 :
2877 4763 3061 4818 omnia
3090 4763 3308 4833 quidem
3357 4760 3442 4816 illa

1869 4872 1991 4929 quae
2036 4866 2091 4912 et
2134 4857 2431 4921 catholica,
2461 4866 2518 4911 et
2561 4854 2627 4908 ad
2673 4854 3088 4910 aediﬁcationem
3115 4854 3330 4917 animai,
3362 4863 3449 4906 at-

1869 4966 1976 5023 que
2002 4954 2069 5007 ad
2098 4953 2339 5008 scientia:
2364 4949 2783 5006 instructionem
2835 4951 3001 5004 etiam
3056 4950 3160 5019 ipsi
3208 4958 3334 5017 apta
3365 4948 3445 5000 fa-

1874 5054 2080 5111 tentur,
2128 5044 2386 5098 ouiittnnt
2434 5052 2488 5098 et
2529 5044 2842 5113 negligunt;
2894 5056 2994 5095 nec
3049 5040 3252 5109 aliquid
3296 5039 3445 5102 inde,

1872 5134 2017 5189 unde
2049 5143 2277 5204 possunt
2314 5133 2427 5203 (3i)
2454 5141 2509 5187 et
2531 5133 2728 5189 debent
2754 5133 3015 5201 prolicere
3042 5148 3056 5197 ;
3088 5146 3152 5185 ea
3181 5145 3309 5185 vero
3328 5126 3442 5183 sola

1869 5324 2056 5395 postea
2078 5324 2324 5395 plerique
2352 5325 2554 5380 habent
2597 5325 2875 5389 veritatis;
2910 5338 3014 5379 ms.
3045 5330 3177 5376 vero
3215 5319 3443 5392 Regius,

1866 5395 2159 5449 veritatem.

1961 5464 2053 5532 27)
2094 5464 2250 5519 Mihi.
2281 5463 2609 5519 Restituitnr
2630 5479 2696 5518 ex
2733 5479 2832 5519 ms.
2863 5461 3205 5519 Corheiensi.

1961 5467 2053 5532 27)
2094 5467 2250 5519 Mihi.
2281 5467 2609 5519 Restituitnr
2630 5479 2696 5518 ex
2733 5479 2832 5519 ms.
2863 5467 3205 5519 Corheiensi.

1940 5467 2054 5606 (28)
2098 5534 2261 5606 Editi,
2288 5533 2719 5605 prwjudicatrix,
2754 5550 2882 5606 mss.
2916 5532 3297 5606 prmjudicata.

1940 5602 2055 5677 (29)
2095 5604 2265 5677 Editi,
2289 5602 2679 5673 conﬁteantur,
2722 5604 2881 5660 male.
2914 5602 3084 5658 Paulo
3130 5611 3251 5672 post
3281 5614 3440 5666 mss.,

1868 5674 2317 5746 plenujridicitlis.

1935 5744 2051 5816 (30)
2089 5744 2270 5811 Editi,
2314 5743 2483 5800 cladis
2544 5745 2752 5799 incessit
2807 5743 3039 5799 insania.
3087 5740 3244 5808 Mss...
3290 5750 3348 5797 ut
3388 5741 3447 5797 in

1865 5823 2043 5870 textu.

1934 5884 2049 5959 (3i)
2090 5884 2259 5954 Editi,
2287 5895 2335 5941 et
2362 5885 2568 5951 debent,
2594 5884 2850 5955 prolicere
2873 5884 3069 5939 volunt.
3102 5881 3205 5943 Ms.
3237 5880 3439 5938 Sorbe-
