3942 6530
450 462 457 469 ,
527 410 634 467 517

1727 408 1786 465 S.
1828 405 2155 463 PAMPHILI
2195 406 2555 464 MARTYRIS
3653 414 3736 471 5&8

530 543 654 599 qua
681 528 748 583 ad
791 524 1118 582 calumniam
1166 523 1475 594 proﬁciant,
1511 537 1726 579 summo
1766 525 1946 580 studio
1993 524 2110 580 edi-
2137 530 2182 587 Α
2211 524 2529 594 gentilibus,
2583 532 2953 595 quantamque
3004 526 3276 583 haereticis
3328 526 3735 597 prtebeant,cum

528 630 724 677 scunt:
767 618 940 689 utqui
986 616 1110 672 boni
1159 614 1294 671 nihil
1319 630 1556 685 unquam
1590 615 1734 672 forte
1763 615 2101 683 didicerunt,

529 714 644 768 hzee
673 726 794 782 quae
828 710 924 780 ipsi
966 723 1072 763 non
1130 722 1251 763 esse
1304 708 1447 762 bona
1473 707 1681 773 dicunt,
1710 708 1958 776 apprime
1990 724 2107 762 me-

526 807 714 859 moria:
740 802 1024 857 retinenda
1065 801 1489 855 commendent:
1518 815 1626 870 quo
1644 799 1901 855 videlicet
1932 816 2108 870 prom-

524 897 670 966 ptius
701 911 765 950 ea
791 896 1153 964 prol‘erentes,
1192 893 1307 963 ('52)
1338 893 1695 948 exercitatius
1723 893 1943 950 valeant
1972 909 2105 949 con-

525 986 753 1041 cinnare
778 985 1106 1040 calumnias.
1160 985 1323 1038 Aliud
1364 1000 1581 1055 quoque
1615 994 1701 1040 est
1747 1000 1917 1055 genus
1938 986 2107 1041 homi-

524 1092 651 1131 num
681 1074 884 1133 fmdltm
919 1091 1052 1130 sane
1090 1084 1145 1129 et
1171 1084 1347 1144 turpe,
1378 1084 1643 1143 quantum
1672 1075 1785 1146 (55)
1816 1077 1881 1131 ad
1920 1079 2107 1145 prohi-

526 1177 693 1222 tatem
731 1167 976 1237 pertinet
1030 1181 1266 1229 morum,
1302 1167 1397 1220 sed
1437 1167 1507 1220 ad
1536 1165 1978 1220 calumniantium
2015 1180 2107 1221 ve-

523 1260 851 1322 hementius,
887 1270 940 1313 et
984 1258 1180 1312 tetrius
1236 1257 1303 1311 ad
1335 1258 1719 1321 iucusandum,
1763 1272 1901 1327 quos
1930 1255 2102 1312 Graeci

523 1352 636 1424 (54)
668 1350 1088 1422 φαγολοιδόρους
1137 1349 1479 1419 appellarunt
1520 1368 1533 1403 :
1572 1349 1663 1417 qui
1693 1364 1964 1405 summum
1992 1350 2108 1419 qui-

523 1445 647 1500 dem
678 1444 940 1509 studimn,
990 1443 1086 1498 sed
1131 1453 1181 1496 et
1218 1442 1352 1497 satis
1394 1442 1661 1495 intentam
1702 1456 1924 1511 operam
1950 1442 2106 1498 libris

528 1534 645 1602 ejus
697 1534 990 1597 dederunt,
1046 1533 1116 1587 ita
1161 1541 1217 1585 ut
1263 1541 1319 1585 et
1362 1531 1626 1601 magistro
1670 1546 1736 1585 eo
1768 1532 1821 1586 in
1852 1533 2105 1588 omnibus

522 1634 830 1691 uterentur,
883 1634 938 1680 et
989 1640 1050 1679 se
1096 1624 1145 1679 ei
1198 1633 1459 1691 tanquam
1502 1623 1768 1693 speciales
1808 1624 2105 1693 discipulos

522 1718 904 1787 manciparent
932 1718 1058 1771 :sed
1087 1716 1176 1769 ubi
1211 1715 1279 1769 ad
1315 1716 1364 1769 id
1394 1714 1493 1769 loci
1527 1724 1746 1769 ventum
1779 1726 1889 1783 est,
1917 1716 2103 1784 utjam

521 1824 582 1865 se
631 1810 917 1879 magistros
967 1807 1160 1861 malint
1225 1823 1388 1877 quam
1447 1806 1746 1875 discipulos
1805 1809 2100 1874 nominari,

2211 628 2305 669 eos
2331 629 2467 684 quos
2494 625 2797 671 assertores
2841 616 3139 672 Christiani
3180 619 3445 688 dogmatis
3487 629 3539 674 et
3579 621 3737 677 defen-

2210 717 2368 757 sores
2401 705 2688 772 putabant,
2716 705 2983 763 confutari
3013 724 3155 764 nunc
3178 709 3421 770 videant,
3459 719 3512 764 et
3540 710 3638 778 (59)
3668 728 3737 765 re-

2208 794 2316 850 felli
2348 811 2376 848 a
2412 796 2671 865 propriis,
2695 807 2750 851 et
2782 798 2928 851 velut
2955 799 3099 853 civili
3136 800 3276 854 bello
3304 800 3570 870 gaudeant
3596 801 3741 870 impuo

2207 896 2453 956 gnatum,
2478 900 2639 955 quem
2672 886 2770 956 ipsi
2802 887 3077 943 hostiliter
3106 890 3429 958 impugnare
3467 905 3565 942 non
3612 901 3734 960 pote-

2207 987 2348 1034 rant.
2394 978 2660 1046 Quoniam
2692 996 2820 1052 ergo
2849 982 3235 1052 quamplurimi
3267 998 3332 1037 ex
3368 983 3741 1052 simplicioribus

2208 1070 2513 1140 quibusque
2550 1072 2817 1127 fratribus
2851 1089 2879 1127 a
2920 1090 3085 1143 supra
3133 1074 3298 1130 dictis
3345 1076 3620 1139 laeduntur,
3655 1078 3743 1149 (40)

2208 1177 2311 1217 non
2340 1163 2516 1217 solum
2570 1165 2636 1218 de
2690 1164 2778 1220 his
2820 1167 2912 1233 qui
2956 1167 3021 1222 de
3062 1167 3178 1236 ipso
3220 1167 3362 1227 male
3395 1168 3640 1231 sentiunt,
3669 1172 3743 1225 sed

2206 1256 2368 1309 etiam
2406 1257 2472 1310 de
2499 1256 2584 1312 his
2614 1258 2706 1327 qui
2737 1259 2919 1312 studio
2947 1260 3188 1314 scientia:
3218 1259 3741 1330 etintelligendarum

2210 1345 2619 1415 Scripturarum
2677 1347 2821 1401 inter
2875 1359 3106 1404 caeteros
3158 1349 3331 1411 libros
3397 1350 3555 1403 etiam
3608 1352 3743 1420 ipsius

2206 1437 2412 1505 scripta
2463 1438 2829 1507 conspiciunt,
2875 1440 2950 1494 ita
2998 1450 3055 1493 ut
3099 1440 3208 1512 (41)
3270 1456 3371 1495 vos
3421 1455 3627 1509 quoque
3664 1444 3742 1510 ipsi

2206 1528 2262 1585 iu
2292 1531 2515 1609 dubium
2549 1531 2830 1595 veneritis,
2882 1547 2949 1587 ne
2987 1530 3132 1588 forte
3182 1533 3266 1587 vel
3323 1533 3640 1588 multitudini
3680 1535 3742 1590 vel

2205 1623 2517 1679 auctoritati
2552 1624 3006 1678 calumniatorum
3051 1626 3186 1680 ﬁdes
3213 1626 3410 1680 debeat
3441 1626 3668 1681 adhiberi
3693 1628 3743 1680 de

2206 1714 2295 1770 his
2324 1731 2446 1785 qua:
2472 1717 2673 1786 passim
2710 1716 2832 1772 sine
2862 1716 2971 1771 ullo
3008 1729 3261 1788 respectu
3296 1717 3742 1773 diﬂ‘amanturzri-

2204 1822 2325 1861 sum
2362 1808 2515 1863 nobis
2554 1817 2659 1873 est,
2696 1810 2872 1877 primo
2897 1811 3120 1880 quidem
3171 1826 3372 1865 curare
3418 1811 3739 1879 suspicionem

527 1900 616 1955 ubi
650 1899 767 1971 (55)
802 1899 1067 1954 auditoris
1094 1899 1315 1969 plausus
1343 1899 1543 1953 sectari
1575 1909 1788 1969 coeptus
1818 1909 1924 1963 εει,
1958 1902 2031 1955 ibi
2051 1902 2095 1956 si
2132 1914 2172 1968 Β
2204 1907 2473 1965 vestram;
2527 1899 2688 1954 simul
2726 1902 2890 1955 etiam
2927 1917 3024 1970 per
3046 1902 3391 1957 occasionem
3446 1902 3622 1965 vestri,
3648 1916 3740 1955 om.

527 1992 667 2046 forte
701 1990 899 2056 aliquis
944 1990 1281 2044 audientium
1344 2004 1465 2058 quae
1514 1988 1804 2043 laudantur
1851 1991 2103 2060 Origenis

521 2084 1170 2147 esseobmurmuraverit,
1202 2097 1271 2136 ne
1291 2082 1374 2137 vel
1413 2082 1572 2136 laude
1600 2084 2099 2153 cedantmagistro,

520 2173 605 2228 vel
636 2173 809 2241 culpa:
824 2173 1056 2243 judicio,
1080 2172 1316 2228 alienum
1354 2188 1477 2228 esse
1505 2173 1793 2244 Origenem
1842 2175 2102 2229 continuo

520 2272 915 2334 protestantur,
951 2263 1085 2318 nihil
1122 2263 1226 2318 sibi
1259 2279 1379 2319 cum
1426 2265 1597 2335 ipsius
1647 2264 1897 2319 doctrina
1949 2280 2102 2321 com-

521 2370 684 2411 mune
707 2369 828 2411 esse
860 2355 1210 2410 conﬁrmant.
1259 2357 1568 2411 Anathema
1630 2372 1848 2426 quoque
1897 2357 2099 2420 dicere,

519 2462 645 2502 eum
699 2463 807 2503 non
854 2446 1105 2502 dubitant
1160 2447 1428 2518 improbe,
1473 2458 1529 2503 et
1574 2449 1780 2504 inferre
1811 2449 2098 2504 maledicta

526 2552 635 2592 non
676 2547 949 2606 parcunt;
1004 2554 1074 2593 ne
1123 2538 1276 2592 illum
1329 2539 1549 2608 quidem
1590 2540 1946 2609 apostolicum
1991 2556 2103 2595 ser-

530 2643 744 2682 monem
780 2638 1041 2684 verentes
1088 2645 1196 2698 quo
1231 2630 1504 2700 designat,
1539 2631 1667 2700 quia
1716 2632 1964 2687 maledici
2014 2649 2101 2687 rc-

522 2736 690 2790 gnum
742 2719 839 2775 Dei
893 2736 999 2775 non
1058 2721 1413 2791 possidebunt
1452 2722 1520 2779 ¹⁸.
1561 2723 1622 2776 In
1668 2732 1876 2777 tantum
1917 2732 2097 2777 autem

519 2812 739 2877 horum,
790 2813 856 2867 de
910 2814 1110 2881 quibus
1163 2812 1275 2883 (56)
1326 2828 1490 2883 supra
1524 2813 1783 2877 diximus,
1813 2828 2097 2882 progressa

518 2903 723 2957 malitia
753 2913 860 2970 est,
892 2914 950 2958 ut
984 2904 1206 2971 quidam
1243 2904 1409 2957 etiam
1444 2905 1806 2959 conscribere
1834 2905 2098 2960 adversus

519 2997 791 3051 eumausi
820 2998 953 3061 sint,
983 3007 1036 3051 et
1073 2995 1273 3051 libellis
1327 2997 1489 3052 editis
1542 2997 1808 3068 derogare
1856 2998 1906 3052 ei
1958 2998 2096 3062 viro,

519 3087 611 3157 qui
643 3102 738 3157 per
772 3096 850 3141 tot
897 3102 1072 3142 annos
1126 3088 1391 3157 magister
1424 3086 1682 3142 Ecclesia:
1731 3087 1853 3153 iuit,
1902 3087 1994 3158 qui
2044 3090 2096 3141 in

522 3176 767 3234 Ecclesia
810 3178 1245 3266 (37)'catholica
1299 3180 1500 3242 senuit,
1550 3180 1641 3248 qui
1696 3180 1959 3234 adversus
2005 3194 2097 3233 eas

2212 1988 2357 2040 nium
2383 1989 2472 2057 qui
2507 1990 2557 2042 ei
2589 1990 2903 2045 obtrectant
2928 1992 3216 2046 confutare
3258 1991 3585 2047 calumnias.
3621 1991 3741 2057 Quod

2211 2080 2281 2131 ita
2325 2080 2483 2134 nobis
2523 2083 2780 2152 prosequi
2831 2086 3032 2138 rectius
3076 2085 3250 2137 visum
3293 2094 3405 2148 est,
3447 2083 3555 2154 (i2)
3588 2093 3742 2138 utnon

2209 2171 2410 2225 nostris
2440 2173 2620 2227 verbis
2669 2182 2723 2227 et
2767 2175 3162 2229 assertionibus
3207 2174 3581 2230 defensionem
3623 2188 3743 2243 pare-

2211 2276 2356 2326 tnus,
2407 2262 2500 2317 sed
2551 2276 2615 2316 ex
2664 2248 2782 2319 suis
2832 2264 3069 2334 propriis
3125 2265 3377 2331 vocibus,
3429 2264 3617 2335 quibus
3656 2267 3742 2335 ipse

2209 2352 2388 2406 aliena
2444 2352 2548 2407 sibi
2597 2355 2714 2409 haec
2756 2369 2901 2419 esse,
2942 2372 3063 2425 qua:
3112 2357 3198 2411 i'sti
3245 2357 3529 2421 objiciunt,
3568 2356 3742 2426 proprio

2208 2458 2461 2499 sermone
2489 2454 2742 2512 testatur,
2778 2446 2829 2500 id
2854 2455 2959 2512 est,
2991 2463 3152 2502 omne
3185 2448 3449 2517 quidquid
3482 2458 3660 2517 praeter
3694 2448 3740 2500 lio

2209 2536 2331 2589 dem
2380 2537 2704 2592 catholicam
2742 2540 3093 2608 praedicatur:
3127 2541 3252 2610 quia
3287 2542 3335 2595 si
3372 2542 3567 2596 nostris
3595 2541 3740 2595 verbis

2208 2626 2321 2681 haec
2390 2642 2634 2683 asserere
2685 2630 2936 2694 velimus,
2996 2631 3359 2697 suspiciosum
3426 2631 3587 2686 videri
3636 2628 3742 2683 forte

2208 2720 2396 2788 possit,
2451 2736 2520 2775 eo
2570 2724 2713 2790 quod
2763 2736 2864 2776 nos
2902 2737 3089 2777 amore
3138 2722 3252 2792 (45)
3297 2724 3418 2791 ejus
3444 2722 3486 2776 si
3521 2721 3633 2790 quid
3656 2721 3741 2789 ipse

2209 2826 2373 2880 prave
2414 2813 2647 2866 senserit
2678 2813 3062 2868 celaverimus.
3102 2813 3202 2868 Ubi
3255 2826 3441 2868 autem
3472 2814 3581 2883 ejus
3610 2811 3742 2880 ipsius

2206 2903 2296 2972 qui
2323 2914 2618 2959 accusatur
2642 2907 2869 2960 vocibus
2906 2907 3132 2972 utimur,
3185 2917 3239 2962 et
3285 2908 3353 2961 ad
3393 2921 3575 2960 omnes
3622 2901 3740 2970 obje—

2216 2995 2423 3053 CIiones
2470 3010 2848 3051 accusatorum
2881 2998 2996 3052 suis
3048 2999 3228 3053 verbis
3269 3015 3420 3062 eum,
3457 3014 3555 3051 non
3594 3005 3740 3049 nostra

2206 3087 2530 3153 assertione,
2594 3088 2957 3154 defendimus,
3014 3104 3135 3158 qua:
3207 3091 3349 3144 ultra
3413 3088 3626 3158 relinqui
3669 3101 3740 3155 po-

2207 3186 2313 3231 test
2339 3177 2454 3247 (M)
2480 3179 2882 3232 criminationis
2919 3182 3157 3244 occasio,
3192 3180 3390 3235 saltem
3426 3180 3508 3235 his
3531 3179 3647 3245 ipsis
3670 3176 3738 3244 qui

521 3270 777 3336 haereses,
802 3284 923 3338 qua:
954 3269 1047 3324 illo
1076 3279 1323 3338 tempore
1345 3268 1649 3324 Ecclesium
1684 3270 2094 3340 impugnabant,
2124 3277 2166 3334 ο
2204 3284 2308 3322 non
2348 3269 2458 3323 veri
2491 3270 2694 3333 studio,
2723 3270 2816 3323 sed
2849 3272 2991 3326 velut
3018 3273 3240 3327 libidine
3261 3272 3498 3341 quadam
3527 3266 3736 3339 culpandi

520 3360 594 3413 ita
639 3370 979 3424 constanter,
1044 3359 1115 3412 ita
1178 3358 1394 3413 fortiter
1444 3360 1747 3424 dimicavit,
1801 3368 1858 3413 ut
1912 3360 2096 3413 omnia

524 3466 714 3507 eorum
778 3453 1059 3507 diabolica:
1103 3455 1526 3509 machinationis
1575 3453 1923 3509 fundamenta
1974 3456 2104 3508 sub.

518 3543 770 3605 verterit,
801 3558 911 3596 non
938 3544 1249 3597 studiorum
1278 3544 1542 3611 laborem,
1579 3560 1685 3598 non
1715 3546 2099 3611 continentiae,

521 3638 629 3689 non
655 3635 1036 3701 institutionis,
1065 3651 1171 3689 non
1204 3636 1549 3702 humilitatis;
1580 3652 1701 3705 qua:
1741 3651 1906 3707 super
1934 3646 2099 3691 caete-

520 3734 613 3782 ras
638 3742 829 3781 omnes
860 3728 1092 3782 virtutes
1112 3726 1229 3796 ejus
1248 3729 1543 3782 maximam
1569 3730 1801 3799 gratiam
1833 3731 2096 3794 continet,

521 3832 629 3871 non
655 3817 785 3871 illud
823 3827 973 3873 certe
1004 3818 1420 3874 considerantes
1465 3823 1609 3888 quod
1646 3821 1971 3891 presbyterii
2019 3821 2100 3874 di-

519 3908 725 3977 gnitate
751 3909 804 3963 in
838 3910 1079 3965 Ecclesia
1111 3911 1411 3965 honoratus
1440 3924 1544 3965 est.
1574 3912 1705 3977 Quae
1725 3911 1772 3965 si
1804 3912 1987 3965 omnia
2021 3912 2087 3964 ad

522 4002 887 4055 revocandam
936 4001 1199 4070 linguam.
1266 4004 1846 4073 comprimendumque
1895 4017 2103 4057 sermo-

521 4108 645 4147 nem
689 4095 941 4149 snflicere
994 4110 1099 4149 non
1154 4106 1401 4164 possunt,
1456 4095 1584 4149 illud
1633 4094 1824 4151 saltem
1859 4105 2102 4150 contem-

517 4184 657 4254 plari
700 4186 1019 4252 debuerant,
1062 4198 1324 4256 quantum
1381 4188 1498 4258 (58)
1553 4186 1767 4242 ridendi
1815 4191 2100 4242 materiam

564 4394 565 4397 η
595 4348 693 4420 "‘l
725 4351 956 4422 Cor.:vr,
988 4352 1077 4407 10.

2202 3373 2418 3427 semper
2465 3360 2773 3428 agitantur?
2823 3361 2890 3414 Et
2922 3362 3179 3430 quoniam
3211 3362 3277 3416 de
3306 3377 3375 3417 co
3425 3377 3561 3416 nunc
3597 3372 3740 3414 sermo

2202 3458 2305 3513 est,
2357 3450 2449 3518 qui
2501 3452 2689 3519 utique
2731 3453 2873 3521 apud
2924 3452 3176 3508 homines
3231 3453 3522 3508 defunctus
3551 3460 3641 3515 est,
3666 3448 3736 3519 qui

2204 3542 2345 3611 apud
2384 3542 2498 3613 (45)
2540 3557 2729 3597 onmes
2775 3543 2992 3613 judices
3043 3559 3141 3613 pro
3190 3544 3448 3599 defuncto
3496 3544 3668 3598 fortius
3699 3549 3739 3594 et

2207 3633 2418 3689 ﬁrmius
2465 3634 2647 3689 valere
2695 3636 2877 3703 debet,
2923 3651 3088 3706 quam
3136 3646 3192 3691 et
3233 3636 3455 3701 litterae,
3488 3647 3538 3690 et
3576 3634 3737 3703 scripta

2207 3723 2448 3779 defuncti
2473 3724 2497 3779 ἲ

2277 3817 2603 3886 lncipientes
2657 3819 2822 3890 igitur
2889 3820 3105 3876 indiciis
3172 3822 3500 3890 scriptorum
3556 3831 3737 3874 suorum

2208 3910 2501 3964 ostendere
2530 3912 2660 3980 quid
2706 3914 2771 3966 de
2808 3912 3037 3980 singulis
3077 3914 3333 3977 senserit,
3370 3929 3434 3967 ex
3468 3914 3547 3967 his
3585 3907 3737 3979 praeci-

2206 4018 2314 4072 pue
2369 4003 2529 4058 libris
2595 4005 2906 4059 testimonia
2957 4004 3432 4074 congregabimus,
3485 4002 3589 4074 (Mi)
3633 4013 3738 4069 quos

2211 4107 2559 4153 accusatores
2584 4097 2701 4167 ejus
2734 4113 2895 4167 quam
2921 4097 3157 4151 maxime
3183 4096 3558 4160 criminantur,
3589 4094 3632 4147 id
3655 4101 3737 4154 est,

2209 4205 2347 4259 quos
2402 4206 2502 4262 per
2551 4192 2788 4262 spatium
2830 4199 2888 4245 et
2923 4191 3163 4261 quietem
3210 4191 3262 4245 in
3295 4199 3507 4247 secreto
3536 4184 3737 4243 conscri-

517 4492 696 4573 nicus,
740 4502 814 4573 et_
837 4495 1024 4549 debent
1068 4497 1343 4567 proﬁcere,
1394 4508 1692 4552 assumunt.
1729 4496 1925 4552 Caeteri
1965 4512 2092 4573 vero
2120 4512 2171 4573 ι)
2199 4495 2648 4573 mss_.upl_erique,
2700 4494 2868 4573 ipsius
2894 4494 3102 4573 scripta
3135 4493 3445 4561 conﬁciunt,
3482 4491 3625 4573 male.

518 4566 678 4628 tnSS.,
709 4572 767 4617 ut
803 4565 854 4618 in
888 4576 1063 4620 textu.

590 4614 1152 4706 (EQ—hlerlini‘editio
1182 4651 1466 4706 perperam
1503 4638 1690 4704 habet,
1737 4639 1966 4691 exterius
2000 4614 2114 4691 υιι-Δ

519 4702 661 4757 leant
686 4702 995 4785 continuare
1027 4702 1344 4762 calumnias.
1378 4702 1740 4785 Mssahabe‘nt
1780 4709 2089 4774 exercitius,

522 4784 619 4842 pro
649 4776 1008 4841 exercitatius,
1033 4786 1232 4830 caetera
1264 4793 1396 4832 vero
1424 4788 1482 4831 ut
1511 4778 1563 4831 in
1604 4788 1770 4832 textu.

594 4843 705 4915 (55)
745 4844 1143 4915 Genebrardus,
1169 4847 1238 4900 ad
1261 4849 1642 4915 probationem,
1699 4847 1860 4901 male.

594 4913 708 4984 (54)
751 4913 825 4968 lta
883 4916 1162 4983 legendum
1212 4913 1444 4971 videtur.
1491 4917 1699 4971 Merlini
1752 4933 1882 4971 vero
1927 4917 2093 4971 editio

525 4985 818 5059 μάστιγας.
849 4986 1028 5059 Codex
1068 4987 1426 5059 S_orhon_icus,
1454 4987 1945 5059 Phangoloedoros.
1978 4988 2095 5042 Ca:-

523 5057 619 5126 teri
656 5072 790 5126 mss.
818 5066 872 5109 et
892 5057 1047 5121 editi,
1076 5056 1527 5126 Phagoloedoros.

590 5124 707 5198 ('55)
748 5124 874 5180 Mss.
903 5127 1147 5198 quidam,
1177 5124 1530 5193 auditoribus,
1560 5128 1632 5182 al.
1666 5128 1729 5181 ab
1762 5128 2094 5181 auditoribus

522 5195 618 5268 [alL
651 5196 1007 5269 auditorum).
1060 5197 1264 5251 Deinde
1312 5198 1472 5253 iidem
1517 5215 1673 5265 mss.,
1717 5198 1910 5269 aliquis
1941 5213 2095 5250 acce-

521 5268 846 5320 dentium...
871 5268 1303 5321 obmurmuravit.

592 5337 703 5407 (56)
747 5336 940 5409 Supra.
972 5338 1135 5409 Deest
1169 5338 1222 5391 in
1255 5338 1437 5404 editis,
1465 5346 1519 5393 et
1540 5339 1820 5409 suppletur
1850 5353 1915 5393 ex
1961 5351 2094 5392 mss.

591 5409 705 5477 (57)
747 5407 1043 5462 Catholica.
1075 5408 1523 5463 Praetermittitur
1552 5407 1809 5463 in'edttis.

592 5477 705 5545 (58)
758 5478 897 5532 Editi
938 5479 1241 5543 irridendi;
1286 5479 1480 5535 deinde
1519 5479 1926 5542 Genebrardus,
1989 5477 2090 5529 tri-

521 5546 682 5600 buant
709 5564 806 5617 pro
862 5548 1125 5620 prwbeant
1151 5564 1168 5602 :
1192 5561 1246 5603 et
1272 5550 1433 5618 paulo
1477 5559 1600 5620 post
1637 5566 1738 5603 ms.
1765 5565 1903 5604 unus
1935 5549 2099 5602 habet

518 5628 703 5683 putant
738 5634 835 5686 pro
868 5619 1145 5686 putabant.

612 5686 702 5761 fit!)
745 5690 819 5761 l‘ta
850 5689 1153 5752 mss.,ctliti
1191 5703 1341 5756 vero,
1379 5690 1577 5761 repelli.

613 5750 701 5825 40)
740 5750 830 5810 Sic
854 5750 999 5812 recte
1030 5773 1161 5813 mss.
1200 5750 1660 5827 quidamICzeteri
1682 5775 1830 5825 vero,
1864 5768 1918 5813 et
1940 5757 2095 5821 editi,

521 5842 621 5887 non
647 5826 816 5880 solum
840 5839 893 5881 ut
918 5828 1013 5899 (al.
1030 5826 1353 5899 qtti]deipso
1376 5831 1511 5885 male
1528 5833 1775 5887 sentiant.
1799 5832 1963 5886 l’aulo
1980 5838 2100 5899 post

2270 4558 2399 4637 (4|)
2425 4558 2634 4618 Merlini
2667 4558 2857 4637 editio,
2887 4564 2964 4616 ita
3005 4558 3062 4637 ut
3090 4581 3187 4637 nos
3206 4636 3211 4637 γ
3232 4558 3440 4637 quoque
3478 4563 3569 4637 ipsi
3591 4560 3635 4613 in
3660 4558 3736 4637 dn-

2195 4628 2337 4689 biunt
2360 4628 2674 4705 petierimus,
2702 4650 2765 4705 ne
2793 4628 2929 4703 forte
2954 4634 3028 4689 vel
3060 4628 3459 4705 multitudini...
3482 4628 3645 4705 debeat
3667 4628 3735 4705 ati-

2192 4706 2381 4759 hiberi.
2438 4703 2539 4757 Ms.
2592 4696 2926 4758 So'rbon'icus
2976 4715 3029 4760 ct
3082 4700 3141 4760 S.
3202 4703 3481 4757 Michaelis
3530 4702 3573 4753 in
3616 4696 3733 4751 Peri-

2194 4778 2316 4831 culo
2348 4776 2538 4836 maris,
2558 4776 2799 4827 timentes
2828 4785 2882 4826 ut
2907 4785 2953 4828 et
2989 4791 3076 4827 vos
3108 4788 3312 4844 quoque
3344 4774 3444 4842 ipsi
3470 4775 3520 4826 in
3546 4770 3730 4844 dubiant

2194 4846 2457 4908 veniretis,
2493 4861 2556 4897 ne
2581 4846 2716 4911 forte
2752 4856 2807 4897 ut
2840 4840 3245 4915 multitudini...
3270 4840 3479 4897 deberet
3510 4840 3729 4915 adhiberi.

2194 4916 2388 4987 Caneri
2425 4930 2584 4980 mss.,
2612 4926 2667 4966 ut
2694 4932 2789 4987 nos
2822 4931 3027 4987 quoque
3058 4914 3157 4980 ipsi
3186 4917 3239 4967 in
3269 4915 3482 4987 dubium
3514 4914 3729 4987 uentrtltf.

2196 5003 2259 5039 ne
2294 4986 2429 5055 forte
2460 4976 3016 5038 aut'tnultitutiiniI...
3054 4976 3260 5055 deberet
3295 4982 3545 5055 adhiberi.
3565 4976 3731 5055 _l_)ril_ttlt_3

2196 5047 2349 5117 editi,
2383 5057 2581 5123 passim
2632 5063 2679 5107 et
2724 5056 2834 5108 sine
2886 5064 3140 5123 respectu.
3198 5053 3367 5107 l’aulo
3412 5060 3528 5123 post
3561 5047 3727 5101 Merlini

2198 5126 2387 5189 editio,
2418 5126 2769 5193 suspicionem
2790 5136 3047 5191 nostram,
3090 5125 3249 5177 simul
3290 5125 3450 5176 etiam
3496 5135 3581 5189 per
3609 5129 3728 5168 orca-

2198 5196 2399 5249 sionem
2432 5198 2624 5253 nostri,
2659 5205 2766 5247 etc.

2270 5265 2569 5338 (‘2)__MSS-
2618 5265 2952 5338 Sorbonicus
2997 5274 3051 5318 et
3106 5263 3520 5338 S.A_hlichaelis,
3568 5265 3725 5309 utnon

2201 5333 2376 5389 nostri
2405 5334 2497 5406 (al.
2531 5333 2713 5406 vestri]
2750 5335 2887 5388 verbi
2911 5336 3313 5399 assertionibus,
3343 5346 3447 5389 etc.
3520 5400 3533 5406 _

2272 5406 2385 5476 (43)
2405 5396 2587 5475 'Ejus,
2614 5415 2669 5458 et
2693 5396 2857 5476 paulo
2887 5416 3029 5473 post,
3056 5407 3277 5467 utimur,
3304 5396 3494 5458 desunt
3520 5400 3568 5452 in
3582 5396 3723 5450 editis.

2273 5475 2385 5547 (44)
2431 5476 2505 5528 Ita
2547 5489 2677 5529 mss.
2718 5475 2855 5528 Εὐιιὶ
2896 5492 3044 5536 vero,
3072 5476 3554 5547 criminatoribus._
3608 5536 3636 5547 __

2275 5536 2388 5618 (45)
2430 5547 2519 5599 Sic
2563 5558 2707 5618 recte
2737 5559 2868 5618 mss.
2902 5547 3043 5601 Editi
3072 5559 3224 5606 vero,
3256 5547 3489 5597 homines
3528 5536 3721 5609 judices.

2202 5614 2475 5687 Mcrliiiuisi
2498 5616 2698 5669 omittit
2724 5614 2951 5684 judices.
3388 5684 3397 5687 Α
3584 5678 3593 5687 ,

2276 5688 2390 5751 (46)
2433 5686 2562 5741 Mss.
2591 5675 2789 5760 nostri,
2816 5703 2933 5755 qua:
2972 5695 3328 5760 accusatores“
3350 5684 3545 5760 ejus...
3580 5675 3623 5727 id
3650 5678 3722 5760 ξξξς

2202 5734 2327 5828 quis;
2344 5734 2802 5824 };'t:r"£,}t}titlrii
2818 5734 2949 5814 ’παῖε
2970 5734 3273 5826 gstitat:
3285 5734 3605 5811 sentem...
3622 5734 3723 5797 eunt

2204 5838 2262 5882 ut
2292 5827 2342 5882 in
2378 5836 2550 5881 textu.
