3942 6512
76 410 81 415 ⁷
140 394 263 475 ’5³9

1366 397 1708 457 APOLOGIA
1748 395 1886 453 PRO
1920 391 2229 452 ORIGENE

3326 387 3436 447 δειὸ

150 535 269 607 psit
293 551 311 590 :
332 534 436 590 hos
454 532 601 589 enim
631 519 886 585 asserunt
908 525 1145 589 maxime
1174 540 1203 578 a
1234 522 1623 595 prmdicatioue
1652 538 1743 577 ec-
1775 528 1814 578 Α
1843 517 2011 581 Enos,
2040 517 2248 583 Euoch,
2300 512 2437 580 Noe,
2487 512 2636 579 Sem,
2671 512 2984 607 fabraham,
3036 511 3209 576 lsaac,
3236 509 3429 577 Jacob,

148 616 462 680 clesiastica
488 621 833 690 discrepare:
862 633 928 673 ex
955 617 1039 673 his
1063 616 1335 686 praecipue
1378 614 1558 677 libris,
1604 629 1744 683 quos

146 714 295 784 Περὶ
316 712 525 784 ἀρχῶν
572 711 894 775 attitulavit,
934 710 985 764 in
1019 708 1219 779 quibus
1264 707 1662 778 quamplurima
1710 720 1739 759 a

142 806 645 862 calumniatoribus
679 806 1023 859 iucusantur.
1059 800 1113 854 In
1151 800 1235 855 his
1279 814 1413 870 ergo
1456 797 1569 869 (47)
1612 798 1743 867 ipsis

148 897 297 950 inter
332 896 600 967 principia
631 894 775 966 quali
806 893 1151 963 expositione
1182 891 1307 945 fidei
1342 906 1471 945 usus
1504 891 1574 944 sit
1615 904 1742 959 pro-

148 987 396 1042 feremus
430 1005 443 1041 :
484 996 596 1041 tum
632 986 831 1041 deinde
883 995 938 1040 et
978 1000 1047 1041 ex
1097 984 1186 1039 his
1234 998 1355 1053 qua:
1386 984 1615 1051 sparsim
1659 983 1739 1037 vel

146 1093 251 1147 per
305 1078 456 1148 ipsos
515 1078 684 1133 libros
732 1077 817 1132 vel
845 1088 1076 1133 caeteros
1114 1077 1311 1141 sensit,
1343 1075 1742 1145 assignabimus

147 1184 280 1223 eum
336 1170 780 1240 praedicationem
850 1169 1203 1240 apostolicam
1275 1168 1595 1224 custodisse.
1644 1168 1743 1223 Est

147 1277 285 1331 ergo
315 1261 477 1318 lectio
513 1279 581 1316 ex
608 1264 785 1332 primo
813 1263 952 1318 libro
992 1264 1132 1333 Περὶ
1151 1262 1373 1333 ἀρχῶν,
1425 1277 1586 1332 quam
1610 1276 1739 1331 pro-

146 1353 428 1419 misimus,
454 1353 592 1408 hazc.

796 1445 1024 1502 CAPUT
1065 1445 1106 1500 1.

372 1536 661 1607 Catalogus
696 1537 1071 1593 ecclesiastica:
1106 1538 1524 1607 predicationis.

218 1627 520 1685 Ontceues.
550 1630 665 1701 (48)
703 1648 723 1682 ι
762 1629 918 1684 Sicut
940 1630 1110 1692 enim,
1144 1628 1329 1684 multis
1357 1629 1497 1697 apud
1520 1627 1742 1683 Graecos

136 1731 199 1777 et
237 1724 511 1778 barbaros
558 1722 935 1791 pollicentibus
967 1722 1267 1783 veritatem,
1303 1720 1414 1793 (49)
1443 1722 1741 1777 desivimus

140 1815 295 1880 apud
325 1826 523 1868 omnes
547 1827 665 1867 eam
696 1828 947 1882 quaerere
975 1812 1067 1881 qui
1100 1827 1222 1866 eam
1272 1811 1425 1867 falsis
1471 1812 1739 1883 Opinioni-

1852 610 2138 664 duodecim
2174 609 2637 678 patriarcharum,
2670 605 2873 676 Moysis
2904 613 2961 661 et
2988 606 3383 675 prophetarum
3413 621 3427 658 :

1851 710 1908 755 et
1947 701 2091 769 quod
2132 699 2219 754 hic
2277 700 2419 754 Deus
2457 698 2511 752 in
2558 696 2876 752 novissimis
2905 695 3117 759 diebus,
3156 696 3303 750 sicut
3336 710 3435 763 per

1852 793 2143 862 prophetas
2182 806 2310 846 suos
2360 800 2490 846 ante
2531 789 2881 860 promiserat,
2936 788 3083 843 misit
3133 789 3422 842 Dominum

1850 882 2036 938 Jesum
2078 882 2384 946 Christum,
2411 882 2591 951 primo
2620 880 2839 948 quidem
2868 891 3187 933 vocaturum
3238 878 3430 943 Israel,

1850 974 2089 1028 secundo
2120 986 2250 1026 vero
2299 973 2464 1025 etiam
2514 980 2702 1040 gentes
2751 980 2873 1039 post
2916 972 3202 1039 perlidiam
3249 970 3432 1038 populi

1851 1066 2036 1120 Israel.
2072 1065 2172 1119 Hic
2201 1064 2341 1119 Deus
2369 1065 2548 1133 justus
2578 1075 2632 1119 et
2661 1065 2863 1126 bonus,
2894 1061 3061 1116 Pater
3086 1063 3300 1117 Domini
3330 1076 3433 1117 no-

1857 1161 1958 1215 stri
1984 1157 2113 1214 Jesu
2159 1158 2390 1223 Christi,
2424 1158 2618 1225 legem,
2661 1167 2715 1211 et
2748 1158 3063 1227 prophetas,
3100 1168 3155 1209 et
3191 1157 3434 1227 Evange-

1859 1251 1928 1305 lia
1968 1252 2082 1321 ipsc
2109 1250 2277 1316 dedit,
2312 1251 2405 1319 qui
2433 1260 2487 1305 et
2509 1250 2877 1320 apostolorum
2916 1250 3060 1304 Deus
3100 1259 3203 1315 est,
3246 1258 3300 1304 et
3329 1250 3433 1303 Ve-

1852 1344 1983 1397 teris
2010 1352 2066 1397 et
2105 1342 2236 1397 Novi
2269 1343 2626 1398 'l‘estamenti.
2677 1342 2816 1396 Tum
2860 1342 3060 1396 deinde
3108 1343 3235 1411 quia
3270 1342 3431 1396 Chri-

1848 1442 1964 1488 stus
2012 1432 2172 1489 Jesus
2208 1435 2325 1504 ipse
2374 1435 2469 1503 qui
2517 1435 2686 1499 venit,
2710 1444 2838 1489 ante
2863 1449 3080 1488 onmem
3120 1443 3430 1487 creaturam

1850 1539 2011 1583 natus
2038 1544 2105 1583 ex
2128 1528 2291 1583 Patre
2320 1539 2425 1583 est.
2459 1528 2560 1595 Qui
2605 1544 2728 1584 cum
2758 1529 2811 1582 in
2839 1528 3083 1583 omnium
3121 1529 3433 1582 conditione

1850 1619 1996 1674 Patri
2027 1622 2395 1675 ministrasset
2425 1619 2540 1691 (per
2582 1622 2759 1690 ipsum
2805 1636 3043 1691 namque
3073 1623 3251 1674 omnia
3289 1619 3433 1689 facta

1849 1725 1969 1766 sunt
2002 1714 2045 1743 "
2073 1712 2093 1781 )
2125 1712 2439 1767 novissimis
2478 1714 2812 1783 temporibus
2838 1714 3075 1782 seipsum
3112 1714 3433 1768 exinaniens

1852 1806 2013 1860 homo
2047 1804 2225 1861 factus
2259 1815 2385 1872 est;
2422 1806 2742 1861 incarnatus
2788 1817 2872 1860 est
2914 1821 3039 1860 cum
3070 1805 3211 1861 Deus
3256 1814 3429 1872 esset,

144 1902 250 1952 hus
326 1901 674 1963 asserebant,
728 1910 1083 1969 posteaquam
1146 1900 1483 1955 credidimus
1544 1900 1741 1955 Filium
1773 1894 1816 1948 B
1845 1909 1899 1952 et
1927 1899 2089 1953 homo
2122 1898 2299 1953 factus
2356 1900 2557 1953 mansit
2588 1899 2732 1968 quod
2762 1908 2882 1952 erat
2905 1900 3067 1953 Deus.
3098 1898 3307 1966 Corpus
3344 1912 3435 1954 as-

132 2004 271 2044 essc
300 1990 395 2045 Dei
428 1989 743 2054 Christum,
800 2000 857 2045 et
910 1991 978 2045 ab
1022 1990 1139 2060 ipso
1170 1984 1329 2046 nobis
1359 1989 1500 2044 hanc
1528 1991 1743 2044 disceu-

141 2082 271 2134 dam
320 2096 445 2136 esse
495 2082 867 2150 persuasimus
911 2104 927 2137 :
967 2081 1062 2149 ita,
1088 2097 1209 2136 cum
1245 2081 1399 2136 multi
1426 2082 1535 2137 siut
1566 2084 1657 2152 qui
1684 2098 1743 2138 se

137 2182 343 2241 putant
372 2174 580 2226 sentire
609 2186 732 2241 qua:
763 2171 966 2228 Christi
998 2182 1146 2240 sunt,
1175 2180 1233 2228 et
1265 2173 1510 2227 nonnulli
1543 2187 1735 2228 eorum

134 2264 362 2317 diversa
416 2278 444 2317 a
493 2262 766 2333 prioribus
819 2264 1083 2331 sentiant,
1131 2273 1378 2319 servetur
1409 2278 1540 2319 vero
1568 2264 1745 2319 eccle-

134 2354 370 2412 siastica
426 2352 745 2421 praedicatio
790 2367 891 2422 per
937 2353 1312 2409 successionis
1361 2355 1611 2409 ordinem
1674 2356 1743 2409 ab

136 2448 414 2513 aposmlis
443 2444 665 2509 tradita,
701 2454 756 2500 et
781 2459 956 2515 usque
987 2445 1053 2499 ad
1092 2460 1333 2515 praesens
1380 2446 1434 2499 in
1472 2445 1740 2501 ‘Ecclesiis

138 2552 504 2606 permanens,
556 2536 648 2590 illa
699 2536 812 2591 sola
845 2537 1115 2591 credenda
1146 2546 1229 2591 est
1259 2537 1488 2603 veritas,
1517 2552 1638 2607 quae
1679 2538 1731 2591 in

135 2630 290 2683 nullo
322 2632 395 2683 ab
420 2629 791 2684 ecclesiastica
819 2630 1120 2684 traditione
1169 2630 1474 2684 discordat.
1511 2631 1627 2702 (56)
1675 2631 1743 2684 ll-

136 2720 228 2775 lud
271 2730 462 2775 autem
498 2722 641 2776 scire
683 2729 924 2791 oportet,
976 2722 1236 2792 quoniam
1286 2722 1463 2777 sancti
1510 2725 1741 2791 apostoli

137 2814 305 2868 fidem
347 2812 556 2868 Christi
602 2814 979 2883 praedicantes,
1025 2815 1092 2868 de
1140 2815 1464 2884 quibusdam
1522 2816 1737 2884 quidem

134 2920 491 2976 quaecunque
538 2905 851 2960 necessaria
907 2906 1262 2959 crediderunt
1316 2907 1570 2959 omnibus
1618 2922 1741 2959 cre-

134 2997 429 3061 dentibus,
478 2997 641 3052 etiam
699 2997 785 3051 his
825 2997 915 3067 qui
961 2998 1231 3068 pigriores
1270 3011 1398 3069 erga
1434 2999 1743 3067 inquisitio-

136 3105 261 3144 nem
336 3089 539 3144 divinte
599 3088 842 3144 scientia).
892 3088 1240 3155 videbantur,
1298 3089 1744 3145 manifestissime

135 3181 520 3246 tradiderunt,
575 3179 844 3235 rationem
906 3180 1120 3235 scilicet
1166 3181 1492 3235 assertionis
1546 3195 1735 3235 eorum

1845 1990 2079 2059 sumpsit
2109 2002 2299 2046 nostro
2346 1992 2567 2059 corpori
2629 1990 2831 2055 simile,
2882 2005 2949 2046 eo
2978 1990 3095 2045 solo
3147 1988 3430 2054 differens,

1844 2084 1987 2153 quod
2014 2092 2172 2136 natus
2215 2097 2281 2136 ex
2336 2081 2561 2152 Virgine
2606 2091 2662 2137 et
2717 2081 2925 2151 Spiritu
2966 2091 3164 2138 sancto
3205 2092 3311 2137 est.
3365 2081 3433 2137 Et

1844 2172 2219 2242 quoniain‘hic
2248 2170 2410 2227 Jesus
2436 2172 2689 2227 Christus
2742 2183 2901 2227 natus
2946 2182 3001 2227 et
3047 2187 3239 2242 passus
3261 2183 3344 2227 est
3376 2174 3432 2228 in

1843 2264 2093 2327 veritate,
2143 2272 2200 2317 et
2252 2278 2358 2317 non
2415 2279 2511 2332 per
2556 2264 2880 2333 imaginem,
2912 2264 3032 2334 (55)
3082 2279 3429 2319 communem

1846 2353 1987 2409 hanc
2018 2364 2248 2409 mortem
2285 2356 2551 2409 sustinuit
2600 2369 2727 2410 vere
2775 2367 3070 2411 mortuus:
3109 2372 3237 2411 vere
3280 2371 3429 2411 enim

1844 2456 1953 2500 eta
1990 2448 2219 2501 mortuis
2267 2448 2573 2502 resurrexit
2623 2463 2638 2500 :
2693 2456 2747 2501 et
2794 2459 2916 2515 post
2972 2447 3429 2502 resurrectionem

1845 2548 2207 2594 conversatus
2259 2555 2383 2593 cum
2447 2538 2731 2608 discipulis
2780 2541 2915 2601 suis,
2967 2551 3277 2608 assumptus
3324 2550 3428 2595 est.

1846 2632 1982 2687 Tum
2014 2632 2215 2686 deinde
2265 2631 2476 2686 honore
2506 2648 2570 2687 ac
2605 2633 2874 2702 dignitate
2904 2630 3051 2686 Patri
3080 2642 3134 2686 et
3163 2631 3302 2686 Filio
3343 2648 3432 2686 so-

1849 2725 2053 2779 ciatum
2092 2724 2433 2778 tradiderunt
2471 2723 2740 2793 Spiritum
2772 2725 3149 2778 sanctum.‘ln
3184 2724 3285 2777 hoc
3323 2740 3428 2777 non

1839 2816 1952 2884 jam
2009 2818 2299 2873 manifeste
2336 2818 2673 2871 discernitur
2704 2827 2889 2871 utrum
2932 2828 3090 2872 natus
3118 2818 3212 2883 sit,
3244 2830 3311 2871 an
3348 2818 3433 2871 ln—

1847 2920 2029 2965 natus.
2064 2928 2083 2961 ι

1919 3000 2245 3056 Pupmws.
2287 3001 2390 3067 Qui
2422 3002 2489 3056 de
2523 3010 2652 3054 nato
2684 3000 2769 3055 vel
2801 3000 2994 3055 innato
3019 3002 3267 3071 requirit,
3308 3003 3430 3058 sine

1846 3093 2014 3147 dubio
2064 3101 2334 3146 creatura:
2389 3093 2442 3146 in
2498 3106 2563 3146 eo
2614 3091 2816 3145 nullam
2877 3094 3041 3147 habet
3093 3094 3427 3163 opinionem,

1846 3184 2083 3253 alioquin
2119 3193 2174 3237 et
2219 3185 2322 3237 hoc
2358 3182 2675 3238 adduxisset
2721 3185 2789 3237 ad
2845 3184 3278 3255 inquisitionem.
3309 3184 3429 3256 (54)

134 3273 533 3342 relinquentes
574 3273 642 3327 ab
688 3272 774 3327 his
808 3273 1194 3343 inquirendam
1229 3272 1343 3344 (51)
1378 3273 1468 3342 qui
1500 3272 1736 3343 Spiritus
1765 3250 1808 3307 θ
1844 3274 1908 3327 Et
1936 3250 2181 3342 adjungit
2213 3287 2228 3325 :

134 3370 276 3421 dona
307 3364 665 3428 excellentia,
698 3374 752 3420 et
790 3366 1062 3434 praecipue
1096 3365 1389 3431 sermonis,
1428 3366 1733 3435 sapientiae,

132 3465 187 3510 et
217 3457 476 3511 scientia:
511 3471 609 3524 per
637 3456 812 3524 ipsum
843 3455 1108 3524 Spiritum
1147 3466 1400 3509 sanctum
1449 3457 1738 3526 percipere

137 3550 548 3604 merebantur:
587 3549 651 3602 de
691 3547 813 3601 aliis
864 3562 993 3603 vero
1035 3548 1295 3603 dixerunt
1338 3549 1557 3618 quidem
1612 3550 1737 3620 quia

136 3642 271 3702 sint,
322 3638 607 3707 quomodo
655 3646 857 3702 autem,
907 3646 1000 3691 aut
1047 3638 1190 3692 unde
1238 3638 1367 3704 sint,
1424 3640 1735 3695 siluerunt:

137 3732 399 3801 profecto
435 3741 495 3784 ut
519 3730 881 3786 studiosiores
906 3730 1106 3801 quique
1133 3746 1199 3786 ex
1227 3731 1464 3800 posteris
1484 3733 1598 3788 suis
1618 3734 1738 3804 (52)

135 3835 431 3878 amatores
462 3822 743 3891 sapientia:
773 3832 829 3878 et
861 3823 1129 3888 scientiae,
1159 3824 1486 3879 exercitium
1536 3826 1740 3881 habere

134 3921 391 3979 possent,
424 3911 476 3965 in
502 3925 610 3980 quo
640 3911 843 3981 ingenii
880 3912 964 3966 sui
997 3910 1235 3967 fructum
1268 3916 1562 3969 ostendere
1590 3915 1739 3970 vale-

136 4014 283 4067 rent,
324 4004 386 4057 bi
419 4003 676 4058 videlicet
702 4004 797 4073 qui
839 4004 1033 4074 dignos
1059 4018 1118 4058 se
1155 4013 1210 4058 et
1244 4019 1475 4074 capaces
1524 4008 1741 4077 sapien-

137 4097 225 4150 tiae
257 4105 671 4167 prepararent.
693 4095 917 4166 Species
957 4111 1083 4150 vero
1115 4111 1302 4151 eorum
1333 4112 1455 4167 quas
1482 4113 1580 4168 per
1606 4115 1741 4170 pra:-

132 4190 482 4243 dicationem
511 4186 868 4259 apostolicam
923 4186 1217 4242 manifeste
1273 4188 1588 4257 traduntur,
1623 4191 1740 4245 istae

134 4289 285 4333 sunt.
318 4277 513 4333 Primo
549 4279 693 4349 quod
724 4294 863 4334 unus
888 4288 974 4335 est
997 4278 1139 4334 Deus
1163 4280 1258 4351 qui
1294 4279 1480 4335 omnia
1510 4282 1738 4347 creavit,

135 4381 307 4441 atque
339 4371 677 4441 composuit,
730 4372 935 4441 quique
981 4387 1049 4427 ex
1093 4372 1259 4428 nullis
1292 4386 1415 4427 esse
1450 4373 1583 4429 fecit
1615 4377 1739 4430 uui-

134 4482 297 4523 versa
358 4466 429 4527 “,
491 4465 633 4522 Deus
691 4482 723 4519 a
776 4468 951 4537 prima
1006 4477 1259 4524 creatura
1314 4477 1370 4524 et
1428 4470 1742 4527 conditione

133 4558 327 4614 mandi
367 4558 617 4611 omnium
654 4556 927 4627 iustorum
960 4559 1123 4625 Deus,
1151 4561 1351 4629 Adam,
1388 4559 1549 4628 Abel,
1579 4559 1737 4631 Seth,

210 4671 255 4702 "
299 4665 349 4721 11
377 4666 634 4724 Machab.
668 4684 768 4737 vn,
799 4669 893 4724 28.
971 4670 1015 4701 ¹²
1046 4665 1204 4726 Joan.
1239 4686 1278 4734 ι,
1310 4670 1365 4725 5.

1912 3365 2209 3423 Omoexss.
2251 3383 2269 3416 ι
2304 3364 2396 3421 Vel
2428 3366 2598 3421 Filius
2640 3366 2803 3421 etiam
2833 3366 2949 3437 ipse
2998 3365 3094 3422 Dei
3147 3365 3430 3422 habendus

1841 3460 1931 3524 sit,
1982 3474 2173 3512 necne.
2230 3456 2338 3512 Sed
2379 3458 2703 3527 inquirenda
2752 3459 2864 3525 jam
2909 3460 3015 3514 ista
3060 3474 3161 3528 pro
3209 3458 3430 3513 viribus

1842 3560 1968 3604 sunt
1998 3551 2064 3605 de
2104 3558 2293 3605 sancta
2350 3549 2658 3618 Scriptura,
2709 3561 2764 3603 et
2815 3550 2998 3620 sagaci
3030 3551 3431 3620 perquisitione

1842 3639 2246 3709 investiganda.
2332 3638 2683 3710 Sauerquod
2750 3640 2857 3695 iste
2920 3639 3159 3711 Spiritus
3206 3652 3432 3696 sanctus

1843 3744 2283 3800 unumquemque
2342 3740 2661 3787 sanctorum
2716 3731 2801 3785 vel
2861 3731 3295 3801 prophetarum,
3345 3732 3431 3788 vel

1843 3821 2211 3889 apostolorum
2245 3820 2359 3892 (55)
2391 3822 2760 3890 inspiraverit,
2791 3832 2846 3876 et
2876 3837 2985 3876 non
3022 3823 3161 3877 alius
3193 3823 3430 3891 Spiritus

1844 3912 1896 3965 iu
1929 3913 2229 3975 veteribus,
2256 3912 2396 3965 alius
2414 3926 2543 3966 vero
2571 3913 2627 3965 in
2657 3912 2743 3966 his
2769 3913 2861 3981 qui
2887 3912 2942 3966 in
2966 3914 3199 3967 adventu
3224 3912 3430 3966 Christi

1844 4004 2094 4073 iuspirati
2125 4012 2273 4067 sunt,
2325 4004 2493 4058 fuerit
2519 4043 2535 4069 ,
2572 4004 3022 4059 manifestissime
3078 4004 3131 4058 in
3170 4002 3432 4057 Ecclesiis

1847 4094 2209 4164 praedicatur.
2236 4096 2362 4149 Post
2391 4096 2503 4151 haac
2538 4096 2649 4166 jam
2678 4098 2821 4165 quod
2851 4096 3036 4150 anima
3065 4096 3429 4151 substantiam

1844 4186 2123 4255 vitamque
2178 4186 2389 4241 habens
2445 4186 2750 4257 propriam,
2805 4201 2929 4242 cum
2982 4202 3050 4242 ex
3097 4188 3201 4243 hoc
3226 4188 3431 4245 mundo

1844 4276 2194 4341 discesserit,
2248 4292 2347 4347 pro
2415 4278 2529 4332 suis
2581 4278 2798 4333 meritis
2848 4279 3259 4349 dispensabitur
3312 4279 3432 4334 sive

1843 4383 2062 4424 interna:
2085 4372 2209 4426 vita:
2236 4387 2300 4425 ac
2330 4372 2688 4427 beatitudinis
2712 4372 3034 4427 hereditate
3077 4374 3341 4443 potitura,
3379 4374 3431 4431 si

1845 4468 1949 4521 hoc
2006 4467 2055 4521 ei
2103 4482 2199 4522 sua
2249 4477 2401 4537 gesta
2457 4467 2815 4537 praestiterint
2852 4468 3020 4524 :sive
3059 4469 3172 4539 igni
3222 4478 3433 4525 esterno

1848 4576 1913 4614 ac
1939 4558 2219 4630 suppliciis
2243 4560 2623 4629 mancipanda,
2668 4560 2716 4617 si
2753 4561 2808 4615 in
2849 4560 2954 4615 hoc
2989 4575 3112 4615 eam
3159 4560 3437 4616 scelerum-

200 4759 325 4839 (47)
367 4757 584 4839 Merlin-i
626 4760 1005 4839 editio,_ipsis,
1045 4759 1237 4839 quibus
1282 4760 1422 4839 inter
1468 4764 1730 4833 principia
1766 4777 1807 4832 ι)
1834 4782 1961 4839 gnos
1997 4781 2052 4819 se
2074 4772 2390 4839 etkcapaces
2429 4763 2503 4839 ad
2538 4763 2912 4839 recipiendam
2937 4762 3256 4832 sapientiam
3274 4778 3426 4839 μηδ’

129 4832 283 4900 quasi
338 4832 672 4897 expositione

132 4905 363 4955 inde....
401 4901 785 4969 assignabimus
801 4917 919 4955 eum
945 4901 1383 4970 praulicationem
1413 4905 1732 4960 auctoritate

133 4970 445 5039 apostolica
478 4971 793 5023 custodisse.

201 5041 328 5113 (48)
372 5038 451 5092 De
481 5038 1014 5108 priefatione'libror.
1056 5040 1197 5109 Περὶ
1230 5040 1453 5110 ἀρχῶν,
1491 5059 1637 5098 num.
1697 5044 1735 5098 2

131 5127 185 5165 e;
213 5127 342 5181 seq.

202 5178 328 5251 (49)
375 5178 457 5233 Ita
503 5195 636 5235 mss.
669 5180 813 5235 Editi
846 5195 1004 5245 vero,
1034 5183 1380 5238 desuevimus.

200 5272 323 5344 (50)
371 5270 515 5324 Editi
554 5278 611 5325 et
650 5286 780 5326 mss.
838 5271 1085 5342 plerique
1116 5312 1133 5339 ,
1190 5271 1337 5325 Illud
1388 5282 1563 5329 tamen
1600 5276 1731 5332 scire

129 5351 372 5409 oportet.

198 5413 324 5482 (51)
370 5411 465 5465 Sic
508 5425 700 5464 omnes
744 5410 904 5478 hujus
954 5412 1228 5482 Apologia
1263 5429 1416 5477 mss.,
1466 5424 1522 5469 et
1552 5416 1721 5477 editi:

131 5498 271 5556 mss.
304 5481 909 5556 verolibrorum‘flepi
943 5481 1144 5552 ἀρχῶν
1168 5500 1355 5537 omnes
1388 5486 1726 5556 habentzqui

131 5555 385 5619 Spiritus
425 5555 573 5623 (Ialm,
619 5552 925 5605 excellentia
966 5566 1314 5616 mererentur,
1354 5563 1404 5607 et
1460 5552 1726 5623 prwcipue

129 5626 421 5696 temonis,
460 5622 755 5687 sapientiae,
792 5633 839 5674 et
875 5625 1115 5677 scientite
1160 5628 1389 5694 gratiam
1420 5622 1514 5694 per
1552 5622 1724 5696 ipsum

131 5692 402 5759 Spiritum
437 5701 680 5761 sanctum
710 5696 1075 5761 percepissent.

205 5763 329 5833 (52)
372 5761 523 5813 Libri
574 5759 649 5813 De
699 5759 972 5836 principiis
1024 5775 1131 5818 tam
1174 5766 1304 5820 editi
1359 5781 1523 5836 quam
1558 5782 1720 5831 mss.,

132 5835 220 5901 qui
254 5847 531 5907 amatores
562 5840 734 5883 essent
764 5834 1062 5898 sapientiw,
1101 5834 1505 5891 exercitium....
1534 5839 1589 5890 in
1618 5854 1724 5907 quo

132 5906 350 5973 ingenii
389 5904 467 5956 sui
490 5903 723 5969 fructum
755 5908 1109 5974 ostenderent,
1150 5908 1203 5960 lii
1241 5908 1481 5963 videlicet
1512 5910 1601 5976 qui
1629 5903 1725 5962 ’Δί-

714 4830 838 4895 ﬁdei
878 4846 1003 4883 usus
1056 4833 1147 4907 sit,
1196 4832 1524 4907 proferemus
1561 4849 1580 4898 ;
1608 4830 1730 4907 tum
1774 4830 1789 4832 ἡ
1830 4830 2105 4907 pararent.
2131 4835 2237 4907 Sed
2268 4848 2462 4907 omnes
2492 4830 2669 4907 hujus:
2688 4833 2962 4907 Apologia:
2988 4830 3116 4907 mss.
3142 4845 3197 4887 et
3218 4830 3349 4907 editi
3368 4844 3427 4886 ut

1835 4904 1887 4963 in
1924 4917 2093 4973 textu,
2125 4906 2227 4960 nisi
2258 4906 2400 4973 quod
2423 4919 2522 4958 ms.
2546 4904 2897 4959 Corbeiensis
2929 4905 3158 4970 Omittit,
3178 4916 3223 4957 ct
3251 4906 3426 4958 scien-

1832 4990 1941 5034 ιιω.

1906 5045 2019 5121 (55)
2060 5046 2151 5121 Sic
2188 5044 2706 5121 mss._Sorbonicu_s,
2754 5054 2823 5121 et,
2860 5044 3057 5121 Montis
3074 5043 3150 5121 AS.
3179 5043 3422 5121 Michae-

1838 5113 1926 5180 lis,
1964 5113 2029 5170 ac
2052 5117 2143 5171 alii
2175 5132 2305 5170 mss.
2335 5117 2598 5169 librorum
2630 5116 2706 5167 De
2740 5115 3039 5183 principiis.
3066 5113 3257 5167 Ctetcri
3292 5128 3427 5167 vero

1838 5204 1970 5244 mss.
2003 5188 2163 5255 hujus
2190 5187 2484 5255 Apologite,
2509 5197 2564 5239 et
2594 5184 2874 5247 Merliuus,
2911 5200 3239 5237 communem
3287 5186 3425 5237 hanc

1841 5270 2061 5311 mortem
2113 5272 2231 5310 vere
2269 5270 2529 5310 mortuus.
2569 5255 2978 5316 Genebrardus,
3017 5256 3282 5306 communi
3323 5256 3423 5307 hac

1836 5339 2003 5382 morte
2034 5343 2149 5381 vere
2172 5337 2435 5392 mortuus,
2485 5327 2687 5380 omisso
2727 5325 3004 5378 sustinuit.
3040 5322 3177 5377 Tum
3224 5324 3423 5379 deinde

1834 5401 1990 5461 editi,
2018 5410 2070 5452 et
2114 5414 2217 5453 ms.
2255 5399 2611 5459 Sorbouicus,
2662 5407 3007 5449 conversatus
3053 5405 3129 5448 est
3167 5411 3286 5448 cum
3340 5396 3425 5448 di-

1834 5470 2052 5536 scipulis
2075 5470 2207 5533 suis,
2231 5477 2276 5521 et
2306 5477 2607 5537 assumptus
2635 5481 2735 5521 est.
2771 5467 2877 5521 Sed
2902 5468 3083 5521 caeteri
3118 5481 3250 5521 mss.
3282 5477 3338 5519 ut
3367 5466 3423 5520 in

1833 5550 2005 5595 textu.

1902 5611 2018 5683 (54)
2062 5613 2128 5667 Et
2162 5612 2432 5684 ndjungit.
2466 5610 2592 5684 Haec
2612 5612 2777 5664 verba
2802 5623 2923 5679 quas
2954 5610 3242 5684 proferunt
3265 5612 3447 5679 editi,

1831 5696 1939 5735 non
1971 5682 2291 5754 cOmpareut
2324 5686 2374 5735 in
2406 5683 2660 5737 omnibus
2692 5696 2827 5736 mss.
2855 5682 3081 5754 nostris.

1904 5754 2023 5825 (55)
2067 5750 2232 5821 Editi,
2280 5754 2709 5821 inspiravit....
2755 5756 2845 5820 qui
2889 5752 2942 5806 in
2991 5754 3236 5808 ailventu.
3291 5750 3420 5808 Mss.

1829 5824 2196 5897 inspiraverit.
2218 5868 2231 5882 .
2260 5865 2274 5882 .
2293 5864 2307 5883 .
2337 5826 2427 5896 qui
2468 5824 2524 5899 in
2556 5826 2857 5880 adventum.
