3902 6514
568 365 668 422 551

1774 370 1833 427 S.
1872 368 2201 428 ΡΔΜΡΙῙῙΙᾸ
2242 370 2604 429 MARTYRIS

571 486 729 557 culpa
756 486 1072 544 detorserit.
1124 486 1231 544 Sed
1270 497 1326 543 et
1365 488 1492 560 quia
1523 488 1633 545 erit
1659 496 1879 560 tempus
1912 506 2162 547 resurre-
2192 495 2239 552 Α
2338 492 2673 549 Psurmws.
2700 492 2764 547 Et
2795 504 2916 565 post
2946 507 3119 581 pauca
3154 493 3229 550 ait
3263 510 3278 547 :

569 580 770 636 ctionis
820 592 1177 645 mortuorum,
1206 596 1329 636 cum
1355 597 1553 652 corpus
1574 582 1701 647 hoc,
1732 582 1875 652 quod
1899 583 1953 637 in
1977 600 2153 639 corru-

568 674 739 739 ptione
759 673 1069 737 seminatur,
1094 683 1273 739 surget
1308 673 1367 727 in
1398 674 1788 741 incorruptione
1807 673 1851 705 ¹³
1884 691 1898 729 :
1923 684 1980 731 et
2013 676 2158 745 quod

568 772 869 827 seminatur
900 771 957 824 in
982 771 1296 840 ignominia,
1337 781 1515 843 surget
1554 772 1611 827 in
1641 773 1817 841 gloria
1847 773 1912 828 “.
1956 775 2051 831 Est
2103 784 2157 831 et

568 859 698 915 illud
715 859 1000 915 definitum
1021 860 1073 915 in
1100 860 1475 916 ecclesiastica
1504 862 1916 930 praedicatione,
1939 876 2156 917 omnem

564 952 805 1005 animam
837 967 958 1007 esse
987 953 1396 1018 rationabilem,
1436 953 1592 1008 liberi
1625 954 1841 1009 arbitrii
1873 966 1929 1010 et
1961 954 2157 1009 volun-

566 1044 696 1098 tatis
730 1061 745 1099 :
778 1060 904 1100 esse
942 1061 1161 1114 quoque
1193 1046 1241 1100 ei
1275 1056 1555 1101 certamen
1592 1048 1857 1103 adversus
1884 1046 2155 1101 diabolqu

563 1144 621 1189 et
651 1135 873 1207 angelos
903 1137 1044 1207 ejus,
1073 1137 1498 1206 contrariosque
1520 1138 1753 1193 virtutes
1774 1182 1787 1201 ,
1820 1153 1885 1191 ex
1918 1152 1987 1193 eo
2014 1138 2157 1207 quod

565 1226 643 1281 illi
680 1228 917 1296 peccatis
943 1244 1062 1282 eam
1103 1244 1336 1283 onerare
1363 1230 1723 1293 contendant,
1778 1245 1881 1283 nos
1932 1242 2081 1291 vero,
2110 1226 2154 1281 si

567 1330 715 1375 recte
762 1320 1117 1389 consulteque
1175 1321 1448 1385 vivamus,
1499 1321 1567 1373 ab
1602 1320 1974 1390 hujuscemodi
2040 1320 2153 1393 (56)

564 1428 732 1467 onere
751 1428 953 1468 exuere
985 1429 1084 1468 nos
1116 1427 1399 1469 conemur.
1431 1412 1587 1469 Unde
1618 1423 1672 1467 et
1706 1423 2156 1482 consequensest

567 1506 876 1576 intelligere
928 1521 1035 1561 non
1090 1522 1189 1560 nos
1244 1506 1559 1561 necessitati
1592 1520 1716 1561 esse
1747 1504 2051 1577 subjectos,
2098 1516 2158 1560 ut

563 1597 711 1650 omni
743 1597 919 1663 modo,
955 1597 1122 1653 etiam
1151 1597 1195 1651 si
1227 1598 1484 1663 nolimus,
1527 1595 1613 1651 vel
1657 1597 1793 1652 bona
1816 1636 1834 1662 ,
1881 1597 1964 1651 vel
2013 1596 2154 1652 mala

564 1705 730 1759 agere
758 1706 1043 1760 cogamur.
1079 1691 1135 1746 Si
1169 1690 1315 1745 enim
1346 1691 1518 1745 nostri
1550 1690 1766 1745 arbitrii
1800 1706 2024 1758 sumus,
2054 1691 2157 1746 im-

566 1796 812 1852 pugnare
861 1796 963 1837 nos
1017 1781 1255 1837 fortasse
1311 1791 1544 1852 possunt
1580 1780 1775 1852 aliqua:
1810 1781 2041 1837 virtutes
2086 1782 2152 1835 ad

564 1883 875 1944 peccatum,
905 1884 962 1929 et
993 1872 1323 1942 alitejuvare
1368 1873 1435 1927 ad
1482 1873 1759 1939 salutem,
1810 1889 1917 1928 non
1970 1883 2151 1929 tamen

564 1966 893 2021 necessitate
917 1966 1165 2033 cogimur
1192 1965 1277 2019 vel
1316 1976 1467 2020 recte
1488 1980 1669 2035 agere.
1695 1964 1778 2021 vel
1801 1965 1967 2024 male.
1998 1966 2152 2034 Quod

565 2058 683 2114 fieri
717 2058 1060 2112 arbitrantur
1108 2058 1199 2127 qui
1249 2056 1534 2112 stellarum
1593 2071 1813 2112 cursum
1866 2067 1924 2113 et
1972 2070 2153 2115 motus

562 2165 785 2203 causam
841 2149 1028 2203 dicunt
1088 2149 1451 2203 humanorum
1510 2154 1977 2219 esse'gestorum,
2045 2166 2151 2204 non

559 2254 752 2296 eorum
784 2256 905 2309 qua:
932 2248 1085 2294 extra
1118 2239 1332 2293 arbitrii
1367 2240 1624 2294 accidunt
1654 2239 1960 2296 libertatem
1984 2283 1999 2306 ,
2052 2240 2149 2296 sed

560 2347 758 2388 eorum
809 2347 932 2401 quae
990 2332 1043 2387 in
1099 2340 1287 2387 nostra
1340 2342 1467 2387 sunt
1514 2334 1686 2403 posita
1735 2343 2024 2403 potestate.
2077 2334 2152 2391 De

561 2428 743 2481 anima
775 2441 933 2491 vero,
976 2425 1091 2496 (57)
1148 2435 1329 2479 utrum
1365 2441 1431 2480 ex
1473 2425 1698 2481 seminis
1730 2426 1957 2483 traduce
1985 2426 2149 2483 duca.

564 2529 673 2581 tur,
714 2519 785 2573 ita
826 2529 885 2571 ut
921 2517 1059 2573 ratio
1090 2517 1265 2588 ipsius
1313 2517 1395 2571 vel
1439 2515 1747 2572 substantia
1780 2519 1987 2573 inserta
2021 2520 2152 2590 ipsis

561 2610 937 2681 corporalibus
1002 2608 1305 2665 seminibus
1356 2609 1644 2675 habeatur,
1706 2624 1776 2665 an
1825 2626 1956 2668 vero
2004 2612 2149 2668 aliud

562 2703 776 2758 initium
811 2702 1010 2757 haheat
1042 2720 1055 2757 :
1087 2711 1143 2754 et
1187 2701 1291 2756 hoc
1332 2701 1507 2771 ipsum
1556 2701 1773 2757 initium
1821 2702 1867 2757 si
1902 2705 2148 2774 genitum

561 2802 668 2855 est,
694 2801 787 2847 aut
814 2807 918 2846 uou
958 2793 1223 2862 genitum,
1264 2791 1352 2847 vel
1382 2801 1534 2847 certe
1563 2793 1609 2847 si
1642 2793 1988 2851 extrinsecus
2023 2812 2149 2853 cor-

563 2886 682 2956 pori
732 2886 958 2951 inditur,
1009 2898 1201 2946 necne,
1255 2900 1360 2939 non
1396 2884 1532 2939 satis
1561 2884 1849 2941 manifesta
1884 2890 2148 2957 praedica-

562 2977 713 3031 tione
744 2974 1124 3042 distinguitur.
1157 2974 1232 3027 De
1254 2976 1492 3040 diabolo,
1524 2985 1579 3030 et
1608 2978 1821 3048 angelis
1850 2978 1991 3048 ejus,
2014 2996 2147 3037 cou-

563 3068 858 3137 trariisque
894 3066 1189 3121 virtutibus
1213 3065 1590 3123 ecclesiastica
1622 3070 1941 3137 praedicatio
1961 3071 2147 3128 docuit

558 3163 820 3234 quoniam
861 3162 971 3217 sint
1019 3160 1241 3230 quidem
1291 3160 1405 3215 haec
1440 3178 1453 3216 :
1488 3177 1609 3230 quae
1660 3173 1840 3219 autem
1888 3165 2018 3232 sint,
2063 3166 2146 3221 vel

558 3254 833 3325 quomodo
874 3253 1005 3318 sint,
1040 3268 1147 3307 non
1176 3251 1312 3307 satis
1350 3252 1499 3309 clare
1529 3257 1808 3326 exposuit.
1840 3237 1996 3330 Apud
2026 3257 2146 3328 plu—

557 3348 730 3405 rimos
781 3357 963 3401 tamen
1020 3345 1125 3400 ista
1177 3345 1415 3400 habetur
1460 3347 1668 3416 opinio.
1719 3350 1864 3419 quod
1921 3352 2145 3422 angelus

554 3439 724 3499 fuerit
768 3440 872 3495 iste
914 3437 1181 3505 diabolus,
1214 3450 1270 3495 et
1303 3448 1555 3510 apostata
1594 3439 1820 3497 ell'ectus
1857 3443 2145 3513 quamplu-

555 3536 729 3590 rimos
756 3533 1076 3604 angelorum
1113 3548 1301 3588 secum
1328 3532 1608 3589 declinare
1631 3535 2010 3602 persuaserit,
2049 3536 2142 3605 qui

555 3638 612 3685 et
664 3644 810 3685 nunc
860 3642 1034 3697 usque
1086 3625 1261 3697 angeli
1320 3626 1494 3696 ipsius
1564 3633 1970 3697 nuncupantur.
2044 3628 2141 3684 Est

555 3732 823 3794 praaterea
847 3731 903 3775 et
933 3722 1061 3775 illud
1086 3721 1139 3775 in
1162 3720 1533 3777 ecclesiastica
1558 3718 1965 3789 praedicatione,
1994 3722 2139 3791 quod

554 3814 794 3869 mundus
824 3811 928 3867 iste
945 3812 1023 3866 'sit
1050 3812 1258 3875 factus,
1284 3822 1342 3866 et
1372 3827 1403 3865 a
1438 3820 1594 3866 certo
1621 3818 1868 3879 tempore
1888 3810 2138 3879 cmperit,

553 3913 611 3961 et
661 3905 734 3958 sit
770 3918 871 3974 pro
903 3903 1019 3973 ipsa
1077 3901 1161 3957 sui
1220 3901 1571 3972 corruptione
1620 3898 1914 3955 solvendus
1951 3918 1964 3954 :
1997 3902 2126 3970 quid

552 4006 735 4055 tamen
783 4007 911 4052 ante
952 3997 1101 4051 hunc
1152 3994 1413 4049 mundum
1452 3993 1642 4059 fuerit,
1702 4003 1798 4049 aut
1851 3993 1981 4063 quid
2018 4002 2141 4064 post

552 4089 815 4145 mundum
838 4076 966 4153 erit,
986 4086 1099 4156 jam
1130 4104 1235 4143 nou
1282 4099 1380 4155 pro
1426 4083 1722 4139 manifesto
1756 4083 1940 4138 multis
1976 4084 2139 4138 inno-

549 4184 656 4238 tuit
687 4197 701 4233 :
731 4198 839 4236 non
895 4182 1043 4237 enim
1087 4179 1378 4235 evidenter
1409 4180 1476 4233 de
1528 4178 1611 4233 his
1657 4178 1711 4233 in
1756 4176 2134 4232 ecclesiastica

550 4275 937 4344 praedicatione
988 4287 1169 4328 sermo
1220 4270 1521 4341 profertur.
1576 4268 1713 4323 Tum
1745 4269 1942 4325 deinde
1990 4272 2135 4339 quod

550 4380 650 4436 per
683 4364 942 4434 Spiritum
1007 4363 1099 4417 Dei
1159 4361 1461 4430 Scriptum
1511 4362 1839 4431 conscripta:
1895 4361 2034 4427 sint,
2081 4368 2140 4415 et

547 4470 771 4512 sensum
801 4455 1059 4516 habeant,
1103 4470 1212 4510 non
1255 4469 1378 4509 eum
1408 4452 1581 4508 solum
1616 4453 1710 4523 qui
1752 4453 1808 4508 in
1841 4452 2137 4509 manifesto

2334 585 2623 641 ORIGENES.
2653 603 2671 637 t
2701 585 2797 641 Est
2825 589 2987 641 etiam
3020 588 3150 643 illud
3179 588 3233 642 in
3256 587 3618 646 ecclesiastica
3636 598 3808 662 praedi.

2262 679 2519 741 catione,
2570 691 2693 732 esse
2744 678 2969 748 angelos
3022 679 3118 733 Dei
3166 680 3453 748 quosdam,
3498 692 3551 737 et
3600 686 3806 747 virtutes

2260 770 2454 833 bonas,
2489 769 2580 838 qui
2607 767 2655 822 ei
2692 767 3007 824 ministrent
3034 771 3101 824 ad
3140 771 3369 826 salutem
3402 773 3665 830 hominmn
3692 796 3805 837 con-

2260 861 2636 915 summandam
2655 881 2665 913 :
2686 863 2781 917 sed
2796 862 3010 932 quando
3027 860 3115 916 isti
3136 862 3299 916 creati
3330 862 3456 923 sint.
3472 863 3581 934 (58)
3601 868 3675 921 vel
3690 885 3807 938 qua-

2261 952 2359 1016 les,
2394 964 2489 1007 aut
2511 957 2785 1024 quomodo
2808 953 2938 1019 sint,
2961 970 3067 1009 non
3103 954 3237 1009 satis
3264 956 3315 1009 in
3340 956 3618 1013 manifesto
3638 958 3805 1017 distin-

2260 1048 2464 1115 guitur.
2523 1047 2595 1101 De
2621 1048 2734 1103 sole
2762 1059 2975 1112 autem,
3023 1057 3079 1103 et
3110 1048 3259 1113 luna,
3311 1057 3368 1103 et
3413 1049 3601 1116 stellis,
3646 1063 3806 1111 utrum

2261 1140 2560 1194 animantia
2587 1141 2716 1203 sint,
2744 1158 2811 1195 an
2842 1142 3118 1205 exanima,
3142 1140 3428 1197 manifeste
3458 1158 3560 1197 non
3584 1147 3805 1205 traditur.

2260 1231 2489 1301 Oportet
2521 1233 2686 1304 igitur
2715 1233 2861 1287 velut
2891 1234 3176 1287 clementis
3220 1249 3284 1288 ac
3329 1234 3685 1291 fundamentis
3718 1238 3805 1292 hu-

2256 1323 2488 1391 jusmodi
2521 1324 2621 1389 uti,
2646 1325 2945 1379 sccundmu
2977 1325 3291 1379 mandatum
3320 1328 3469 1394 quod
3491 1327 3618 1382 dicit
3644 1344 3657 1381 ί
3683 1327 3804 1383 Illu-

2260 1419 2456 1468 minate
2486 1417 2627 1468 vobis
2654 1416 2828 1469 lumen
2858 1414 3095 1469 scientiw
3114 1414 3185 1481 ”,
3205 1429 3327 1467 eum
3357 1415 3447 1483 qui
3472 1416 3614 1483 cupit
3635 1418 3807 1474 seriem

2260 1508 2550 1575 quamdam
2605 1517 2659 1561 et
2709 1522 2907 1575 corpus
2952 1522 3018 1561 ex
3066 1507 3263 1561 horum
3319 1506 3562 1561 omnium
3622 1510 3805 1567 ratione

2258 1598 2555 1665 conficere,
2580 1609 2641 1654 ut
2667 1596 2969 1657 manifestis
3004 1611 3059 1657 et
3093 1600 3423 1657 necessariis
3446 1602 3809 1659 assertionibus

2258 1689 2323 1744 de
2353 1691 2582 1761 singulis
2616 1692 2921 1762 quibusque
2944 1693 3073 1763 quid
3119 1692 3191 1747 sit
3229 1692 3282 1747 in
3327 1707 3461 1747 vero
3494 1692 3729 1758 rimetur,
3760 1704 3809 1749 et

2259 1802 2448 1852 unum,
2486 1796 2541 1840 ut
2574 1785 2837 1851 diximus,
2861 1800 3060 1856 corpus
3091 1785 3292 1840 eliiciat
3327 1785 3591 1855 exemplis
3618 1794 3669 1841 et
3695 1786 3812 1842 aliir-

2258 1878 2614 1946 tuatiouihus,
2652 1877 2737 1932 vel
2766 1877 2850 1933 his
2874 1892 3012 1946 quas
3040 1878 3093 1933 in
3128 1878 3334 1934 sanctis
3358 1877 3651 1947 Scripturis
3678 1880 3805 1935 inve-

2257 1974 2418 2037 nerit,
2446 1972 2529 2027 vel
2562 1985 2701 2041 quas
2732 1986 2799 2025 ex
2831 1971 3237 2041 consequentia:
3266 1970 3441 2041 ipsius
3470 1971 3727 2043 indagine.
3756 1990 3809 2029 ac

2257 2066 2391 2121 recti
2427 2076 2617 2121 tenore
2650 2066 2940 2137 repererit.
2984 2086 3002 2120 s

2326 2157 2661 2214 Passennus.
2716 2158 2829 2231 (59)
2885 2156 3010 2213 Haec
3073 2157 3293 2227 quidem
3362 2156 3509 2212 inter
3568 2156 3805 2227 principia

2256 2250 2416 2321 primi
2446 2250 2570 2305 libri
2599 2250 2737 2319 Περὶ
2758 2248 2961 2320 ἀρχῶν
2990 2250 3271 2317 disseruit,
3302 2258 3359 2303 ut
3385 2249 3687 2304 ostenderet
3707 2263 3809 2318 qua

2254 2340 2364 2395 sint
2387 2340 2477 2396 illa
2503 2356 2625 2411 qua:
2655 2341 2943 2397 manifeste
2980 2341 3033 2395 in
3062 2340 3435 2397 ecclesiastica
3462 2338 3809 2410 praedicatione

2255 2433 2451 2488 tradita
2482 2442 2628 2497 sunt,
2662 2443 2717 2488 et
2747 2449 2870 2503 qua:
2899 2434 3009 2489 sint
3042 2448 3165 2504 quas
3196 2448 3302 2488 non
3348 2443 3541 2504 aperte
3570 2431 3808 2488 deﬁniun-

2255 2527 2367 2572 tur.
2406 2519 2480 2574 De
2506 2518 2707 2587 quibus
2738 2518 2973 2588 singulis
3006 2518 3307 2574 secundum
3332 2532 3457 2574 eam
3482 2518 3804 2585 divisionem,

2253 2624 2421 2680 quam
2454 2624 2623 2679 supra
2666 2611 2950 2677 ostendit,
2982 2611 3218 2680 sparsim
3267 2610 3516 2679 disputat
3544 2609 3597 2664 in
3625 2608 3809 2678 reliquo

2254 2715 2485 2769 corpore
2519 2699 2810 2765 librorum,
2842 2715 2906 2756 ea
2939 2703 3159 2771 quidem
3200 2717 3322 2772 quae
3343 2715 3413 2757 ex
3446 2700 3663 2756 definito
3686 2714 3805 2771 prm-

2252 2790 2425 2846 dicari
2451 2790 2522 2846 ab
2551 2790 2802 2847 Ecclesia
2827 2806 2996 2863 supra
3038 2791 3249 2856 docuit,
3279 2791 3545 2847 omnibus
3575 2790 3809 2847 adhibitis

2252 2884 2652 2955 prohameutis,
2699 2900 2767 2940 ex
2796 2883 3101 2956 Scripturis
3133 2885 3342 2942 sanctis
3390 2884 3722 2941 manifestius
3758 2892 3805 2938 et

2250 2974 2595 3030 constantius
2617 2988 2911 3041 asserens;
2948 2976 3016 3030 de
3037 2974 3125 3030 his
3159 2989 3288 3031 vero
3320 2976 3391 3029 de
3420 2973 3620 3045 quibus
3648 2981 3805 3028 osum-

2250 3070 2331 3125 dit
2368 3084 2478 3124 non
2509 3067 2824 3133 manifeste,
2870 3082 3048 3138 neque
3103 3084 3170 3123 ex
3218 3068 3451 3125 definito
3503 3068 3556 3123 in
3590 3064 3800 3121 Ecclesia

2250 3162 2560 3235 praedicari,
2587 3160 2943 3232 opinionibus
2975 3160 3171 3231 magis,
3209 3171 3266 3216 et
3308 3160 3398 3216 his
3445 3160 3689 3216 sensibus
3724 3155 3804 3227 qui

2255 3253 2556 3325 disputanti
2590 3256 2639 3309 ei
2664 3262 2722 3309 et
2748 3252 3011 3309 tractanti
3044 3252 3112 3307 de
3158 3250 3355 3307 talibus
3391 3263 3680 3307 occurrere
3719 3264 3803 3319 po-

2252 3357 2498 3415 tuerunt,
2530 3362 2692 3418 quam
2721 3347 2888 3402 certis
2920 3344 3195 3415 aliquibus
3217 3358 3282 3400 ac
3310 3344 3558 3400 definitis
3580 3341 3805 3399 assertio-

2250 3440 2414 3495 nibus
2443 3440 2638 3503 utitur,
2670 3438 2721 3492 id
2754 3447 2859 3500 est.
2888 3436 3185 3493 discutiens
3204 3443 3259 3491 et
3285 3443 3631 3506 pertractans
3652 3431 3805 3503 potius

2249 3548 2413 3604 quam
2460 3529 2757 3586 afﬁrmans.
2802 3528 2861 3585 lu
2912 3529 3166 3586 omnibus
3202 3538 3385 3584 tamen
3440 3526 3702 3585 sermonis
3736 3523 3802 3579 sui

2251 3623 2523 3688 meminit,
2554 3622 2673 3691 ejus
2711 3638 2874 3693 quem
2899 3636 3064 3691 supra
3099 3621 3376 3690 exposuit,
3420 3635 3547 3677 cum
3575 3621 3651 3675 ait
3678 3618 3804 3674 illam

2249 3715 2420 3771 solam
2461 3714 2831 3783 recipiendam
2878 3724 2935 3769 et
2982 3711 3309 3768 credendam
3359 3728 3489 3771 esse
3528 3711 3804 3772 veritatem.

2248 3823 2371 3879 qua:
2411 3808 2465 3862 in
2515 3807 2663 3862 nullo
2698 3805 3014 3876 apostolicis
3050 3816 3106 3861 et
3135 3805 3535 3864 ecclesiasticis
3571 3801 3805 3874 dogmati-

2248 3902 2348 3956 bus
2377 3901 2704 3956 adversatur
2738 3917 2754 3954 :
2782 3907 2839 3954 et
2880 3915 2986 3954 non
3018 3898 3192 3954 solum
3228 3898 3282 3953 in
3310 3898 3399 3954 his
3417 3898 3571 3954 libris
3600 3906 3803 3966 quorum

2247 4008 2416 4063 supra
2454 3994 2685 4048 fecimus
2721 3991 3093 4059 mentionem,
3134 3990 3229 4047 sed
3258 3991 3396 4046 etin
3429 3990 3677 4047 omnibus
3702 4000 3803 4057 qua

2246 4088 2317 4143 de
2365 4086 2673 4157 Scripturis
2700 4088 2949 4155 exponit,
2999 4085 3102 4140 hac
3132 4085 3409 4140 sententia
3454 4083 3533 4139 uti
3570 4081 3721 4144 solet,
3757 4086 3802 4131 et

2246 4177 2302 4232 in
2348 4177 2435 4233 his
2473 4177 2748 4247 praecipue
2791 4175 2847 4231 in
2906 4175 3104 4244 quibus
3150 4174 3336 4244 plures
3385 4173 3554 4230 unius
3605 4166 3803 4255 capituli

2245 4270 2728 4339 interpretationes
2759 4266 3008 4336 exponit,
3051 4266 3155 4320 hoc
3191 4280 3480 4331 asserens,
3517 4280 3577 4321 se
3605 4261 3799 4334 quidem

2244 4378 2314 4417 ne
2341 4362 2473 4432 quid
2498 4363 2643 4431 quod
2670 4360 2779 4415 dici
2814 4359 2989 4429 possit
3022 4360 3325 4424 omitteret,
3356 4358 3516 4428 plura
3553 4356 3635 4412 vel
3655 4356 3800 4409 divi-r-

2244 4469 2327 4516 sa,
2361 4462 2523 4524 prout
2572 4453 2779 4507 sentire
2831 4451 3030 4522 potuit,
3080 4450 3409 4521 protulisse;
3468 4448 3595 4505 illud
3642 4456 3800 4501 autem

547 4558 651 4610 est,
685 4546 779 4601 sed
805 4554 859 4600 et
879 4545 1044 4601 alium
1069 4544 1361 4614 quemdam
1386 4544 1646 4599 latentem
1674 4546 2133 4616 quamplurintos.
2166 4568 2211 4624 υ
2243 4546 2445 4601 debere
2482 4547 2656 4601 teneri
2683 4546 2833 4616 quod
2867 4544 3201 4616 apostolicus
3224 4554 3392 4616 atque
3422 4539 3802 4601 ecclesiasticus

545 4637 759 4695 Formae
779 4638 922 4693 enim
956 4648 1083 4693 sunt
1116 4638 1229 4691 haec
1261 4652 1382 4706 qua:
1406 4637 1609 4706 scripta
1637 4647 1767 4691 sunt
1804 4652 2127 4692 sacramen-

547 4741 725 4787 torum
765 4730 1145 4801 quorumdam.
1180 4737 1235 4784 et
1260 4728 1579 4783 divinarum
1612 4744 1796 4784 rerum
1825 4731 2127 4802 imagines':

545 4822 742 4891 dequo
777 4823 941 4876 totius
968 4819 1229 4876 Ecclesia:
1270 4836 1413 4876 unus
1452 4829 1536 4876 est
1572 4835 1767 4877 sensus
1792 4861 1809 4888 ,
1852 4839 1977 4878 esse
2010 4824 2133 4893 qui-

543 4909 667 4969 dem
690 4926 904 4968 omnem
934 4912 1110 4982 legem
1140 4912 1444 4983 spiritalem
1473 4954 1489 4981 ,
1544 4928 1650 4969 non
1702 4922 1882 4969 tamen
1916 4930 1979 4968 ea
2010 4930 2132 4983 quae

542 5009 717 5077 spirat
744 5006 853 5067 lex.
878 5021 999 5061 esse
1033 5006 1290 5061 omnibus
1324 5016 1481 5073 nota,
1517 5006 1621 5062 nisi
1667 5006 1751 5062 his
1775 5007 1904 5062 solis
1928 5008 2129 5076 quibus

540 5098 714 5170 gratia
740 5096 975 5166 Spiritus
993 5098 1167 5153 sancti
1196 5097 1249 5151 iu
1270 5098 1441 5153 verbo
1478 5098 1763 5168 sapientia:
1789 5113 1856 5153 ac
1884 5101 2129 5155 scientia:

536 5192 893 5248 coudotiatur.
933 5209 952 5243 ι

612 5285 656 5318 ’⁸
684 5283 705 5339 1
730 5285 854 5340 Cor.
888 5300 976 5345 xv.
1008 5285 1100 5340 42.
1176 5284 1219 5317 “
1241 5285 1373 5341 ibid.
1402 5286 1491 5341 45.
1570 5284 1614 5317 ’⁸
1658 5284 1783 5342 Osc.
1830 5302 1887 5352 ι,
1934 5286 2023 5342 12.

613 5379 724 5450 (56)
761 5380 889 5450 Mss.
917 5380 1161 5449 plerique
1205 5381 1465 5435 omittunt
1514 5397 1692 5445 onere,
1742 5382 1885 5449 quod
1933 5391 2116 5439 exstat

540 5450 594 5505 in
621 5448 808 5506 editis.
838 5448 937 5506 Ms.
961 5448 1314 5514 Sorbouicus.
1346 5460 1402 5505 et
1432 5450 1569 5504 alter
1594 5452 1656 5506 S.
1700 5448 1879 5506 Vitoni
1911 5452 2116 5508 habent

539 5519 688 5573 clade
719 5534 815 5587 pro
854 5536 1029 5577 onere.
1082 5520 1287 5575 Deinde
1326 5536 1428 5575 ins.
1468 5522 1804 5577 Sorbouicus
1829 5562 1845 5586 ,
1878 5524 2109 5576 necessi-

538 5598 645 5642 tate
677 5606 788 5643 esse
816 5590 1077 5659 subjectos
1104 5607 1122 5644 :
1152 5591 1335 5645 cancri
1367 5606 1498 5647 vero
1549 5606 1679 5647 mss.
1731 5603 1785 5647 et
1810 5593 1940 5647 editi
1965 5631 1980 5657 ,
2022 5609 2114 5648 ne-

538 5660 915 5729 cessitateiesse
937 5660 1223 5729 subjectos.

611 5727 725 5797 (57)
752 5728 1011 5783 llerliuus
1030 5727 1216 5795 habet,
1254 5741 1433 5783 utrum
1459 5747 1524 5784 ea:
1546 5732 1741 5785 semine
1769 5732 2110 5788 traducatur.

539 5793 959 5865 Genebrardus,
1005 5793 1295 5855 utrum—ea:
1340 5802 1537 5856 semine
1573 5802 1811 5856 traducis
1858 5803 2106 5859 ducatur.

2242 4638 2414 4694 lector
2445 4639 2721 4709 probaret.
2763 4637 2879 4695 lloc
2915 4638 3057 4694 idem
3094 4638 3415 4694 facitetiam
3454 4651 3579 4691 cum
3604 4630 3797 4689 ιικωιὶο

2239 4747 2431 4788 corum
2467 4732 2689 4788 discutit
2722 4742 2903 4788 sectas
2941 4754 2952 4787 :
2988 4732 3188 4801 quibus
3231 4730 3495 4785 omnibus
3534 4722 3801 4783 confutatis

2239 4835 2404 4894 atque
2437 4826 2724 4890 convictis,
2756 4839 2920 4879 unam
2955 4824 3154 4889 solam,
3197 4837 3431 4893 eamque
3459 4834 3622 4891 quam
3659 4829 3797 4883 ευριπ

2237 4915 2512 4985 exposuit,
2542 4914 2839 4977 [catholicae
2865 4914 3118 4970 veritatis
3161 4914 3494 4969 sententiam
3536 4914 3694 4966 tenet.
3737 4905 3799 4959 De

2238 5008 2436 5077 quibus
2477 5004 2705 5077 singulis
2755 5005 2993 5076 qualiter
3047 5004 3389 5074 responderit
3434 4998 3717 5063 hmrelicis,
3753 5002 3798 5047 et

2236 5101 2510 5170 quomodo
2541 5101 2797 5156 universa
2828 5114 3020 5155 eorum
3067 5099 3320 5169 dogmata
3354 5097 3675 5160 destruens,
3704 5092 3799 5159 ipse

2234 5206 2453 5263 semper
2472 5193 2827 5263 apostolicam
2858 5190 3263 5248 confirmaverit
3297 5190 3495 5255 fidem,
3523 5187 3568 5243 si
3592 5184 3796 5240 velimus

2224 5381 2331 5438 Sed
2360 5396 2551 5436 omnes
2592 5395 2723 5435 mss.
2754 5390 2813 5433 ut
2860 5380 2914 5435 in
2966 5391 3153 5436 nostro
3212 5388 3385 5434 textu.
3452 5375 3654 5433 Deinde
3699 5385 3789 5449 nis.

2225 5452 2599 5515 Sorbonicus,
2628 5452 2837 5517 corpori
2866 5450 3134 5513 induitur,
3189 5466 3282 5504 nec
3328 5465 3414 5514 ne,
3470 5448 3599 5503 satis
3641 5448 3793 5498 mania

2221 5523 2763 5597 [esta‘prtedicatione
2792 5522 3157 5597 distinguitur.
3430 5588 3443 5597 _

2292 5585 2406 5661 (58)
2451 5590 2541 5645 γει
2567 5590 2769 5661 quales.
2814 5589 2937 5645 llznc
2955 5585 3365 5646 'desiderantur
3429 5588 3486 5644 in
3532 5585 3790 5650 editis,ci

2222 5665 2580 5735 restituuntur
2607 5677 2672 5714 ex
2712 5676 2868 5735 Iuss._
3116 5728 3157 5735 __
3349 5729 3361 5735 _
3390 5730 3401 5735 _
3533 5728 3545 5735 _
3675 5722 3687 5735 .
3756 5719 3766 5730 .

2292 5732 2407 5802 (59)
2435 5732 2507 5785 Ita
2542 5746 2674 5788 mss.
2729 5731 2870 5787 Editi
2903 5745 3054 5800 vero,
3106 5728 3237 5786 Hec
3272 5729 3487 5800 quidem
3528 5728 3583 5783 in
3607 5728 3790 5797 priscis

2215 5803 2324 5873 pio,
2356 5814 2466 5859 etc.
3480 5834 3483 5837 λ
