3942 6516
217 449 324 505 553

1350 445 1691 504 APOLOGIA
1729 443 1866 501 PRO
1903 444 2221 506 ORIGENE.

3341 453 3445 509 554

213 576 408 618 omnes
435 562 734 618 sententias
762 553 880 632 ejus
908 576 1240 634 congregare
1263 603 1280 631 ,
1320 572 1374 618 et
1404 563 1622 633 longum
1655 562 1788 616 satis
1817 564 1859 619 A
1888 561 2198 628 confitetur,
2233 573 2288 619 et
2315 571 2494 619 tamen
2529 565 2694 619 alium
2724 563 2892 618 Dettm
2924 564 3054 634 legis
3081 573 3134 619 et
3161 567 3446 636 propheta-

211 665 323 720 est,
378 666 432 710 et
463 656 569 710 erit
612 665 719 709 tam
771 657 928 710 nobis
975 657 1066 726 qui
1123 655 1418 711 scribimus
1470 670 1784 720 onerosum,

207 762 378 817 quam
409 747 710 818 legentibus
745 749 1046 803 taediosum.
1090 746 1196 802 Sed
1235 746 1429 804 sutIicit
1455 763 1622 818 pauca
1657 761 1783 818 pro-

209 838 381 904 ferre,
416 838 467 892 in
499 840 698 908 quibus
729 841 974 896 omnium
1004 843 1248 912 profecto
1286 839 1442 895 facile
1464 839 1784 909 dignoscen-

210 939 303 983 tur
335 929 560 983 indicia.
605 927 791 1000 Neque
817 931 962 986 enim
994 941 1185 987 contra
1214 930 1424 986 Domini
1459 931 1780 986 sententiam

204 1023 557 1076 sentiendum
606 1033 712 1088 est,
761 1032 819 1077 ut
861 1024 1044 1094 quiin
1094 1025 1280 1094 paucis
1328 1023 1601 1079 invenitur
1652 1024 1784 1079 fide-

205 1111 300 1176 lis,
365 1128 472 1168 non
517 1114 681 1168 etiam
754 1114 808 1168 in
867 1114 1049 1168 multis
1121 1124 1175 1170 et
1243 1115 1426 1170 haberi
1487 1115 1678 1170 debeat
1727 1123 1781 1171 et

204 1207 358 1260 credi
389 1206 562 1262 fidelis
583 1208 647 1262 ¹⁶.
681 1207 916 1263 Primum
938 1224 1073 1280 ergo
1095 1225 1162 1264 ex
1196 1209 1311 1277 ejus
1341 1207 1492 1264 libris
1518 1222 1780 1278 ponemus

200 1297 514 1366 exemplum
545 1297 690 1366 quod
718 1298 796 1352 illi
831 1300 1097 1369 superiori
1125 1299 1432 1364 conveniat,
1456 1312 1522 1354 ex
1551 1314 1617 1354 eo
1639 1299 1778 1354 libro

214 1401 386 1455 quem
423 1387 474 1441 in
501 1387 797 1456 Epistulam
820 1387 968 1444 Pauli
1002 1390 1229 1459 apostoli
1257 1390 1320 1444 ad
1351 1389 1530 1443 Titum
1561 1389 1778 1457 scripsit

205 1477 279 1532 dc
312 1492 379 1533 eo
411 1478 646 1547 capitulo
685 1480 735 1534 in
771 1493 879 1550 quo
921 1481 1050 1536 dicit
1089 1479 1423 1550 Apostolus:
1459 1478 1775 1533 Ilwreticum

197 1565 472 1622 hominem
501 1579 616 1638 post
642 1568 752 1640 (60)
787 1585 950 1625 unam
994 1572 1368 1640 correptionrm
1395 1570 1586 1634 devita,
1607 1571 1774 1625 sciens

199 1665 335 1734 quia
357 1679 628 1732 peruersus
652 1675 748 1732 est,
767 1674 815 1719 et
837 1677 1034 1735 peccat,
1061 1667 1150 1738 qui
1171 1675 1246 1721 est
1263 1685 1294 1722 a
1322 1668 1595 1738 semetipso
1617 1667 1772 1722 dam-

196 1763 367 1806 natus
400 1753 463 1804 ".
497 1753 609 1824 (61)
648 1755 720 1810 De
757 1769 863 1824 quo
895 1757 1026 1812 dicit
1051 1755 1225 1827 qualis
1250 1756 1320 1811 sit
1343 1757 1432 1826 qui
1464 1757 1770 1826 haereticus,

211 1855 269 1898 et
302 1844 480 1913 qualis
504 1846 572 1900 sit
604 1848 694 1916 qui
725 1848 1026 1904 catholicus
1045 1858 1129 1904 est
1153 1857 1208 1903 et
1232 1848 1652 1906 ecclesiasticus.

267 1935 564 1992 Ostesses.
619 1937 733 2010 (62)
772 1955 792 1990 ι
856 1939 1060 1994 Nomen
1103 1940 1347 2006 haeresis,
1382 1950 1638 2010 quantum
1671 1956 1771 2012 ego

191 2026 612 2096 deprehendere
665 2029 834 2097 potui,
892 2030 1056 2085 etiam
1094 2031 1149 2084 in
1181 2030 1420 2100 Epistola
1458 2031 1526 2085 ad
1576 2031 1770 2086 Corin-

193 2118 347 2173 thios
384 2119 702 2186 designatur
754 2120 859 2174 hoc
905 2121 1064 2176 modo
1100 2139 1114 2176 :
1148 2121 1362 2184 Oportet
1389 2122 1525 2176 enim
1547 2121 1770 2177 Iucreses

188 2224 330 2274 esse,
366 2218 422 2261 ut
448 2209 654 2274 probati
684 2209 949 2278 manifesti
991 2211 1122 2279 [iant
1157 2213 1294 2266 inter
1321 2229 1408 2268 vos
1457 2212 1520 2266 ".
1573 2212 1640 2268 Et
1673 2215 1770 2267 ite-

190 2313 319 2352 rum
346 2299 415 2352 ad
445 2299 664 2354 Galatas
709 2299 854 2354 inter
878 2315 1041 2370 opera
1083 2303 1262 2356 carnis
1302 2303 1520 2358 haeresis
1556 2316 1769 2373 quoque

187 2404 401 2444 nomen
452 2391 760 2456 ascribitur,
793 2392 935 2447 sicut
967 2393 1043 2446 ait
1074 2411 1089 2449 :
1125 2392 1414 2464 Manifesta
1447 2404 1617 2448 autem
1648 2406 1766 2448 sunt

186 2495 357 2549 opera
400 2482 596 2544 carnis,
632 2499 748 2552 quae
776 2493 900 2538 sunt
930 2484 1232 2554 fornicatio,
1269 2486 1636 2549 inmunditia,
1668 2487 1768 2540 im-

183 2567 453 2637 pudicitia
470 2610 484 2633 ,
503 2567 803 2624 idololatria
825 2613 841 2638 ,
865 2573 1126 2640 veneﬁcia,
1158 2574 1467 2636 inimicitiae,
1486 2575 1766 2628 contentio-

185 2674 313 2725 nes,
345 2660 711 2715 temulationes
731 2701 745 2726 ,
785 2663 880 2717 ine
905 2701 922 2729 ,
959 2665 1120 2730 rixae,
1160 2665 1473 2729 discordiis,
1505 2665 1725 2719 hwreses
1749 2705 1764 2730 ,

180 2751 496 2815 ebrietates,
532 2753 956 2819 comessationes,
982 2766 1031 2808 et
1057 2755 1137 2808 his
1159 2754 1379 2819 similia,
1407 2770 1526 2821 quis
1555 2767 1603 2809 et
1623 2770 1764 2824 pra:-

183 2842 313 2895 dico
339 2844 485 2896 vobis
502 2843 749 2912 quoniam
772 2846 864 2914 qui
893 2844 1023 2898 talia
1052 2854 1235 2914 agunt,
1276 2860 1490 2914 regnum
1528 2844 1621 2899 Dei
1663 2861 1766 2899 non

178 2932 531 3001 possidebunt
557 2931 643 2992 η’.
663 2931 764 2988 Per
785 2947 903 3004 qua:
923 2935 1321 3004 cognoscimus,
1351 2934 1604 3003 quoniam
1628 2934 1768 2989 sicut

181 3025 236 3078 hi
279 3025 376 3091 qui
418 3023 864 3080 fornicationibus
891 3025 974 3080 vel
1007 3025 1406 3091 immunditiis,
1457 3036 1618 3094 atque
1659 3024 1763 3081 im-

179 3116 515 3185 pudicitiis,
571 3124 628 3170 et
680 3115 948 3171 idolorum
1002 3116 1236 3172 cultibus
1284 3117 1536 3172 maculati
1593 3127 1761 3183 sunt,

1887 667 2026 717 rum,
2061 653 2224 708 alium
2275 655 2682 726 Evangeliorum
2729 657 2893 710 Deum
2937 656 3101 719 dicit.
3145 667 3200 712 et
3231 657 3444 713 Patrem

1892 741 2104 798 Domini
2154 745 2322 801 nostri
2349 745 2474 801 Jesu
2505 747 2704 802 Christi
2745 763 2850 802 non
2890 761 3011 802 cum
3037 748 3169 802 dicit
3195 763 3316 804 esse
3354 751 3444 818 qui

1884 847 1915 886 a
1949 832 2068 902 lege
2107 843 2161 889 et
2204 837 2481 907 prophetis
2521 840 2864 908 praedicatur,
2905 840 3002 895 sed
3041 839 3204 894 alium
3261 845 3446 895 nescio

1887 939 2048 995 quem
2075 925 2321 996 ignotum
2349 930 2600 985 omnibus
2644 940 2806 999 atque
2841 931 3091 987 omnibus
3117 933 3440 997 inauditum,

1883 1018 2190 1087 huiusmodi
2223 1021 2469 1078 homines
2518 1023 2799 1079 haereticos
2855 1023 3216 1096 designamus,
3261 1041 3446 1096 quant-

1881 1108 2012 1164 libet
2045 1112 2208 1167 variis
2239 1127 2305 1168 ac
2344 1113 2570 1168 diversis
2601 1124 2652 1170 et
2693 1113 2952 1170 fabulosis
2986 1117 3312 1171 concinneut
3337 1116 3442 1172 ista

1883 1197 2169 1267 figmentis,
2198 1202 2334 1257 sicut
2366 1202 2478 1274 (65)
2499 1213 2800 1260 sectatores
2829 1204 3140 1269 Marcionis,
3164 1217 3218 1261 et
3241 1206 3440 1260 Valen-

1882 1288 2000 1355 tini,
2039 1302 2094 1344 et
2128 1292 2396 1360 Basilidis,
2434 1305 2487 1350 et
2511 1296 2561 1350 hi
2591 1297 2682 1370 qui
2710 1312 2769 1352 se
2794 1296 3090 1354 Tethianos
3124 1299 3237 1370 (66)
3267 1298 3442 1370 appel-

1877 1378 2010 1437 lant.
2039 1380 2146 1437 Sed
2177 1393 2231 1438 et
2260 1385 2470 1455 Apelles
2512 1369 2643 1442 licet
2687 1404 2793 1443 non
2831 1389 3083 1444 omnibus
3121 1369 3294 1445 modis
3343 1391 3437 1445 Dei

1876 1486 1997 1529 esse
2040 1477 2264 1546 deneget
2301 1477 2474 1547 legem
2527 1479 2608 1532 vel
2658 1481 2967 1550 prephetas,
3001 1491 3176 1536 tamen
3213 1490 3268 1536 et
3325 1482 3440 1550 ipse

1876 1567 2162 1622 haereticus
2199 1569 2537 1640 designatur,
2563 1573 2819 1641 quoniam
2852 1574 3138 1628 Dominum
3172 1574 3318 1629 hunc
3346 1577 3436 1644 qui

1874 1659 2132 1714 mundum
2163 1660 2351 1724 edidit,
2375 1662 2441 1716 ad
2469 1661 2690 1728 gloriam
2721 1663 2943 1720 alterius
2971 1665 3198 1737 ingeniti
3225 1678 3279 1722 et
3308 1668 3433 1722 boni

1879 1746 1970 1804 Dei
2023 1764 2150 1804 eum
2207 1753 2578 1807 construxisse
2634 1757 2998 1824 pronuntiat:
3039 1757 3187 1811 illum
3254 1768 3433 1813 autem

1875 1841 2168 1911 ingenitum
2216 1842 2382 1897 Deum
2414 1845 2464 1898 in
2495 1848 2970 1902 consummatione
3001 1849 3183 1904 seculi
3215 1851 3434 1906 misisse

1802 1901 1844 1957 Β
1870 1928 2052 1984 Jesum
2077 1932 2350 1989 Christum
2378 1934 2445 1988 ad
2468 1936 2908 1992 emendationem
2939 1939 3145 2003 mundi,
3184 1951 3432 2010 rogatum

1871 2023 1938 2078 ab
1963 2038 2031 2079 eo
2060 2023 2204 2090 Deo,
2259 2027 2350 2095 qui
2398 2041 2521 2082 eum
2570 2027 2795 2094 fecerat,
2847 2038 2908 2084 ut
2952 2031 3190 2088 mitteret
3234 2031 3430 2088 Filium

1870 2129 2026 2170 suum
2063 2119 2126 2171 ad
2160 2119 2346 2174 mundi
2376 2120 2460 2174 sui
2497 2121 2910 2176 correctionem.
2939 2123 3003 2177 Et
3028 2125 3072 2180 si
3097 2125 3314 2195 quidem
3341 2125 3430 2180 hic

1871 2208 2214 2266 solummodo
2256 2212 2346 2280 qui
2395 2212 2462 2268 de
2503 2213 2611 2268 Deo
2640 2211 2802 2268 Patre
2845 2215 3004 2271 aliter
3045 2217 3211 2272 sentit
3267 2232 3428 2288 quam

1871 2299 2050 2370 regula
2099 2301 2313 2371 pietatis
2354 2304 2615 2374 exposcit,
2659 2305 2946 2362 haereticus
2982 2307 3094 2379 (67)
3151 2308 3428 2365 habendus

1867 2401 2033 2455 esset,
2069 2391 2341 2448 suﬁiceret
2388 2396 2572 2462 utique
2617 2395 2756 2464 quod
2791 2396 3040 2467 superius
3075 2397 3276 2453 dictum
3320 2409 3423 2455 est.

1867 2483 1974 2538 Sed
2009 2500 2149 2539 nunc
2176 2500 2338 2539 unum
2387 2497 2549 2555 atque
2591 2486 2730 2542 idem
2777 2489 3101 2544 credendum
3145 2498 3227 2544 est
3260 2490 3422 2545 etiam

1867 2576 1932 2631 de
1955 2591 2020 2631 eo
2049 2577 2138 2647 qui
2180 2577 2244 2632 de
2284 2576 2512 2633 Domino
2545 2588 2730 2633 nostro
2766 2577 2893 2635 Jesu
2926 2580 3143 2635 Christo
3177 2581 3293 2637 falsi
3326 2581 3427 2637 ali-

1866 2668 1994 2737 quid
2024 2668 2277 2731 senserit,
2325 2669 2439 2724 sive
2468 2669 2766 2724 secundum
2813 2685 2908 2726 eos
2952 2672 3044 2740 qui
3080 2672 3265 2727 dicunt
3300 2687 3422 2728 eum

1865 2771 1930 2812 ex
1961 2757 2160 2830 Ioseph
2191 2769 2245 2814 et
2278 2759 2446 2815 Maria
2480 2770 2666 2815 natum
2688 2800 2704 2825 ,
2747 2762 2887 2817 sicut
2925 2772 3048 2816 sunt
3084 2763 3345 2820 EbiOllllai
3371 2773 3428 2820 et

1866 2849 2254 2915 Valentiniani,
2291 2849 2405 2904 sive
2437 2851 2731 2905 secundum
2771 2866 2864 2907 eos
2894 2852 2983 2922 qui
3013 2855 3424 2924 primogenitum

1865 2954 1987 2995 eum
2015 2949 2234 3008 negant,
2256 2949 2309 2995 et
2341 2941 2503 2996 totius
2532 2950 2796 2997 creaturas
2829 2942 2996 2997 Deum
3018 2982 3034 3006 ,
3069 2953 3126 2999 et
3171 2943 3423 3015 Verbum,

1863 3039 1916 3086 et
1939 3029 2295 3102 Sapientiam,
2355 3046 2474 3101 quae
2509 3039 2591 3087 est
2636 3033 2849 3087 initium
2883 3035 3089 3088 viarum
3143 3035 3236 3092 Dei
3276 3047 3427 3094 ante-

1864 3138 2025 3193 quam
2057 3121 2258 3193 aliquid
2295 3123 2468 3188 fleret,
2511 3133 2637 3179 ante
2675 3123 2868 3180 saecula
2903 3122 3213 3193 fundatam,
3265 3138 3427 3198 atque

180 3223 423 3278 regnum
457 3207 552 3262 Dei
586 3223 692 3263 non
717 3209 1087 3278 possidebunt,
1120 3210 1192 3264 ita
1234 3210 1356 3264 ethi
1385 3209 1475 3278 qui
1517 3210 1568 3264 in
1591 3210 1763 3268 haere-
1789 3235 1834 3298 ο
1866 3225 1990 3270 ante
2031 3229 2221 3271 omnes
2266 3215 2429 3271 colles
2489 3224 2803 3286 generatam
2856 3216 2922 3282 ⁸ο,
2998 3217 3090 3272 sed
3151 3218 3424 3273 hominem

177 3299 286 3353 sim
319 3298 750 3355 declinaverint.
791 3298 976 3370 Neque
1013 3302 1158 3357 enim
1189 3301 1485 3370 putandum
1515 3311 1596 3357 est
1627 3304 1760 3358 tanti

177 3390 422 3459 apostoli
469 3400 578 3444 tam
611 3391 914 3447 absolutam
947 3392 1270 3447 sententiam
1325 3407 1482 3457 posse
1521 3393 1628 3450 ullo
1671 3410 1763 3464 ge-

177 3498 313 3539 nere
344 3483 636 3538 vacillare.
673 3484 962 3553 Apostolus
989 3485 1133 3540 enim
1179 3491 1264 3539 est
1310 3485 1549 3541 omnium
1578 3486 1762 3543 Eccle-

174 3575 394 3630 siarum
428 3574 630 3630 Christi
661 3613 678 3639 ,
712 3592 819 3632 non
851 3577 919 3632 ab
950 3576 1190 3641 homine,
1223 3590 1398 3644 neque
1448 3591 1542 3645 per
1589 3577 1761 3632 horni-

176 3681 335 3732 nem,
386 3667 486 3722 sed
529 3681 626 3736 per
672 3666 856 3723 Iesum
907 3667 1182 3724 Christum
1226 3676 1280 3722 et
1330 3667 1494 3723 Deum
1545 3667 1758 3726 Patrem

173 3759 395 3814 electus
430 3759 495 3814 ε’.
525 3758 815 3830 Propterea
851 3774 1005 3830 ergo,
1035 3758 1336 3816 secundum
1381 3761 1755 3817 auctoritatem

174 3849 474 3906 sententiae
510 3849 677 3920 ipsius
703 3890 719 3916 ,
763 3859 976 3922 oportet
1024 3867 1124 3907 nos
1171 3851 1317 3906 sicut
1357 3854 1560 3923 reliqua
1619 3855 1754 3910 mala

172 3956 300 4012 quae
335 3939 455 4012 (6'5)
491 3944 813 4009 numeravit,
847 3944 920 3999 ita
943 3943 1106 4000 etiam
1131 3959 1325 4000 nomen
1357 3945 1576 4002 haeresis
1603 3947 1756 4004 devi-

173 4042 321 4101 tare,
383 4047 565 4103 neque
608 4049 729 4092 cum
784 4034 981 4091 talibus
1029 4038 1291 4094 orationis
1353 4039 1615 4097 societate
1657 4043 1756 4098 mi-

171 4126 344 4182 sceri.
363 4143 417 4188 η.

242 4215 584 4274 Passennus.
620 4215 686 4272 Et
727 4226 846 4287 post
893 4217 1042 4286 haec,
1079 4219 1264 4288 paucis
1305 4219 1626 4289 quihusdam
1658 4235 1756 4291 per

173 4308 432 4363 medium
452 4307 690 4374 insertis,
723 4307 915 4373 adjecit
937 4327 950 4361 :

242 4397 550 4456 Oenones.
598 4417 617 4450 ι
646 4397 783 4465 Quid
828 4413 960 4454 vero
988 4399 1059 4456 sit
1100 4398 1387 4477 haereticus
1424 4401 1584 4456 homo
1607 4441 1622 4464 ,
1655 4416 1752 4472 pro

166 4493 394 4548 viribus
423 4491 647 4557 nostris,
679 4495 977 4547 secundum
1011 4492 1155 4562 quod
1181 4491 1386 4547 sentire
1411 4492 1522 4565 (64)
1560 4509 1752 4564 possu-

168 4599 322 4651 mus,
354 4583 754 4640 describamus.
797 4583 986 4640 Omnis
1038 4586 1128 4656 qui
1167 4583 1382 4640 Christo
1424 4599 1484 4640 se
1528 4585 1748 4643 credere

242 4702 292 4732 ¹⁶
335 4699 474 4754 Luc.
509 4715 617 4762 xvi,
647 4699 736 4756 10.
809 4702 850 4734 ⁸⁷
886 4700 995 4758 Tit.
1041 4717 1123 4766 ιιι,
1175 4701 1264 4768 10,
1307 4703 1394 4758 11.

163 4785 290 4840 vm,
338 4769 439 4833 20,
480 4770 570 4836 22,
597 4771 687 4826 se.

266 4889 368 4952 60)
407 4887 605 4945 Omnes
633 4905 761 4946 mss.
795 4907 974 4948 unam.
1008 4889 1177 4952 Editi,
1201 4891 1431 4946 'trinam.

266 4891 342 4942 60
407 4891 605 4945 Omnes
633 4905 761 4946 mss.
795 4907 974 4948 unam.
1008 4891 1177 4952 Editi,
1201 4891 1431 4946 'trinam.

241 4891 368 5032 (6|;
409 4958 482 5033 De
510 4977 610 5033 quo
640 4960 767 5033 dicit
795 4961 966 5030 qualis
997 4964 1062 5015 sit
1093 4962 1181 5033 qui
1207 4963 1504 5033 luereticus,
1537 4971 1584 5016 et
1610 4979 1741 5033 qua-

165 5031 234 5085 lis
256 5031 332 5086 sit
358 5032 453 5101 qui
477 5031 762 5085 catholicus
783 5040 858 5086 est
883 5041 928 5085 et
951 5032 1353 5086 ecclesiasticus.
1409 5031 1532 5086 llaec
1553 5031 1744 5090 desunt

167 5104 224 5157 in
250 5101 519 5154 omnibus
548 5116 675 5156 mss.
714 5103 936 5166 nostris,
971 5103 1062 5156 sed
1094 5109 1307 5155 exstant
1338 5103 1390 5154 in
1416 5101 1598 5157 editis.

263 5170 363 5242 62)
391 5168 904 5242 [_Is_Commetttariis
933 5173 987 5223 in
1013 5169 1198 5242 Epist.
1231 5170 1298 5222 ad
1336 5170 1532 5242 Titum.

263 5239 365 5310 63)
395 5239 558 5304 Editi,
588 5250 972 5302 numeraverat,
1006 5240 1080 5293 ita
1116 5256 1300 5294 nomen
1344 5241 1578 5303 heresis,
1629 5248 1736 5297 etc.

166 5309 306 5366 Mss.
341 5309 659 5373 numera-sit,
692 5311 768 5364 ita
797 5312 955 5364 etiam
991 5326 1175 5363 nomen
1201 5310 1434 5371 heresis,
1465 5321 1572 5364 etc.

241 5380 369 5452 (64)
409 5379 573 5452 Editi,
621 5381 907 5449 possimus.
933 5415 1020 5433 ...
1066 5381 1154 5448 qui
1196 5395 1250 5434 se
1287 5379 1492 5434 Christo
1531 5380 1742 5435 credere

163 5448 480 5523 proﬁtetur.
511 5448 640 5504 Mss.
667 5465 792 5523 vero
821 5453 946 5523 utin
981 5459 1149 5504 textu.

245 5521 374 5591 (65)
426 5518 554 5574 Mss.
589 5520 794 5591 inostri_
817 5521 1072 5574 omittunt
1104 5527 1402 5591 sectatores
1431 5533 1449 5571 :
1483 5526 1538 5573 et
1582 5518 1742 5591 paulo

165 5587 300 5661 post
336 5587 486 5661 recte
515 5590 714 5661 habent
743 5588 1062 5661 _Tethiauos.
1089 5587 1354 5661 (Merlinus
1407 5603 1554 5654 vero,
1584 5587 1737 5643 'Etlt-

167 5658 406 5725 inanes;
438 5659 843 5728 Genebrardus,
869 5658 1251 5728 Eutychianos.

239 5731 367 5800 (66)
402 5729 702 5800 Tgtltianos.
743 5726 818 5780 lta
843 5726 1257 5800 quidetn_miss_.;
1303 5726 1733 5800 _sed_|egengdum

164 5796 398 5860 videtur
434 5797 711 5861 Tatianos,
740 5800 806 5852 de
831 5800 1025 5866 quibus
1056 5797 1385 5867 Epiphanius
1419 5797 1612 5867 haeresi
1643 5796 1735 5862 9.6,

167 5873 244 5926 al.
275 5871 377 5924 46.
413 5869 591 5922 Editio
624 5885 756 5922 nova
789 5867 1111 5936 Hieronymi
1130 5866 1170 5936 ξι
1191 5867 1251 5920 D.
1296 5877 1480 5920 nostro
1521 5866 1737 5920 Martia-

172 5939 301 5998 naeo
330 5941 545 6011 vulgata
575 5937 734 5992 habet
773 5935 1047 5991 Et/tianos.
1099 5935 1340 5993 Husrtus
1377 5938 1432 5993 in
1465 5937 1734 5993 Addendis

496 6036 770 6096 PATROL.
813 6036 929 6096 Gn.
971 6033 1167 6097 XVII.

1473 4702 1517 4736 “
1548 4703 1717 4760 lCor.
1743 4722 1819 4772 χι,
1850 4709 1938 4766 19.

1865 3307 2042 3364 solum
2069 3322 2190 3365 eum
2231 3306 2474 3364 dicentes
2507 3324 2520 3363 :
2548 3306 2632 3362 vel
2677 3307 2968 3362 secundum
2996 3323 3090 3364 eos
3134 3311 3222 3379 qui
3261 3311 3423 3367 Deum

1865 3401 2083 3470 quidem
2108 3414 2229 3454 eum
2272 3397 2532 3463 fatentur,
2564 3398 2676 3470 (68)
2710 3415 2814 3453 non
2850 3408 3029 3454 tamen
3067 3403 3426 3471 assumpsisse

1866 3491 2102 3546 animam
2131 3503 2436 3559 corpusque
2465 3498 2736 3545 terrenum
2771 3509 2784 3546 :
2815 3493 2905 3561 qui
2934 3493 3032 3546 sub
3068 3493 3250 3563 specie
3271 3496 3423 3564 quasi

1866 3581 2146 3653 amplioris
2201 3581 2384 3653 gloria:
2417 3581 2544 3638 Jesu
2580 3581 2809 3637 Domino
2862 3581 3189 3653 deferendae,
3243 3589 3423 3640 omnia

1863 3688 1984 3746 qua:
2008 3675 2075 3728 ab
2108 3688 2173 3730 eo
2196 3683 2346 3746 gesta
2377 3683 2522 3738 sunt,
2560 3671 2670 3744 (69)
2700 3673 2814 3728 visa
2848 3673 2959 3736 geri
3002 3675 3171 3746 magis
3195 3717 3210 3740 ,
3263 3693 3423 3746 quam

1861 3779 1990 3820 vere
2020 3773 2167 3836 gesta
2196 3777 2316 3820 esse
2333 3772 2598 3819 testantur
2630 3781 2642 3817 :
2668 3763 2870 3834 quique
2903 3780 3078 3836 neque
3110 3765 3177 3822 de
3205 3766 3427 3836 Virgine

1862 3865 2046 3911 natum
2080 3855 2337 3918 fatentur,
2385 3857 2480 3909 sed
2521 3854 2738 3924 triginta
2771 3868 3032 3910 annorum
3071 3857 3245 3912 virum
3294 3873 3416 3912 eum

1860 3948 2176 4018 apparuisse
2204 3947 2255 4001 in
2283 3944 2485 4002 Iudaea.
2531 3945 2636 3999 Alii
2667 3959 2792 3999 vero
2836 3959 2901 4000 ex
2934 3945 3153 4018 Virgine
3194 3949 3410 4018 quidem

1859 4055 1981 4096 eum
2013 4039 2238 4093 credunt
2264 4051 2383 4092 esse
2412 4035 2774 4106 progenitum,
2803 4037 2896 4091 sed
2927 4045 3144 4104 putasse
3166 4053 3223 4094 se
3249 4040 3418 4108 magis

1860 4129 2135 4199 Virginem
2160 4126 2456 4196 peperisse,
2487 4140 2592 4178 non
2620 4133 2795 4178 tamen
2826 4139 2958 4180 vere
2990 4128 3261 4196 peperisse
3288 4144 3419 4183 con-

1861 4223 2104 4278 firmant.
2138 4218 2384 4274 Latuisse
2416 4217 2611 4287 quippe
2659 4218 2822 4272 etiam
2862 4219 3131 4287 Virginem
3163 4223 3420 4290 putativa!

1859 4309 2226 4384 generationis
2271 4316 2523 4362 asserunt
2552 4316 2974 4366 sacramentum.
3013 4307 3110 4374 Qui
3150 4313 3420 4380 quomodo

1859 4418 1964 4458 non
1986 4401 2054 4456 ab
2078 4399 2315 4455 Ecclesia
2356 4399 2512 4470 longe
2549 4399 2778 4467 ponendi
2813 4409 2956 4465 sunt,
2997 4416 3116 4455 cum
3149 4403 3263 4473 (70)
3294 4405 3420 4472 phi-

1857 4494 2076 4549 larchite
2105 4491 2292 4546 morbo
2331 4489 2645 4561 languentes
2669 4489 2915 4560 dogmata
2944 4493 3256 4556 statuerint,
3302 4495 3422 4564 qui-

1850 4589 1951 4644 bus
1974 4587 2041 4641 ad
2070 4600 2225 4639 suum
2257 4595 2450 4636 nomen
2477 4579 2768 4652 discipulos
2791 4581 3123 4638 declinarent
3149 4583 3420 4654 ?1(7I)Sed

2049 4705 2116 4738 ¹⁸⁶
2139 4703 2318 4759 Galat.
2347 4716 2401 4768 v,
2431 4700 2619 4757 19-21.
2699 4701 2741 4734 ¹⁹
2767 4698 2942 4757 Galat.
2971 4718 3008 4768 ι,
3047 4702 3100 4757 1.
3176 4704 3222 4737 ³ο
3256 4701 3416 4760 Prov.

1777 4899 1823 4954 ι)
1851 4905 1900 4949 et
1929 4885 2292 4945 emendandis.

1923 4960 2035 5028 (67)
2057 4957 2186 5011 Mss.
2212 4965 2273 5028 et
2304 4952 2516 5028 Merlini
2545 4953 2733 5028 editio,
2764 4952 3039 5028 habendus
3059 4962 3157 5028 est,
3194 4963 3240 5006 et
3274 4956 3415 5024 sit/fi-

1849 5023 2006 5093 ceret,
2062 5039 2166 5082 etc.
2211 5023 2429 5078 Rectius
2477 5023 2895 5084 Genebrardus,
2950 5023 3218 5076 habendus
3258 5023 3408 5084 esset,

1847 5101 2119 5174 “(£59735
2143 5107 2250 5174 ἕῳ·
2418 5169 2429 5174 -
2871 5161 2883 5173 .
3017 5160 3030 5174 ,
3140 5161 3151 5172 .
3360 5164 3372 5174 .

1922 5160 2034 5240 (68)
2081 5163 2217 5240 Editi
2264 5177 2366 5216 non
2412 5169 2585 5240 tamen
2622 5161 2968 5240 assumpsisse
3009 5160 3296 5222 hominem,
3353 5164 3410 5214 id

1849 5229 1947 5302 est,
2017 5229 2281 5297 animum,
2333 5240 2437 5285 etc.
2496 5229 2599 5302 Ms.
2655 5231 3021 5302 Sorbonictis,
3079 5247 3178 5283 non
3231 5242 3407 5284 tanien

1848 5299 2189 5375 assumpsisse
2215 5302 2452 5358 eumdem
2481 5300 2738 5367 animum,
2785 5311 2892 5354 etc.
2928 5299 3121 5354 Ca-teri
3171 5316 3302 5354 mss.
3351 5313 3412 5354 ut

1848 5379 1902 5433 in
1934 5389 2100 5431 textu.

1917 5447 2030 5518 (69)
2070 5441 2235 5518 _Editi,
2275 5440 2598 5518 pltantastice
2644 5440 2838 5518 magis,
2891 5455 3073 5507 quam,
3129 5447 3280 5518 etc.“
3303 5437 3405 5518 Ms.

1849 5506 2184 5570 So‘rbo'nicus
2206 5506 2227 5573 ,⁷
2261 5506 2370 5579 uisa
2403 5525 2576 5577 gerere
2622 5506 2807 5579 magis,
2859 5506 3194 5579 quam,_etc.
3226 5506 3410 5574 ,Paulo

1847 5597 1968 5655 post
1996 5584 2142 5649 editi,
2165 5581 2240 5655 _de
2280 5578 2488 5648 Virgine
2512 5577 3014 5634 natum'testautur.
3043 5577 3236 5634 Caneri
3274 5595 3404 5634 mss.

1842 5652 2046 5710 rectius
2079 5664 2134 5705 ut
2164 5652 2217 5704 in
2249 5660 2417 5704 textu.
3438 5671 3443 5675 -

1916 5725 2028 5795 (70)
2059 5722 2220 5783 Editi,
2259 5729 2327 5795 _et
2375 5735 2479 5774 tus.
2521 5719 2739 5785 Regius,
2792 5719 3153 5789 philargyrire.
3211 5717 3404 5774 theri

1845 5791 1978 5850 mss.
2013 5791 2338 5861 pltilarchiw.

1945 5858 2034 5932 71)
2064 5863 2167 5918 Sed
2218 5871 2266 5914 et
2304 5876 2389 5914 eos
2422 5859 2510 5932 qui
2557 5859 2974 5932 hominem,etc.
3007 5859 3257 5932 Erro_rem
3305 5858 3408 5912 Be~

1919 5864 2034 5990 (7i)
2064 5864 2167 5918 Sed
2218 5871 2266 5914 et
2304 5876 2389 5914 eos
2422 5864 2510 5930 qui
2557 5864 2836 5922 hominem,
2867 5868 2974 5913 etc.
3007 5864 3257 5913 Errorem
3305 5864 3404 5912 Be~

1841 5935 1964 6008 ryli
1992 5933 2378 5991 Bostrenorutn
2421 5929 2659 6001 episcopi
2702 5932 2789 5985 hic
2831 5931 3082 6000 designat
3122 5929 3404 6000 Origenes.

3054 6025 3129 6086 18
