3902 6576
556 438 660 492 535

1754 436 1810 492 S.
1850 431 2179 491 PAMPHILI
2221 431 2574 490 MARTYRIS

3691 446 3794 502 556

556 571 650 609 eos
684 555 772 624 qui
813 555 1087 614 hominem
1127 553 1316 610 dicunt
1355 554 1644 608 Dominum
1692 552 1875 608 Jesum
1917 567 2123 620 praeco-
2155 552 2199 610 A
2228 551 2400 606 virum
2444 568 2569 607 cum
2616 553 2700 609 his
2727 557 2975 613 omnibus
3026 572 3146 626 quae
3192 571 3354 629 supra
3403 560 3751 631 exposuimus
3779 603 3794 629 ,

555 650 762 719 genitum
797 658 850 702 et
878 647 1341 717 praedestinatum,
1371 648 1462 717 qui
1509 657 1635 701 ante
1677 647 1964 700 adventum
1999 661 2122 699 car.

555 738 727 792 nalem
760 736 1188 792 substantialiter
1213 745 1267 792 et
1308 737 1525 806 proprie
1557 751 1660 792 non
1687 737 1992 801 exstiterit,
2026 735 2122 791 sed

555 830 696 900 quod
727 830 886 885 homo
927 839 1084 886 natus
1121 829 1300 886 Patris
1342 830 1512 887 solam
1548 831 1602 886 in
1643 846 1702 886 se
1732 832 1978 886 habuerit
2007 827 2124 902 (72)

561 925 840 989 deitatem,
876 939 942 979 ne
968 923 1088 979 illos
1111 925 1326 994 quidem
1357 927 1472 980 sine
1491 925 1732 996 periculo
1758 937 1840 982 est
1868 925 2123 981 Ecclesiae

553 1031 783 1070 numero
801 1016 999 1071 sociari
1028 1017 1197 1071 :sicut
1218 1024 1274 1070 et
1296 1016 1415 1070 illos
1439 1016 1527 1086 qui
1554 1017 1929 1086 superstitiose
1951 1016 2122 1087 magis

550 1121 709 1176 quam
730 1107 1002 1179 religiose,
1017 1106 1092 1160 uti
1122 1122 1189 1162 ne
1210 1107 1495 1162 videantur
1511 1108 1646 1163 duos
1663 1108 1793 1163 deos
1817 1106 2123 1176 dicere,fne-

549 1220 654 1276 que
682 1219 892 1258 rursum
912 1217 1115 1273 negare
1142 1201 1443 1256 Salvatoris
1469 1201 1749 1264 deitatem,
1790 1217 1950 1256 unam
1971 1216 2121 1256 eam-

549 1298 780 1366 demque
798 1295 908 1367 (75)
931 1291 1334 1349 subsistentiam
1355 1291 1533 1346 Patris
1551 1307 1612 1346 ac
1637 1292 1758 1347 Filii
1782 1299 2118 1356 asseverant,

543 1385 602 1441 id
635 1396 738 1450 est,
769 1386 873 1439 duo
896 1383 1114 1453 quidem
1150 1382 1366 1436 nomina
1411 1380 1708 1436 secundum
1747 1380 2119 1435 diversitatem

542 1492 832 1534 causarum
899 1475 1288 1544 recipientem,
1346 1490 1509 1529 unam
1572 1483 1753 1530 tamen
1824 1473 2120 1528 ὑπόστασιν

2236 645 2398 699 etiam
2440 645 2508 700 de
2545 655 2876 703 mortuorum
2913 649 3308 705 resurrectione
3355 649 3528 718 ﬁdes,
3578 653 3644 707 de
3689 669 3793 723 qua

2224 748 2460 794 sanctus
2509 741 2789 809 apostolus
2837 742 3035 799 Paulus
3081 743 3153 800 ita
3187 748 3540 816 pronuntiat,
3590 749 3714 819 quia
3751 751 3796 806 si

2223 832 2346 900 quis
2408 841 2569 900 negat
2631 836 3085 892 resurrectionem
3151 848 3490 894 mortuorum
3526 880 3541 904 ,
3601 856 3828 896 conse-'

2222 937 2392 992 quens
2418 934 2501 978 est
2518 932 2576 977 ut
2599 924 2799 981 Christi
2828 929 3274 984 resurrectionem
3293 941 3450 1001 neget
3467 931 3535 984 ³³.
3553 931 3668 1004 (79)
3687 930 3797 986 Ha-

2221 1013 2413 1069 beatur
2440 1015 2794 1072 nihilominus
2821 1018 2874 1072 in
2910 1019 3284 1076 ecclesiastico
3309 1022 3499 1077 ordine
3523 1024 3692 1077 etiam
3731 1023 3798 1078 de

2221 1105 2438 1162 diabolo
2473 1108 2633 1174 ratio,
2664 1117 2718 1164 et
2746 1110 2814 1165 de
2849 1111 2995 1165 omni
3029 1110 3147 1180 ejus
3187 1113 3457 1180 exercitu,
3488 1115 3633 1183 quod
3663 1129 3795 1186 ago-

2221 1213 2318 1254 nes
2346 1200 2606 1270 quosdam
2651 1210 2706 1256 et.
2745 1202 3041 1258 certamina
3079 1205 3367 1260 adversum
3399 1221 3594 1262 omnes
3618 1208 3796 1262 homi-

2222 1305 2319 1346 nes
2344 1332 2360 1359 ,
2407 1293 2680 1363 praecipue
2712 1303 2888 1349 tamen
2924 1296 3186 1351 adversus
3219 1311 3314 1351 eos
3343 1298 3437 1368 qui
3468 1300 3708 1355 credunt
3738 1299 3793 1355 in

2224 1382 2512 1438 Dominum
2564 1394 2807 1440 nostrum
2837 1385 3020 1441 Jesum
3066 1386 3348 1444 Christum
3375 1429 3393 1454 ,
3445 1399 3670 1445 movent
3696 1408 3714 1445 :
3741 1399 3798 1446 et

2219 1476 2364 1546 quod
2402 1478 2779 1533 necessitatem
2810 1480 3024 1549 quidem
3070 1479 3349 1550 imponere
3401 1482 3665 1551 peccandi
3701 1497 3798 1554 per

547 1570 862 1633 subsistere,
914 1568 967 1622 id
1011 1575 1094 1621 est
1131 1582 1290 1621 unam
1326 1581 1614 1636 personam
1639 1567 1846 1622 duobus
1894 1566 2126 1623 nomini-
2201 1584 2421 1638 .agones
2443 1579 2499 1624 et
2521 1571 2820 1626 certamina
2862 1587 2969 1626 non
2999 1571 3215 1638 valent,
3243 1575 3575 1642 persuadere
3615 1585 3796 1632 tamen

546 1663 649 1716 bus
677 1660 1046 1729 subjacentem
1074 1705 1086 1722 ,
1121 1657 1211 1726 qui
1265 1657 1454 1712 Latine
1497 1655 1884 1728 Patripassiani
1937 1655 2120 1728 appel-

547 1753 748 1808 lantur.
785 1751 896 1824 (74)
947 1750 1052 1807 Sed
1099 1761 1153 1806 et
1191 1750 1236 1805 si
1287 1749 1378 1820 qui
1410 1750 1659 1820 suntqui
1695 1749 1957 1820 Spiritum
1994 1765 2119 1805 san-

546 1856 694 1900 ctum
721 1845 886 1898 alium
913 1843 1131 1913 quidem
1162 1843 1352 1897 dicunt
1378 1855 1496 1897 esse
1531 1842 1623 1911 qui
1649 1839 1752 1895 fuit
1796 1841 1848 1895 in
1879 1841 2115 1911 prophe-

547 1940 641 2004 tis,
673 1939 838 1991 alium
867 1946 1043 1991 autem
1080 1935 1171 2005 qui
1203 1933 1303 1988 fuit
1333 1933 1387 1988 in
1421 1933 1680 2004 apostolis
1701 1932 1912 1986 Domini
1944 1932 2110 1986 nostri

542 2028 671 2084 Jesu
700 2028 924 2092 Christi,
960 2042 1124 2081 unum
1156 2035 1317 2095 atque
1350 2023 1492 2079 idem
1521 2023 1774 2079 delictum
1811 2023 2108 2092 impietatis

541 2119 858 2183 admittunt,
895 2116 1038 2185 quod
1067 2115 1168 2180 illi,
1204 2114 1322 2184 qui,
1352 2123 1613 2184 quantum
1646 2113 1699 2167 in
1730 2127 1790 2168 se
1819 2123 1924 2178 est,
1955 2121 2113 2167 natu-

543 2227 659 2266 ram
690 2211 905 2266 deitatis
936 2218 1144 2271 secant,
1168 2217 1222 2263 et
1261 2207 1373 2278 (75)
1407 2207 1664 2263 scindunt
1699 2221 1863 2260 unum
1896 2206 2036 2276 legis
2059 2213 2114 2260 et

541 2302 958 2373 Evangeliorum
1015 2302 1202 2356 Deum.
1267 2299 1370 2355 Sed
1425 2308 1480 2354 et
1524 2299 1598 2354 illi
1647 2298 1739 2368 qui
1775 2313 1878 2352 non
1921 2311 2113 2352 omnes

544 2397 807 2450 humanas
847 2394 1059 2448 animas
1116 2391 1280 2445 unius
1329 2391 1440 2462 (76)
1496 2391 1846 2460 ejusdemque
1903 2397 2110 2443 natura:

541 2487 727 2542 dicunt
755 2502 875 2544 esse
913 2485 996 2540 vel
1043 2483 1399 2548 substantiae,
1445 2483 1542 2537 sed
1595 2482 1839 2537 diversas
1883 2489 2109 2536 naturas

542 2579 871 2644 animarum,
909 2579 1050 2633 inter
1081 2592 1175 2632 eas
1209 2578 1440 2632 luereses
1480 2573 1802 2630 numerandi
1833 2581 1961 2628 sunt
1989 2586 2111 2641 qua:

539 2671 883 2742 iniquitatem
930 2672 982 2726 in
1035 2670 1319 2726 Excelsum
1372 2669 1663 2738 loquuntur
1701 2666 1769 2730 ²¹,
1819 2675 1981 2733 atque
2027 2665 2111 2718 in-

536 2764 798 2835 justitiam
859 2763 1309 2832 iniquitatemque
1370 2761 1487 2830 ejus
1547 2766 1824 2814 accusant.
1889 2756 2108 2811 Necnon

541 2867 598 2912 et
654 2857 731 2911 illi
789 2857 878 2926 qui
941 2858 1094 2911 liberi
1152 2857 1361 2911 arbitrii
1408 2865 1729 2924 potestatem
1782 2869 1847 2907 ex
1901 2851 2108 2906 anima-

539 2953 640 3007 bus
704 2951 917 3005 aul‘erre
961 2951 1211 3004 nituntur
1271 2947 1413 3001 velut
1456 2945 1576 3016 (77)
1651 2943 1956 3014 perniciosa
2007 2945 2109 2998 do-

547 3053 746 3114 gmata,
784 3041 1054 3097 communi
1085 3042 1333 3094 humana:
1362 3039 1504 3105 vitae,
1530 3046 1583 3094 et
1612 3036 1796 3091 virtuti
1830 3037 2112 3090 continen«

538 3137 628 3190 tia:
657 3134 832 3189 labem
872 3134 1162 3204 quamdam
1202 3131 1400 3186 inferre
1433 3129 1709 3198 iudicandi
1741 3137 1887 3195 sunt,
1913 3143 1982 3183 ne
2009 3129 2109 3182 hu-

2218 1665 2272 1711 et
2305 1655 2556 1726 decipere
2585 1658 2654 1712 ad
2687 1659 3094 1714 subversionem
3144 1671 3375 1730 possunt
3421 1678 3517 1719 eos
3548 1666 3642 1735 qui
3689 1682 3795 1720 non

2218 1747 2364 1800 onmi
2396 1747 2643 1801 custodia
2692 1761 2788 1801 sua
2835 1749 3003 1804 corda
3050 1752 3435 1818 praemuniunt.
3472 1752 3796 1812 liabendum

2220 1843 2306 1891 est
2346 1846 2528 1892 autem
2561 1837 2612 1892 in
2646 1839 3031 1894 ecclesiasticis
3077 1841 3558 1900 observationibus
3581 1887 3598 1912 ,
3649 1850 3797 1916 quod

2220 1943 2394 1999 neque
2441 1931 2722 1987 hominum
2753 1933 2874 2002 quis
2915 1947 2945 1987 a
2984 1936 3092 1988 Deo
3142 1933 3194 1988 in
3230 1936 3591 2004 perditionem
3626 1941 3798 1996 tradi-

2217 2033 2303 2080 tus
2331 2035 2434 2090 est,
2466 2026 2562 2081 sed
2593 2027 2964 2097 unusquisque
3004 2029 3343 2098 pereuntium
3375 2044 3471 2084 sua
3503 2031 3796 2104 negligen-

2213 2115 2288 2172 tia
2323 2125 2514 2188 pereat
2539 2127 2594 2172 et
2626 2118 2786 2187 culpa
2815 2158 2830 2182 ,
2859 2119 2949 2189 qui
2979 2118 3186 2175 habens
3215 2121 3426 2175 arbitrii
3459 2121 3795 2189 libertatem,

2211 2211 2412 2282 eligere
2442 2212 2580 2280 quod
2627 2211 2825 2266 bonum
2875 2223 2958 2267 est
3005 2223 3060 2267 et
3095 2214 3272 2283 potuit
3311 2221 3366 2267 et
3397 2213 3603 2268 debuit.
3637 2214 3798 2282 Quod

2212 2303 2376 2357 etiam
2410 2302 2478 2358 de
2525 2303 2643 2373 ipso
2677 2304 2892 2358 diabolo
2923 2305 3262 2360 sentiendum
3303 2314 3408 2369 est,
3441 2307 3532 2374 qui
3565 2307 3618 2361 in
3651 2323 3796 2362 con-

2212 2405 2400 2464 spectu
2455 2393 2666 2449 Domini
2723 2397 3113 2466 omnipotentis
3165 2397 3497 2452 describitur
3552 2400 3798 2456 restitis-

2212 2497 2270 2541 se
2295 2485 2362 2552 “,
2394 2496 2448 2540 et
2477 2487 2784 2542 deseruisse
2833 2498 3034 2543 statum
3063 2505 3217 2544 suum
3247 2489 3297 2543 in
3330 2505 3440 2560 quo
3474 2490 3659 2546 fuerat
3687 2491 3796 2547 im-

2213 2579 2513 2635 maculatus
2539 2581 2584 2612 ²⁵
2620 2581 2750 2650 :qui
2781 2581 2964 2651 utique
2989 2582 3252 2652 potuisset
3301 2583 3354 2636 in
3394 2584 3494 2637 hoc
3532 2592 3680 2638 statu
3734 2585 3790 2639 in

2211 2685 2319 2740 quo
2351 2671 2420 2725 ab
2471 2671 2624 2726 initio
2650 2673 2748 2726 t'uit
2773 2715 2789 2740 ,
2841 2688 3011 2744 usque
3040 2675 3091 2726 in
3125 2672 3284 2728 ﬁnem
3321 2688 3683 2743 perseverare
3742 2678 3794 2733 si

2213 2762 2487 2818 voluisset.
2522 2764 2845 2834 Designatus
2867 2805 2881 2830 ,
2919 2774 2976 2819 ut
3007 2766 3268 2830 arbitror,
3304 2766 3458 2821 nobis
3482 2775 3592 2832 est,
3623 2779 3795 2837 prout

2209 2854 2482 2923 potuimus
2512 2892 2527 2918 ,
2571 2866 2626 2908 et
2673 2857 2975 2926 descriptus
3007 2857 3132 2927 quis
3164 2865 3217 2911 et
3259 2859 3436 2927 qualis
3487 2868 3634 2915 esset
3670 2860 3793 2931 (80)

2213 2946 2502 3000 haereticus
2523 2986 2537 3012 ,
2575 2957 2628 3001 et
2657 2962 2777 3016 qua:
2804 2947 2888 3001 vel
2917 2951 2968 3002 in
3021 2950 3218 3019 quibus
3245 2949 3363 3018 ejus
3390 2951 3643 3021 dogmata
3687 2953 3797 3008 fal-

2209 3053 2390 3107 saque
2426 3038 2710 3107 opiniones
2755 3039 3076 3106 habeantur,
3105 3048 3160 3095 et
3198 3056 3321 3110 qua:
3350 3043 3419 3097 sit
3449 3042 3794 3101 ecclesiasti-

2210 3144 2287 3184 cae
2322 3128 2678 3184 observantiae
2717 3130 2943 3200 puritas.
2979 3148 2998 3182 ι

537 3227 679 3282 mani
712 3226 972 3296 propositi
1003 3240 1089 3279 res
1117 3233 1336 3292 putetur
1367 3221 1573 3276 bonum
1603 3222 1731 3291 quid
1765 3220 1848 3275 vel
1884 3218 2064 3274 facere
2089 3260 2104 3284 ,
2133 3231 2177 3291 α
2280 3221 2607 3276 PAMPHILUS.
2643 3221 2706 3275 Et
2737 3233 2853 3290 post
2884 3236 3051 3292 pauca
3078 3222 3284 3278 addidit
3313 3225 3458 3280 haec:

535 3320 833 3376 vel'dicere
859 3360 874 3384 ,
916 3318 998 3372 vel
1027 3317 1229 3372 sentire
1257 3333 1272 3370 :
1305 3329 1370 3368 ex
1403 3330 1511 3386 quo
1539 3314 1604 3367 ad
1643 3321 2009 3382 contemptum
2041 3326 2105 3366 ac

535 3411 920 3483 negligentiam
957 3409 1125 3463 divini
1168 3407 1355 3477 iudicii
1399 3421 1550 3460 mens
1573 3406 1811 3459 humana
1844 3404 2104 3459 formabi-

537 3512 645 3557 tur.
679 3501 762 3555 Sit
794 3513 972 3555 autem
1003 3499 1055 3552 in
1080 3497 1448 3553 ecclesiastico
1471 3495 1662 3552 ordine
1693 3495 1854 3549 etiam
1885 3494 1949 3548 de
1980 3508 2105 3563 pec-

535 3604 780 3650 catorum
814 3592 1093 3662 suppliciis
1128 3590 1295 3654 ﬁdes,
1327 3599 1382 3643 et
1421 3589 1488 3643 de
1517 3588 1599 3642 his
1631 3587 1718 3657 qui
1753 3587 1968 3656 praunia
2003 3587 2100 3639 bo-

534 3703 618 3741 na:
665 3683 1093 3740 conversationis
1147 3690 1202 3736 et
1237 3679 1360 3734 vitae
1395 3680 1448 3733 in
1480 3692 1645 3747 regno
1696 3677 1908 3731 Domini
1957 3675 2105 3743 justo

533 3779 653 3847 ejus
687 3776 893 3846 judicio
927 3771 1196 3843 recepturi
1246 3781 1392 3826 sunt.
1446 3769 1502 3825 Si
1559 3770 1681 3839 quis
1724 3784 1857 3839 ergo
1911 3770 2101 3822 horum

535 3870 739 3942 a.iquid
766 3910 782 3935 ,
833 3884 954 3938 qua:
1003 3881 1164 3935 supra
1204 3863 1595 3934 exposuimus,
1630 3874 1968 3918 commutare
2016 3864 2102 3919 vel

533 3964 851 4019 subvertere
879 3960 990 4030 (78)
1009 3967 1256 4023 conatur,
1284 3956 1430 4010 velut
1457 3972 1745 4022 perversus,
1782 3965 1836 4008 et
1866 3972 1897 4008 a
1925 3966 2104 4010 semel-

531 4056 647 4122 t'pso
692 4053 997 4114 damnatus,
1032 4051 1325 4103 secundum
1374 4048 1698 4102 sententiam
1746 4047 1986 4116 Apostoli
2031 4049 2096 4112 ”,

531 4148 693 4202 etiam
732 4159 760 4197 a
808 4143 965 4198 nobis
999 4151 1266 4211 przecepto
1301 4140 1722 4208 obsequentihus
1753 4137 1870 4206 ejus
1898 4180 1914 4205 ,
1949 4141 2102 4194 simi-

529 4239 654 4294 liter
689 4235 965 4292 habendus
997 4243 1102 4288 est.
1151 4232 1402 4301 Designel
1449 4242 1628 4284 autem
1665 4231 2096 4288 ecclesiasticum

600 4383 643 4413 ’ί
685 4379 884 4434 Psalm.
916 4393 1087 4439 Lxxn,
1129 4375 1186 4430 8.
1289 4379 1334 4408 ²¹
1364 4375 1470 4429 Tit.
1499 4392 1581 4441 ιιι,
1621 4377 1708 4432 Η.

529 4450 576 4482 ³⁸
600 4450 701 4505 lsa.
729 4465 831 4504 ων
855 4489 871 4514 ,
904 4448 958 4502 5.
1057 4449 1099 4478 ⁸⁷
1139 4445 1277 4502 Psal.
1310 4462 1432 4512 exn,
1456 4446 1511 4499 5.

1807 4377 1854 4408 ³³
1880 4377 1899 4430 ι
1925 4376 2049 4434 Cor.
2084 4395 2175 4443 xv,
2210 4379 2297 4434 15.

2282 3312 2570 3370 ORIGENES.
2633 3332 2652 3364 ι
2709 3314 3092 3385 Requisierunt
3140 3328 3273 3370 sane
3321 3317 3542 3386 quidam
3599 3327 3788 3374 utrum

2211 3407 2490 3471 haeresim,
2531 3407 2644 3477 (8|)
2684 3424 2750 3460 an
2789 3408 3024 3462 schisma
3066 3415 3316 3477 oporteat
3347 3410 3533 3462 vocari
3563 3424 3658 3464 eos
3690 3412 3789 3481 qui

2209 3498 2565 3569 Cataphrygae
2614 3497 2980 3562 nominantur,
3029 3497 3381 3552 observantes
3437 3497 3603 3554 falsos
3651 3516 3789 3570 pro-

2211 3589 2402 3657 phetas
2450 3597 2505 3641 et
2554 3587 2795 3641 dicentes
2829 3603 2842 3639 :
2875 3584 2956 3639 Ne
2985 3588 3204 3638 accedas
3254 3584 3323 3637 ad
3372 3601 3485 3652 me,
3527 3587 3788 3656 quoniam

2207 3681 2430 3736 mundus
2464 3696 2578 3734 sum
2602 3679 2647 3710 ³⁸
2677 3698 2691 3734 :
2729 3693 2834 3733 non
2865 3679 3005 3732 enim
3039 3677 3151 3747 (82)
3181 3679 3365 3748 accepi
3400 3692 3653 3742 uxorem,
3683 3694 3786 3734 nec

2205 3783 2288 3830 est
2319 3771 2618 3841 sepulcrum
2650 3779 2838 3839 patens
2863 3779 3048 3839 guttur
3083 3783 3259 3822 meum
3281 3808 3297 3834 ,
3328 3768 3423 3822 sed
3451 3783 3572 3824 sum
3601 3768 3789 3824 Naza-

2206 3881 2344 3921 razus
2377 3865 2494 3925 Dei,
2530 3879 2635 3917 non
2665 3862 2852 3918 bibens
2877 3863 3057 3916 vinum
3088 3861 3230 3917 sicut
3260 3860 3355 3914 illi.
3395 3879 3416 3914 ι

2277 3959 2598 4013 PAMPHILUS.
2655 3955 2773 4010 Istae
2810 3969 2966 4010 voces
2995 3962 3121 4008 sunt
3149 3953 3266 4022 ejus
3297 3951 3387 4022 qui
3417 3952 3568 4008 velut
3597 3953 3784 4010 here-

2211 4051 2346 4106 ticus
2391 4057 2700 4110 accusatur,
2749 4057 2806 4100 et
2852 4045 3134 4115 corruptio
3165 4060 3230 4100 ac
3275 4045 3509 4115 perditio
3559 4049 3782 4101 anima-

2207 4155 2348 4202 rum,
2382 4138 2451 4192 ab
2480 4138 2565 4191 his
2590 4137 2681 4205 qui
2715 4149 3054 4204 nequaquam
3081 4135 3278 4190 ostium
3306 4135 3387 4190 ori
3417 4151 3516 4192 suo
3541 4146 3598 4191 et
3624 4137 3783 4192 clau-

2206 4241 2316 4288 stra
2368 4229 2523 4284 labiis
2548 4227 2660 4282 suis
2687 4226 2964 4296 imponere
2993 4241 3022 4278 a
3073 4225 3340 4295 Propheta
3371 4228 3682 4283 didicerunt
3707 4231 3777 4285 ’⁷.

2405 4375 2451 4407 ’⁸
2479 4374 2685 4430 Daniel.
2729 4390 2782 4438 ι,
2815 4372 2908 4438 ιὸς
2937 4370 3161 4442 Apocal.
3191 4387 3286 4436 xu,
3314 4370 3365 4424 7.
3463 4370 3508 4403 "
3540 4369 3670 4426 Jud.
3721 4373 3776 4429 6.

532 4570 608 4625 De
647 4570 810 4624 hacce
851 4568 1044 4622 ha‘resi
1081 4565 1200 4620 vide
1245 4564 1389 4633 quod
1429 4563 1664 4618 diximus
1713 4561 2084 4633 Origenianor.
2120 4569 2163 4623 ι)
2193 4564 2330 4618 inter
2371 4579 2459 4617 eos
2491 4561 2761 4633 haereticos
2811 4558 3122 4613 numerandi
3176 4565 3297 4610 sunt
3330 4557 3452 4627 qui,
3499 4566 3610 4613 etc.
3661 4557 3772 4614 Sed

527 4640 622 4696 lib.
657 4657 694 4702 t.
729 4653 844 4706 cap.
869 4639 924 4700 5,
952 4648 1054 4689 art.
1089 4638 1144 4691 8.

599 4709 710 4781 (Ἱῖ)
745 4702 907 4781 Editj,
933 4708 1282 4781 diuinitatem,
1314 4721 1377 4781 ne
1401 4708 1539 4781 ipsos
1574 4702 1779 4770 quidem
1814 4703 2090 4781 δίκε-νεή-

525 4773 644 4835 culo
676 4773 786 4834 esse
821 4777 1221 4848 (Genehrardus
1261 4777 1461 4848 omittit
1500 4788 1647 4826 esse:
1678 4773 2089 4848 ms._Sorbm|i-

528 4867 627 4906 cus
652 4867 800 4920 posse
829 4844 928 4918 pro
976 4846 1130 4916 esse),
1161 4846 1408 4920 Ecclesia:
1439 4860 1652 4920 numero
1703 4844 1916 4896 sociari.
1970 4845 2088 4898 Cte-

526 4923 626 4976 teri
652 4915 784 4975 inss.
817 4915 874 4972 ut
900 4920 949 4972 in
983 4928 1149 4979 textu,
1184 4916 1285 4970 nisi
1313 4917 1454 4985 quod
1492 4915 1720 4968 habeant
1747 4930 1855 4966 esse
1879 4929 1976 4983 pro
2008 4925 2083 4968 est

520 4993 667 5063 quod
693 4991 970 5063 legendum
1003 4988 1228 5063 videtur.

596 5063 706 5132 (73)
735 5054 862 5132 Mss.
889 5059 1296 5132 subsistentiam.
1332 5055 1468 5132 Editi
1487 5054 2081 5132 ,Αρηὶὸδτᾳ-ηςίαηιᾷηιξιιθ.

595 5125 708 5201 (74)
761 5131 857 5184 Ms.
897 5128 1259 5201 Cnrhciensis,
1296 5136 1349 5180 et
1385 5125 1596 5201 Merliiii
1633 5125 1799 5201 editio
1827 5165 1841 5189 ,
1886 5125 1991 5179 Sed
2037 5136 2084 5201 et

521 5195 610 5274 qui
637 5195 756 5256 sunt
784 5203 894 5268 qui,
938 5211 1042 5251 etc.
1067 5197 1465 5274 _Geuebrart_ltts
1488 5237 1502 5261 ,
1549 5195 1652 5250 Sed
1699 5205 1768 5274 et.
1797 5205 1919 5274 sunt
1969 5196 2080 5264 qui,

521 5264 650 5335 σξιο..
681 5264 821 5341 quod
847 5269 1172 5341 contrarium
1193 5278 1310 5320 erat
1341 5267 1423 5341 h_is
1451 5282 1568 5335 qua:
1604 5265 1795 5341 scribit
1820 5264 2084 5330 Origenes

523 5345 616 5396 lib.
651 5335 714 5397 ιι’
743 5342 815 5393 De
852 5339 1146 5407 principiis,
1196 5353 1315 5405 cap.
1362 5336 1415 5396 7,
1462 5353 1606 5389 nutn.
1648 5335 1700 5407 i,
1738 5335 1878 5407 Duos
1909 5346 2081 5386 autem

525 5413 755 5478 Spiritus
787 5404 992 5462 sanctos
1023 5404 1290 5477 nunquam
1320 5407 1619 5478 audivimus
1643 5405 1706 5456 ab
1741 5404 2080 5478 aliquo‘prw-

523 5475 717 5535 dicari.
778 5483 882 5534 Sed
932 5481 1111 5532 caeteri
1144 5475 1284 5530 inss.
1327 5479 1494 5528 nostri
1536 5477 1623 5543 qui
1669 5485 1813 5527 recte
1853 5475 2075 5537 habent,

522 5551 690 5605 Sedet
723 5552 768 5604 si
795 5551 884 5613 qui
902 5559 1023 5602 sunt
1050 5548 1158 5615 qui,
1177 5559 1308 5608 eum,
1331 5556 1570 5614 apertam
1599 5543 2077 5615 contradictionem

519 5623 757 5673 solvunt.
787 5622 857 5673 Ibi
895 5620 1034 5671 enim
1061 5614 1164 5670 non
1192 5616 1508 5675 allirtnatur,
1537 5616 1630 5666 sed
1659 5614 1950 5665 dubitatur.

592 5691 703 5757 (75)
737 5693 824 5743 Sic
847 5702 1032 5742 omnes
1061 5702 1190 5740 mss.
1220 5687 1357 5757 Εὐιιί
1398 5698 1560 5757 vero,
1599 5682 1950 5757 etacindunnt,
1992 5679 2077 5730 di-

519 5749 698 5812 centes,
724 5776 880 5810 unum
914 5757 1083 5822 Leg.s,
1111 5767 1155 5807 et
1183 5755 1408 5808 alterunt
1440 5751 1845 5820 Evangeliorum
1886 5749 2070 5822 Deum.

593 5829 703 5896 (76)
735 5829 808 5880 Ita
843 5843 943 5880 ms.
968 5817 1195 5893 aliegins.
1240 5823 1431 5896 Caneri
1454 5817 1608 5896 .vero'
1643 5835 1772 5896 mss.
1805 5829 1857 5871 et
1904 5817 2074 5896 editi,

517 5887 851 5964 ejusdemque
872 5887 1183 5952 dicuntEssc
1207 5890 1532 5947 substantiw.
1569 5887 1735 5944 Paulo
1765 5897 1886 5957 post
1918 5888 2072 5955 editi,

2192 4649 2382 4688 omnes
2410 4647 2541 4686 mss.
2571 4643 2629 4684 ut
2661 4632 2711 4682 in
2738 4640 2908 4682 textu.

2262 4703 2374 4773 (77)
2407 4701 2496 4757 Sic
2533 4699 2886 4773 tns_s.__nostri,
2939 4696 3042 4752 nisi
3082 4696 3224 4773 quod
3259 4695 3519 4773 habe-ant,
3554 4697 3771 4762 virtutis

2189 4766 2544 4827 continentiae.
2595 4770 2736 4824 Editi
2794 4782 2958 4832 vero,
3021 4767 3316 4831 pernicioso
3369 4766 3768 4834 dogmate....

2188 4855 2235 4897 et
2270 4842 2447 4897 virtuti
2480 4839 2812 4895 continentiae
2833 4875 2848 4891 .
2874 4877 2888 4892 .
2906 4875 2921 4890 .
2943 4875 2958 4889 .
2979 4853 3041 4891 ne
3068 4836 3284 4889 humani
3325 4838 3580 4903 prapositi
3615 4853 3773 4906 repa-

2187 4921 2526 5053 lelz‘7ré)elifss.
2577 4978 2904 5053 Sorhonicus
2927 5017 2940 5037 .
2981 4985 3036 5031 et
3087 4975 3280 5029 Montis
3314 4974 3372 5029 S.
3403 4974 3720 5053 _Michaelis
3749 5018 3763 5041 ,

2187 5047 2428 5115 conatur,
2457 5060 2631 5119 peccat
2659 5050 2793 5102 velut
2817 5064 3086 5119 perversus
3105 5059 3151 5098 et
3170 5064 3211 5119 Aa
3235 5047 3508 5114 semetipso
3531 5049 3766 5119 damna-

2185 5133 2290 5187 tus,
2319 5133 2364 5176 et
2389 5117 2693 5186 secundum,
2718 5132 2825 5172 etc.
2857 5117 2962 5172 Sed
2997 5117 3183 5171 caeteri
3207 5132 3336 5170 mss.
3370 5127 3426 5169 et
3456 5117 3590 5170 editi
3629 5127 3684 5170 ut
3713 5122 3768 5172 in

2187 5203 2354 5246 textu.

2253 5262 2364 5332 (79)
2397 5260 2471 5313 lta
2509 5273 2640 5313 mss.
2677 5257 2954 5332 plerique;
2990 5256 3110 5332 nisi
3157 5255 3299 5332 quod
3330 5254 3568 5332 quidam
3602 5256 3766 5324 paulo

2184 5325 2301 5400 post
2335 5325 2598 5386 habeant:
2646 5325 2696 5380 et
2722 5331 2786 5380 de
2813 5325 2954 5381 omni
2971 5329 3097 5398 jure
3121 5328 3380 5400 exercitii.
3429 5325 3570 5400 βιηιί
3609 5341 3765 5390 vero,

2185 5394 2542 5455 Haben:ur....
2568 5401 2796 5450 rationes
2842 5394 2982 5466 (ms.
3010 5397 3336 5452 Sorbanicus
3359 5435 3375 5459 ,
3421 5394 3762 5450 Habetur....

2181 5474 2340 5536 ratio)
2381 5483 2425 5524 et
2451 5472 2513 5522 de
2545 5471 2684 5522 omni
2722 5467 2832 5536 ejus
2865 5470 3119 5532 exercitu,
3151 5478 3256 5522 etc.

2251 5537 2364 5610 (80)
2404 5539 2719 5593 Ha'reticus.
2761 5540 3041 5610 Omittitur
3087 5540 3137 5591 in
3173 5537 3443 5610 plerisque
3467 5549 3625 5610 mss,
3664 5537 3760 5602 qui

2181 5606 2362 5678 poetea
2401 5611 2598 5663 habent
2626 5624 2743 5661 cum
2777 5609 2960 5669 editis,
2984 5624 3160 5660 eorum
3201 5608 3469 5674 dogmata.
3519 5606 3626 5658 Sed
3660 5622 3755 5658 re-

2178 5683 2317 5734 Ctius
2361 5696 2461 5736 ms.
2501 5679 2854 5739 Surhonirus,
2887 5679 3002 5746 ejus
3034 5683 3306 5746 dogmata.

2249 5752 2360 5821 (Si)
2393 5751 2554 5811 Editi,
2593 5765 2660 5800 an
2688 5743 2992 5802 schismata.
3024 5743 3225 5801 Deinde
3254 5761 3387 5802 mss.
3428 5743 3629 5815 plures,
3658 5743 3761 5814 qui

2177 5817 2561 5887 Catap'ltrygas,
2589 5829 2692 5872 etc.

2185 5957 2202 5964 ο
2249 5890 2360 5961 (8‘2)
2398 5886 2547 5958 Mss,
2576 5887 2769 5959 accepi.
2799 5887 2966 5956 Editi,
2997 5886 3217 5956 accipio.
