3942 6586
172 496 268 552 557

1361 493 1701 552 APOLOGIA
1741 495 1878 554 PRO
1919 499 2236 556 ORIGENE.

3295 497 3399 552 558

170 614 296 682 Quae
344 613 560 684 quidem
605 629 708 670 non
757 615 809 670 in
837 615 1052 688 publico
1080 617 1148 672 ab
1191 630 1256 671 eo
1305 616 1448 672 dicta
1483 626 1648 681 sunt,
1682 617 1734 671 id
1763 624 1808 681 Α
1839 619 1952 684 des,
1986 619 2329 675 ineﬂ‘abiliter
2371 626 2426 671 et
2457 615 2907 671 inaestimabiliter
2947 614 3138 672 melior
3177 623 3232 669 et
3263 629 3400 685 prae-

167 717 251 761 est
281 707 334 761 in
363 708 634 762 communi
667 707 918 764 Ecclesiae
973 709 1240 764 auditorio
1264 751 1278 774 ,
1312 724 1380 764 ne
1415 710 1554 765 forte
1582 720 1733 779 pute-

167 809 256 852 tur
303 809 524 869 propter
567 799 845 854 audientes
885 799 1233 854 favorabilem
1269 809 1483 871 aptasse
1526 815 1732 855 sermo-

165 905 287 945 nem
323 907 338 944 :
371 889 464 944 sed
490 905 556 944 ex
603 891 710 945 illis
755 891 867 946 haec
902 891 1050 946 libris
1079 890 1400 960 protulimus
1425 906 1610 960 ,‘quos
1666 891 1718 945 in

165 988 373 1033 secreto
402 979 540 1046 apud
569 979 915 1049 semetipsum
940 979 1088 1032 nullo
1117 979 1321 1032 arbitro
1347 980 1724 1034 intercedente

165 1073 497 1127 dictabatJn
528 1088 635 1143 quo
662 1072 922 1127 attentius
950 1088 1043 1128 vos
1075 1071 1200 1126 illud
1223 1072 1343 1128 volo
1370 1073 1719 1127 considerare

165 1165 305 1233 quod
337 1165 493 1230 dixit,
527 1165 652 1233 quia
675 1166 722 1219 si
757 1165 880 1234 quis
909 1165 1101 1219 horum
1134 1164 1337 1234 aliquid
1366 1173 1733 1220 commutave-

165 1256 276 1319 rit,
310 1255 596 1309 haereticus
629 1264 748 1322 est,
792 1265 846 1311 et
880 1266 1070 1326 peccat
1103 1257 1154 1309 in
1207 1255 1560 1311 subversione
1591 1257 1733 1324 posi-

165 1355 250 1399 tus
277 1382 294 1408 ,
325 1354 380 1399 et
426 1361 459 1397 a
491 1345 762 1412 semetipso
793 1345 1078 1398 damnatus
1104 1385 1120 1408 ,
1159 1345 1452 1399 secundum
1487 1344 1731 1413 Apostoli

163 1436 489 1490 sententiam
522 1435 568 1465 ”‘
596 1453 610 1489 :
641 1436 796 1505 cujus
825 1447 880 1489 et
927 1451 1026 1491 nos
1062 1435 1380 1490 auctoritati
1429 1436 1732 1504 obsequen-

167 1540 244 1585 tes
282 1529 473 1582 eadem
526 1527 729 1581 sentire
779 1526 1056 1581 debemus.
1095 1526 1230 1582 Cum
1266 1541 1395 1593 ergo
1430 1527 1542 1581 haec
1571 1525 1642 1580 ita
1673 1539 1732 1581 se

165 1621 424 1682 habeant,
457 1619 568 1688 (85)
599 1632 936 1688 consequens
968 1617 1208 1672 arbitror
1241 1617 1577 1687 interrogare
1601 1617 1732 1671 istos

165 1713 311 1779 ipsos
334 1720 680 1764 accusatores
707 1709 823 1778 ejus
845 1747 861 1770 .
897 1708 943 1762 si
987 1709 1089 1777 ipsi
1115 1708 1280 1761 aliter
1308 1721 1469 1777 quam
1495 1705 1612 1776 ejus
1640 1720 1734 1760 vo-

163 1803 320 1856 cibus
344 1802 686 1870 designatum
710 1809 814 1864 est,
843 1799 929 1853 vel
957 1799 1022 1853 de
1061 1797 1314 1853 haeretico
1351 1797 1616 1861 sentiunt,
1645 1795 1729 1850 vel

1835 712 2067 765 stantior
2113 710 2239 765 solis
2269 717 2351 763 est
2379 709 2689 776 splendor?
2734 708 2813 763 lla
2847 723 3001 764 mens
3047 717 3233 762 nostra
3277 722 3399 762 cum

1837 801 1978 854 intra
2010 801 2192 855 carnis
2239 807 2294 854 et
2336 798 2616 869 sanguinis
2651 801 2886 853 claustra
2934 798 3305 862 concluditur,
3342 809 3402 852 et

1835 907 1931 962 pro
1962 891 2083 946 talis
2104 892 2342 946 materia:
2373 891 2789 960 participatione
2826 890 3072 944 hebetior
3113 900 3274 958 atque
3295 890 3400 944 oh-

1836 982 2006 1036 tusior
2038 983 2281 1038 redditur
2305 1023 2322 1048 ,
2356 980 2472 1054 (87)
2501 980 2630 1034 licet
2658 979 2724 1033 ad
2753 979 3214 1049 comparationem
3245 990 3402 1034 natu-

1834 1087 1908 1127 rae
1936 1087 2208 1142 corporeze
2231 1072 2387 1140 longe
2418 1070 2730 1141 praecellens
2759 1069 3042 1135 habeatur,
3073 1078 3248 1125 tamen
3275 1086 3398 1126 cum

1835 1163 1900 1218 ad
1937 1163 2259 1233 incorporea
2298 1165 2510 1230 nititur,
2539 1171 2700 1231 atque
2727 1175 2912 1216 eorum
2941 1161 3283 1218 iutuitionem
3322 1163 3400 1216 ri-

1835 1261 2035 1318 matur,
2075 1263 2200 1308 tunc
2233 1254 2480 1310 scintilla:
2515 1252 2744 1322 alicujus
2772 1250 2884 1322 (88)
2911 1261 3005 1304 aut
3033 1250 3273 1307 lucernae
3309 1252 3399 1308 vix

1841 1345 2054 1402 obtinet
2085 1345 2282 1402 locum.
2323 1344 2460 1411 Quid
2492 1353 2670 1398 autem
2700 1343 2753 1398 in
2784 1343 3032 1398 omnibus
3066 1343 3403 1399 intellectua-

1833 1437 1975 1494 libus
2003 1479 2019 1503 ,
2056 1439 2106 1493 id
2149 1448 2232 1494 est
2288 1437 2620 1507 incorporeis
2643 1479 2658 1503 ,
2713 1445 2818 1491 tam
2847 1445 3105 1506 praestans
3129 1437 3402 1504 omnibus,

1842 1539 1947 1586 tam
2001 1530 2344 1586 inctl‘abiliter
2387 1541 2546 1598 atque
2598 1528 3044 1583 inaestimabiliter
3091 1530 3404 1598 praecellens

1834 1632 1938 1688 est,
1970 1637 2132 1693 quam
2163 1621 2304 1678 Deus
2329 1623 2352 1677 τ
2377 1620 2545 1692 Cujus
2575 1620 2759 1690 utique
2793 1629 2981 1674 natura
3012 1622 3129 1676 acie
3156 1622 3404 1678 humanm

1835 1712 2036 1768 mentis
2059 1711 2261 1766 intendi
2293 1721 2454 1780 atque
2484 1711 2700 1775 intueri,
2737 1709 2992 1780 quamvis
3021 1711 3092 1766 sit
3113 1713 3403 1781 purissima

1842 1818 1994 1858 mens
2019 1817 2081 1856 ac
2108 1801 2480 1871 limpidissima
2509 1841 2524 1863 ,
2556 1816 2661 1856 non
2693 1810 2891 1868 potest.
2929 1801 3127 1856 Verum
3173 1818 3279 1857 non
3325 1804 3406 1858 vi-

164 1892 227 1946 de
250 1891 544 1945 catholico.
604 1889 794 1944 Dicant
842 1889 943 1958 ipsi
981 1903 1099 1958 quae
1144 1888 1247 1942 alia
1298 1897 1422 1942 sunt
1469 1885 1732 1942 ecclesia-
1765 1884 1808 1940 B
1839 1895 1997 1948 detur
2023 1893 2340 1955 absurdum,
2385 1893 2429 1947 si
2461 1890 2529 1946 ad
2569 1891 2955 1945 evidentiorem
2981 1892 3055 1947 rei
3087 1893 3406 1949 manifesta«

164 1984 303 2038 alica
334 1983 624 2052 dogmata,
668 1981 712 2036 si
742 1981 854 2036 haec
892 1997 996 2035 non
1039 1991 1161 2035 sunt
1210 1995 1326 2047 quae
1375 1977 1622 2048 superius
1656 1979 1724 2032 ab

164 2077 252 2130 illo
306 2074 514 2143 digesta
566 2082 738 2127 sunt.-
771 2073 836 2126 Et
887 2073 1001 2128 haec
1049 2071 1258 2142 quidem
1305 2071 1626 2142 generaliter
1671 2071 1737 2126 de

162 2168 419 2222 omnibus
481 2165 865 2222 ecclesiasticis
917 2164 1258 2236 dogmatibus
1326 2165 1394 2218 ab
1452 2163 1543 2218 illo
1595 2164 1738 2220 dicta

161 2259 295 2311 sint.

226 2346 534 2416 Pergamus
561 2355 738 2401 autem
766 2354 818 2400 et
851 2359 972 2415 qtue
1003 2344 1317 2415 specialiter
1346 2344 1412 2400 de
1459 2343 1688 2415 singulis
1720 2384 1735 2410 ,

170 2446 220 2492 et
252 2438 494 2492 maxime
538 2437 604 2492 de
653 2435 1035 2508 principalibus
1081 2437 1283 2503 rebus,
1330 2437 1394 2490 de
1439 2446 1623 2492 sancta
1677 2450 1740 2490 ac

163 2529 322 2582 beata
348 2526 618 2584 Trinitate
639 2568 653 2594 ,
708 2527 761 2582 id
793 2533 876 2583 est
932 2525 999 2580 de
1027 2524 1186 2580 Patre
1212 2565 1228 2591 ,
1255 2537 1308 2580 et
1341 2525 1476 2580 Filio
1498 2566 1513 2593 ,
1539 2535 1592 2581 et
1614 2525 1739 2596 Spi—

163 2619 268 2672 ritu
293 2630 488 2674 Sancto
506 2619 735 2675 senserit
761 2618 1076 2682 indicantes,
1105 2625 1158 2672 et
1183 2617 1516 2687 proferentes
1545 2618 1597 2672 in
1625 2633 1740 2672 me-

161 2709 310 2763 dium
354 2725 418 2764 ea
452 2724 572 2778 quae
604 2710 655 2764 in
683 2709 911 2764 diversis
943 2709 1024 2763 sui
1054 2710 1232 2779 operis
1262 2709 1624 2765 voluminibus
1659 2709 1741 2764 in-

161 2812 309 2857 serta
354 2802 630 2856 mandavit
655 2843 670 2869 ,
713 2812 768 2858 et
797 2811 854 2857 ut
885 2803 1053 2872 ipsius
1096 2803 1364 2857 sententia
1395 2803 1460 2857 de
1492 2801 1743 2856 maximis

160 2904 211 2948 et
252 2893 460 2948 divinis
515 2895 674 2949 rebus
713 2910 830 2964 qua:
876 2895 1038 2950 fuerit
1072 2894 1414 2958 ostendatur,
1447 2901 1502 2947 et
1531 2893 1739 2948 duobus

161 2986 248 3042 vel
287 2985 465 3041 tribus
513 3000 700 3040 vocum
754 3001 973 3042 suarum
1023 2986 1245 3041 testibus
1282 2984 1393 3055 (84)
1428 2992 1532 3038 stet
1581 2998 1742 3039 omne

161 3077 390 3129 verbum
420 3074 750 3130 defensionis
773 3074 888 3143 ejus
906 3075 971 3128 ”.
994 3074 1202 3129 lndicat
1231 3089 1360 3141 ergo
1387 3073 1516 3142 quid
1551 3073 1614 3128 de
1634 3071 1743 3128 Deo

157 3168 328 3222 Patre
358 3168 733 3237 omnipotente
780 3168 1013 3222 senserit
1064 3168 1116 3222 in
1146 3166 1229 3220 his
1259 3166 1387 3236 ipsis
1414 3165 1566 3220 libris
1589 3204 1606 3230 ,
1650 3165 1740 3235 qui

158 3276 326 3328 quam
357 3259 594 3313 maxime
622 3258 688 3312 ab
717 3255 1122 3312 accusatoribus
1146 3252 1258 3327 (85)
1299 3252 1664 3318 celebrantur,

156 3361 260 3418 est,
304 3349 452 3419 Περὶ
480 3347 699 3419 ἀρχῶν,
730 3349 978 3404 scribens
1009 3346 1123 3401 haec
1163 3365 1177 3401 :

778 3439 1006 3496 CAPUT
1057 3438 1121 3494 ll.

558 3530 634 3587 De
664 3531 770 3587 Dea
806 3530 968 3585 Patre
995 3531 1361 3600 omnipotente.

228 3625 535 3683 ORIGENES.
575 3624 686 3696 (86)
715 3642 734 3675 t
767 3622 923 3679 Omni
955 3624 1118 3694 igitur
1140 3637 1302 3678 sensu
1325 3622 1415 3692 qui
1455 3619 1737 3690 corporale

159 3717 374 3789 aliquid
410 3719 477 3772 de
505 3715 614 3770 Deo
664 3713 894 3783 intelligi
922 3713 1200 3783 suggerit,
1248 3721 1404 3782 prout
1431 3711 1701 3781 potuimus
1726 3747 1740 3773 ,

159 3810 488 3873 confutato,
555 3807 784 3862 dicimus
833 3805 1130 3860 secundum
1185 3805 1474 3859 veritatem
1522 3803 1739 3873 quidem

158 3901 364 3956 Deum‘
387 3896 993 3968 incomprehensibilem
1031 3910 1153 3951 esse
1193 3906 1356 3964 atque
1393 3894 1742 3949 inaestimabi-

159 3995 293 4049 lem.
337 3993 396 4048 Si
429 3993 558 4060 quid
583 3992 728 4046 enim
777 3989 903 4044 illud
930 3998 1015 4043 est
1043 3989 1184 4058 quod
1231 3987 1434 4041 sentire
1463 3985 1546 4040 vel
1577 3985 1741 4040 intel—

158 4086 337 4156 ligere
360 4085 432 4140 de
466 4085 574 4138 Deo
605 4081 938 4152 potuerimus
962 4122 976 4148 ,
1005 4080 1187 4134 multis
1216 4079 1374 4150 longe
1400 4077 1574 4132 modis
1617 4091 1740 4131 eum

157 4179 462 4233 meliorem
513 4189 635 4229 esse
663 4174 730 4228 ah
761 4187 828 4228 eo
873 4171 1013 4242 quod
1047 4172 1348 4238 sensimus,
1399 4185 1620 4225 necesse
1660 4179 1744 4224 est

155 4272 343 4327 credi.
381 4269 535 4324 Sicut
561 4267 704 4323 enim
758 4268 801 4322 si
844 4267 1122 4320 videamus
1161 4263 1391 4333 aliquem
1443 4262 1532 4317 vix
1587 4276 1746 4331 posse

154 4362 470 4418 scintillam
507 4360 726 4414 luminis
751 4398 766 4420 ,
799 4368 892 4412 aut
918 4356 1251 4412 brevissiu‘ue
1301 4354 1533 4408 lucerna:
1564 4351 1744 4406 lumen

157 4455 443 4525 aspicere,
481 4461 538 4506 et
558 4465 680 4505 eum
707 4450 858 4519 cujus
890 4448 1034 4503 acies
1057 4446 1340 4503 oculorum
1377 4444 1496 4514 plus
1525 4443 1745 4497 luminis

1691 3218 1812 3306 ωε

1841 1986 2042 2039 tionem
2075 1984 2240 2038 etiam
2276 1983 2381 2037 alia
2413 1991 2630 2038 utamur
2660 1985 3029 2040 similitudine.
3079 1983 3193 2055 (89)
3237 1985 3405 2040 luter-

1838 2075 1966 2131 dum
2000 2072 2141 2128 oculi
2171 2072 2342 2128 nostri
2368 2073 2536 2142 ipsam
2565 2084 2814 2129 naturam
2846 2075 2982 2130 lucis
3008 2115 3023 2140 ,
3055 2074 3107 2129 id
3135 2083 3244 2140 est,
3275 2077 3405 2134 sub-

1840 2167 2096 2224 stantiam
2145 2165 2276 2220 solis
2314 2165 2512 2220 intueri
2563 2181 2665 2220 non
2716 2175 2941 2236 possunt
2988 2183 3001 2220 :
3053 2167 3396 2238 splendorem

1841 2270 1970 2309 vero
1999 2253 2151 2322 ejus,
2185 2255 2268 2309 vel
2309 2254 2490 2308 radios
2531 2253 2792 2311 fenestris
2837 2255 2996 2322 forte,
3044 2258 3131 2311 vel
3183 2257 3408 2327 quibus-

1848 2347 1980 2403 libet
2011 2347 2270 2401 luminum
2299 2347 2549 2402 brevibus
2573 2348 2927 2417 receptaculis
2968 2347 3170 2403 infusos
3195 2349 3406 2405 intuen-

1843 2447 1944 2506 tes,
1973 2438 2318 2493 considerare
2345 2453 2631 2507 possumus
2658 2437 2829 2494 fomes
2855 2440 2967 2508 ipse
2988 2443 3070 2494 vel
3097 2440 3218 2495 fons
3239 2455 3381 2510 quan

1844 2539 1929 2584 tus
1965 2529 2036 2584 sit
2063 2529 2309 2598 corporei
2364 2529 2601 2584 luminis.
2636 2527 2714 2584 lla
2747 2545 2875 2600 ergo
2922 2529 3075 2600 quasi
3111 2529 3245 2584 radii
3278 2529 3402 2599 qui-

1841 2624 1963 2676 dam
1990 2631 2119 2677 sunt
2151 2621 2244 2676 Dei
2275 2630 2480 2677 natura:
2524 2636 2686 2690 Opera
2718 2622 2910 2676 divina:
2940 2620 3320 2685 Providentiae,
3350 2629 3410 2676 et

1843 2727 1933 2768 ars
1963 2712 2332 2766 universitatis
2358 2709 2537 2778 hujus,
2569 2713 2635 2765 ad
2684 2711 3143 2782 comparationem
3176 2708 3287 2781 (90)
3323 2709 3406 2778 lp-

1843 2803 1956 2859 sius
1987 2802 2302 2858 substantiae
2335 2817 2398 2858 ac
2423 2811 2653 2857 naturae.
2687 2802 2823 2870 Quia
2867 2817 3000 2872 ergo
3027 2817 3180 2858 mens
3221 2809 3406 2856 nostra

1845 2894 2016 2964 ipsum
2054 2909 2150 2964 per
2174 2895 2408 2964 seipsam
2455 2891 2622 2948 Deum
2668 2894 2811 2948 sicut
2838 2903 2920 2948 est
2947 2907 3053 2948 non
3087 2901 3263 2963 potest
3317 2892 3406 2946 in-

1847 2985 1982 3040 tueri
2013 3026 2028 3052 ,
2061 3000 2128 3040 ex
2162 2984 2560 3054 pulchritudine
2584 3001 2808 3055 operum
2837 3025 2852 3048 ,
2885 2995 2939 3041 et
2973 2987 3165 3041 decore
3192 2994 3410 3040 creatu-

1847 3089 2054 3139 rarum,
2090 3083 2370 3145 parentem
2419 3075 2789 3130 universitatis
2815 3075 3084 3145 intelligit.
3116 3075 3230 3129 Non
3277 3089 3409 3146 ergo

1847 3181 2044 3236 corpus
2079 3167 2294 3237 aliquod
2325 3207 2339 3232 ,
2377 3175 2470 3222 aut
2506 3168 2560 3223 in
2595 3182 2825 3238 corpore
2857 3183 2982 3226 esse
3007 3169 3275 3237 putandus
3325 3178 3410 3224 est

1845 3257 2005 3323 Deus,
2033 3258 2128 3313 sed
2164 3259 2544 3314 intellectualis
2576 3269 2765 3316 natura
2792 3301 2808 3327 ,
2837 3260 3063 3329 simplex
3089 3299 3106 3326 ,
3133 3260 3264 3315 nihil
3293 3275 3411 3315 om-

1846 3349 1974 3404 nino
2019 3350 2069 3404 in
2103 3363 2162 3404 se
2218 3349 2584 3419 adjunctionis
2631 3351 2962 3416 admittens,
3011 3350 3088 3406 uti
3119 3366 3186 3406 ne
3236 3352 3440 3420 majus

1845 3441 2046 3510 aliquid
2128 3451 2184 3498 et
2235 3443 2462 3498 inferius
2516 3445 2568 3498 in
2636 3459 2694 3499 se
2741 3445 2941 3500 habere
2991 3444 3261 3510 credatur,
3315 3445 3411 3500 sed

1844 3541 1906 3586 ut
1947 3532 2019 3586 sit
2063 3546 2128 3587 ex
2161 3534 2307 3588 omni
2365 3543 2518 3604 parte
2575 3534 2742 3606 μονὰς
2772 3573 2789 3601 ,
2823 3546 2918 3600 et,
2964 3544 3023 3590 ut
3071 3535 3147 3590 ita
3192 3535 3365 3591 dicam
3393 3575 3413 3603 ,

1845 3621 1990 3690 ἑνὰς,
2018 3633 2074 3678 et
2097 3639 2250 3678 mens
2273 3665 2290 3691 ,
2329 3640 2391 3680 ac
2418 3625 2541 3680 fons
2575 3642 2637 3682 ex
2671 3641 2778 3696 quo
2811 3625 3022 3680 initium
3059 3625 3234 3680 totius
3259 3625 3416 3680 intel-

1846 3713 2092 3770 lectualis
2126 3724 2332 3770 natura:
2361 3715 2443 3770 vel
2479 3717 2678 3781 mentis
2714 3725 2818 3771 est.
2869 3714 3020 3771 Mens
3061 3731 3190 3770 vero
3219 3724 3276 3770 ut
3299 3729 3414 3770 mo.

1845 3815 2033 3861 veatur
2055 3806 2138 3861 vel
2167 3814 2441 3875 operetur,
2478 3821 2580 3862 non
2617 3807 2820 3877 indiget
2853 3805 2973 3862 loco
3005 3819 3288 3875 corporeo,
3315 3820 3414 3860 ne-

1846 3912 1949 3967 que
1981 3897 2223 3952 sensibili
2258 3897 2657 3967 magnitudine,
2688 3897 2771 3952 vel
2797 3895 3066 3966 corporali
3100 3895 3414 3952 habitauit

1846 3989 2050 4054 colore,
2081 4003 2257 4057 neque
2289 3989 2394 4043 alio
2421 3987 2530 4043 ullo
2565 4004 2790 4058 prorsus
2841 3989 3044 4059 indiget
3076 3989 3267 4042 horum
3292 4003 3412 4058 qum

1846 4080 2088 4148 corporis
2137 4079 2245 4149 (9t)
2298 4077 2380 4132 vel
2435 4081 2673 4134 materia:
2721 4079 2938 4149 pr0pria
2991 4087 3137 4136 sunt.
3186 4077 3414 4149 Propter

1846 4170 1986 4235 quod
2019 4178 2208 4223 natura
2237 4169 2323 4223 illa
2369 4169 2595 4240 simplex
2617 4208 2632 4233 ,
2654 4177 2710 4224 et
2756 4178 2866 4224 tota
2899 4183 3072 4233 mens,
3103 4177 3162 4224 ut
3194 4183 3413 4224 movea-

1849 4269 1934 4313 tur
1969 4259 2052 4314 vel
2099 4270 2355 4329 operetur
2379 4261 2582 4330 aliquid
2607 4301 2623 4327 ,
2659 4261 2792 4316 nihil
2824 4261 3096 4316 dilationis
3130 4269 3224 4315 aut
3276 4275 3412 4316 cun-

1847 4352 2100 4408 ctationis
2136 4352 2338 4409 habere
2382 4361 2599 4423 potest,
2636 4367 2701 4408 ne
2729 4368 2826 4422 per
2857 4352 3163 4424 hujusmodi
3214 4354 3408 4423 adjun-

1847 4446 2079 4498 ctionem
2115 4445 2486 4499 circumscribi
2523 4445 2605 4499 vel
2653 4444 2883 4499 inhiberi
2932 4443 3273 4514 aliquatenus
3322 4443 3408 4498 vi-

154 4558 372 4616 capere
411 4556 574 4612 quam
613 4555 771 4609 supra
800 4541 1054 4602 diximus,
1089 4553 1193 4592 non
1227 4536 1388 4602 valet,
1437 4535 1482 4588 si
1519 4534 1743 4589 velimus
1775 4554 1819 4608 D
1849 4536 2038 4590 deatur
2089 4536 2279 4590 divinze
2331 4547 2538 4591 natura:
2579 4536 2939 4607 simplicitas.
3001 4537 3077 4590 uti
3137 4551 3206 4591 ne
3266 4535 3408 4606 quod

155 4640 229 4694 de
261 4635 527 4692 claritate
547 4642 602 4689 et
632 4632 919 4702 splendore
951 4630 1078 4685 solis
1101 4628 1348 4691 educere,
1379 4631 1556 4680 nonne
1577 4639 1739 4693 opor-

155 4729 312 4785 tebit
341 4739 447 4782 nos
477 4725 528 4780 ei
558 4724 761 4789 dicere,
805 4723 929 4791 quia
956 4720 1101 4776 omni
1132 4719 1233 4774 hoc
1261 4716 1461 4772 lumine
1490 4715 1632 4786 quod
1662 4716 1743 4770 vi-

238 4869 291 4903 ³³
326 4866 444 4924 'l'it.
467 4864 661 4932 ttt,ll.
734 4864 778 4898 ⁸³
804 4863 990 4918 Matth.
1017 4877 1174 4925 xvm,
1201 4858 1288 4914 l6.

235 5034 360 5107 (83)
597 5031 924 5107 conveniens.
948 5026 1098 5089 Mss.,
1127 5039 1464 5107 consequens.

235 5036 337 5107 (85
393 5034 566 5096 Editi,
597 5034 924 5085 conveniens.
950 5034 1098 5089 Mss.,
1127 5039 1464 5092 consequens.

233 5034 360 5178 (84)
391 5102 535 5158 Editi
559 5143 574 5168 ,
610 5102 700 5171 ﬁat
752 5114 849 5170 pro
874 5107 1009 5164 stet,
1039 5098 1179 5166 quod
1233 5095 1525 5164 pra-lerunt
1561 5104 1748 5147 omnes

153 5192 363 5318 ms($8.5)
396 5243 491 5297 Sic
515 5235 1216 5318 editi,_etntnss.plerique.
1254 5233 1352 5318 his.
1385 5248 1514 5288 vero
1546 5231 1749 5286 Sorbo-

152 5307 357 5378 niéns,
387 5323 446 5368 et
479 5313 618 5366 alter
656 5313 713 5366 S.
751 5308 1000 5376 Remigii,
1033 5307 1384 5378 infamantur.

627 5381 749 5459 ιρι
782 5371 1035 5448 ργὶηὲίρζ,
1064 5371 1184 5443 cap.
1204 5375 1277 5459 _i,
1310 5389 1455 5427 num.
1475 5371 1539 5459 ¹5.

234 5443 598 5532 (873“Editi,
646 5443 908 5532 (ἱξειζιπρ
951 5443 1425 5532 comparatione...
1468 5443 1740 5532 habeatur.

150 5511 310 5585 Ms‘s.
339 5511 487 5578 ilicet
519 5511 611 5594 [aL
642 5511 898 5594 illicoj'ad
938 5515 1470 5594 comparationem...
1506 5511 1741 5564 habetur.

153 5602 280 5656 Sed
315 5589 602 5664 legendum
632 5589 844 5664 videtur
871 5589 1009 5664 utin
1041 5596 1210 5664 textu.

234 5650 715 5741 (“88)Uhlss._nos_tri
743 5700 759 5721 ,
788 5667 841 5714 et
879 5659 1006 5741 edi-ti
1034 5658 1288 5741 omitto-nt
1324 5663 1430 5741 aut
1451 5667 1477 5741 εἴ
1506 5650 1598 5741 sed
1633 5651 1745 5704 haec

152 5723 278 5796 τοὶ
319 5723 502 5790 exstat
528 5736 582 5785 in
611 5732 730 5783 aliis
760 5744 890 5783 mss.
917 5728 1184 5797 librorum
1215 5725 1288 5778 De
1311 5723 1601 5797 principiis.

238 5808 365 5880 (89)
387 5805 488 5880 ills.
527 5800 879 5879 Sorbonicus,
905 5795 1178 5880 interdum
1203 5797 1340 5847 oculi
1385 5794 1427 5846 si
1454 5795 1738 5880 fetiali—17.1.:

152 5862 389 5949 infusos
420 5862 1375 5949 intuentur,_considerarepossumus
1400 5873 1574 5949 ,_etc.,
1601 5862 1741 5949 quod

157 5936 290 6009 non
332 5948 490 6002 male.
544 5942 737 5999 (ἐπιεῖὶ
770 5955 899 5994 mss.
935 5954 988 5994 et
1029 5937 1159 5993 editi
1211 5943 1268 5990 ut
1313 5936 1366 5988 in
1421 5940 1564 5988 textu
1593 5973 1607 5999 ,
1639 5936 1744 5986 nisi

1849 4639 1932 4680 εει
1982 4627 2306 4696 principium
2355 4629 2596 4682 omnium
2631 4667 2648 4694 ,
2695 4627 3053 4695 compositum
3105 4626 3411 4681 inveniatur

1849 4729 1906 4773 et
1959 4719 2270 4785 diversum,
2326 4719 2460 4790 (92)
2518 4731 2574 4775 et
2631 4719 2702 4774 sit
2769 4719 2982 4785 multa,
3036 4732 3142 4772 non
3209 4731 3416 4783 unum,

1857 5020 1995 5090 quod
2021 5035 2149 5090 mss.
2180 5018 2434 5090 omittant
2465 5015 2651 5090 nostri,
2679 5023 2795 5090 post
2819 5010 2977 5090 oculi.
3287 5084 3298 5090 Δ
3339 5075 3352 5088 ο

1926 5090 2037 5157 (90)
2062 5088 2170 5142 Vox
2198 5089 2361 5155 ipsius
2396 5088 2546 5158 deest
2569 5085 2820 5158 inedith,
2857 5093 2910 5158 et
2935 5083 2986 5158 i_n
3021 5092 3152 5156 mss.
3187 5083 3415 5158 nostris;

1855 5150 1945 5215 sed
1980 5150 2156 5213 exstat
2186 5150 2236 5210 in
2279 5172 2406 5210 mss.
2457 5156 2713 5208 librormn
2747 5150 2885 5220 Περὶ
2922 5150 3141 5218 ἀρχῶν,
3173 5150 3417 5220 et_resti-

1855 5231 2048 5284 tuenda
2081 5227 2313 5280 videtur.
2345 5226 2545 5279 Deinde
2575 5224 2702 5276 editi
2731 5263 2746 5282 .
2797 5216 2968 5288 ipsum
2999 5235 3090 5284 per
3123 5233 3176 5270 se
3226 5216 3410 5268 Deum.

1856 5299 1983 5353 Mss.
2017 5297 2182 5352 nostri
2218 5335 2231 5358 ,
2262 5297 2430 5365 ipsum
2455 5311 2546 5365 per
2590 5309 2642 5365 se
2687 5294 2857 5358 ipsum
2907 5290 3109 5365 Deum;
3155 5288 3265 5365 sed“
3281 5300 3410 5337 mss.

1858 5369 2115 5424 librorum
2155 5353 2230 5418 De
2261 5353 2565 5433 principiis,
2603 5353 2774 5432 ipsum
2806 5375 2896 5430 per
2925 5375 2978 5411 se
3022 5359 3187 5426 ipsum
3221 5353 3410 5418 Deum,

1850 5441 1991 5509 quod
2020 5437 2219 5509 rectius
2251 5437 2480 5509 videtur.
2515 5504 2524 5509 _
2782 5502 2793 5509 _
3046 5497 3057 5508 ι

1920 5509 2031 5579 (91)
2060 5505 2219 5567 Editi,
2251 5505 2327 5579 vet
2352 5504 2575 5573 propria:
2603 5502 2841 5555 materiis
2881 5497 3093 5567 propria
3113 5503 3256 5549 sunt.
3305 5493 3413 5547 Sed

1847 5576 2038 5635 omnes
2065 5592 2196 5630 mss.
2228 5586 2283 5630 ut
2312 5576 2364 5627 in
2404 5583 2572 5628 textu.

1919 5648 2028 5720 (92)
2059 5647 2258 5720 Omnes
2289 5643 2445 5709 hujus
2464 5642 2728 5720 Apologus
2755 5655 2887 5693 mss.
2914 5635 3234 5720 etsiumttlt‘a
3257 5674 3271 5697 ,
3307 5649 3411 5713 non

1752 5763 1757 5768 .
1851 5703 2177 5786 unitnthuid,
2203 5703 2424 5783 oportet,
2449 5703 2556 5768 etc.
2592 5703 2728 5766 Eiliti
2758 5726 2907 5786 vero,
2935 5718 2996 5786 et_
3019 5707 3136 5760 libri
3172 5705 3244 5757 De
3265 5703 3415 5770 prin-

1849 5791 2002 5856 cipiis
2033 5779 2138 5841 tam
2172 5779 2300 5839 editi
2333 5799 2491 5856 quam
2541 5798 2693 5856 tnss.,
2719 5793 2763 5856 et
2793 5782 2857 5834 sit
2888 5779 3056 5832 multa
3087 5792 3191 5856 non
3224 5789 3414 5856 unum.

1848 5849 1985 5930 quod
2028 5866 2224 5930 oportet
2256 5896 2270 5923 ,
2299 5849 2404 5911 etc.
2450 5853 2699 5909 iudicent
2731 5853 2958 5907 lectores
2991 5863 3111 5919 qua:
3142 5849 3302 5901 lectio
3345 5849 3415 5900 sit

1851 5928 2201 5999 prtel‘erenda.
