3902 6570
583 473 684 527 559
1781 470 1837 526 S.
1878 469 2195 524 PAMPHILI
2236 467 2589 524 MARTYRIS
3702 469 3810 526 560

583 598 725 666 quod
763 603 977 665 oportet
1023 594 1185 648 totius
1227 607 1497 662 corporea:
1544 593 1888 649 admistionis
1920 595 2147 649 alienum
2180 599 2220 654 Α
2251 609 2312 647 ex
2344 593 2510 648 nostri
2544 606 2737 648 sensus
2769 593 3240 664 contemplatione,
3275 591 3453 648 divina
3477 600 3690 656 natura,
3727 593 3810 646 in-

583 703 688 744 una
743 687 852 742 sola
885 725 902 753 ,
955 695 1014 741 ut
1068 686 1142 740 ita
1192 686 1422 741 dixerim
1454 726 1470 751 ,
1525 685 1741 741 deitatis
1787 688 1969 757 specie
2017 701 2145 742 con-
2251 687 2505 758 tuitisque
2531 687 2880 742 nihilominus
2899 687 3012 758 (96)
3039 686 3300 742 creaturis
3329 685 3447 756 ejus
3477 685 3809 748 visibilibus.

582 790 745 836 stare.
793 798 812 831 ι
2247 779 2352 834 ﬁde
2395 794 2610 850 quoque
2657 778 3019 833 invisibilibus
3067 777 3449 847 contemplatis
3476 818 3492 842 ,
3526 777 3653 848 quia
3699 792 3810 831 non

649 868 975 925 Psurntws.
1009 867 1132 924 Haec
1162 869 1215 923 in
1243 869 1416 936 primo
1443 870 1579 925 libro
1613 874 1751 940 Περὶ
1773 869 1972 941 ἀρχῶν
2013 869 2145 925 scri-
2246 871 2426 926 omnia
2467 871 2550 926 vel
2591 870 2762 925 oculis
2801 871 2985 924 videre
3025 878 3200 938 potest
3236 870 3466 923 humana
3500 868 3809 938 fragilitas,

578 961 657 1016 bit
689 961 755 1017 de
788 962 966 1016 divina
1010 970 1222 1016 natura.
1256 958 1312 1015 ln
1361 962 1596 1018 secundo
1631 977 1762 1018 vero
1785 1003 1800 1028 ,
1829 963 1952 1032 quia
2001 961 2141 1016 idem
2246 964 2328 1019 vel
2361 963 2570 1018 ratione
2596 960 2874 1030 complecti
2903 1001 2919 1027 ,
2950 975 3016 1016 eo
3053 961 3193 1030 quod
3225 960 3468 1013 omnium
3503 959 3810 1015 rationabi-

579 1055 721 1110 Deus
769 1055 980 1111 Veteris
1016 1065 1072 1110 et
1111 1053 1242 1110 Novi
1279 1052 1610 1110 Testamenti
1659 1056 1770 1120 sit,
1825 1057 1930 1110 hoc
1983 1053 2144 1109 modo
2242 1056 2371 1111 lium
2407 1054 2674 1108 inﬁrmius
2696 1064 2750 1110 et
2776 1053 3024 1123 fragilius
3052 1053 3250 1107 animal
3278 1069 3375 1108 nos
3407 1063 3598 1109 sumus
3624 1053 3811 1108 homi-

577 1146 788 1203 rel‘ert:
2242 1161 2338 1201 nes
2368 1164 2381 1200 :
2407 1146 2777 1217 prestantiora
2823 1145 2968 1200 enim
3009 1154 3134 1200 sunt
3157 1160 3220 1199 ea
3271 1160 3389 1216 qua:
3438 1145 3523 1200 vel
3555 1146 3608 1200 in
3643 1144 3807 1209 caelo,

649 1238 940 1294 ORIGENES.
967 1237 1077 1308 (93)
1106 1257 1123 1290 ι
1154 1237 1248 1293 llis
1268 1252 1364 1308 per
1379 1238 1645 1300 ordinem,
1669 1246 1825 1306 prout
1849 1235 2140 1304 potuimus,
2241 1235 2322 1290 vel
2353 1249 2514 1304 super
2545 1235 2710 1291 caelos
2754 1235 3020 1290 habentur
3046 1255 3060 1291 :
3088 1245 3332 1304 superest
3361 1245 3418 1290 ut
3445 1236 3638 1290 harum
3689 1250 3810 1290 om-

577 1331 816 1387 breviter
837 1331 1080 1398 digestis,
1111 1344 1448 1398 consequens
1482 1337 1584 1394 est,
1600 1327 1897 1382 secundum
1930 1326 1980 1380 id
1997 1325 2140 1394 quod
2241 1329 2388 1383 nium
2414 1336 2807 1390 creaturarum,
2841 1336 2896 1380 et
2926 1325 3039 1388 Dei,
3083 1328 3313 1380 medium
3336 1368 3351 1391 ,
3391 1327 3442 1381 id
3490 1337 3575 1381 est
3603 1327 3810 1382 media-

575 1440 642 1480 ex
674 1423 828 1478 initio
860 1421 1195 1492 propositum
1247 1430 1332 1475 est
1352 1460 1367 1482 ,
1416 1418 1698 1474 confutare
1723 1418 1886 1471 etiam
1922 1431 2015 1472 eos
2050 1416 2138 1484 qui
2241 1428 2410 1474 torem
2442 1432 2776 1489 qiueramus,
2806 1430 2964 1486 quem
3005 1416 3196 1473 Paulus
3228 1417 3500 1486 apostolus
3531 1417 3807 1488 primoge-

575 1523 768 1583 putant
792 1513 951 1593 alipm
981 1514 1146 1567 Deum
1176 1525 1300 1566 esse
1330 1509 1547 1565 Patrem
1579 1508 1790 1564 Domini
1821 1509 1990 1563 nostri
2012 1506 2137 1562 Jesu
2240 1509 2407 1562 nitum
2440 1507 2616 1563 omnis
2665 1515 2930 1563 creaturae
2985 1509 3314 1578 pronuntiat.
3350 1507 3604 1564 Videntes
3656 1510 3805 1566 enim

573 1604 778 1660 Christi
805 1643 821 1670 ,
858 1611 1057 1673 praeter
1087 1603 1233 1656 illum
1267 1603 1356 1672 qui
1395 1602 1479 1656 vel
1518 1600 1686 1672 Moysi
1719 1613 1975 1668 responsa
2005 1599 2138 1671 legis
2236 1614 2301 1656 ea
2329 1616 2447 1671 qua:
2477 1601 2541 1656 de
2572 1599 2688 1669 ejus
2721 1601 3007 1671 majestate
3050 1601 3100 1655 in
3133 1602 3432 1668 Scripturis
3479 1603 3688 1658 sanctis
3723 1619 3808 1658 re-

572 1699 756 1762 dabat,
784 1698 867 1753 vel
900 1696 1190 1766 prophetas
1215 1696 1482 1759 mittebat,
1512 1695 1708 1764 quiest
1742 1693 1882 1747 Deus
1923 1702 2135 1761 patrum
2237 1691 2486 1749 feruntur
2531 1701 2585 1746 et
2632 1693 2904 1748 intuentes
2959 1694 3101 1763 quod
3147 1695 3318 1764 imago
3358 1694 3636 1748 invisibilis
3669 1695 3806 1759 Dei,

571 1789 844 1845 Abraham
869 1828 885 1854 ,
919 1787 1068 1842 Isaac
1118 1796 1172 1842 et
1214 1785 1401 1841 Jacob.
1446 1785 1669 1856 Oportet
1699 1784 1840 1839 enim
1875 1783 2049 1853 primo
2082 1783 2134 1837 in
2235 1782 2609 1852 primogenitus
2637 1783 2804 1837 omnis
2821 1794 3077 1838 creaturis
3110 1784 3337 1850 dicatur,
3369 1794 3424 1839 et
3454 1786 3598 1856 quod
3619 1787 3674 1839 in
3693 1788 3807 1852 ipso

571 1883 677 1938 hac
707 1897 805 1936 nos
835 1880 956 1936 ﬁdei
985 1879 1195 1934 ratione
1247 1877 1473 1933 lirmari.
1503 1876 1964 1932 Considerandum
2003 1890 2133 1946 ergo
2241 1883 2417 1928 creata
2439 1875 2540 1928 sint
2562 1877 2756 1940 omnia,
2780 1876 2883 1929 sive
2912 1890 3027 1944 qute
3055 1876 3111 1928 in
3131 1874 3292 1940 caelis,
3322 1877 3427 1930 sive
3451 1892 3572 1947 qua:
3592 1879 3806 1932 interra

571 1981 654 2029 est
686 1972 818 2027 illud
847 1970 990 2041 quod
1038 1970 1352 2038 frequenter
1385 1969 1437 2022 in
1474 1965 1778 2038 Evangeliis
1819 1965 2034 2030 dicitur,
2076 1974 2131 2020 et
2165 1948 2205 2004 Β
2236 1951 2379 2029 sunt,
2409 1964 2637 2019 visibilia
2668 1976 2715 2020 et
2743 1966 3046 2026 invisibilia.
3071 1967 3178 2021 sive
3218 1966 3540 2031 throni,sive
3566 1969 3809 2024 domina.

571 2067 626 2120 in
673 2063 896 2135 singulis
943 2063 1245 2132 quibusque
1278 2059 1491 2115 Domini
1526 2068 1580 2114 et
1613 2057 1912 2112 Salvatoris
1957 2056 2126 2111 nostri
2233 2060 2417 2124 tiones,
2459 2059 2563 2112 sive
2601 2059 2950 2128 principatus,
2981 2060 3084 2114 sive
3125 2069 3406 2130 potestates
3432 2102 3447 2126 ,
3491 2064 3674 2116 omnia
3712 2080 3808 2132 per

569 2156 733 2227 gestis
760 2155 1067 2225 adjungitur
1093 2170 1108 2207 :
1138 2153 1204 2207 Ut
1235 2153 1506 2220 impleatur
1533 2152 1671 2221 quod
1704 2150 1901 2203 dictum
1925 2158 1999 2202 est
2037 2164 2129 2218 per
2233 2150 2426 2216 ipsum,
2451 2159 2497 2202 et
2523 2149 2578 2203 in
2601 2149 2711 2217 ipso
2751 2161 2929 2203 creata
2957 2157 3078 2204 sunt
3111 2165 3124 2178 '
3145 2160 3192 2204 et
3218 2153 3323 2221 ipse
3350 2163 3425 2206 est
3457 2161 3580 2208 ante
3602 2170 3804 2218 omnes,

567 2246 887 2315 PrOphetam
923 2247 967 2278 ³ο
999 2246 1148 2299 illum
1184 2253 1239 2297 et
1269 2243 1416 2297 illum
1445 2261 1460 2298 :
1493 2256 1614 2296 cum
1667 2240 2009 2294 manifestum
2056 2239 2128 2293 sit
2232 2249 2280 2292 et
2315 2242 2488 2294 omnia
2522 2241 2576 2294 in
2602 2228 2692 2295 illo
2715 2251 2950 2295 constant
2977 2243 3041 2306 ³³,
3076 2243 3165 2310 qui
3195 2254 3276 2298 est
3311 2253 3474 2314 caput
3514 2245 3763 2299 omnium
3788 2288 3804 2310 ,

567 2338 854 2409 prophetas
883 2351 1002 2392 esse
1029 2336 1170 2391 illius
1194 2335 1284 2389 Dei
1308 2334 1400 2404 qui
1431 2333 1686 2387 mundum
1727 2331 1877 2388 fecit.
1911 2330 1989 2384 Ex
2013 2331 2124 2401 ipsa
2177 2376 2181 2386 .
2231 2332 2375 2388 solus
2407 2334 2611 2388 habens
2637 2343 2802 2402 caput
2853 2333 3014 2387 Deum
3064 2333 3276 2388 Patrem
3302 2375 3318 2399 ,
3349 2335 3490 2389 sicut
3536 2336 3804 2404 scriptum

565 2443 694 2499 ergo
735 2429 1120 2499 consequentia
1166 2426 1523 2487 concluditur,
1553 2425 1806 2494 quoniam
1860 2424 1949 2492 qui
2001 2438 2128 2492 pro-
2231 2435 2330 2488 est.
2363 2425 2527 2493 Caput
2557 2435 2727 2479 autem
2755 2425 2950 2480 Christi
2984 2425 3120 2481 Deus
3153 2427 3198 2459 ⁸⁸
3230 2445 3244 2481 :
3277 2429 3615 2496 pervidentcs
3631 2430 3804 2482 etiam

565 2524 757 2592 phetas
784 2522 894 2592 (94)
929 2521 1112 2587 misit,
1163 2521 1227 2574 de
1274 2519 1490 2574 Christo
1519 2533 1637 2587 qua:
1688 2518 1921 2586 gerenda
1973 2524 2127 2570 erant
2232 2517 2371 2588 quod
2414 2517 2670 2584 scriptum
2708 2526 2793 2572 est
2827 2538 2837 2570 :
2877 2518 3130 2585 quoniam
3178 2535 3325 2573 nemo
3375 2521 3512 2574 novit
3545 2500 3802 2583 Patrem,

567 2612 680 2678 ipse
727 2610 973 2678 praidixit
1002 2630 1013 2664 :
1048 2617 1118 2662 et.
1147 2608 1366 2662 dubium
1416 2621 1519 2660 non
1561 2615 1645 2660 est
1673 2605 1814 2674 quod
1847 2604 1960 2658 haec
2017 2618 2124 2658 non
2232 2612 2332 2666 nisi
2359 2609 2564 2675 Filius,-
2594 2627 2756 2681 neque
2782 2609 2980 2664 Filium
3011 2613 3128 2680 quis
3173 2612 3333 2676 novit,
3369 2613 3470 2664 nisi
3501 2609 3665 2664 Pater
3699 2611 3751 2644 “
3787 2627 3803 2678 ;

564 2701 773 2755 alienus
810 2700 928 2768 quis
980 2701 1047 2753 ab
1091 2714 1156 2754 eo
1183 2739 1198 2763 ,
1248 2698 1340 2752 sed
1375 2696 1536 2750 Pater
1581 2696 1753 2764 ipsius
1780 2695 2121 2765 priedicebat.
2231 2702 2374 2775 (quis
2400 2701 2541 2758 enim
2574 2717 2730 2756 nosse
2753 2710 2928 2772 potest
2957 2716 3078 2772 quae
3111 2703 3180 2756 sit
3206 2703 3492 2772 sapientia,
3542 2703 3642 2758 nisi
3702 2705 3800 2774 qui

565 2790 674 2846 Sed
728 2801 784 2845 et
833 2791 961 2845 illud
1015 2791 1158 2858 quod
1213 2789 1524 2856 frequenter
1569 2786 1814 2856 exempla
1847 2785 1913 2840 de
1947 2787 2122 2843 Veteri
2230 2796 2410 2867 genuit
2442 2805 2719 2850 eam:aut
2749 2797 2869 2863 quis
2921 2796 2986 2850 ad
3036 2795 3292 2866 liquidum
3339 2811 3458 2865 qua:
3497 2797 3568 2851 sit
3595 2799 3808 2854 veritas

566 2881 913 2936 Testamento
943 2895 971 2933 a
1009 2879 1289 2934 Salvatore
1319 2877 1685 2947 proferuntur,
1709 2878 1790 2932 vel
1813 2879 1882 2930 ab
1911 2891 2107 2947 aposto‘

2259 2887 2417 2952 lovit,
2465 2886 2570 2942 nisi
2601 2887 2843 2940 veritatis
2872 2885 3074 2942 Pater?
3121 2886 3240 2956 quis
3287 2896 3435 2941 certe
3480 2887 3800 2942 universam

565 2972 632 3027 lis
659 2970 795 3040 ejus,
828 2986 932 3025 non
963 2971 1108 3025 aliud
1147 2969 1368 3032 indicat,
1404 2968 1504 3022 nisi
1530 2968 1673 3036 quod
1701 2967 1996 3021 auctoritas
2034 2981 2124 3020 ve-
2231 2978 2392 3033 Verbi
2423 2977 2504 3032 sui
2537 2986 2808 3041 naturam,
2837 2985 2999 3047 alque
3025 2977 3191 3046 ipsius
3218 2976 3310 3031 Dei
3336 2977 3426 3046 qui
3457 2993 3524 3031 ex
3553 2977 3660 3031 Deo
3687 2989 3801 3043 est,

563 3064 772 3119 teribus
811 3077 840 3116 a
871 3063 1149 3115 Salvatore
1183 3071 1238 3114 et
1268 3060 1336 3115 ab
1364 3057 1479 3127 ejus
1510 3056 1784 3127 discipulis
1813 3058 2120 3113 adhibetur.
2232 3068 2558 3138 investigare
2591 3069 2783 3136 potuit,
2812 3068 2912 3122 nisi
2943 3069 3090 3123 solus
3117 3069 3277 3134 Deus,
3314 3069 3452 3136 apud
3486 3084 3644 3138 quem
3674 3081 3805 3123 erat

563 3156 670 3212 Sed
707 3165 760 3210 et
785 3154 912 3208 illud
943 3153 1082 3222 quod
1115 3153 1179 3206 ad
1214 3151 1598 3221 benignitatem
1625 3164 1929 3218 provocans
1960 3149 2123 3203 disci-
2234 3156 2460 3213 Verbum
2496 3157 2558 3221 ﬁt)
2603 3157 2713 3228 (97)
2749 3157 2860 3212 pro
2899 3167 3045 3213 ceno
3094 3158 3295 3213 habere
3321 3159 3578 3214 debemus
3603 3200 3619 3224 ,
3647 3163 3800 3230 quod

563 3249 717 3320 pulos
743 3263 870 3303 suos
897 3246 1145 3301 Salvator
1170 3245 1295 3299 dicit
1332 3263 1344 3298 :
1384 3244 1560 3298 Estote
1601 3243 1817 3312 perfecti
1844 3283 1859 3308 ,
1894 3245 2027 3297 sicut
2074 3255 2121 3298 et
2156 3308 2190 3320 Α
2230 3248 2332 3303 hoc
2367 3246 2599 3303 Verbum
2625 3289 2639 3314 ,
2677 3250 2790 3304 sive
2823 3250 2958 3304 ratio
2989 3248 3215 3304 dicenda
3245 3259 3328 3305 est
3353 3291 3366 3314 ,
3397 3251 3538 3306 hanc
3569 3252 3799 3320 sapien-

562 3340 725 3394 Ριιει·
753 3349 914 3392 vester
950 3336 1164 3390 scelestis
1196 3335 1453 3404 perfectus
1482 3344 1554 3388 est
1585 3374 1601 3399 ,
1637 3335 1724 3404 qui
1767 3335 1927 3388 solem
1967 3351 2120 3388 suum
2151 3308 2191 3365 θ’
2230 3339 2353 3392 tiam
2379 3378 2395 3403 ,
2436 3340 2578 3395 hanc
2612 3341 2892 3394 veritatem
2940 3339 3116 3395 nullus
3147 3340 3284 3396 alius
3314 3342 3419 3396 nisi
3452 3342 3600 3396 solus
3632 3342 3802 3398 Pater

561 3430 849 3501 oririjubet
881 3445 1035 3496 super
1060 3428 1218 3481 bonos
1245 3437 1290 3481 et
1315 3427 1500 3492 malos,
1531 3437 1580 3481 et
1616 3428 1745 3494 pluit
1776 3443 1931 3495 super
1946 3428 2122 3497 justas
2225 3431 2371 3484 novit
2401 3447 2415 3484 :
2443 3432 2508 3486 de
2556 3445 2695 3500 quo,
2728 3432 2865 3486 sicut
2898 3431 3158 3501 scriptum
3188 3441 3269 3486 est
3304 3451 3316 3486 :
3348 3431 3432 3486 Ne
3470 3434 3638 3502 ipsum
3676 3439 3805 3502 qui-

560 3534 608 3578 et
652 3524 872 3591 injustas
912 3520 954 3552 ³⁸
1000 3538 1012 3574 :
1062 3520 1235 3574 cuivis
1279 3519 1444 3573 etiam
1502 3519 1713 3589 exiguae
1761 3519 2122 3589 intelligentia:
2223 3521 2339 3574 dem
2377 3524 2625 3576 mundum
2661 3540 2842 3590 capere
2879 3539 3028 3591 posse
3054 3524 3281 3576 arbitror
3329 3523 3490 3577 libros
3537 3527 3627 3590 qui
3655 3525 3802 3579 scri-

560 3615 678 3668 viro
725 3612 1194 3666 evidentissimum
1258 3610 1498 3680 suggerit
1553 3609 1886 3666 intellecuun
1913 3651 1928 3678 ,
1981 3612 2121 3681 quod
2223 3611 2465 3666 (terentur
2489 3614 2532 3646 ⁸⁸
2567 3615 2631 3669 de
2663 3615 2828 3685 gloria
2874 3625 2928 3669 et
2975 3617 3042 3669 de
3077 3615 3359 3685 majestate
3386 3615 3506 3669 Filii
3540 3616 3653 3671 Dei.
3687 3618 3800 3672 lm-

560 3722 665 3762 nnn
703 3707 864 3758 alium
914 3704 980 3757 ad
1036 3703 1352 3757 imitandum
1398 3703 1655 3772 proponit
1684 3702 1960 3772 discipulis
2009 3704 2122 3760 suis
2223 3703 2476 3772 possibile
2507 3719 2735 3774 namque
2767 3715 2848 3760 est
2887 3705 3078 3760 litteris
3110 3707 3447 3760 committere
3473 3720 3536 3762 ea
3562 3723 3686 3778 quae
3725 3711 3799 3765 ad

561 3798 749 3863 Deum,
797 3796 898 3852 nisi
947 3796 1212 3850 factorem
1260 3793 1388 3849 solis
1411 3833 1427 3860 ,
1464 3804 1520 3848 et
1552 3794 1822 3849 iimbrium
1874 3795 2123 3864 przebito-
2224 3793 2519 3850 Salvatoris
2548 3796 2770 3864 gloriam
2800 3798 3089 3867 pertinent.
3126 3816 3143 3848 ι

559 3906 692 3946 rem,
727 3909 748 3944 ι
2289 3886 2612 3944 Psurutws.
2668 3888 2839 3943 Unum
2889 3889 3026 3943 istud
3062 3890 3428 3944 testimonium
3480 3892 3546 3946 de
3585 3894 3801 3948 deitate

625 3984 951 4039 ΡΑιιριειιυς.
995 3979 1123 4034 Post
1159 3978 1272 4032 haec
1324 3978 1374 4032 in
1425 3979 1881 4048 consequentibus
1935 3979 2120 4034 multis
2222 3979 2338 4034 Filii
2369 3980 2454 4034 Dei
2487 3995 2555 4032 ex
2583 3980 2684 4034 illis
2710 3978 2860 4033 libris
2887 3979 3202 4048 protulimus
3228 4019 3243 4043 ,
3285 3982 3376 4049 qui
3427 3983 3665 4038 maxime
3719 3988 3800 4039 ab

557 4079 886 4150 argumentis
914 4087 1076 4148 atque
1105 4073 1369 4143 exemplis
1399 4071 1799 4141 Scripturarum
1827 4072 2117 4137 ailirmaus,
2221 4070 2624 4124 acvusatorihus
2653 4079 2970 4139 arguuntur.
3013 4069 3240 4123 Dubium
3287 4080 3468 4125 autem
3517 4089 3620 4127 non
3654 4085 3747 4128 est
3777 4115 3796 4138 ,

555 4169 792 4224 ostendit
823 4168 1076 4236 quoniam
1105 4180 1241 4218 unus
1275 4172 1328 4217 et
1357 4164 1495 4216 idem
1533 4163 1674 4216 Deus
1697 4203 1712 4226 ,
1746 4162 1885 4218 Deus
1918 4172 2001 4217 est
2047 4163 2120 4217 lc-
2219 4161 2360 4231 quod
2408 4161 2595 4217 eodem
2629 4176 2788 4217 sensu
2823 4161 2983 4216 etiam
3033 4162 3086 4215 in
3133 4164 3344 4218 caeteris
3397 4165 3637 4232 sentiat,
3682 4181 3800 4220 nec

558 4260 663 4330 gis,
692 4269 747 4315 et
771 4258 1205 4327 Evangeliorunt,
1238 4268 1292 4312 et
1323 4254 1729 4324 prophetarum,
1759 4263 1812 4307 et
1848 4254 2118 4323 apostolo-
2219 4253 2318 4306 sibi
2351 4253 2421 4307 sit
2451 4255 2564 4317 ipse
2596 4253 2921 4308 contrarius.
2973 4253 3047 4308 De
3089 4269 3152 4308 eo
3198 4256 3341 4326 quod
3377 4270 3482 4310 non
3521 4259 3590 4311 sit
3619 4255 3800 4312 Pater

557 4367 700 4414 rum,
727 4351 906 4420 justus
932 4360 986 4404 et
1018 4352 1209 4412 bonus,
1249 4347 1544 4402 visibilium
1581 4356 1633 4401 et
1672 4346 2015 4400 invisibilium
2055 4362 2118 4400 ac
2217 4351 2502 4411 antequam
2534 4342 2722 4402 Filius.
2748 4344 2840 4398 sed
2879 4353 3178 4398 comternus
3219 4345 3292 4398 sit
3320 4343 3496 4402 Filius
3525 4345 3696 4410 Patri,
3733 4350 3798 4401 in

559 4444 724 4498 totius
758 4441 1123 4496 universitatis
1155 4440 1432 4495 Dominus.
1465 4440 1742 4505 Quomodo
1769 4453 1898 4508 ergo
1931 4454 2116 4498 sense-
2218 4435 2390 4503 primo
2422 4435 2556 4489 libro
2593 4434 2666 4488 De
2693 4434 2878 4490 Genesi
2911 4437 3022 4491 haec
3054 4436 3131 4489 ait
3158 4455 3170 4489 :

556 4532 630 4585 rit
661 4531 726 4585 de
767 4530 876 4585 Deo
904 4530 1064 4584 Patre
1089 4570 1104 4591 ,
1135 4544 1200 4582 cx
1249 4530 1331 4582 bis
1357 4527 1473 4595 ejus
1505 4528 1723 4596 scriptis
1748 4569 1763 4590 ,
1800 4543 1918 4595 qua:
1954 4544 2097 4598 supr:

2261 4525 2547 4578 (iurasses.
2588 4524 2721 4594 (97‘)
2772 4543 2790 4576 ι
2845 4524 2957 4581 Νοιι
3103 4525 3176 4576 Οὐ
3204 4525 3315 4596 γὰρ
3336 4526 3506 4590 ὀΘεδς
3529 4527 3637 4598 (98)
3661 4529 3795 4582 Πα-

557 4619 920 4686 exposuimus,
946 4618 1161 4671 claruit.
1197 4617 1487 4670 Videamus
1534 4630 1664 4684 ergo
1715 4632 1855 4671 nunc
1883 4618 2098 4686 qualitct

2255 4619 2359 4670 nim
2376 4617 2536 4680 Deus,
2553 4621 2834 4689 cumprius
2856 4633 2958 4673 non
3032 4617 3136 4688 τὴρ
3159 4613 3297 4672 εἶναι
3328 4619 3550 4689 ἤρξατο,
3573 4620 3796 4672 κωλυό-

549 4711 700 4765 etde
731 4709 819 4763 Dei
855 4707 991 4761 Filio
1019 4707 1270 4761 disserat.

2253 4718 2358 4762 sset
2381 4706 2557 4774 Pater,
2583 4721 2765 4780 postea
2802 4710 2959 4766 Pater
3033 4728 3208 4781 μενος,
3228 4712 3302 4772 ὡς
3317 4714 3649 4785 οἱγινόμενοι
3669 4733 3794 4768 πα-

1159 4796 1383 4853 CAPUT
1425 4794 1509 4849 lll.
2219 4813 2333 4853 esse
2378 4802 2560 4867 cmpit,
2600 4801 2700 4856 velt

2254 4813 2333 4852 sse
2378 4802 2560 4867 (saepit,
2600 4801 2742 4856 velut
2793 4803 2957 4871 itnpe-
3030 4805 3182 4875 τέρες
3223 4806 3519 4878 ἄνθρωποι,
3555 4810 3656 4862 ὑπὸ
3681 4811 3795 4864 τοῦ

1041 4891 1114 4946 De
1137 4892 1328 4944 deitate
1362 4887 1491 4942 Filii
1521 4888 1636 4941 Dei.
2217 4891 2359 4945 ditus
2408 4892 2582 4961 aliqui]

2258 4891 2359 4945 itus
2408 4892 2673 4961 aliquibus
2713 4908 2778 4947 ex
2829 4909 2958 4948 cau-
3032 4900 3105 4971 μὴ
3131 4901 3388 4955 δύνασθαί
3419 4921 3504 4956 πω
3543 4904 3799 4975 πατέρες

620 4989 912 5044 Οιιιοειιεε.
951 4985 1062 5054 (95)
1090 5002 1108 5036 t
1140 4983 1241 5040 Pro
1255 4984 1464 5037 viribus
1493 4981 1654 5050 igitur
1677 4980 1878 5036 nostris
1902 4980 2113 5050 perexi-

2268 4999 2310 5048 s,
2333 4985 2528 5053 quibus
2551 4985 2793 5040 homines
2817 5003 2956 5040 ntor-
3028 4988 3183 5046 εἶναι.
3219 4995 3282 5047 Εἰ
3322 4994 3430 5066 γὰρ
3452 4996 3540 5048 ἀεὶ
3571 4994 3801 5060 τέλειος

557 5083 676 5152 guis
715 5081 1049 5136 considerata
1077 5095 1140 5132 ex
1173 5093 1394 5147 operum
1428 5091 1644 5130 suorum
1683 5113 1698 5136 ,
1745 5073 1915 5142 magis
1947 5087 2098 5140 quam

2258 5074 2351 5127 tles
2391 5076 2632 5143 impediri
2671 5078 2864 5142 solent,
2903 5091 2960 5135 ut
3026 5084 3055 5135 ὁ
3080 5084 3227 5150 Θεὸς,
3251 5089 3348 5141 καὶ
3385 5088 3637 5158 πάρεστιν
3673 5089 3799 5141 abs

628 5177 671 5208 ³⁰
699 5173 1056 5249 _Matt_li._xut,
1085 5172 1153 5226 55
1183 5188 1200 5233 ξ
1233 5186 1406 5249 55v",
1439 5169 1527 5223 35.
1634 5167 1676 5198 ³³
1697 5167 1894 5222 Matth.
1925 5182 1972 5228 v,
2008 5165 2098 5234 48,
2151 5167 2169 5220 4

2320 5169 2378 5225 ’λ
2395 5167 2602 5225 Coloss.
2644 5190 2684 5238 ι,
2719 5174 2910 5229 15-17.
2989 5178 3034 5210 ³³
3063 5178 3084 5232 1
3115 5181 3238 5236 Cor.
3271 5198 3346 5249 xx,
3377 5184 3432 5238 5.
3507 5184 3551 5216 ³⁸
3579 5182 3799 5240 Matth.

556 5263 636 5312 ιι,
664 5245 754 5304 27,
831 5244 874 5277 ³⁵
898 5242 1054 5300 Joan.
1091 5259 1202 5306 χχι,
1229 5242 1318 5295 25.

629 5339 739 5413 (95)
765 5340 841 5413 Eli
866 5338 960 5392 lib.
997 5352 1033 5390 tt
1077 5336 1466 5413 Qe__p_rincipiis,
1510 5350 1629 5402 cap.
1668 5332 1722 5395 4,
1765 5347 1907 5413 num.
1942 5332 1992 5385 1.
2063 5403 2073 5413 ⁸
2209 5331 2538 5413 ιεηιρίᾳιξςεε]
2573 5334 2698 5413 quia
2728 5351 2830 5413 non
2865 5338 3064 5413 omnia,
3091 5348 3196 5413 etc.

633 5401 746 5482 (94')
779 5410 888 5464 Sic.
910 5423 1045 5482 mss.
1081 5401 1220 5460 Editi
1248 5401 1374 5482 vero
1395 5401 1699 5482 perperam.-
1714 5403 2102 5482 ittt'sitLqumode
2218 5472 2229 5482 ‘
2280 5403 2392 5482 {97)
2413 5401 2540 5457 Mss.
2570 5404 2727 5482 hujus
2756 5405 3025 5482 Apologia:
3041 5401 3252 5482 habent
3289 5429 3301 5464 :
3341 5409 3490 5465 Unde
3513 5425 3601 5478 pro
3619 5423 3799 5467 cerso

557 5471 766 5534 Christo
797 5480 1054 5551 credenda
1073 5486 1222 5532 erant
1243 5479 1348 5544 ipse
1389 5471 1650 5551 priuauit.
1678 5472 1832 5551 Libri.
1856 5471 2102 5551 Ole-prim
2208 5472 2398 5526 habere
2421 5513 2435 5535 ,
2463 5482 2570 5551 etc.
2600 5474 2706 5528 Sed
2739 5477 2867 5530 editi
2892 5471 2993 5541 ,vet
3038 5478 3162 5533 libri
3195 5479 3273 5534 De
3303 5471 3573 5551 principiis
3595 5485 3798 5536 omis-

547 5552 706 5621 ,εῇμίξε
733 5559 851 5621 ιδπι
875 5549 1003 5603 editi
1037 5562 1198 5615 quam
1237 5539 1411 5621 mss,
1438 5546 1611 5608 misit,
1639 5559 1758 5611 qua:
1798 5544 1862 5596 de
1894 5539 2101 5595 Christo
2210 5545 2523 5621 tunt_unt_l_e.
2754 5613 2766 5621 _
2841 5539 2903 5621 ﬁt
3006 5617 3018 5621 _
3303 5539 3333 5565 ’⁸

551 5611 888 5688 prwdicenda
915 5627 1025 5670 erat
1055 5611 1169 5688 ipse
1192 5616 1454 5688 ptjtettiayit.
1642 5681 1665 5688 Α
1918 5682 1932 5688 _
2281 5614 2415 5688 (97')
2545 5613 2718 5688 librat
2748 5613 2801 5688 in
2833 5611 3093 5688 Genesim.

655 5688 743 5760 95)
775 5688 851 5760 Plx
885 5688 976 5740 lib.
1007 5701 1042 5739 ιι
1079 5681 1704 5760 μιρήιιςτ-ιρὶξειζ(ιιιρ..6ἱ
1730 5697 1879 5760 num.
1912 5682 1962 5735 i.
2025 5751 2056 5760 __
2088 5752 2100 5760 _
2277 5681 2512 5760 (978)91')
2563 5685 2671 5753 γὰρ
2727 5686 2958 5760 ρμθεός,
3006 5700 3109 5760 etc.
3159 5686 3312 5743 Hunvc
3345 5689 3519 5745 locum
3576 5687 3802 5749 Graece

655 5693 743 5760 95)
775 5693 851 5742 Ex
885 5693 976 5740 tib.
1007 5701 1042 5739 ll
1079 5693 1154 5738 De
1173 5693 1462 5754 principiis,
1493 5697 1610 5751 cap.
1635 5693 1699 5746 δ,
1730 5697 1879 5736 num.
1912 5693 1962 5735 ι.
2277 5693 2386 5756 (98)
2431 5693 2512 5737 υῡ
2563 5693 2671 5753 γὰρ
2727 5693 2759 5738 ό
2797 5693 2958 5751 aede,
3006 5700 3109 5742 etc.
3159 5693 3312 5743 Hunc
3345 5693 3519 5745 locum
3576 5693 3802 5749 Graece

623 5693 741 5830 .296)
778 5757 851 5812 ιω
877 5765 1021 5837 recte
1046 5755 1194 5816 editi,
1223 5753 1412 5837 etlibri
1444 5753 1807 5837 De‘prittcipiis
1843 5763 1947 5804 tam
1974 5751 2100 5837 editi
2203 5755 2706 5837 exitibetEttsebuis
2747 5756 2840 5811 lib.
2890 5773 2906 5811 ι
2955 5759 3200 5814 adversus
3246 5760 3554 5815 Marcellum
3592 5762 3805 5837 Αητῃτ

551 5823 733 5896 quam
767 5841 920 5896 Iuss._
957 5825 1082 5880 Mss.
1125 5837 1252 5876 vero
1296 5823 1454 5896 hujus
1505 5824 1773 5896 Apologia:
1795 5861 1809 5886 ,
1845 5824 2101 5874 creaturis
2200 5841 2410 5892 ratium,
2441 5840 2559 5894 pag.
2584 5825 2673 5880 2%.

565 5891 1020 5969 ejusyisjbilibus,
1065 5893 1464 5962 contemplantes
1505 5891 1598 5962 [:tl.
1632 5907 1936 5960 rursumque
1977 5909 2100 5946 cou-
