3942 6516
177 389 274 446 561

177 524 282 562 non
331 508 510 564 statim
547 523 613 564 ex
652 523 758 580 quo
798 518 921 566 sunt

172 602 338 655 etiam
388 611 566 684 patres
615 617 737 658 esse
790 619 916 673 pos-

171 694 308 748 sint.
373 691 430 746 Si
501 693 645 748 enim
711 709 922 764 semper

173 785 454 853 perfectus
504 793 590 839 est
629 785 788 843 Deus.
823 799 919 840 nec

171 873 332 927 deest
361 873 409 926 ei
439 873 607 927 virtus
633 888 735 940 qua
763 872 920 927 Pater

168 967 264 1031 sit,
285 967 545 1021 etbonum
569 975 649 1020 est
666 980 917 1022 esseeum

171 1059 391 1113 Patrem
434 1059 556 1114 talis
585 1058 740 1123 Filii,
787 1059 916 1130 quid

169 1151 375 1217 diﬂ'ert,
403 1153 635 1222 autquiil
657 1153 758 1208 boc
779 1153 919 1208 bono

169 1261 228 1302 se
265 1247 516 1308 fraudat,
570 1256 624 1302 et
663 1262 767 1301 non
809 1255 922 1301 sta-

170 1338 341 1400 tim,si
363 1338 434 1391 ita
452 1337 555 1391 dici
576 1336 919 1407 potest,(98‘)

169 1443 233 1481 ex
261 1441 372 1493 quo
403 1436 577 1494 potest
596 1442 718 1482 esse
740 1427 918 1493 Pater,

168 1521 405 1575 edicitur
445 1518 644 1574 Pater?
689 1519 918 1590 ldipsum

171 1623 356 1667 autem
403 1613 564 1667 etiam
605 1614 670 1668 de
718 1613 918 1682 Spiritu

168 1715 364 1760 sancto
386 1705 670 1759 dicendum
696 1716 795 1762 est.
842 1727 860 1760 ι

238 1797 571 1854 Ρηρηιιυε.
624 1800 779 1856 Aliud
826 1803 1195 1858 testimonium
1227 1805 1293 1861 de
1331 1805 1517 1861 eadem
1563 1821 1620 1862 re
1667 1821 1731 1861 ex

171 1887 330 1943 libris
363 1889 620 1959 Epistolis
641 1892 709 1945 ad
738 1894 1003 1949 Hebraeos.

237 1979 539 2037 ORIGENBS.
573 1983 684 2053 (99)
735 2002 754 2036 α
799 1984 911 2040 Lux
973 1998 1150 2041 autem
1197 1997 1396 2043 {eterna
1424 1989 1552 2058 quid
1595 1989 1736 2043 aliud

171 2075 516 2129 sentiendum
545 2083 648 2138 est,
682 2089 843 2144 quam
899 2078 1042 2130 Deus
1075 2079 1258 2145 Pater,
1315 2081 1404 2149 qui
1464 2095 1735 2147 nunquam

171 2167 270 2220 fuit
293 2166 520 2236 quando
552 2165 641 2220 lux
673 2166 888 2235 quidem
913 2178 1080 2228 esset.
1101 2171 1358 2238 splendor
1390 2185 1518 2224 vero
1546 2171 1594 2224 ei
1630 2185 1736 2226 non

169 2259 426 2315 adesset?
473 2255 656 2329 Neque
692 2258 834 2313 enim
871 2259 957 2313 lux
1006 2261 1122 2316 sine
1160 2262 1443 2330 splendore
1489 2278 1587 2317 suo
1634 2278 1736 2316 un-

168 2364 330 2420 quam
370 2347 596 2417 intelligi
628 2356 822 2417 potest.
856 2347 1006 2415 Quod
1030 2351 1073 2402 si
1109 2365 1296 2403 verum
1319 2360 1424 2412 est,
1457 2366 1728 2420 nunquam

168 2447 250 2494 est
281 2438 426 2509 (99‘)
486 2439 699 2506 quando
733 2436 897 2493 Filius
925 2454 1030 2493 non
1066 2437 1231 2493 Filius
1259 2439 1382 2494 fuit.
1408 2441 1732 2496 Eratautem

171 2546 300 2596 non,
337 2529 576 2586 sicut‘de
593 2540 792 2584 aeterna
817 2530 936 2586 luce
973 2531 1229 2594 diximus,
1260 2532 1498 2600 innatus,
1527 2549 1595 2588 ne
1619 2536 1727 2589 duo

168 2622 438 2693 principia
472 2623 610 2678 lucis
644 2622 920 2677 videamus
954 2623 1227 2688 inducere,
1264 2624 1359 2678 sed
1401 2625 1538 2679 sicut
1587 2625 1737 2697 inge-

169 2717 292 2771 nitae
321 2715 463 2770 lucis
484 2714 755 2783 splendor,
780 2715 950 2784 ipsam
989 2715 1132 2768 illam
1167 2715 1338 2770 lucem
1381 2717 1590 2772 initium
1635 2718 1732 2771 ba-

170 2808 300 2861 bens
323 2822 394 2860 ac
429 2804 656 2870 fontem,
703 2815 863 2862 natus
906 2808 1123 2876 quidem
1177 2825 1241 2862 ex
1286 2809 1437 2879 ipsa;
1487 2809 1581 2863 sed
1631 2824 1734 2863 non

168 2909 283 2951 erat
325 2900 547 2965 quando
576 2913 681 2952 non
710 2909 846 2956 erat.
887 2917 905 2950 ι

233 2987 570 3043 Puemws.
622 2987 778 3043 Aliud
823 2988 1189 3044 teStimonium
1240 2991 1306 3046 de
1349 2991 1535 3047 eadem
1581 3007 1637 3047 re
1669 2993 1736 3047 de

167 3075 323 3131 libris
361 3075 620 3147 Epistolas
645 3077 714 3130 ad
750 3076 1032 3132 Romanos.

236 3169 534 3224 Ontcmss.
605 3167 685 3239 (1)
736 3189 754 3221 t
803 3167 954 3235 Quod
993 3171 1334 3235 promiserat,
1383 3171 1585 3240 inquit,
1644 3189 1736 3242 per

167 3260 450 3327 prophetas
493 3275 616 3313 suos
653 3259 709 3313 in
731 3258 1015 3328 Scripturis
1049 3263 1239 3319 sanctis
1262 3262 1325 3315 de
1350 3259 1490 3316 Filio
1515 3279 1610 3316 suo
1643 3263 1733 3332 qui

169 3352 462 3404 secundum
499 3366 706 3404 carnem
748 3351 916 3420 factus
965 3363 1039 3407 est
1089 3370 1154 3407 ea:
1198 3355 1392 3408 semine
1448 3353 1617 3408 David
1667 3354 1733 3408 “.

173 3442 374 3497 Factus
412 3451 496 3497 est
532 3443 672 3510 quod
731 3453 856 3499 ante
908 3460 1011 3500 non
1066 3454 1201 3500 erat.
1267 3446 1608 3504 Manifestum
1656 3455 1739 3503 est

169 3534 311 3588 enim
351 3534 481 3602 quia
521 3534 817 3589 secundum
851 3550 1068 3596 carnem
1106 3554 1209 3592 non
1255 3545 1372 3594 erat
1411 3521 1558 3607 prius
1595 3554 1610 3592 :
1647 3552 1734 3593 se-

170 3626 410 3680 cundum
427 3625 676 3694 spiritum
704 3641 831 3682 vero
857 3637 972 3683 erat
994 3639 1138 3697 ante,
1169 3639 1223 3684 et
1251 3644 1354 3684 non
1387 3629 1735 3699 eratquando

168 3731 270 3770 non
297 3723 446 3769 erat.
484 3732 504 3766 ι

237 3806 572 3862 Purpureus.
635 3803 766 3862 Item
844 3807 898 3862 in
970 3807 1110 3863 libro
1182 3809 1360 3879 primo
1421 3809 1562 3879 Περὶ
1633 3810 1736 3880 ἁρ-

170 3898 311 3967 χῶν.
353 3896 510 3963 Quod
540 3910 691 3954 extra
723 3899 890 3954 ullum
929 3899 1139 3955 initium
1178 3911 1263 3958 est
1294 3904 1568 3973 generatio
1614 3903 1737 3959 Filii

173 3989 284 4045 Dei.

991 603 1150 656 αὑτὸν
1197 598 1334 658 εἷναι
1357 645 1370 669 ,
1433 606 1526 658 καὶ
1571 607 1731 661 καλὸν

989 697 1147 752 αὑτὸν
1193 693 1328 752 εἶναι
1383 701 1601 771 Πατέρα
1637 699 1730 754 τοῦ

987 790 1226 845 τοιούτου
1283 792 1444 854 Υἱοῦ,
1502 795 1554 846 τί
1606 794 1733 847 ἀνα-ν

989 881 1260 947 ϐάλλεται,
1295 885 1386 937 καὶ
1417 884 1606 937 ἑαυτὸν
1637 885 1729 939 τοῦ

989 974 1154 1028 καλοῦ
1219 976 1526 1048 στερίσκει,
1599 978 1730 1044 καὶ,

989 1067 1062 1130 ὡς
1084 1067 1231 1121 ἔστιν
1257 1071 1450 1132 εἰπεῖν,
1477 1069 1534 1136 ἐξ
1565 1064 1625 1124 οὗ
1652 1070 1734 1123 δύο

989 1178 1143 1214 ναται
1177 1163 1363 1234 Πατὴρ
1405 1158 1538 1216 εἶναι
1566 1163 1729 1224 Υῑοῦ;

989 1257 1062 1309 Τὸ
1108 1256 1240 1309 αὐτὸ
1321 1257 1565 1327 μέντοιγε
1641 1261 1734 1313 καὶ

990 1350 1116 1419 περὶ
1150 1346 1244 1400 τοῦ
1287 1347 1439 1416 ἁγίου
1484 1348 1733 1420 Πνεύμα-

989 1455 1080 1502 τος
1101 1438 1338 1494 λεκτέον.

235 4101 537 4159 Ostienses.
576 4101 676 4174 (l‘)
704 4121 721 4154 ε
752 4101 808 4157 Si
836 4117 964 4173 ergo
1001 4102 1166 4159 semel
1190 4113 1335 4159 recte
1356 4114 1628 4174 receptum
1655 4117 1738 4160 est

170 4194 513 4267 unigenitum
562 4193 756 4248 Filium
789 4195 880 4249 Dei
919 4195 1238 4266 sapientiam
1286 4196 1400 4266 ejus
1445 4211 1568 4250 esse
1610 4196 1741 4249 sub~

170 4284 508 4337 stantialiter
535 4284 941 4350 subsistentem,
975 4287 1157 4342 nescio
1197 4287 1244 4340 si
1272 4286 1386 4356 jam
1422 4285 1561 4339 ultra
1612 4301 1738 4340 eva-

171 4377 283 4444 gari
357 4392 554 4432 sensus
587 4388 770 4433 noster
818 4382 1014 4435 debeat
1060 4379 1126 4433 ad
1156 4381 1535 4447 suspicandum
1564 4379 1636 4452 (2)
1673 4395 1740 4435 ne

169 4464 306 4520 forte
339 4467 460 4535 ipsa
491 4468 838 4522 subsistentia
882 4466 998 4537 ejus
1043 4483 1360 4538 corporeum
1393 4469 1593 4538 aliquid
1644 4470 1738 4524 ba-

236 4581 284 4612 ³⁸
309 4579 477 4636 Rom.
506 4597 542 4648 I,
577 4581 632 4649 2,
671 4581 726 4636 5.
799 4582 864 4614 ⁸⁸·
902 4582 1030 4653 Sap.
1059 4581 1267 4649 vu,‘35.

1361 394 1699 450 APOLOGIA
1740 394 1869 452 PRO
1906 397 2223 454 ORIGENE.

990 509 1069 583 τῷ
1107 510 1330 582 δύναμις
1377 513 1468 567 τοῦ
1520 516 1733 585 Πατέρα

1842 515 2123 575 beat.cum
2165 531 2323 570 omne
2372 515 2514 584 quod
2558 530 2871 586 corporeum
2904 522 3004 578 est,
3050 515 3130 568 vel
3170 514 3383 581 habitu,

3281 394 3387 450 502

1834 605 1915 659 vel
1951 615 2150 667 cotore.
2177 606 2259 660 vel
2285 608 2646 675 magnitudine
2673 607 3001 676 designetur.
3038 604 3101 659 Et
3128 607 3250 674 quis
3285 621 3388 658 un-

1833 713 1990 766 quam
2019 700 2132 752 sani
2169 712 2357 752 sensus
2402 699 2636 752 habitum
2673 699 2756 754 vel
2810 698 3064 760 colorem,
3112 705 3204 751 aut
3243 710 3388 750 men-

1833 806 1973 846 sura:
2022 792 2443 861 magnitudinem
2497 793 2548 845 in
2599 791 2876 860 Sapientia
2926 789 3238 859 requisivit,
3292 802 3388 856 per

1832 883 1973 950 quod
2014 881 2287 950 Sapientia
2325 883 2443 938 est?
2491 883 2771 946 Quomodo
2818 891 2994 936 autem
3033 890 3182 935 extra
3229 879 3386 946 hujus

1834 972 2120 1043 Sapientiae
2143 973 2542 1044 generationem
2585 971 2748 1026 fuisse
2776 972 3060 1039 aliquando
3093 972 3258 1027 Deum
3288 971 3387 1024 Pa-

1835 1074 1990 1128 trem,
2024 1064 2106 1119 vel
2133 1067 2197 1120 ad
2222 1077 2480 1135 punctum
2513 1063 2770 1120 momenti
2805 1063 3032 1134 alicujus
3067 1074 3240 1134 potest
3268 1063 3386 1132 quis

1833 1162 2034 1217 sentire
2067 1161 2149 1216 vel
2199 1162 2442 1226 credere,
2499 1161 2590 1231 qui
2656 1170 2834 1213 tamen
2887 1161 3029 1229 pium
3085 1160 3284 1228 aliquid
3324 1160 3388 1212 de

1834 1253 1946 1307 Deo
1969 1253 2270 1324 intelligere
2300 1251 2530 1315 noverit,
2557 1250 2642 1303 vel
2684 1250 2921 1303 sentire?
2952 1251 3056 1304 Aut
3091 1249 3232 1304 enim
3283 1263 3387 1300 non

1832 1343 2073 1411 potuisse
2102 1343 2264 1396 Deum
2289 1342 2428 1395 dicet
2457 1356 2712 1411 generare
2745 1340 3074 1409 Sapientiam
3104 1348 3389 1405 antequam

1835 1445 2138 1505 generaret,
2175 1444 2232 1488 ut
2273 1449 2416 1498 eam,
2460 1451 2576 1502 qua:
2611 1449 2715 1487 non
2759 1442 2900 1498 erat,
2945 1429 3047 1503 (Υ)
3081 1440 3263 1498 postea
3309 1443 3389 1498 ge-

1836 1527 2013 1580 nuerit
2048 1537 2106 1580 ut
2131 1537 2274 1583 esset
2302 1542 2316 1579 :
2343 1536 2432 1579 aut
2461 1527 2694 1597 potuisse
2736 1528 2974 1597 quidem,
3009 1527 3099 1580 sed
3130 1525 3291 1594 (quod
3327 1535 3389 1577 ne

1840 1617 1940 1672 dici
1975 1618 2186 1687 quidem
2239 1619 2305 1672 de
2362 1619 2468 1672 Deo
2530 1617 2612 1671 fas
2664 1619 2765 1689 est)
2808 1617 3039 1672 noluisse
3087 1629 3389 1687 generare:

1834 1709 1976 1780 quod
2010 1719 2298 1777 utrumque
2337 1720 2390 1763 et
2420 1709 2708 1764 absurdum
2728 1723 2868 1772 esse,
2899 1720 2952 1762 et
2987 1708 3207 1776 impium
3225 1705 3371 1761 omni

1837 1800 1936 1853 bus
1971 1807 2138 1866 patet,
2163 1797 2240 1868 (ὃ)
2300 1797 2351 1851 id
2379 1807 2478 1858 est,
2518 1809 2575 1849 ut
2599 1806 2687 1850 aut
2715 1812 2779 1850 cx
2811 1811 2876 1852 eo
2907 1797 3048 1864 quod
3084 1811 3188 1849 non
3221 1796 3389 1864 potuit

1769 1890 1808 1944 Β
1840 1891 2000 1953 Deus,
2027 1886 2311 1958 proliceret
2336 1897 2392 1940 ut
2420 1896 2647 1958 posset;
2688 1896 2774 1940 aut
2821 1901 2884 1940 ex
2920 1901 2984 1939 eo
3014 1901 3134 1940 cum
3185 1894 3389 1954 posset,

1836 1981 2199 2036 dissimularet
2224 1994 2482 2051 generare
2506 1977 2859 2047 Sapientiam.
2887 1978 3108 2046 Propter
3129 1975 3268 2046 quod
3297 1991 3390 2030 nos

1838 2086 2050 2141 semper
2087 2071 2252 2126 Deum
2297 2070 2512 2126 Patrem
2565 2069 2811 2124 novimus
2849 2068 3104 2139 unigeniti
3151 2067 3274 2122 Filii
3310 2068 3391 2120 sui

1839 2178 1905 2218 ex
1937 2163 2052 2233 ipso
2087 2163 2303 2232 quidem
2336 2163 2466 2228 nati,
2491 2171 2544 2216 et
2575 2160 2718 2232 quod
2745 2167 2829 2213 est
2862 2159 2930 2213 ab
2962 2160 3079 2228 ipso
3107 2157 3392 2220 trahentis,

1837 2259 1955 2314 sine
1990 2255 2098 2310 ullo
2149 2265 2330 2308 tamen
2365 2255 2540 2322 initio,
2577 2270 2681 2308 non
2722 2252 2895 2308 solum
2925 2265 2989 2306 eo
3014 2249 3156 2321 quod
3208 2249 3374 2318 aliqui

1835 2349 1935 2403 bus
1971 2359 2270 2416 temporum
2315 2345 2505 2414 spatiis
2543 2345 2794 2414 distingui
2825 2351 3022 2413 potest,
3065 2341 3157 2396 sed
3201 2356 3268 2395 ne
3299 2339 3392 2394 illo

1837 2437 2054 2507 quidem
2102 2436 2244 2505 quod
2289 2435 2402 2490 sola
2438 2435 2577 2505 apud
2621 2433 2968 2504 semetipsam
3010 2447 3160 2487 mens
3200 2429 3392 2486 intueri

1837 2529 1993 2594 solet,
2043 2537 2098 2584 et
2142 2527 2304 2592 nudo,
2360 2535 2419 2581 ut
2480 2529 2554 2581 ita
2593 2527 2842 2590 dixerim,
2905 2525 3183 2580 intellectu
3236 2533 3393 2594 atque

1836 2619 2018 2674 animo
2048 2618 2375 2689 conspicari.
2407 2618 2570 2673 Extra
2603 2631 2762 2672 omne
2793 2631 2926 2687 ergo
2956 2617 3098 2686 quod
3139 2616 3222 2670 vel
3265 2616 3393 2683 dici,

1835 2711 1921 2768 vel
1955 2711 2180 2782 intelligi
2212 2719 2388 2780 potest
2413 2709 2648 2776 initium,
2684 2716 2992 2780 generatam
3018 2721 3136 2762 esse
3165 2707 3394 2762 creden-

1836 2802 1963 2856 dum
1990 2811 2075 2856 est
2098 2801 2448 2870 Sapientiam.
2499 2819 2516 2851 ι

1905 2892 2232 2948 PAMPHILUS.
2255 2892 2412 2946 Aliud
2435 2889 2800 2946 testimonium
2841 2888 2940 2959 (5‘)
2970 2887 3036 2942 de
3072 2886 3296 2942 eisdem.

1905 2983 2193 3040 ORIGENES.
2219 2981 2295 3051 (ι)
2331 3000 2348 3032 ι
2399 2981 2497 3048 Qui
2530 2990 2709 3034 autem
2745 2979 2953 3064 initium
2971 2978 3258 3033 datVerbo
3282 2976 3393 3042 Dei,

1837 3075 1923 3132 vel
1951 3074 2240 3146 Sapientia:
2265 3073 2382 3137 Dei,
2402 3072 2499 3143 (4‘)
2522 3071 2733 3126 intuere
2762 3087 2827 3126 ne
2857 3071 3096 3140 magisin
3121 3071 3291 3141 ipsum
3315 3069 3394 3124 in-

1836 3168 2072 3240 genitum
2105 3166 2318 3221 Patrem
2348 3164 2678 3234 impietatem
2719 3178 2869 3218 suam
2897 3161 3083 3230 iactet,
3113 3177 3234 3217 cum
3271 3177 3393 3217 eum

1840 3269 1997 3330 neget
2027 3273 2239 3329 semper
2259 3257 2471 3312 Patrem
2495 3255 2680 3321 fuisse,
2695 3263 2749 3308 et
2774 3255 3028 3324 genuisse
3055 3255 3309 3320 Verbum,
3338 3263 3394 3310 et

1839 3351 2091 3408 habuisse
2110 3350 2439 3421 Sapientiam
2464 3348 2822 3405 anterioribus
2843 3348 2921 3402 vel
2946 3349 3296 3418 temporibus,
3315 3347 3394 3404 vel

1837 3443 2065 3508 saeculis,
2099 3442 2181 3498 vel
2199 3443 2242 3497 si
2264 3442 2390 3512 quid
2416 3441 2543 3496 illud
2567 3441 2807 3511 estquod
2836 3440 3096 3494 nominari
3130 3449 3324 3510 potest.
3374 3459 3394 3493 ι

1909 3535 2230 3590 PAMPHILUS.
2309 3531 2437 3590 item
2499 3532 2645 3588 aliud
2714 3531 3078 3588 testimonium
3148 3533 3214 3588 de
3287 3533 3394 3588 eis-

1837 3627 1978 3683 dem.

1907 3737 2197 3798 Ontceues.
2254 3739 2332 3811 (5)
2384 3757 2402 3792 ι
2440 3736 2677 3793 Eﬂicitur
2727 3752 2856 3809 ergo
2902 3737 3074 3791 virtus
3116 3735 3285 3791 altera
3343 3736 3395 3790 in

1837 3844 1931 3887 sua
1953 3831 2284 3902 proprietate
2323 3831 2650 3897 subsistens,
2683 3830 2836 3884 utait
2872 3843 3050 3884 sermo
3081 3827 3393 3896 Scripturae,

1837 3936 2000 3992 vapor
2021 3923 2238 3993 quidam
2261 3923 2445 3992 primae
2464 3931 2518 3978 et
2547 3921 2794 3992 ingeniun
2817 3921 3031 3975 virtutis
3049 3919 3142 3972 Dei
3165 3918 3254 3984 ³⁶⁶,
3290 3920 3393 3972 boc

1838 4019 2052 4087 quidem
2091 4019 2230 4087 quod
2279 4028 2384 4084 est,
2431 4017 2556 4074 inde
2595 4017 2818 4072 trahens
2873 4034 2886 4071 :
2937 4031 3043 4071 non
3087 4027 3171 4070 est
3217 4023 3395 4069 autem

1837 4109 2052 4180 quando
2111 4124 2214 4165 non
2264 4109 2446 4164 fuerit.
2509 4107 2566 4164 Si
2609 4108 2752 4163 enim
2795 4106 2916 4176 quis
2957 4105 3184 4160 voluerit
3217 4105 3396 4159 dicere

1837 4201 1990 4269 quasi
2025 4201 2175 4270 prius
2203 4215 2305 4254 non
2337 4199 2622 4263 exstiterit,
2676 4199 2771 4254 sed
2797 4207 2985 4268 postea
3039 4197 3106 4252 ad
3136 4195 3234 4269 (5‘)
3265 4197 3397 4251 sub-

1838 4290 2140 4345 sistentiain
2199 4290 2429 4355 venerit,
2479 4290 2622 4345 dicat
2667 4305 2886 4346 causam
2931 4303 3100 4358 quare
3141 4289 3232 4356 qui
3276 4302 3393 4341 eain

1839 4379 2112 4434 substituit
2147 4379 2325 4445 Pater,
2363 4392 2488 4436 ante
2522 4384 2626 4436 lioc
2664 4397 2768 4436 non
2799 4381 3006 4436 fecerit.
3043 4381 3192 4448 Quod
3225 4382 3268 4436 si
3295 4382 3391 4433 ali-

1839 4474 1979 4540 quod
2013 4486 2196 4526 semen
2223 4471 2435 4526 initium
2466 4472 2676 4527 dederit
2704 4486 2809 4541 quo
2836 4485 3004 4540 vapor
3053 4471 3154 4526 iste
3191 4484 3256 4524 ex
3303 4471 3399 4524 Dei

237 4697 385 4770 (98‘)
400 4697 503 4774 Sic
533 4697 700 4774 editi;
725 4712 861 4774 mss.
876 4713 1024 4774 vero,
1045 4715 1097 4754 se
1122 4697 1280 4755 Pater
1309 4701 1458 4774 coicit
1508 4692 1722 4750 Patrem
1765 4706 1808 4760 ι)
1838 4697 2248 4774 omittu_nt_esse,
2267 4697 2494 4774 (sicutet
2529 4696 2807 4774 Merlinus.
2841 4694 3221 4752 Genebrardus
3248 4711 3396 4774 vero,

170 4767 277 4840 (al.
296 4767 370 4840 se
391 4767 795 4840 Patres/ficitur
820 4767 1020 4840 Pater].

238 4839 359 4908 (99)
416 4837 492 4890 Ex
515 4837 732 4892 librisin
753 4839 921 4904 Epist.
945 4837 1010 4892 all
1038 4838 1306 4896 Hebratos.

238 4909 386 4986 (99‘)
411 4908 486 4962 Ita
502 4908 967 4986 ms_._Sorbon_icus.
983 4910 1169 4986 gratari
1197 4926 1323 4966 vero
1346 4928 1500 4986 mss.,
1525 4917 1734 4986 Quando

175 4976 348 5050 Filius
370 4976 476 5031 non
501 4976 674 5032 Filius
699 4978 943 5046 nonfuit.
981 4980 1146 5043 Editi,
1189 4986 1397 5050 quando
1437 4984 1484 5037 F
1490 4976 1610 5041 ilius
1633 4999 1736 5040 non

171 5049 269 5115 (uit
306 5066 321 5102 :
360 5058 415 5100 et
437 5058 619 5114 postea
653 5051 906 5102 omittunt
937 5051 1169 5104 innatus.

269 5120 319 5172 li
354 5119 433 5172 Ex
459 5119 551 5172 lib.
578 5133 593 5172 ι
624 5120 689 5188 in
710 5117 879 5188 Epist.
907 5121 974 5172 ad
1003 5117 1177 5186 Rom,
1203 5136 1350 5176 num.
1373 5123 1408 5176 4
1434 5133 1486 5178 et
1506 5125 1559 5179 5.

267 5190 341 5259 i‘)
385 5189 458 5260 Ex
484 5188 577 5241 lib.
616 5203 631 5241 ι
670 5187 1068 5260 υαρτίηεὶρϋι,
1099 5207 1217 5260 cap.
1245 5193 1469 5254 2,num.
1492 5195 1550 5249 2.

241 5259 325 5328 (2)
400 5259 473 5330 Ita
517 5273 650 5312 mss.
700 5259 958 5327 plerique.
1023 5259 1147 5313 Mss.
1212 5277 1338 5316 vero
1382 5266 1623 5330 quidam,
1669 5274 1724 5319 et

174 5327 330 5398 editi,
357 5346 420 5382 ne
445 5327 580 5397 forte
617 5330 728 5396 ipsa
749 5329 1037 5382 substantia
1071 5331 1204 5398 ejus,
1257 5342 1362 5386 etc.
1401 5327 1546 5388 Libri
1597 5327 1728 5390 editi

177 5397 253 5474 Qe
272 5400 551 5466 principiis
573 5437 590 5463 ,
614 5414 676 5450 ne
707 5398 838 5474 [orte
861 5400 973 5474 ipsa
1002 5397 1132 5453 idete
1154 5405 1442 5474 substantia
1459 5404 1592 5474 ejus,
1619 5414 1724 5458 etc.

177 5466 307 5539 Mss.
355 5483 484 5523 vero
527 5469 838 5539 earumdem
883 5466 1190 5530 librorum,
1241 5487 1304 5524 ne
1351 5466 1498 5539 [οι-ιϐ’
1537 5475 1728 5527 IIIer

174 5538 499 5608 ᾦπόστασις,
546 5538 599 5608 id
633 5546 708 5608 est
747 5539 1033 5592 substantia
1089 5541 1222 5608 ejus.
1261 5551 1391 5605 etc.,
1419 5545 1505 5597 ubi
1547 5559 1728 5599 vocent

176 5607 648 5682 lﬂll‘Aoumibus
673 5607 1000 5682 inCOgnitam
1021 5611 1318 5682 nibilaliud
1349 5627 1466 5665 esse
1491 5616 1732 5682 suspicor

176 5691 338 5742 quam
370 5677 487 5739 ipsa
518 5692 537 5730 :
563 5693 724 5746 quam
753 5677 935 5733 vocem
984 5680 1213 5749 imperiti
1261 5681 1464 5736 librarii
1492 5677 1728 5738 Graecam

176 5749 542 5800 crediderunt.

249 5815 354 5888 ιε’)
385 5817 510 5871 Mss.
561 5815 825 5886 plerique,
864 5827 1039 5885 postea
1069 5823 1298 5888 genuerit
1337 5839 1465 5876 esse.
1509 5822 1742 5889 Quidam

1836 4767 2039 4823 etlibri
2079 4769 2156 4824 De
2193 4769 2466 4840 principiis
2515 4778 2620 4822 tam
2670 4768 2796 4822 editi
2850 4782 3010 4838 quain
3069 4781 3198 4822 mss.
3249 4777 3306 4821 ut
3344 4768 3397 4821 iu

1839 4849 1854 4890 t
1893 4849 1945 4890 xt
1989 4878 2004 4893 .

1859 4851 1982 4977 e(5‘)
2031 4909 2125 4964 Sic
2161 4925 2292 4964 mss.
2334 4909 2473 4962 Editi
2516 4924 2664 4970 vero,
2695 4909 2750 4961 id
2781 4915 2880 4971 est,
2931 4923 3034 4961 non
3075 4923 3140 4961 ex
3163 4923 3223 4961 eo
3256 4906 3394 4977 quod

1835 4994 1938 5030 non
1955 4980 2124 5045 potuit
2171 4980 2308 5034 Deus
2341 4979 2584 5046 perﬁcere
2632 4989 2687 5032 ut
2732 4987 2919 5043 posset,
2963 4986 3010 5032 et
3048 4994 3112 5032 ea:
3171 4995 3230 5032 eo
3277 4992 3395 5029 cum

1835 5057 2027 5116 posset,
2064 5061 2169 5104 etc.

1905 5117 2003 5188 (δ’)
2066 5119 2263 5174 Omnes
2295 5133 2446 5182 mss.,
2471 5119 2534 5171 de
2563 5118 2777 5172 eisdem.
2807 5117 2970 5182 Editi,
3003 5117 3252 5186 ejusdem.

1903 5188 1978 5256 (4)
2009 5191 2079 5244 Ex
2104 5189 2194 5243 lib.
2229 5204 2242 5242 ι
2272 5187 2344 5240 De
2363 5189 2658 5256 principiis,
2691 5203 2810 5256 cap.
2831 5189 2887 5244 2.
2915 5203 3061 5241 num.
3095 5188 3148 5241 '5.

1902 5254 2155 5338 diss.
2211 5254 2434 5338 aliquot,
2492 5254 2778 5311 intueatur.
2837 5256 3038 5338 Deinde
3073 5254 3398 5338 editi,velsi

1832 5327 1959 5406 quid
1985 5330 2142 5410 aliud
2159 5340 2251 5382 est.
2278 5331 2387 5382 Sed
2429 5343 2616 5382 omnes
2653 5343 2782 5382 mss.
2829 5337 2884 5380 et
2921 5327 3042 5380 libri
3083 5327 3159 5380 De
3199 5327 3396 5396 priuet-

1833 5412 1932 5465 ptts
1967 5410 2022 5452 ut
2051 5408 2100 5452 in
2133 5408 2300 5452 textu.

1904 5469 1982 5538 (5)
2008 5468 2083 5522 Ex
2111 5468 2203 5521 lib.
2228 5483 2243 5522 ι
2279 5467 2348 5521 De
2371 5466 2640 5536 principiis
2668 5483 2785 5537 cap.
2805 5467 2861 5532 2,
2891 5481 3038 5538 num.
3065 5466 3119 5521 9.

1908 5534 2008 5608 (5")
2049 5538 2210 5604 Editi,
2263 5534 2650 5602 substantiam;
2691 5534 2749 5592 et
2796 5537 2955 5605 paulo
2986 5549 3140 5608 post,
3167 5534 3305 5605 quod
3355 5535 3400 5587 si

1838 5607 2052 5677 aliquod
2080 5610 2255 5668 semel,
2293 5619 2398 5661 etc.
2437 5611 2541 5660 Sed
2588 5623 2717 5663 mss.
2745 5607 2986 5678 plerique
3033 5607 3191 5678 ut_in_
3226 5613 3396 5660 textu.

1840 5675 1986 5734 Libri
2048 5679 2120 5731 De
2165 5679 2430 5747 principiis
2495 5679 2693 5734 habent
2746 5675 3032 5733 subsistere
3091 5675 3237 5746 fecit,
3301 5689 3400 5746 pro

1843 5750 2130 5805 substituit.
