3942 6512
536 344 642 404 563

1733 342 1789 398 S.
1830 340 2150 397 PAMPIIILI
2189 339 2545 397 MARTYBIS

3665 335 3783 393 564

536 467 738 523 virtute
768 463 1108 534 processerit,
1149 461 1340 516 iterum
1369 459 1444 530 (6)
1470 461 1894 532 interrogabitur
1937 476 2104 531 quare
2133 466 2178 523 Α
2207 463 2349 516 enim
2378 477 2473 530 per
2498 459 2841 530 adoptionem
2873 457 3107 529 Spiritus
3125 455 3299 512 Filius
3319 454 3380 510 iit
3402 453 3785 518 extrinsecus,

536 576 646 616 non
672 568 726 613 et
749 566 874 612 ante
902 551 1029 610 illud
1059 553 1202 624 quod
1230 549 1366 608 dixit
1403 553 1615 608 initium
1650 568 1665 607 :
1701 562 1755 608 et
1786 553 1857 606 ita
1883 568 2096 624 semper

537 651 608 707 de
634 645 994 704 anterioribus
1036 643 1394 714 inquirentes,
1427 654 1480 698 et
1515 645 1678 699 verbo
1717 642 2097 715 interrogatio-

537 743 624 797 nis
652 740 1023 800 ascendentes,
1064 737 1442 808 perveniemus
1477 736 1528 790 in
1565 736 1711 791 illum
1738 735 2094 800 intellectum.

538 842 597 886 ut
639 831 890 901 quoniam
923 843 1134 898 semper
1180 837 1234 883 et
1292 838 1498 898 poterat
1534 829 1692 890 Deus.
1749 839 1804 882 et
1856 830 2097 893 Volebat,

539 935 809 990 nunquam
837 917 911 991 (7)
943 919 1022 972 vel
1053 918 1312 982 decuerit,
1339 919 1416 972 vel
1441 934 1603 974 causa
1635 917 1814 990 aliqua
1836 923 2099 974 exsistere

537 1013 795 1082 pomerii,
847 1021 906 1066 ut
954 1027 1057 1065 non
1102 1011 1202 1065 hoc
1265 1010 1404 1079 quod
1462 1011 1658 1064 bonum
1706 1021 1755 1064 et
1798 1010 2011 1065 volebat
2045 1018 2100 1064 et

539 1113 768 1174 poterat,
809 1119 1020 1173 semper
1047 1102 1313 1156 habuerit.
1349 1100 1427 1155 Ex
1474 1117 1580 1170 quo
1617 1102 1920 1156 ostenditur
1956 1117 2099 1156 sem-

537 1210 635 1264 per
661 1191 829 1249 I'uisse
861 1207 1113 1263 vaporem
1153 1192 1314 1247 iatum
1362 1192 1582 1246 virtutis
1630 1192 1720 1246 Dei
1761 1191 1962 1246 nullum
2004 1192 2100 1246 ha-

535 1287 752 1342 bentem
797 1283 1029 1350 initium,
1088 1283 1190 1338 nisi
1237 1287 1408 1353 ipsum
1463 1284 1654 1338 Deum.
1714 1281 1900 1354 Neque
1956 1284 2098 1339 enim

538 1378 765 1433 decebat
799 1377 943 1432 aliud
965 1376 1012 1430 ei
1044 1391 1163 1431 esse
1194 1375 1433 1440 initium,
1463 1375 1566 1429 nisi
1617 1375 1813 1444 ipsum,
1849 1375 1990 1430 unde
2017 1384 2102 1428 est

537 1479 593 1526 et
643 1466 908 1534 nascitur,
963 1468 1149 1523 Deum.
1226 1465 1536 1523 Secundum
1589 1467 1907 1537 Apostoium
1971 1481 2102 1522 vero

537 1556 825 1626 dicentem,
857 1559 980 1628 quia
1007 1558 1253 1614 Christus
1280 1559 1372 1612 Dei
1404 1555 1569 1613 virtus
1609 1565 1685 1612 est
1724 1557 1794 1622 ³⁷,
1838 1558 1953 1630 jam
1997 1572 2100 1612 non

537 1651 708 1707 solum
748 1666 915 1720 vapor
959 1649 1173 1704 virtutis
1209 1648 1326 1717 Dei,
1358 1650 1450 1704 sed
1481 1659 1540 1703 et
1575 1649 1750 1704 virtus
1795 1662 1860 1702 ex
1904 1647 2105 1702 virtute

537 1743 763 1802 dicenda
792 1749 896 1800 est.
930 1763 948 1796 ι

607 1834 935 1891 PAMPHILUS.
983 1832 1110 1887 Item
1152 1831 1295 1886 aliud
1335 1831 1700 1885 testimonium
1756 1832 1824 1886 de
1878 1830 2098 1886 eisdem.
2135 1821 2178 1880 Β
2209 1794 2535 1891 (δεηῆθῐιιῖειΔ
2597 1801 2779 1891 θξιιθῐη
2859 1788 2950 1841 De!

608 1929 899 1984 OntcENEs.
936 1925 1028 1997 ί(8)
1104 1943 1122 1978 ι
1180 1921 1619 1994 Sempiternnm,
1697 1924 1779 1979 vel
1843 1934 2101 1979 aeternum

538 2021 756 2093 proprie
779 2019 995 2084 dicitur,
1027 2019 1166 2088 quod
1195 2033 1368 2088 neque
1400 2017 1609 2071 initiqu
1643 2027 1697 2071 ut
1721 2029 1865 2073 esset
1895 2017 2100 2084 habuit,

540 2128 715 2184 neque
747 2127 962 2167 cessare
996 2125 1228 2180 unquam
1267 2119 1443 2179 potest
1490 2125 1610 2164 esse
1653 2111 1794 2180 quod
1851 2120 1957 2166 est.
1993 2109 2105 2165 Iioc

537 2215 715 2261 autem
744 2204 1053 2274 designatur
1079 2201 1218 2271 apud
1257 2200 1544 2266 Joannem,
1576 2218 1700 2256 cum
1739 2203 1869 2257 dicit
1908 2218 1919 2253 :
1959 2201 2105 2268 Quo-

539 2301 681 2351 niam
719 2296 857 2351 Deus
890 2296 985 2350 lux
1021 2303 1096 2349 est
1140 2293 1204 2349 ³⁸.
1257 2293 1523 2364 Splendor
1573 2305 1753 2349 autem
1807 2293 1940 2350 lucis
1988 2297 2104 2365 ejus

539 2388 813 2459 Sapientia
848 2402 944 2442 sna
987 2398 1090 2452 est,
1134 2385 1208 2456 (9)
1245 2401 1350 2440 non
1397 2385 1567 2440 solum
1627 2386 1924 2440 secundum
1961 2387 2104 2456 quod

539 2481 629 2536 lux
651 2493 753 2548 est,
779 2481 872 2536 sed
914 2489 969 2534 et
991 2479 1288 2534 secundum
1319 2481 1460 2548 quod
1501 2480 1830 2548 sempiterna
1871 2479 1957 2534 lux
1998 2489 2103 2545 est,

537 2573 614 2633 ita
645 2582 701 2628 ut
726 2584 960 2628 aeternus
991 2581 1044 2626 et
1064 2571 1390 2626 aeternitatis
1423 2570 1678 2640 splendor
1717 2571 1788 2624 sit
1824 2570 2106 2640 Sapientia

544 2681 658 2724 tua.
685 2663 841 2731 Quod
876 2664 920 2718 si
969 2665 1182 2732 integre
1220 2663 1571 2733 intelligatur,
1610 2661 1897 2716 manifeste
1928 2662 2106 2718 decla-

541 2769 648 2824 rat,
696 2758 822 2829 quia
871 2758 982 2829 (10)
1031 2757 1384 2812 subsistentia
1436 2751 1560 2810 Filii
1623 2755 1691 2810 ab
1757 2757 1876 2825 ipso
1942 2751 2106 2812 Patre

537 2849 840 2909 descendit.
864 2849 956 2902 sed
986 2863 1089 2901 non
1123 2846 1514 2914 temporaliter,
1554 2862 1730 2916 neque
1759 2847 1827 2902 ab
1861 2847 1968 2902 ullo
1999 2847 2105 2902 alio

539 2943 714 3010 initio,
754 2943 876 3006 nisi,
910 2951 966 2996 ut
991 2941 1252 3004 diximus,
1283 2942 1349 2995 ab
1385 2941 1498 3010 ipso
1535 2941 1659 2995 Deo.
1698 2959 1716 2991 ι

611 3036 936 3092 ΡΑιιΡιιιιυε.
995 3035 1146 3101 Item,
1197 3035 1262 3090 de
1321 3034 1624 3090 aeternitate
1677 3032 1798 3088 Filii
1864 3035 1991 3099 Dei,
2051 3043 2107 3088 et

541 3128 1000 3200 inseparabilitate
1031 3125 1151 3195 ejus
1179 3141 1207 3179 a
1242 3125 1422 3192 Patre,
1465 3125 1610 3178 aliud
1651 3125 2014 3180 testimonium
2040 3125 2105 3180 de

539 3223 680 3278 libro
706 3221 895 3291 primo.

600 3315 889 3374 Omcsuss.
923 3312 1034 3385 (Ii)
1066 3331 1084 3362 ι
1117 3307 1397 3366 Infandum
1429 3320 1611 3366 autem
1645 3320 1729 3367 est
1757 3321 1810 3368 et
1839 3310 2111 3378 illicitum,

541 3402 712 3462 Deum
737 3406 950 3462 Patrem
979 3404 1092 3476 (12)
1125 3405 1175 3458 in
1204 3403 1559 3474 generatione
1586 3401 1707 3458 Filii
1727 3405 1806 3459 sui
1831 3405 2112 3474 unigeniti,

543 3511 704 3570 atque
751 3499 803 3553 in
855 3498 1208 3553 subsistentia
1265 3501 1419 3566 ejus.
1470 3511 1756 3566 exsequare
1819 3497 1977 3553 alicui
2031 3498 2114 3553 vel

547 3591 854 3656 hominum,
890 3590 975 3644 vel
1010 3589 1238 3643 aliorum
1269 3589 1624 3642 animantium
1656 3589 1937 3659 generanti
1971 3607 1986 3657 ;
2020 3590 2114 3645 sed

543 3697 767 3739 necesse
797 3693 879 3738 est
905 3694 1194 3750 exceptura
1238 3683 1440 3751 aliquid
1479 3697 1600 3736 esse
1632 3691 1685 3736 et
1713 3683 1822 3736 Deo
1867 3681 2110 3751 dignum,

554 3776 710 3846 cujus
735 3774 879 3830 nulla
909 3790 1130 3844 prorsus
1155 3774 1491 3842 comparatio
1520 3790 1622 3828 non
1649 3774 1701 3827 in
1727 3774 1884 3827 rebus
1915 3772 2110 3837 solum,

542 3863 636 3922 sed
671 3882 737 3922 ne
773 3868 836 3933 in
885 3867 1215 3938 COgitatione
1265 3867 1480 3938 quidem
1534 3864 1614 3920 vel
1668 3880 1828 3920 sensu
1879 3864 2109 3919 inveniri

542 3966 744 4032 potest,
789 3971 846 4015 ut
891 3955 1121 4015 humana
1177 3959 1433 4028 cogitatio
1487 3957 1656 4028 possit
1705 3957 2111 4026 apprehendere

542 4050 810 4121 quomodo
863 4051 1140 4122 ingenitus
1193 4052 1332 4106 Deus
1373 4050 1532 4106 Pater
1565 4048 1790 4105 eﬂieitur
1843 4049 2108 4120 unigeniti

544 4138 686 4200 Filii.
717 4137 813 4199 Est
846 4159 1080 4215 namque
1113 4147 1182 4199 ita
1216 4155 1415 4199 acterna
1441 4154 1493 4197 et
1528 4144 1860 4214 sempiterna
1885 4156 2112 4212 genera-

551 4239 643 4300 tio.
680 4235 795 4308 (13)
828 4237 971 4292 sicut
1019 4235 1275 4307 splendor
1322 4247 1613 4306 generatur
1646 4251 1740 4290 cx
1807 4234 1942 4288 Iuce.
1995 4230 2111 4287 Non

621 4373 665 4414 'i
693 4375 714 4430 l
742 4374 868 4434 Cor.
894 4394 934 4444 ι,
974 4376 1062 4431 24.
1142 4375 1232 4429 ⁸1⁸1
1269 4374 1422 4430 Joan.
1451 4392 1489 4439 I,
1521 4375 1574 4430 5.
1675 4375 1720 4406 ⁸³
1755 4374 1922 4430 Ilebr.
1965 4389 2000 4439 ι,
2034 4373 2088 4428 ’5.

2201 554 2291 610 sed
2326 563 2515 607 natura
2547 549 2718 607 Filius
2742 561 2845 607 est.
2886 569 2904 602 ι

2269 646 2596 702 Pitumnus.
2635 645 2762 698 Item
2796 644 2862 699 de
2894 641 3081 698 eodem
3115 639 3259 696 aliud
3289 639 3686 696 testimonium.

2267 759 2552 815 ORIGENES.
2604 776 2623 810 ι
2669 755 2956 812 Videamus
3098 755 3209 826 (14)
3278 753 3502 824 Ἴδωμεν
3571 752 3628 805 δὲ
3696 750 3793 814 τίς

2199 871 2326 928 ergo
2353 855 2560 924 quislsit
2585 852 2832 908 Salvator
2859 867 2956 904 no-
3024 847 3182 919 ἡμῶν
3253 849 3398 900 ἔστιν
3461 847 3489 897 ὁ
3557 845 3792 913 Σωτήρ.

2201 961 2330 1010 sier.
2352 951 2610 1020 Splendor
2633 947 2956 1018 diciturglo-
3038 940 3415 1009 Ἀπαύτασμα
3459 937 3666 1004 δόξης.
3713 936 3796 988 Τδ

2202 1047 2446 1110 riw",id
2468 1054 2796 1108 est,a:ternaz
2820 1043 2955 1097 lucis
3038 1034 3417 1100 Ἁπαύγασμα
3441 1029 3551 1098 τῆς
3589 1028 3796 1092 δόξης

2201 1143 2843 1215 εριεηάοι⁸⁰;εῑοθιιιιιιι
2867 1149 2954 1193 est
3021 1127 3141 1198 οὐχὶ
3209 1125 3352 1192 ἅπαξ
3431 1125 3793 1194 γεγέννηται,

2204 1237 2346 1305 quod
2379 1233 2631 1306 splendor
2663 1247 2726 1287 ex
2754 1230 2954 1285 lumine
3023 1222 3118 1275 καὶ
3152 1221 3272 1290 οὐχὶ
3307 1222 3560 1288 γεννᾶται
3583 1234 3597 1248 ⁸
3639 1216 3796 1270 ἀλλὰ

2204 1324 2634 1396 inseparabiliter
2723 1336 2940 1392 genera-
3025 1315 3146 1368 ὅσον
3175 1315 3291 1367 ἐστὶ
3320 1312 3381 1366 τὸ
3410 1311 3523 1382 φῶς
3563 1327 3794 1379 ποιητι-

2205 1431 2310 1485 tur,
2361 1429 2416 1474 et
2462 1418 2633 1474 donec
2673 1425 2957 1486 permanet
3025 1406 3118 1461 κδν
3167 1405 3259 1459 τοῦ
3323 1403 3791 1474 ἀπαυγὰσματος,

2203 1515 2316 1578 lux,
2345 1519 2622 1581 permanet
2642 1523 2853 1578 semper
2899 1516 2956 1562 et
3025 1501 3119 1555 ἐπὶ
3145 1499 3396 1553 τοσοῦτον
3437 1499 3698 1568 γεννᾶται
3733 1495 3794 1548 τὸ

2204 1607 2476 1679 splendor.
2529 1602 2781 1658 Salvator
2823 1614 2953 1670 ergo
3024 1591 3363 1663 ἀπαύγασμα
3381 1591 3478 1661 τῆς
3496 1590 3657 1658 δόξης
3689 1587 3793 1640 τοῦ

2206 1711 2390 1757 noster
2431 1698 2521 1767 qui
2551 1695 2832 1766 Sapientia
2871 1701 2955 1747 est
3026 1683 3179 1738 Θεοῦ.
3222 1684 3279 1736 Ὀ
3302 1683 3487 1753 Σωτὴρ
3508 1682 3670 1752 ἡμῶν
3699 1680 3793 1732 Σο-

3026 1779 3122 1848 φία,
3153 1777 3268 1831 ἐστὶ
3294 1777 3388 1830 τοῦ
3416 1775 3571 1828 Θεοῦ.
3619 1776 3789 1828 Ἐστι

3022 1873 3078 1926 δὲ
3130 1874 3162 1944 ἠ
3220 1870 3387 1938 Σοφία
3437 1868 3790 1939 ἀπαύγασμα

3021 1963 3193 2033 φωτὸς
3210 1962 3398 2016 ἀϊδίου.
3421 1962 3482 2014 Εἰ
3508 1957 3646 2014 οὗ·ιὸ
3669 1961 3788 2013 Σω-

3019 2061 3122 2131 τὴρ
3152 2059 3237 2112 ἀεὶ
3273 2060 3541 2126 γεννᾶται,
3569 2056 3668 2109 καὶ
3699 2057 3787 2109 διὰ

3024 2150 3183 2204 τοῦτο
3202 2149 3349 2219 λέγει
3364 2166 3377 2179 ·
3405 2149 3520 2218 Πρὸ
3546 2148 3615 2200 δέ
3639 2149 3785 2203 πᾶν.

3022 2265 3141 2301 των
3173 2244 3417 2311 ,ϐουνῶν
3463 2242 3648 2314 γεννᾷ
3687 2263 3784 2314 με’

3022 2341 3142 2414 οὐχὶ
3172 2340 3248 2395 δέ·
3283 2340 3401 2410 Πρύ
3434 2340 3489 2393 δὲ
3538 2339 3787 2392 πάντων

3018 2431 3264 2502 ,Βουνῶν
3308 2431 3628 2503 γετέννηκέ
3689 2449 3784 2500 με.

2205 2561 2285 2598 me
2319 2543 2384 2597 δι.
2418 2541 2530 2595 Νοιι
2573 2540 2716 2593 enim
2768 2536 2903 2591 dixit
2935 2551 2950 2589 :
3031 2525 3188 2592 ἀλλὰ,
3219 2525 3332 2594 πρὸ
3365 2522 3607 2576 πάντων
3633 2522 3786 2585 ,ϐου-

2205 2639 2338 2693 Ante
2381 2651 2555 2690 omnes
2583 2631 2742 2687 colles
2774 2627 2957 2700 genuit
3025 2619 3148 2674 νῶν
3189 2613 3374 2688 γεννᾷ
3417 2632 3509 2684 με,
3552 2614 3646 2666 καὶ
3699 2611 3784 2665 ἀεὶ

2207 2747 2312 2799 me,
2355 2730 2472 2791 sed,
2521 2737 2731 2798 generat
2768 2740 2867 2778 me.
2900 2721 2954 2776 In
3027 2716 3283 2786 γεννᾶται
3347 2713 3376 2765 ὁ
3426 2709 3619 2781 Σωτὴρ
3682 2707 3784 2762 ὑπὸ

2206 2839 2312 2893 quo
2347 2819 2709 2892 significantia
2763 2814 2960 2872 semoi-
3029 2809 3122 2864 τοῦ
3154 2804 3387 2877 Πατρός,
3416 2813 3521 2859 etc.

2209 2913 2482 2971 ternitatis
2503 2920 2606 2967 est.
2654 2927 2674 2962 ι

2207 1893 2319 1962 ipsa
2345 1897 2427 1943 est
2457 1885 2713 1956 splendor
2733 1891 2948 1936 aeternae

2204 1981 2374 2055 lueis)
2431 1976 2864 2050 inseparabiliter
2894 1982 2949 2029 et

2206 2076 2574 2131 indesinenter
2661 2078 2949 2139 generatur

2205 2186 2271 2226 ex
2330 2169 2511 2223 Patre.
2574 2163 2666 2219 Sic
2713 2162 2856 2217 enim
2900 2170 2952 2217 et

2206 2263 2319 2330 ipsa
2349 2261 2413 2316 de
2451 2274 2511 2314 se
2553 2255 2827 2326 Sapientia
2855 2268 2951 2323 per

2208 2357 2548 2413 Salomonem
2598 2352 2728 2407 dicit
2765 2363 2780 2404 :
2821 2349 2951 2402 Ante

2205 2466 2379 2506 omnes
2477 2444 2634 2500 colles
2741 2449 2951 2512 generat

2767 3016 3021 3073 Isrenrn.
3054 3029 3214 3072 nova.

2292 3115 2575 3171 Videamus
2605 3122 2780 3166 autem
2821 3112 2938 3180 quis
2977 3111 3043 3164 sit
3095 3104 3339 3164 Salvator
3372 3116 3568 3180 noster.
3600 3102 3780 3180 Splen-

2139 3183 2182 3243 C
2216 3187 2314 3241 dor
2343 3197 2415 3240 est
2455 3182 2658 3255 gloria'.
2686 3176 2952 3255 Splendor
2978 3180 3163 3255 gloria:
3203 3192 3303 3231 non
3331 3177 3495 3255 semel
3528 3176 3778 3255 nascitpr,

2219 3267 2266 3312 et
2305 3246 2540 3322 deincEps
2587 3255 2729 3308 nasci
2764 3246 3002 3304 desinit}
3035 3252 3124 3322 sed
3162 3248 3405 3322 quandiu
3442 3246 3653 3322 assistit
3692 3247 3779 3322 {ax

2220 3328 2437 3398 efﬁciens
2465 3316 2778 3398 splendoris,
2820 3322 3005 3374 tandiu
3032 3321 3276 3398 gignitur
3327 3317 3576 3398 splendor
3603 3316 3776 3397 gloria

2219 3382 2336 3452 Illei.
2381 3382 2640 3451 Saluator.
2682 3382 2858 3445 noster
2895 3401 2972 3445 est
3026 3382 3299 3458 Sapientia
3343 3382 3457 3440 Dei.
3513 3385 3776 3458 sapientis

2223 3484 2340 3522 rero
2380 3466 2623 3530 splendor
2679 3474 2752 3517 est
2797 3461 2929 3514 lucis
2981 3455 3208 3514 atter'nar.
3269 3456 3332 3530 Si
3369 3473 3489 3530 ergo
3548 3455 3777 3511 Salvator

2221 3527 2422 3606 semper
2465 3534 2718 3605 gignitur,
2766 3541 2813 3588 et
2855 3543 3060 3598 propter
3094 3530 3189 3582 hoc
3231 3529 3402 3606 dicit:
3431 3527 3571 3579 Ante
3599 3538 3773 3606 onmes

2220 3596 2385 3662 colles
2436 3596 2657 3674 generat
2696 3618 2782 3658 me
2810 3596 2974 3674 :r‘non
3006 3615 3171 3654 vero:
3227 3599 3367 3674 Ante
3418 3611 3612 3651 omnes
3665 3596 3773 3650 col-

2222 3677 2300 3733 les
2326 3668 2500 3746 gemiit
2539 3691 2640 3737 me,
2664 3675 2777 3746 s_ed,
2816 3673 2956 3725 Ante
2985 3668 3367 3746 omnes_colles
3400 3678 3627 3737 generat
3663 3680 3770 3728 me;

2219 3759 2267 3803 et
2289 3738 2553 3815 si'semper
2574 3761 2638 3798 ex
2659 3743 2828 3798 ‘Patre
2859 3752 3137 3813 generatur
3166 3738 3433 3804 Saluator,
3469 3747 3576 3792 etc.

2819 3849 3046 3910 CAPUT
3103 3854 3191 3910 IV.

2725 3949 2798 4003 De
2841 3947 3041 4014 Spiritu
3079 3956 3281 4001 sancto.

2290 4044 2578 4101 ORIGENES.
2606 4039 2718 4112 (l5)
2769 4058 2788 4091 ι
2830 4039 3064 4106 Tempus
3109 4048 3190 4092 est;
3244 4051 3387 4090 nunc
3438 4049 3538 4106 pro
3585 4034 3768 4088 viribus

2219 4139 2285 4196 de
2307 4137 2509 4208 Spiritu
2540 4145 2727 4190 sancto
2751 4129 2862 4202 (ιδ)
2900 4145 3066 4199 pauca
3105 4129 3436 4192 describere,
3471 4143 3636 4197 quem
3674 4125 3767 4178 Do-

2220 4232 2398 4286 minus
2441 4237 2497 4284 et
2540 4226 2794 4282 Salvator
2847 4233 3028 4278 noster
3062 4222 3113 4275 in
3154 4220 3443 4291 Evangelio
3489 4218 3768 4276 secundum

2176 4371 2220 4403 ⁸⁸
2248 4371 2374 4440 Sap.
2405 4365 2618 4433 “1,26.
2693 4364 2736 4397 “
2768 4363 2930 4418 Prov.
2957 4378 3072 4426 vm,
3099 4360 3190 4416 9.5.

624 4493 697 4566 (ti)
733 4493 826 4552 Sic
844 4511 1030 4551 omnes
1065 4511 1197 4551 mss.
1233 4493 1374 4550 Editi
1415 4509 1568 4560 vero,
1595 4505 1648 4550 et
1683 4495 1806 4549 Iibt‘i
1853 4493 1924 4550 De
1965 4495 2112 4562 prin-
2144 4499 2188 4553 ι)
2218 4491 2358 4566 Editi
2396 4505 2547 4566 vero,
2580 4485 2978 4566 generationem.
3017 4481 3151 4534 Filii
3200 4481 3282 4562 sui
3325 4480 3604 4566 unigeniti,
3636 4489 3772 4545 atque

544 4569 717 4638 cipiis,
742 4568 1197 4638 interrogabinms.

622 4637 699 4708 (7)
731 4639 900 4698 Alias,
947 4634 1038 4688 Vel
1087 4637 1284 4708 decuit,
1323 4636 1398 4692 vel
1441 4651 1620 4708 causa,
1657 4635 1845 4708 aliqua,
1866 4636 2113 4689 exsistere

551 4704 740 4774 potuit,
769 4718 824 4760 ut
858 4722 958 4760 non
1001 4707 1188 4759 bonum
1227 4706 1322 4759 hoc
1359 4707 1496 4774 quod
1542 4707 1740 4758 uolebat
1778 4704 1870 4776 [ιιι.
1914 4715 1969 4758 ut
2015 4721 2114 4759 non

551 4779 647 4832 hoc
675 4779 812 4848 quod
863 4780 1052 4848 bonum
1074 4788 1130 4848 et
1175 4777 1404 4848 volebat;
1443 4778 1513 4828 al.
1565 4787 1619 4828 ut
1662 4775 1796 4848 noni
1823 4775 1918 4830 hoc
1973 4777 2113 4844 quod

551 4845 739 4902 bonum
769 4857 843 4902 est
875 4859 920 4900 et
949 4846 1186 4911 volebat;
1222 4845 1292 4899 al.
1331 4859 1384 4900 ut
1432 4863 1532 4899 non
1568 4847 1703 4914 quod
1747 4849 1935 4899 bonum
1975 4859 2117 4913 pote-

548 4929 630 4972 rat
664 4929 710 4972 et
754 4915 978 4987 volebat]
1015 4931 1212 4985 semper
1257 4917 1514 4971 habuerit.
1573 4919 1676 4971 Sed
1731 4918 1928 4972 rectius
1983 4931 2111 4972 mss.

547 4989 752 5056 aliquot
775 5003 832 5042 ut
865 4990 917 5042 in
950 4997 1115 5041 textu.

523 5112 530 5118 .
616 5061 694 5187 $8)
725 5059 926 5142 Exiib.
954 5073 968 5111 ι
999 5057 1070 5111 De
1099 5059 1391 5139 principiis,
1426 5076 1544 5127 cap.
1579 5059 1635 5139 :2,
1671 5073 1818 5113 num.
1851 5057 1936 5112 Η.

641 5131 693 5187 9)
727 5130 888 5187 Edttt.
931 5140 984 5184 et
1015 5144 1143 5183 mss.
1179 5131 1336 5187 hujus
1367 5131 1657 5187 Apoloam’.
1691 5143 1793 5181 non
1835 5127 1936 5181 solt

627 5127 693 5253 [9)
727 5130 888 5192 Editi,
931 5140 984 5184 et
1015 5144 1143 5183 mss.
1179 5131 1336 5196 hujus
1367 5131 1657 5200 Apologitv,
1691 5143 1793 5181 non
1835 5127 2001 5181 solum
2035 5143 2116 5180 se-

627 5221 668 5253 ru
692 5218 778 5253 nm
810 5203 946 5253 auod
972 5199 1064 5251 lux
1085 5209 1181 5253 est.
1213 5201 1285 5252 ita
1323 5213 1378 5253 ut
1419 5200 1726 5253 (eternitatis
1767 5198 2014 5253 splendor
2049 5201 2114 5250 sit

546 5198 778 5256 cundum
810 5203 946 5264 quod
972 5199 1064 5251 lux
1085 5209 1181 5263 est,
1213 5201 1285 5252 ita
1323 5213 1378 5253 ut
1419 5198 1726 5254 (eternitatis
1767 5198 2014 5266 splendor
2049 5201 2114 5250 sit

547 5267 809 5341 sapientia
844 5287 963 5335 sua,
991 5271 1206 5324 omissis
1240 5269 1452 5324 cmteris
1489 5286 1609 5340 qua:
1660 5272 1948 5341 restituunt
1993 5268 2113 5341 libri

553 5338 913 5464 Deiprinciplis
943 5349 1050 5395 tam
1074 5341 1200 5396 editi
1225 5356 1382 5410 quam
1405 5338 1535 5395 mss.
1561 5348 1615 5394 et
1640 5355 1758 5408 quze
1787 5338 2114 5394 restituenda

586 5429 620 5464 Ι(
641 5430 704 5464 ιιιι
734 5427 815 5464 ΙΙΓ.

548 5413 815 5465 Videntur.

621 5482 733 5549 (10)
776 5480 866 5534 Sic
891 5490 1045 5536 recte
1077 5497 1206 5536 mss.
1239 5480 1499 5550 plerique,
1543 5489 1597 5535 et
1646 5479 1764 5533 libri
1807 5479 1878 5531 De
1921 5479 2117 5546 princi-

549 5546 649 5619 piis
681 5562 787 5605 tatn
814 5552 940 5605 editi
983 5568 1140 5619 quam
1169 5546 1296 5605 mss.
1331 5546 1472 5606 Editi
1505 5567 1631 5605 vero
1657 5562 1710 5603 et
1742 5564 1870 5605 mss.
1901 5551 2114 5619 quidam

552 5615 710 5689 hujus
739 5615 1036 5690 Apologiw'.
1063 5623 1377 5674 substantia.

622 5693 734 5760 (il)
773 5690 848 5743 Ex
890 5689 980 5744 lib.
1011 5706 1024 5743 t
1059 5693 1129 5744 De
1157 5693 1453 5760 principiis,
1486 5690 1680 5760 eap.2,
1725 5707 1871 5743 num.
1904 5689 1956 5742 4.

623 5760 735 5829 (Ιῖ)
764 5763 836 5812 Ita
867 5763 986 5814 libri
1025 5761 1097 5813 De
1131 5764 1353 5828 princip.
1412 5761 1486 5814 Ita
1539 5762 1698 5814 etiam
1756 5776 1945 5813 omnes
1988 5773 2112 5810 mss.

556 5833 746 5894 nostri,
778 5831 882 5887 nisi
913 5833 1053 5898 quod
1083 5831 1329 5896 habeant,
1374 5845 1524 5900 atque
1556 5833 1607 5884 in
1654 5831 1948 5885 substantia
1982 5830 2114 5897 ejus.

2218 4563 2516 4615 substantia
2544 4553 2751 4628 ejus....
2794 4553 2872 4608 vel
2905 4553 3133 4607 aliarum
3170 4553 3523 4605 animantium
3568 4566 3770 4620 genera-

2221 4644 2368 4685 ιιοιιι.

2292 4696 2958 4773 (13))Ιίι1θ-Οιὶθεηίαηο-ιςε
2991 4693 3085 4748 lib.
3113 4691 3488 4773 tt,.quazst..2,
3508 4688 3772 4773 plummet,

2221 4760 2311 4825 ubi
2341 4760 2469 4825 solis
2499 4760 2796 4834 solarisque
2828 4764 2959 4819 radii
2987 4763 3232 4831 exempla
3262 4763 3326 4815 ad
3379 4760 3775 4830 significandam

2223 4854 2481 4897 mternam
2507 4837 2667 4894 Verbi
2693 4836 3096 4906 generationem
3122 4834 3507 4906 discutiuntur.

2292 4912 2402 4982 (Ii)
2436 4911 2510 4964 Ex
2543 4899 2726 4982 ho_mil'.
2760 4906 2886 4982 9_in
2925 4902 3322 4982 Jerem.,_nuttt.
3365 4902 3522 4982 4η-

2220 4971 2434 5046 δὲὶίξ,
2467 4991 2569 5035 etc.
2595 4978 2781 5032 Graeca
2814 4977 2926 5029 haec
2967 4974 3286 5046 adducimus
3329 4989 3394 5025 ex
3432 4971 3654 5025 humilia
3679 4972 3780 5046 Sin

2219 5041 2526 5108 Jerem'iam.
2564 5064 2710 5102 nutu.
2745 5048 2801 5109 4,
2833 5046 2930 5099 sub
2968 5045 3150 5104 linem,
3180 5045 3322 5097 unde
3369 5050 3662 5094 contextus
3703 5041 3782 5091 ille

2221 5124 2576 5191 depromitur,
2608 5133 2862 5191 nonvero
2881 5130 2949 5169 ex
2995 5115 3132 5191 libro
3163 5115 3336 5182 primo
3370 5112 3452 5191 De
3489 5112 3778 5191 principiis,

2222 5179 2473 5259 Ul'pritna
2514 5191 2690 5259 fronte
2722 5189 2944 5240 innuere
2973 5179 3224 5238 videntur
3248 5182 3606 5259 praecedentia
3635 5179 3779 5259 Pani-

2221 5250 2351 5332 phili
2385 5267 2570 5314 verba.
2614 5257 2670 5310 in
2708 5259 2857 5332 hune
2895 5266 3214 5332 contextum
3250 5250 3460 5332 'g‘idesis
3503 5250 3778 5332 grigenia-

2223 5315 2338 5387 iter.
2371 5332 2462 5385 lib.
2503 5347 2561 5394 II,
2589 5339 2790 5397 quast.
2827 5324 2882 5387 2,
2931 5323 3215 5397 numaﬁi.
3262 5315 3403 5397 Editi
3431 5362 3446 5384 ,
3503 5315 3777 5397 Videamus

2223 5419 2344 5469 ergo
2387 5403 2514 5470 quid
2549 5388 2719 5452 ’δάμη
2749 5395 3252 5470 Αδρίεηάοιμάὶιςίιιιι·
3289 5395 3448 5444 etiam
3484 5391 3680 5459 gloria,
3727 5388 3775 5464 id

2221 5461 2320 5536 esi,
2358 5461 2606 5537 splendor
2631 5461 2841 5522 luminis
2865 5466 3069 5519 mterni.
3101 5463 3206 5537 Sed
3246 5477 3437 5537 attines
3480 5475 3609 5537 mss.
3642 5470 3694 5511 ut
3725 5461 3769 5506 in

2225 5528 2395 5604 tex'tu,
2452 5551 2645 5608 prmtet‘
2680 5537 3067 5608 Cot‘beiensetn
3103 5534 3195 5603 qui
3257 5532 3454 5596 habet,
3507 5528 3770 5583 Videamus

2223 5630 2341 5682 ergo
2368 5615 2454 5681 qui
2479 5612 2569 5675 sit,
2587 5619 2698 5682 etc.

2295 5671 2406 5751 '(15')
2442 5682 2514 5735 Ex
2549 5671 2640 5733 lib.
2679 5694 2713 5731 ιι
2736 5676 2829 5751 De
2867 5677 3111 5751 princip,
3136 5689 3262 5751 cap.
3286 5673 3341 5739 7,
3379 5671 3607 5751 num._i.

2297 5743 2409 5822 (16)
2437 5752 2597 5815 Editi,
2627 5763 2674 5804 et
2703 5749 2832 5822 libri
2868 5746 2941 5800 De
2976 5745 3271 5822 principiis,
3312 5759 3479 5811 pauca
3510 5743 3765 5796 disserere-

2227 5814 2352 5879 Mss.
2393 5814 2518 5877 vero
2545 5814 2714 5876 nostri
2740 5859 2753 5885 ,
2783 5833 2952 5888 pauca
2977 5814 3283 5870 describere.
