3942 6512
183 383 290 438 565

1376 385 1714 443 APOLOCIA
1752 385 1886 440 PRO
1926 385 2245 441 ORIGE'NE.

3317 375 3420 430 566

181 504 447 558 Joannem
501 501 835 557 Paracletum
908 502 1204 560 nominavit
1257 504 1321 557 δ’.
1383 503 1533 558 Sicut
1598 505 1740 557 enim
1774 506 2017 570 Alucetn
2081 514 2283 556 certum
2359 510 2440 556 est
2508 499 2648 569 quod
2710 497 2940 552 tenebrae
3005 511 3108 551 non
3177 509 3410 564 compre

182 594 330 648 idem
379 593 490 661 ipse
541 593 711 656 Deus,
763 603 925 663 atque
983 594 1120 648 idem
1170 593 1625 668 ipsert-istus,
1683 597 1754 647 ita

182 686 329 738 idem
382 686 496 754 ipse
523 695 578 739 et
632 684 866 755 Spiritus
906 695 1123 740 sanctus
1177 695 1291 748 est,
1347 688 1435 756 qui
1485 687 1647 740 etiam
1697 685 1750 739 in

180 777 467 844 prophetis
526 787 580 830 et
623 776 675 829 in
713 775 970 845 apostolis
1015 774 1138 838 fuit,
1169 774 1220 828 id
1257 783 1361 837 est,
1400 775 1514 828 sive
1562 776 1613 826 in
1654 774 1758 830 illis

181 868 428 938 quiante
455 869 742 922 adventum
789 865 994 922 Christi
1028 866 1136 934 Deo
1166 865 1534 928 crediderunt,
1565 863 1678 918 sive
1704 865 1754 917 itt

182 959 275 1015 bis
315 961 406 1030 qui
435 974 536 1028 per
583 959 860 1014 Christum
914 958 1274 1029 confugerunt
1327 957 1393 1010 ad
1448 956 1636 1012 Deunt.
1694 957 1758 1010 Et

183 1053 324 1108 duos
347 1054 563 1123 quidem
598 1052 736 1108 Deos
765 1051 1076 1107 audivimus
1116 1067 1278 1106 ausos
1323 1065 1443 1106 esse
1475 1052 1758 1106 haereticos

183 1145 403 1212 dicere,
444 1155 499 1201 et
541 1146 674 1200 duos
699 1144 977 1200 Cbristos:
1008 1144 1116 1216 (l7)
1147 1143 1282 1198 duos
1310 1153 1487 1198 autem
1528 1143 1760 1212 Spiritus

183 1248 408 1293 sanctos
436 1253 706 1306 nunquam
746 1237 1048 1292 audivimus
1075 1237 1142 1291 ab
1175 1236 1353 1305 aliquo
1402 1236 1701 1305 prauiicari.
1733 1255 1752 1288 ι

260 1330 587 1384 Purntws.
663 1329 816 1396 Quod
883 1330 1072 1384 eadem
1149 1331 1220 1383 sit
1279 1327 1762 1383 inconvertibilitas

185 1421 424 1491 Spiritus
449 1422 618 1477 sancti
651 1436 770 1491 qua:
811 1420 986 1476 Patris
1012 1429 1066 1476 et
1101 1420 1246 1475 Filii.
1284 1421 1359 1476 De
1402 1420 1538 1475 libro
1580 1419 1759 1487 ιΠερὶ

181 1514 415 1584 ἀρχῶν.

257 1606 555 1663 Οιιιίιεδιεε.
588 1608 698 1680 (18)
725 1627 744 1661 ι
776 1606 928 1663 Nulla
958 1623 1088 1679 ergo
1116 1617 1306 1662 natura
1329 1618 1432 1674 est,
1469 1615 1760 1666 secundum

186 1701 338 1771 quod
377 1717 478 1756 nos
504 1701 787 1767 sentimus,
819 1716 952 1771 qua:-
993 1716 1097 1754 non
1146 1700 1315 1770 possit
1367 1701 1607 1771 recipere
1650 1717 1763 1756 ma-

187 1794 300 1848 lum
339 1813 355 1848 :
400 1795 514 1866 (19)
548 1796 642 1851 sed
677 1811 782 1850 non
822 1795 1103 1860 continuo,
1145 1795 1272 1864 quia
1304 1793 1534 1848 dicimus
1561 1793 1758 1848 nullam

1862 593 2124 648 hendant.
2149 591 2411 647 Similiter
2438 599 2619 644 autem
2649 598 2702 643 et
2732 596 2925 642 natura
2959 585 3192 652 Spiritus
3221 584 3417 649 sancti,

1859 702 1978 756 quas
2029 696 2215 739 sancta
2271 694 2376 747 est,
2415 698 2521 735 non
2559 679 2752 749 recipit
2783 678 3154 748 pollutionem.
3184 674 3414 729 Natura-

1860 781 1982 834 liter
2003 780 2175 845 enim,
2207 777 2287 832 vel
2313 773 2742 831 substantialiter
2770 779 2955 826 sancta
2987 783 3090 826 est.
3115 769 3170 824 Si
3195 783 3297 838 qua
3322 783 3416 820 au-

1861 885 1966 927 tem
2006 872 2110 924 alia
2158 880 2346 923 natura
2395 877 2581 923 Sancta
2634 872 2737 927 est,
2783 879 2846 917 ex
2899 862 3267 930 assumptione
3295 859 3416 919 hor,

1862 965 1942 1019 vel
1974 961 2332 1031 inSpiratione
2365 959 2603 1027 Spiritus
2629 955 2800 1010 sancti
2834 953 2994 1009 habet
3024 963 3083 1005 ιιι
3111 950 3415 1006 sattctitice-

1861 1067 1968 1117 tur,
2006 1070 2109 1109 non
2151 1069 2214 1106 ex
2266 1067 2362 1106 sua
2416 1059 2608 1105 natura
2644 1049 2746 1102 hoc
2791 1045 3098 1117 possidens,
3137 1043 3229 1098 sed
3275 1043 3417 1096 acci-

1861 1150 1992 1204 dens
2015 1167 2028 1214 ;
2061 1157 2282 1217 propter
2305 1144 2445 1214 quod
2474 1151 2527 1198 et
2550 1141 2799 1196 decidere
2823 1147 3002 1208 potest
3031 1138 3172 1207 quod
3199 1135 3415 1190 accidit.

1861 1242 1937 1296 lta
1973 1251 2026 1295 et
2051 1240 2316 1308 justitiam
2345 1237 2681 1292 accidentem
2715 1233 2838 1303 quis
2871 1232 3069 1286 habere
3097 1238 3294 1298 potest,
3322 1243 3419 1279 utt-

1863 1332 1928 1386 de
1956 1340 2010 1384 et
2039 1331 2288 1384 decidere
2315 1322 2434 1382 eant
2468 1325 2725 1396 possibile
2750 1333 2850 1378 est.
2877 1323 2985 1378 Sed
3015 1332 3069 1376 et
3099 1319 3418 1389 sapientiam

1861 1421 1984 1492 quis
2027 1419 2379 1474 accidentem‘
2418 1413 2771 1469 nihilominus
2824 1410 3009 1472 habet,
3065 1405 3317 1476 quamvis
3367 1403 3420 1456 in

1863 1523 2050 1568 nostra
2089 1514 2163 1566 sit
2203 1509 2436 1579 positum
2476 1514 2744 1576 potestate
2790 1503 2969 1556 studio
3000 1509 3182 1553 nostro
3214 1505 3268 1552 et
3300 1495 3422 1550 vita:

1863 1603 2078 1666 merito,
2110 1600 2155 1656 si
2183 1598 2464 1668 sapientia:
2495 1608 2715 1664 operam
2741 1593 2950 1653 demus,
2968 1588 3102 1644 elIici
3127 1588 3422 1656 sapientes;

1863 1705 1916 1752 et
1939 1697 1983 1752 si
2016 1706 2230 1762 semper
2260 1691 2312 1745 id
2343 1687 2502 1744 studii
2533 1699 2803 1757 geramus,
2837 1681 2950 1752 (2'5)
2974 1693 3189 1750 semper
3217 1677 3422 1746 sapien-

1868 1790 1954 1844 tia:
2000 1785 2420 1856 participemus;
2473 1790 2529 1834 et
2572 1779 2622 1832 id
2671 1777 2826 1831 nobis
2859 1773 2944 1828 vel
2983 1773 3102 1842 plus
3132 1770 3218 1823 vel
3249 1770 3426 1823 minus

185 1902 310 1942 esse
335 1899 586 1943 naturam
623 1904 741 1959 qua:
777 1905 882 1943 non
925 1889 1092 1958 possit
1123 1889 1365 1958 recipere
1412 1889 1634 1952 ntalum,
1670 1889 1754 1942 id.
1795 1856 1835 1910 Β
1864 1881 2073 1937 accidat
2116 1877 2198 1934 vel
2229 1890 2325 1942 pro
2364 1872 2488 1928 vita:
2530 1869 2744 1933 merito.
2778 1865 2860 1922 Vel
2891 1880 2987 1935 Ρτο
3019 1862 3180 1918 “mm
3211 1860 3424 1930 quami'

183 1979 339 2034 circo
369 1980 756 2036 confirmamus
787 1995 1000 2036 omnem
1047 1991 1297 2034 naturam
1342 1981 1608 2049 recepisse
1645 1996 1758 2034 ma—

185 2071 323 2135 lum,
362 2072 414 2126 id
437 2081 542 2137 est,
579 2073 772 2126 malam
800 2070 1045 2127 eﬂ'ectam
1081 2090 1093 2126 :
1125 2072 1217 2125 sed
1265 2070 1409 2126 sicut
1437 2081 1518 2126 est
1555 2071 1756 2138 dicere,

183 2163 313 2232 quia
345 2165 526 2219 omnis
561 2165 792 2220 hominis
827 2174 1016 2220 natura
1061 2164 1250 2234 recipit
1297 2174 1355 2219 ιιι
1406 2167 1576 2234 possit
1609 2167 1759 2219 navi-

183 2270 338 2325 gare,
379 2271 486 2310 non
518 2269 692 2312 tamen
737 2273 801 2312 ex
828 2271 892 2311 eo
930 2257 1092 2312 etiam
1133 2255 1308 2310 omnis
1353 2257 1515 2312 homo
1545 2257 1761 2327 naviga-

184 2349 297 2416 bit;
329 2358 388 2403 et
409 2349 601 2403 iterum
623 2351 767 2403 omni
799 2349 1003 2404 homini
1033 2350 1291 2420 possibile
1319 2358 1400 2404 est
1434 2350 1642 2406 discere
1667 2365 1758 2404 ar-

186 2453 294 2496 tem
322 2440 756 2512 grammaticam,
797 2442 879 2498 vel
927 2443 1269 2506 medicinam,
1311 2457 1415 2495 non
1466 2450 1640 2496 tamen
1680 2442 1758 2495 id-

184 2533 335 2589 circo
379 2531 681 2587 ostenditur
707 2533 881 2587 omnis
920 2533 1081 2587 homo
1123 2533 1202 2586 vel
1247 2533 1484 2588 medicus
1527 2548 1644 2588 esse
1678 2533 1760 2587 vel

186 2623 622 2693 grammaticus:
655 2623 728 2676 ita
773 2623 817 2678 si
848 2623 1075 2680 dicimus
1120 2625 1320 2678 nullam
1361 2638 1479 2679 esse
1517 2636 1757 2678 naturam

183 2729 307 2784 qua
333 2728 442 2767 non
471 2713 639 2782 possit
671 2714 908 2783 recipere
939 2715 1164 2778 malum,
1216 2729 1320 2768 non
1373 2725 1549 2768 tamen
1584 2715 1759 2767 conti-

185 2821 296 2860 nuo
332 2806 499 2859 etiam
549 2806 818 2874 recepisse
869 2807 1068 2860 malum
1119 2806 1450 2874 designatur.
1501 2825 1519 2857 ι
1551 2805 1662 2876 (9.6)
1697 2805 1762 2860 Et

185 2911 409 2950 rursum
445 2913 460 2950 :
497 2915 515 2948 ι
543 2895 694 2950 Nulla
731 2909 919 2952 natura
959 2906 1044 2952 est
1089 2913 1210 2966 quae
1253 2915 1355 2953 non
1406 2898 1627 2966 recipiat
1669 2899 1764 2952 bo-

184 3002 318 3040 num
365 3003 510 3041 :nec
543 2997 722 3041 tamen
747 2988 950 3043 idcirco
993 2988 1168 3043 omnis
1215 2999 1406 3043 natura
1448 2987 1763 3058 probabitur

183 3076 469 3145 recepisse
495 3077 633 3146 quod
673 3079 870 3133 bonum
901 3088 1001 3132 est.
1041 3098 1059 3130 ι

259 3166 595 3222 Puemws.
633 3167 696 3220 Et
726 3179 843 3235 post
874 3183 1042 3238 pauca
1067 3167 1304 3222 addidit:

260 3258 559 3313 Onteesss.
594 3276 612 3309 ι
643 3257 798 3312 Nulla
826 3273 955 3328 ergo
989 3269 1182 3312 natura
1213 3267 1296 3313 est
1333 3273 1451 3327 quae
1481 3273 1587 3312 non
1617 3258 1758 3312 reci-

181 3350 304 3420 piat
335 3350 560 3416 malum,
594 3359 816 3419 excepta
845 3351 935 3404 Dei
972 3359 1188 3417 natura,
1217 3351 1332 3420 (2|)
1361 3365 1480 3419 quae
1513 3349 1632 3404 fons
1662 3349 1759 3403 bo—

185 3457 391 3495 norum
421 3440 660 3496 omnium
697 3452 801 3508 est,
829 3451 879 3496 et
915 3441 1138 3498 Christi.
1175 3440 1452 3510 Sapientia
1483 3442 1626 3496 enim
1654 3452 1758 3506 est,

183 3543 244 3588 et
278 3533 547 3601 sapientia
577 3533 758 3600 utique
781 3534 1063 3587 stultitiam
1091 3534 1329 3600 recipere
1354 3549 1455 3586 non
1478 3543 1670 3603 potest.
1695 3533 1764 3587 Et

179 3619 402 3690 iustitia
426 3629 505 3673 est
530 3636 546 3684 ;
572 3620 780 3690 justitia
801 3630 976 3674 autem
997 3636 1267 3690 nunquam
1293 3621 1530 3690 profecto
1549 3623 1764 3690 injusti-

185 3711 325 3764 tiam
380 3711 572 3779 capiet.
611 3711 678 3764 Et
708 3709 937 3766 Verbum
974 3722 1076 3778 est,
1103 3711 1183 3766 vel
1235 3712 1392 3779 ratio,
1421 3728 1537 3782 qua:
1582 3713 1765 3781 utique

185 3802 583 3859 irrationabilis
609 3802 742 3858 eﬂici
775 3819 876 3859 non
907 3814 1100 3874 potest.
1127 3803 1238 3874 (‘22)
1257 3805 1359 3859 Sed
1379 3815 1433 3860 et
1467 3805 1552 3857 lux
1583 3814 1686 3866 est,
1713 3813 1766 3858 et

265 3921 312 3953 “
339 3919 497 3976 Joan.
530 3934 642 3985 ην,
673 3918 762 3974 26.
862 3919 908 3952 ⁸⁸
932 3920 1070 3975 Psal.
1106 3937 1157 3983 ι..
1189 3920 1278 3978 13.
1376 3919 1422 3952 ⁸⁸
1450 3919 1582 3976 Dan.
1621 3934 1694 3986 tv,
1719 3917 1773 3973 6.

183 3993 235 4026 ⁵⁸
267 3994 391 4044 Act.
421 4004 538 4051 vm,
565 3989 651 4044 18.

264 4084 381 4155 (17)
410 4083 551 4137 Duos
580 4095 750 4155 autem
785 4083 1013 4155 Spiritus
1040 4097 1268 4146 sanctos,
1295 4094 1398 4140 etc.
1446 4084 1499 4137 In
1538 4084 1672 4138 libro
1717 4100 1761 4138 ιι

191 4153 284 4209 De
319 4155 591 4220 principiis
646 4153 819 4206 locum
883 4154 1024 4207 hunc
1081 4157 1408 4208 contrarium
1440 4156 1670 4208 diximus
1713 4155 1761 4208 ei

186 4239 357 4294 quem
389 4223 787 4294 supra,eap:l,
818 4223 981 4294 refert
1010 4225 1321 4293 Pamphilus
1346 4239 1412 4277 ex
1435 4224 1762 4294 Commenta-

187 4291 275 4346 rio
304 4293 556 4362 Origettis
584 4293 637 4344 in
678 4291 842 4357 Epist.
879 4292 947 4346 ad
979 4293 1084 4347 Tit.
1118 4291 1198 4356 tit,
1235 4295 1321 4355 10,
1362 4293 1448 4346 tibi
1487 4294 1640 4362 juxta
1665 4292 1769 4346 Gc-

188 4364 527 4418 nebrartlutn
567 4364 638 4414 ita
678 4362 992 4431 legebatur:
1019 4363 1119 4417 Sed
1155 4376 1200 4417 et
1242 4373 1362 4417 sunt
1386 4365 1474 4429 qui
1512 4362 1768 4429 Spiritum

187 4445 442 4488 sanctum
469 4431 630 4503 alium
660 4433 868 4502 quidem
901 4435 1078 4503 dicunt
1113 4450 1226 4487 esse
1267 4436 1355 4503 qui
1393 4433 1492 4502 fuit
1537 4433 1592 4503 iu
1637 4449 1764 4503 pro-1

1920 1984 1990 2027 te.
2022 1991 2040 2024 ι

1920 1986 1990 2027 te.
2022 1991 2040 2024 ι

1863 1986 1911 2028 la
1933 2064 2256 2118 Paupmws.
2303 2056 2457 2124 Quod
2519 2053 2744 2123 aequalis
2805 2049 2906 2105 sibi
2956 2048 3026 2103 sit
3077 2045 3338 2108 Trinitas,
3373 2053 3427 2098 et

1862 2158 2002 2227 quod
2047 2155 2280 2224 Spiritus
2323 2160 2544 2206 sanctus
2592 2162 2699 2202 non
2748 2145 2818 2200 sit
2854 2151 3123 2198 creatura.
3172 2140 3245 2195 De
3288 2139 3427 2194 libro

1864 2249 2034 2320 primo
2067 2243 2207 2314 Περὶ
2241 2241 2458 2312 ἀρχῶν.

1933 2337 2224 2393 ORIGENES.
2260 2335 2373 2404 (24)
2419 2352 2437 2384 ί
2472 2330 2544 2384 De
2590 2327 2792 2396 Spiritu
2842 2341 2974 2379 vero
3031 2331 3250 2386 sancto,
3299 2320 3424 2389 quia

1862 2443 1964 2496 est,
2014 2431 2196 2485 multa:
2243 2443 2341 2482 nos
2384 2426 2684 2492 Scriptura:
2728 2423 3040 2480 docuerunt,
3087 2418 3227 2472 sicut
3263 2415 3426 2468 David

1863 2527 1914 2578 in
1951 2520 2394 2592 quinquagesimo
2421 2515 2629 2586 psalnto
2680 2513 2848 2566 dicit:
2897 2511 2959 2565 Et
2996 2510 3256 2578 Spiritum
3301 2521 3447 2560 sau-.

1862 2626 2001 2669 ctum
2055 2623 2201 2664 tuum
2250 2626 2312 2662 ue
2358 2607 2571 2676 auferas
2603 2622 2634 2658 ιι
2672 2603 2830 2658 me”.
2857 2601 2921 2655 Et
2954 2603 3005 2654 in
3041 2599 3260 2652 Dauiele
3296 2597 3427 2652 dici-

1864 2715 1988 2758 tur:
2023 2701 2250 2771 Spiritus
2286 2707 2500 2753 sanctus
2537 2694 2627 2766 qui
2656 2695 2710 2748 in
2749 2701 2798 2747 te
2837 2701 2914 2747 est
2937 2691 3002 2743 “.
3032 2689 3088 2744 In
3122 2689 3271 2743 Novo
3299 2701 3426 2741 vero

1863 2795 2212 2850 Testamento
2271 2788 2671 2845 abundantibus
2736 2783 3065 2842 testimoniis
3111 2781 3424 2844 edocemur,

1863 2904 1982 2944 cum
2025 2887 2260 2955 Spiritus
2314 2892 2536 2938 sanctus
2571 2895 2735 2948 super
2763 2877 3041 2934 Christum
3079 2872 3427 2928 descendisse

1864 2977 2242 3048 perscribitur,
2274 2987 2328 3029 et
2376 2989 2496 3028 cum
2553 2973 2667 3042 ipse
2725 2969 2984 3024 Dominus
3033 2963 3322 3019 insnﬂlavit
3373 2962 3427 3013 itt

1865 3071 2135 3141 apostolos
2185 3075 2304 3138 post
2361 3062 2844 3126 resurrectionem,
2913 3059 3098 3116 dicens
3142 3073 3156 3110 :
3198 3053 3430 3119 Accipite

1868 3161 2131 3229 Spiritum
2177 3155 2493 3212 sanctum".
2536 3152 2599 3207 Et
2624 3153 2690 3204 ad
2736 3149 2958 3204 Mariam
2989 3146 3190 3201 dicitur
3223 3147 3289 3198 ab
3324 3159 3424 3195 au-

1867 3252 2024 3322 gelo:
2056 3250 2287 3320 Spiritus
2329 3255 2543 3301 sanctus
2577 3242 2690 3314 (25)
2727 3243 2892 3295 rcuiet
2933 3254 3091 3306 super
3123 3248 3170 3289 te
3186 3237 3251 3289 “.
3283 3235 3425 3288 Pau-
3507 3269 3512 3272 -

1868 3343 1952 3396 lus
1986 3356 2111 3394 vero
2147 3341 2320 3402 docet,
2373 3336 2496 3406 quia
2540 3347 2685 3387 nemo
2726 3339 2890 3401 potest
2939 3330 3112 3381 dicere
3145 3326 3424 3379 Dominum

1866 3433 2070 3496 Iesum,
2109 3433 2209 3485 nisi
2239 3431 2294 3483 in
2341 3427 2540 3497 Spiritu
2568 3435 2746 3478 sancto
2765 3423 2831 3475 ⁸⁷.
2863 3421 2928 3474 Ει
2963 3420 3016 3472 in
3052 3417 3273 3473 Actibus
3299 3430 3431 3484 apo.

1869 3525 2126 3582 stolordm
2158 3538 2251 3592 per
2279 3521 2677 3590 impositionem
2720 3529 2972 3569 manuum
3011 3508 3426 3579 apostolicarum

1868 3618 2102 3687 Spiritus
2128 3626 2349 3668 sanctus
2391 3613 2624 3665 dabatur
2653 3609 2704 3662 in
2738 3606 3005 3675 baptismo
3027 3602 3092 3655 ‘°.
3128 3601 3202 3654 Es
3235 3599 3430 3669 quibus

1866 3711 2114 3767 omnibus
2167 3706 2454 3762 didicimus
2507 3710 2668 3756 tantae
2724 3713 2844 3754 esse
2896 3705 2950 3750 et
3003 3690 3347 3749 auctoritatis
3375 3700 3431 3744 et

1867 3802 2146 3874 dignitatis
2177 3796 2532 3854 substantiam
2576 3791 2746 3847 sancti
2791 3789 3046 3858 Spiritus,
3085 3795 3144 3839 ut
3191 3781 3430 3838 salutare

1878 3917 1922 3949 "
1951 3916 2105 3972 Joan.
2143 3932 2235 3980 xx,
2291 3913 2383 3966 εἳ.
2459 3911 2504 3942 ⁸⁸
2538 3909 2667 3964 Lttc.
2717 3923 2757 3971 t,
2797 3905 2885 3959 55.
2963 3903 3004 3934 "
3034 3902 3052 3956 l
3083 3900 3208 3956 Cor.
3252 3915 3348 3964 χιι,
3376 3899 3430 3953 3.

1861 4084 2001 4136 bitur
2033 4079 2280 4147 recepisse
2316 4074 2453 4146 quod
2491 4075 2676 4147 bonum
2707 4069 3431 4147 est.pllascunoncomparent

1862 4135 1916 4207 in
1939 4152 2054 4204 loco
2079 4135 2244 4202 citato
2281 4135 2399 4199 libri
2437 4145 2592 4213 priuti
2639 4143 2710 4194 De
2745 4140 3035 4209 principiis,
3063 4137 3151 4190 ulti
3194 4150 3298 4213 p_ro_
3328 4135 3434 4213 illis

1863 4205 2042 4276 verbis
2076 4219 2310 4286 legitur:
2347 4205 2648 4286 Secundum
2672 4205 2788 4286 quos
2828 4205 3048 4278 namque
3089 4221 3151 4260 ne
3185 4205 3430 4286 diuite/us

1864 4274 2070 4361 quidem
2107 4274 2221 4356 ipse
2261 4285 2614 4361 incupuxjuit
2665 4282 2830 4361 boni:
2857 4274 2972 4333 nou
3005 4288 3183 4361 tamen
3215 4274 3430 4361 idcirco.

1817 4409 1826 4418 ,,
1866 4343 1990 4430 quia
2026 4343 2195 4428 potuit
2228 4343 2451 4430 recipere
2486 4343 2700 4430 bimum,
2732 4353 2888 4430 etiam
2934 4348 3119 4430 uoluit:
3149 4347 3225 4400 vel
3249 4343 3430 4430 virtuti

1871 4413 2080 4497 operuit:
2109 4429 2271 4481 dedit.
2305 4413 2484 4497 Aliter
2505 4413 2739 4497 fortasse
2757 4422 2960 4497 legerat
2992 4420 3044 4471 in
3081 4416 3280 4497 (invecti
3302 4413 3432 4494 llic-

188 4483 394 4578 plit’etis,
418 4483 623 4578 flium;
666 4483 865 4578 autem:
1259 4483 1768 4578 siposioiisiioiniui
1802 4522 1842 4577 ο
1873 4483 2150 4570 ronyntus,
2184 4497 2271 4578 qtti
2310 4493 2632 4578 innepis'lola
2675 4493 2742 4546 ad

190 4569 372 4626 nostri
404 4569 533 4624 Jesu
562 4572 779 4625 Christi.
818 4569 923 4626 Sed
955 4589 1085 4627 mss.
1128 4574 1218 4641 qui
1252 4573 1452 4634 ferunt,
1491 4573 1596 4627 Sed
1633 4583 1678 4624 et
1723 4572 1766 4625 si

227 4644 288 4694 ui
319 4644 592 4711 sunt,qui,
620 4651 750 4698 etc..
772 4653 1013 4708 apertaut
1042 4642 1525 4697 contradictionem
1554 4641 1764 4695 lollttnt.

227 4662 287 4694 ιιι
319 4662 467 4704 sum,
483 4662 592 4711 qui,
620 4662 750 4698 (31.0..
772 4662 1013 4708 apertam
1042 4662 1525 4697 ροιιιηιιιιειιοηθιιι
1554 4662 1764 4695 ιοιιιιιιι.

189 4662 273 4767 ibi
308 4715 458 4767 enim
506 4728 610 4766 non
656 4713 973 4776 allirntatur,
1019 4713 1112 4766 sed
1146 4713 1441 4766 dubitatur.
1499 4711 1764 4765 Caeterum

191 4799 320 4838 cum
361 4781 512 4835 libris
550 4781 689 4849 Περὶ
718 4781 919 4850 ἀρχῶν
957 4783 1221 4850 posterior
1252 4785 1322 4837 sit
1353 4783 1766 4836 Commentarius

193 4854 249 4905 in
307 4851 480 4919 Epist.
522 4855 589 4904 ad
647 4851 836 4915 Titum,
871 4853 1083 4906 interim
1136 4852 1315 4907 forsan
1362 4854 1548 4905 audire
1597 4853 1769 4920 potuit

193 4922 469 4990 Origenes
497 4922 675 4990 plures
701 4923 935 4990 Spiritus
985 4931 1206 4978 sanctos
1240 4939 1267 4976 a
1302 4921 1620 4992 quibusdam
1655 4923 1764 4974 lue-

196 4993 394 5047 reticis
419 4993 722 5058 praedicari.
777 4992 1015 5046 EtCerte
1059 5008 1297 5047 canones
1324 4991 1622 5060 apostolici
1675 4992 1764 5059 qui

197 5061 367 5115 tertio
393 5062 616 5114 circiter
654 5063 872 5125 saeculo,
918 5077 979 5114 ac
1007 5062 1228 5131 proinde
1257 5059 1398 5131 circa
1433 5062 1546 5129 ipsa
1579 5059 1762 5126 Orige-

195 5133 282 5186 nis
321 5142 567 5198 tempora
597 5132 826 5185 confecti
859 5125 1128 5194 videmur,
1155 5125 1408 5185 damna'ttl
1440 5125 1649 5185 canone
1672 5131 1762 5194 41,

195 5218 322 5255 eum
359 5202 451 5268 qui
503 5201 859 5268 baptizaverit
897 5201 950 5255 itt
998 5213 1105 5256 tres
1152 5201 1337 5266 Filios,
1402 5210 1492 5254 aut
1547 5201 1600 5253 in
1657 5212 1765 5255 tres

195 5271 699 5342 Spiritus‘sanctos.

267 5342 386 5412 (18)
419 5340 496 5412 Ex
514 5341 615 5412 lib.
652 5357 665 5394 t
701 5339 775 5394 De
808 5340 1054 5410 priucip.,
1090 5356 1207 5410 cap.
1232 5340 1284 5404 8,
1314 5357 1458 5395 num.
1492 5341 1545 5412 5.

266 5410 385 5482 (19)
415 5410 522 5465 Sed
559 5427 660 5464 non
686 5415 955 5473 continuo,
992 5413 1116 5480 quia
1155 5413 1378 5466 dicimus
1423 5411 1619 5482 nullam
1646 5427 1765 5482 esse

194 5479 451 5534 naturam
474 5497 590 5550 qua:
617 5497 716 5533 non
751 5482 910 5546 possit
954 5479 1179 5548 recipere
1216 5482 1431 5534 malum.
1467 5479 1591 5533 Haec
1626 5481 1764 5534 desi-

193 5554 461 5620 derantur
489 5555 540 5603 in
568 5551 717 5604 libris
749 5561 855 5604 tant
884 5553 1044 5605 editis
1083 5567 1242 5620 quam
1274 5567 1404 5604 mss.
1447 5551 1602 5618 hujus
1632 5550 1765 5616 Apo-

193 5618 408 5689 ἐσθῆτί
438 5621 533 5675 sed
583 5622 935 5675 restituuntur
965 5637 1030 5675 ex
1075 5618 1325 5674 omnibus
1373 5621 1650 5675 codicibus
1697 5621 1760 5673 li-

195 5692 420 5745 ltrortttn
467 5691 540 5743 De
561 5692 855 5757 principiis,
878 5700 931 5742 et
964 5693 1291 5744 restitttcnda
1327 5693 1594 5744 videntur.

270 5761 382 5832 (20)
422 5760 488 5812 Et
519 5776 760 5814 rursum:
795 5758 958 5832 Nullo
1009 5774 1196 5813 natura
1231 5770 1305 5814 est
1349 5779 1464 5830 qua:
1495 5778 1592 5812 non
1630 5761 1759 5813 reci-

196 5834 310 5900 piat
334 5833 531 5885 bouum
559 5848 577 5886 :
604 5847 691 5884 nec
722 5839 894 5885 tamen
931 5831 1126 5883 idcirco
1158 5835 1326 5884 omnis
1352 5841 1541 5884 nutum
1574 5833 1758 5898 proba-

1875 4562 1996 4624 υθιῆ
2031 4562 2325 4622 assertiisse
2357 4564 2622 4616 diabolum
2649 4579 2753 4616 non
2793 4562 3092 4624 incapacem
3136 4572 3246 4608 esse
3269 4562 3433 4607 virtu-

1875 4641 1959 4699 tis,
1985 4649 2031 4692 et
2069 4649 2238 4690 tamen
2274 4642 2494 4688 necdum
2526 4633 2651 4686 velle
2674 4645 2868 4704 capere
2883 4630 3141 4704 riualem,
3173 4627 3322 4704 quasi
3340 4625 3434 4704 hic

1877 4696 2124 4763 innneret
2164 4707 2522 4760 Adamantius
2571 4705 2699 4775 fore
2723 4711 2780 4775 ut
2825 4701 3114 4775 aliquando
3155 4697 3282 4775 velit
3321 4696 3435 4746 dia-

1875 4780 2028 4833 holus
2077 4793 2271 4845 capere
2326 4775 2600 4828 virtutem.
2635 4772 2791 4845 ivid‘e
2843 4766 3152 4839 Urigenian.
3211 4766 3304 4819 lib.
3358 4780 3430 4826 ll,

1873 4860 2067 4918 qumst.
2096 4841 2155 4906 5,
2180 4862 2326 4903 num.
2354 4846 2442 4918 11,
2479 4841 2792 4918 {1,175,1‘.

1946 4918 2058 4991 (21)
2096 4918 2240 4970 Libri
2275 4917 2434 4991 hujus
2476 4916 2746 4991 Apuloque
2777 4910 3234 4991 ltitﬂﬁdiﬁﬂllﬁdD
3274 4919 3428 4991 Iussu

1871 4972 1986 5057 quia
2016 4972 2131 5056 [ous
2160 4972 2387 5040 omnium
2407 4972 2589 5057 estpet
2619 4972 2813 5036 Christi
2838 4981 2930 5053 [aL
2960 4990 3026 5057 net
3049 4972 3438 5057 Christusjnsuf

1871 5046 2066 5126 pientia
2093 5066 2264 5115 est,~et
2302 5055 2560 5123 sapientia
2596 5059 2790 5122 utique,
2817 5046 2922 5106 εἰς.
2958 5049 3065 5103 Sed
3089 5046 3286 5100 rectius
3311 5046 3432 5098 libri

1872 5129 1949 5182 De
1972 5128 2267 5195 principiis,
2300 5135 2356 5177 ttt
2391 5127 2440 5178 iit
2484 5133 2667 5177 nostri)
2693 5135 2862 5195 textu.

1944 5184 2053 5268 (ἐξ)
2093 5184 2275 5270 Pi't_tres
2308 5211 2438 5270 mss.
2487 5193 3040 5270 ltaltettt._lumeulpro
3087 5189 3273 5270 lucem.
3331 5184 3430 5270 his.

1873 5262 2105 5336 Regius:
2143 5267 2247 5319 Sed
2280 5277 2324 5317 et
2372 5265 2465 5317 tua:
2501 5273 2573 5317 est
2605 5275 2650 5315 et
2691 5263 2884 5336 (umeri.
2911 5262 3121 5336 certum
3151 5265 3226 5308 est
3260 5264 3432 5307 autem

1868 5330 2006 5410 qum!
2031 5338 2442 5410 teuebrwlumeu
2484 5352 2585 5410 non
2623 5330 3120 5410 comprehendunt.“
3164 5397 3174 5407 .
3240 5396 3250 5410 Ι
3481 5391 3488 5400 ο

1943 5396 2210 5479 (ξω-διεδ.
2237 5406 2437 5472 plures.
2468 5396 3054 5479 sisentper'sapieutiw.
3087 5396 3285 5479 Deinde
3316 5410 3432 5446 omo

1870 5466 1987 5541 nes,
2019 5466 2413 5544 participantus,
2445 5485 2489 5527 et
2524 5474 2576 5524 id
2603 5466 2746 5544 nobis
2770 5471 2845 5544 vel
2877 5471 2994 5544 plus
3027 5466 3306 5544 uelptinus
3342 5480 3432 5544 uc-

1869 5539 2040 5611 redut',
2075 5557 2179 5600 etc.
2210 5539 2322 5597 Sed
2358 5546 2509 5611 editi,
2545 5553 2600 5596 et
2633 5543 2751 5596 libri
2790 5542 2864 5594 De
2905 5539 3179 5608 principiis
3232 5539 3433 5589 rectius

1869 5631 1926 5674 ut
1952 5622 2003 5672 itt
2042 5627 2224 5670 nostro
2253 5626 2422 5670 textu.

1939 5690 2050 5756 (2.1)
2085 5687 2160 5739 Ex
2191 5687 2279 5738 Iilt.
2314 5705 2325 5740 I
2359 5686 2431 5758 De
2461 5685 2708 5758 princin
2739 5697 2860 5758 cap.
2894 5680 2947 5746 ὃ,
2977 5695 3125 5732 num.
3151 5677 3244 5758 2.“
3279 5747 3288 5758 .

2077 5759 2168 5830 Sic
2215 5773 2343 5813 mss.
2381 5749 2642 5827 plct'iqtte.
2673 5753 2863 5809 Cit-teri
2898 5766 3044 5817 vero,
3075 5759 3130 5805 et
3164 5749 3316 5814 editi,
3343 5762 3451 5800 δας-ε

1868 5828 2122 5901 perveniet
2153 5828 2203 5879 in
2235 5836 2304 5884 te.
