3942 6520
556 336 657 392 56'!

1765 329 1822 386 S.
1865 327 2190 384 PAMPHILI
2231 325 2422 382 MART
2431 324 2586 380 YRIS
3644 321 3721 378 568

557 453 820 525 baptisma
855 469 959 510 non
1012 454 1166 510 aliter
1204 453 1306 509 nisi
1363 452 1831 512 excellentissima:
1878 452 2119 507 omnium
2151 456 2196 514 Α
2227 447 2307 502 vel
2339 446 2481 512 Filii,
2511 445 2707 502 salvari
2739 445 2857 501 sine
2883 441 3085 515 Spiritu
3117 451 3322 498 sancto.
3348 441 3420 496 De
3447 441 3617 512 quibus
3635 445 3720 499 dis-

558 543 844 603 Trinitatis
869 547 1209 612 auctoritate,
1259 546 1312 600 id
1342 556 1426 601 est
1457 545 1652 609 Patris,
1683 553 1737 599 et
1764 543 1906 609 Filii,
1929 552 1982 598 et
2007 543 2127 612 Spi-

560 641 698 693 ritus
736 640 909 693 sancti
957 637 1432 708 eognominatione
1469 636 1829 706 compleatur,
1858 646 1912 689 et
1939 636 2124 688 innato

561 727 670 782 Deo
708 728 877 794 Patri,
909 739 963 784 et
995 729 1277 799 unigenito
1316 729 1433 798 ejus
1476 728 1638 793 Filio,
1669 742 1862 783 nomen
1908 739 2126 796 quoque

559 818 797 887 Spiritus
823 822 998 876 sancti
1041 823 1341 892 c0puletur.
1382 821 1523 888 Quis
1551 837 1680 892 ergo
1729 833 1830 876 non
1861 823 2121 892 obstupe-

558 920 672 966 scat
703 921 906 982 quanta
953 911 1204 980 majestas
1235 914 1307 968 sit
1341 911 1577 982 Spiritus
1616 914 1810 979 sancti,
1850 927 1970 967 cum
2002 928 2123 966 eum

557 1004 646 1073 qui
679 1005 878 1060 dixerit
908 1005 1131 1060 verbum
1183 1006 1235 1060 in
1300 1004 1493 1059 Filium
1532 1005 1764 1060 hominis
1793 1006 1975 1058 audiat
2005 1019 2126 1072 spe-

559 1112 682 1152 rare
715 1099 929 1152 veniam
957 1112 1114 1167 posse
1143 1113 1158 1163 ;
1184 1112 1304 1152 eum
1330 1113 1456 1152 vero
1483 1097 1575 1167 qui
1611 1097 1662 1152 in
1697 1097 1958 1167 Spiritum
1991 1109 2122 1149 san-

558 1196 702 1244 ctum
761 1188 1239 1259 blasphemavet-it,
1274 1191 1487 1244 veniam
1540 1205 1646 1244 non
1701 1189 1899 1244 habere
1951 1201 2124 1260 neque

558 1279 610 1334 in
653 1281 904 1350 praesenti
937 1281 1157 1345 seculo,
1189 1296 1364 1351 neque
1392 1282 1443 1337 in
1477 1281 1658 1336 futuro
1674 1282 1717 1312 ‘9
1741 1280 1801 1334 ?s

626 1371 953 1428 PAMPHILUS.
985 1372 1050 1426 Et
1085 1382 1204 1442 post
1242 1389 1411 1444 pauca
1441 1372 1638 1443 adjecit
1681 1389 1695 1427 :

626 1463 909 1517 ORIGENES.
950 1481 968 1514 ι
997 1463 1375 1518 Verumtamen
1413 1477 1584 1532 usque
1617 1464 1682 1518 ad
1722 1475 1959 1532 praesens
2003 1461 2123 1515 nul-

555 1555 664 1609 lum
693 1570 1000 1610 sermonem
1033 1556 1085 1608 in
1121 1555 1418 1626 Scripturis
1440 1557 1642 1610 sanctis
1672 1555 1912 1609 invenire
1945 1554 2123 1625 potui~

556 1666 696 1716 ntus,
736 1665 832 1720 per
864 1666 1024 1720 quem
1062 1648 1295 1717 Spiritus
1351 1656 1568 1704 sanctus
1609 1645 1820 1701 iactura
1874 1659 1994 1701 esse
2037 1645 2122 1701 vel

553 1755 802 1799 creatura
835 1747 1126 1800 diceretur.
1154 1764 1172 1795 ι

624 1833 949 1892 Ριιιιριιιιυε.
1003 1836 1064 1890 Et
1096 1835 1316 1890 insertis
1369 1833 1740 1904 compluribus
1789 1833 2118 1890 testimoniis

553 1925 621 1982 de
645 1927 846 1980 virtute
874 1927 1110 1996 Spiritus
1137 1926 1334 1991 sancti,
1363 1935 1482 1996 post
1503 1925 1778 1996 aliquanta
1806 1926 1972 1980 etiam
2005 1925 2118 1981 haec

553 2017 747 2086 adjecit
775 2038 788 2072 :

623 2109 912 2166 Omnem-ss.
949 2131 967 2164 ι
996 2111 1052 2168 Si
1085 2113 1359 2168 revelante
1396 2112 1536 2167 Filio
1577 2112 1854 2182 cognoscit
1901 2112 2116 2168 Patrem

552 2202 788 2273 Spiritus
834 2212 1073 2266 sanctus,
1103 2219 1232 2274 ergo
1269 2219 1335 2259 ex
1373 2203 1675 2274 ignorantia
1727 2202 1796 2258 ad
1825 2205 2110 2258 scientiam

552 2297 701 2350 venit
735 2314 748 2350 :
777 2298 918 2365 quod
953 2296 1134 2364 utique
1184 2303 1238 2350 et
1269 2295 1492 2364 impium
1546 2295 1751 2364 pariter
1783 2303 1838 2350 et
1886 2295 2109 2350 stultum

547 2397 651 2450 est,
688 2387 948 2456 Spiritum
997 2398 1242 2441 sanctum
1275 2385 1540 2451 conﬁteri,
1570 2394 1623 2439 et
1658 2386 2014 2457 ignorantiam
2061 2388 2109 2443 ei

547 2479 842 2534 ascribere.
879 2477 994 2532 Non
1050 2478 1194 2532 enim
1231 2493 1351 2532 cum
1401 2477 1544 2531 aliud
1594 2477 1799 2546 aliquid
1829 2487 1975 2533 esset
2013 2494 2116 2534 an-

550 2579 637 2624 tea
665 2583 824 2637 quatn
867 2565 1102 2636 Spiritus
1137 2577 1379 2630 sanctus,
1415 2582 1511 2636 per
1553 2565 1851 2636 profectum
1882 2568 2025 2622 venit
2055 2568 2112 2622 in

552 2661 657 2713 hoc
685 2668 742 2712 ut
773 2668 919 2713 esset
948 2656 1184 2728 Spiritus
1209 2667 1428 2714 sanctus
1454 2675 1467 2709 :
1501 2669 1557 2712 ut
1586 2659 1708 2727 quis
1740 2659 1935 2713 audeat
1965 2660 2116 2715 dice-

554 2767 631 2816 re,
662 2752 789 2821 quia
840 2762 968 2806 tunc
1001 2751 1219 2820 quidem
1267 2765 1388 2804 cum
1440 2751 1678 2805 nondum
1708 2759 1852 2806 esset
1882 2751 2118 2822 Spiritus

551 2855 800 2907 sanctus,
826 2843 1107 2913 ignorabat
1154 2843 1371 2899 Patrem
1403 2860 1417 2896 :
1448 2854 1632 2912 postea
1665 2859 1794 2900 vero
1824 2859 1984 2913 quam
2031 2859 2117 2900 re-

551 2938 690 3007 cepit
724 2936 1033 3000 scientiam,
1057 2935 1222 2991 etiam
1253 2933 1491 3004 Spiritus
1521 2947 1742 2991 sanctus
1764 2935 1986 2991 eﬂ'ectus
2010 2949 2114 2992 est.

550 3029 702 3096 Quod
721 3029 765 3083 si
796 3039 959 3095 esset,
993 3043 1261 3098 nunquam
1289 3027 1474 3096 utique
1499 3027 1550 3080 in
1581 3027 1785 3084 unitate
1810 3027 2110 3097 Trinitatis,

2153 1793 2194 1853 Β
2222 1809 2278 1862 δὲ
2333 1803 2493 1882 ἦττον
2534 1807 2594 1860 τὸ
2655 1805 2879 1875 Πνεῦμα
2912 1802 2974 1855 τὸ

2223 541 2518 602 ‘cntientes,
2554 539 2671 592 sine
2717 536 2878 592 dubio
2935 533 3294 590 necessarium
3332 533 3431 588 erit
3477 544 3527 586 at
3566 547 3718 602 Opera-

2229 633 2428 686 tionem
2457 626 2744 698 specialem
2783 623 3018 693 Spiritus
3043 621 3236 684 sancti,
3272 618 3542 688 specialem
3567 619 3723 686 Patris,

2227 723 2309 778 vel
2339 719 2486 784 Filii,
2518 717 2912 773 describamus.
2943 712 3191 768 Arbitror
3224 711 3388 782 igitur
3420 710 3725 780 Operationem

2297 875 2407 946 (27)
2442 874 2564 927 Ὀτι
2617 871 2644 924 ὁ
2693 869 2791 942 μὲν
2844 867 2974 932 Θεὸς

2225 972 2318 1024 καὶ
2377 969 2562 1038 Πατὴρ
2612 966 2848 1036 συνέχων
2904 962 2973 1016 τὰ

2225 1063 2403 1116 πάντα
2461 1060 2652 1128 φθάνει
2703 1059 2784 1122 εἰς
2851 1056 2974 1109 ἕκα-

2226 1170 2350 1208 στον
2389 1151 2496 1205 τῶν
2549 1150 2716 1203 ὄντων
2770 1147 2974 1219 μεταδι-

2221 1247 2345 1310 δοὺς
2372 1245 2582 1314 ἑκάστῳ
2599 1241 2704 1296 ὰπὸ
2726 1241 2819 1296 τοῦ
2846 1241 2973 1294 ἰδίου

2221 1339 2282 1393 τὸ
2316 1335 2485 1393 εἶναι·
2530 1335 2604 1389 ὢν
2653 1335 2760 1406 γάρ
2792 1335 2967 1388 ἐστιν·

2222 1433 2458 1488 ἐλάττων
2485 1433 2542 1486 δὲ
2573 1430 2708 1503 πρὸς
2742 1429 2830 1483 τὸν
2862 1429 2973 1482 Πα-

2221 1528 2354 1601 τέρα
2394 1529 2423 1581 ὁ
2458 1526 2585 1589 Υἱὸς
2619 1524 2832 1594 φθάνων
2882 1522 2975 1575 ἐπὶ

2226 1624 2362 1694 μόνα
2390 1625 2459 1676 τὰ
2485 1621 2702 1688 λογικόν
2729 1617 2975 1688 δεύτερος

2221 1717 2329 1788 γάρ
2362 1717 2474 1768 ἐστι
2497 1713 2589 1768 τοῦ
2625 1710 2837 1782 Πατρός
2857 1726 2870 1738 ⁸
2890 1708 2972 1762 ἔτι

3046 867 3263 936 quidem
3316 880 3433 920 esse
3477 865 3648 932 Patris,
3688 877 3730 922 et

3046 959 3200 1024 Filii,
3266 968 3372 1012 tam
3453 956 3502 1012 in
3568 959 3730 1014 sanctis

3043 1067 3204 1121 quam
3263 1051 3315 1105 itt
3369 1051 3701 1120 peccatoribus
3717 1090 3730 1115 ,

3044 1144 3097 1199 in
3159 1141 3552 1197 rationabilibus
3593 1141 3734 1196 homi-

3049 1237 3209 1292 nibus
3247 1243 3300 1290 et
3325 1235 3376 1288 in
3401 1235 3552 1287 mutis
3568 1234 3734 1287 anima-

3043 1331 3214 1396 libus;
3239 1330 3332 1386 sed
3363 1339 3416 1384 et
3456 1329 3504 1382 in
3545 1328 3620 1383 bis
3643 1343 3734 1398 qua:

3042 1423 3290 1480 exanima
3340 1433 3480 1487 sunt,
3517 1423 3626 1476 etin
3646 1435 3734 1476 om-

3045 1519 3205 1573 nibus
3231 1515 3453 1571 omnino
3480 1530 3588 1586 qute
3608 1524 3732 1570 sunt:

3047 1610 3424 1680 operationem
3455 1623 3576 1662 vero
3602 1607 3735 1676 Spiri-

3045 1713 3132 1758 tus
3199 1701 3370 1756 sancti
3449 1713 3733 1770 nequaquam

3044 1812 3268 1866 prorsus
3318 1793 3548 1850 incidere
3595 1792 3663 1846 vel
3695 1793 3733 1845 in

3042 1906 3103 1946 ea
3156 1906 3276 1960 quas
3327 1888 3565 1944 exanima
3618 1894 3733 1949 sunt,

3043 1988 3124 2044 vel
3155 1989 3206 2040 in
3233 2001 3294 2041 ea
3331 1999 3449 2054 qua:
3493 1982 3734 2036 animantia

3043 2079 3281 2148 quidem,
3311 2077 3403 2131 sed
3439 2085 3574 2129 muta
3599 2083 3734 2126 sunt:

3042 2173 3136 2227 sed
3191 2185 3259 2225 ne
3311 2169 3365 2224 in
3423 2168 3525 2223 illis
3566 2167 3734 2236 quidem

3043 2261 3274 2318 inveniri
3304 2263 3398 2331 qui
3442 2257 3736 2313 rationabiles

3040 2356 3254 2426 quidem
3283 2363 3430 2412 sunt.
3459 2353 3548 2408 sed
3575 2352 3620 2406 in
3649 2367 3736 2404 ma-

3041 2447 3152 2500 litia
3209 2445 3392 2516 positi,
3429 2459 3522 2498 nec
3563 2441 3739 2500 omnino

3041 2540 3106 2594 ad
3142 2538 3371 2594 meliora
3426 2535 3668 2592 conversi.
3696 2531 3737 2586 ln

3042 2631 3148 2688 illis
3177 2641 3358 2686 autem
3392 2629 3517 2684 solis
3549 2627 3739 2682 arbitror

3042 2737 3160 2779 esse
3203 2735 3337 2792 opus
3375 2719 3596 2790 Spiritus
3640 2731 3738 2771 san-

3042 2816 3136 2881 cti,
3167 2815 3256 2885 qui
3290 2815 3400 2883 jam
3449 2828 3506 2869 se
3541 2812 3614 2866 ad
3656 2824 3739 2864 me-

2221 1901 2372 1970 ἆγιον
2425 1899 2519 1952 ἐπὶ
2600 1897 2793 1969 μόνους
2847 1894 2972 1957 τοὺς

2217 1997 2406 2066 ἁγίους
2428 1994 2812 2064 διικνούμενον·
2832 1990 2969 2044 ὥστε

2218 2087 2358 2142 κατὰ
2383 2088 2540 2142 τοῦτο
2598 2085 2795 2158 μείζων
2823 2087 2855 2156 ἡ
2884 2082 2971 2136 δύ-

2218 2199 2381 2254 ναμις
2423 2180 2515 2235 τοῦ
2576 2179 2790 2251 Πατρὸς
2823 2177 2974 2250 παρὰ

2219 2272 2309 2325 ’ὢν
2361 2271 2488 2323 Υἱδν
2517 2269 2612 2323 καὶ
2652 2269 2712 2320 τὸ
2749 2266 2973 2338 Πνεῦμα

2221 2363 2283 2416 τὸ
2315 2363 2466 2432 ἅγιον
2485 2378 2499 2393 ο
2537 2359 2733 2414 πλείων
2749 2359 2803 2412 δὲ
2824 2361 2856 2429 ἠ
2874 2357 2968 2410 τοῦ

2221 2456 2353 2510 Υἱοῦ
2418 2454 2569 2528 παρὰ
2619 2453 2678 2506 τὸ
2743 2452 2967 2521 Πνεῦμα

2218 2547 2280 2601 τὸ
2313 2547 2466 2616 ἅγιον
2485 2563 2499 2577 ο
2524 2546 2616 2600 καὶ
2662 2541 2822 2597 πάλιν
2854 2542 2970 2595 διοι-

2221 2638 2460 2710 φέρουσα
2493 2634 2688 2708 μᾶλλον
2702 2631 2796 2686 τοῦ
2815 2632 2970 2701 ἁγίου

2219 2731 2361 2786 Πνεύ
2370 2747 2537 2803 ματος
2563 2728 2838 2801 ἡδύναμις
2867 2743 2972 2779 πα-

2223 2825 2290 2899 ρὰ
2318 2826 2385 2878 τὰ
2413 2823 2546 2878 ἄλλα
2572 2824 2722 2892 ἅγια.

2221 2942 2353 2996 liora
2383 2947 2731 3004 convertunt,
2771 2947 2823 2990 et
2847 2949 2941 3006 per
2971 2933 3086 2988 vias
3114 2933 3316 2989 Christi
3350 2931 3476 2987 Jesu
3513 2929 3737 2991 incedunt,

2219 3036 2272 3089 id
2301 3045 2405 3101 est,
2439 3032 2552 3104 (28)
2583 3031 2669 3101 qui
2706 3038 2833 3084 sunt
2866 3029 2918 3083 in
2968 3027 3119 3082 novis
3179 3025 3399 3079 actibus
3457 3023 3736 3082 incedentes,

551 3118 605 3174 id
663 3129 768 3186 est,
822 3119 917 3172 Dei
972 3117 1149 3174 Patris
1197 3117 1647 3183 inconvertibilis,
1683 3127 1737 3173 et
1795 3115 1914 3173 Filii
1973 3118 2112 3188 ejus,

2223 3127 2360 3182 etin
2405 3126 2513 3179 Dco
2549 3130 2948 3192 permanentes.
2999 3117 3269 3186 Quoniam
3323 3126 3504 3170 autem
3543 3109 3738 3183 operatio

549 3212 712 3266 etiam
751 3213 865 3281 ipse
893 3211 1130 3282 Spiritus
1175 3222 1397 3267 sanctus
1433 3211 1748 3278 haberetur,
1774 3211 1877 3267 nisi
1909 3213 2035 3282 quia
2066 3222 2122 3268 et

550 3303 664 3372 ipse
688 3316 902 3369 semper
929 3310 1046 3356 erat
1075 3301 1311 3369 Spiritus
1343 3310 1587 3355 sanctus.
1622 3317 1642 3350 ι

625 3395 953 3449 Puteanus.
981 3393 1046 3447 Et
1076 3406 1195 3463 post
1228 3409 1396 3463 pauca
1423 3393 1618 3460 adjecit
1649 3409 1663 3447 :

619 3485 906 3542 ORIGENES.
941 3502 962 3538 ε
991 3486 1214 3540 Rectum
1253 3494 1429 3538 tamen
1463 3485 1674 3538 videtur
1699 3483 1970 3553 inquirere
1992 3485 2120 3553 quid

554 3594 734 3634 causa:
763 3581 833 3633 sit
861 3579 1002 3648 quod
1033 3579 1122 3646 qui
1158 3587 1503 3648 regeneratur
1535 3591 1632 3644 per
1667 3576 1834 3630 Deum
1875 3577 1930 3630 in
1977 3577 2122 3632 Salu-

553 3683 684 3734 tem,
717 3684 852 3738 opus
882 3669 1044 3724 habet
1075 3678 1128 3722 et
1158 3666 1340 3730 Patre,
1377 3677 1428 3721 et
1462 3665 1618 3730 Filio,
1653 3676 1707 3722 et
1751 3666 1956 3736 Spiritu
1988 3682 2118 3722 san-

554 3773 664 3829 cto,
706 3778 809 3817 non
847 3772 1198 3831 percepturus
1233 3759 1484 3825 salutem,
1521 3758 1620 3812 nisi
1654 3758 1725 3811 sit
1756 3758 1966 3828 integra
1995 3757 2118 3812 Tri-

555 3857 739 3910 nitas:
772 3853 884 3925 (26)
912 3868 1009 3908 nec
1053 3851 1310 3921 possibile
1350 3852 1419 3906 sit
1462 3851 1775 3920 participem
1809 3849 1894 3905 vel
1922 3849 2116 3917 Patris,

622 3952 667 3986 δ’
702 3951 894 4006 Matth.
918 3967 1017 4016 att,
1046 3949 1147 4017 32;
1176 3948 1305 4002 Luc.
1331 3962 1437 4014 xu,
1471 3946 1557 4001 10.
1634 3943 1679 3977 ⁸⁰
1711 3945 1880 4000 Exod.
1915 3960 1996 4011 ιιι,
2030 3948 2118 4004 ﬂ.

622 4047 918 4119 (‘16)Eilili,
961 4064 1052 4100 nec
1096 4045 1343 4119 possibile
1381 4052 1454 4096 est
1495 4041 1973 4119 participem‘ﬁeri
2008 4040 2117 4095 Pa-

551 4111 645 4176 tris
686 4111 733 4173 et
779 4115 930 4181 Filii,
971 4111 1322 4181 sine'Spiritu
1369 4124 1569 4168 sancto.
1621 4111 1750 4166 Mss.
1787 4111 1986 4179 plures,
2027 4130 2117 4167 nec

551 4188 794 4262 possibile
826 4188 889 4240 sit
917 4203 1028 4262 esse
1057 4186 1360 4262 participem
1398 4183 1513 4262 (alii
1541 4184 1783 4262 quidam,
1809 4183 2010 4262 e-lhljhri
2040 4183 2117 4262 _De

551 4249 770 4330 princip.
803 4249 1124 4330 participant
1157 4256 1295 4330 ﬁeri)
1343 4249 1422 4306 uel
1468 4250 1668 4330 Ρςιινὶξ,
1700 4253 1774 4305 vel
1829 4249 1979 4330 Filii,
2007 4255 2119 4306 sine

555 4321 758 4394 Spiritu
786 4321 1002 4380 sancto.
1022 4326 1126 4380 Sed
1154 4321 1348 4380 rectius
1381 4338 1482 4376 ms.
1513 4322 1710 4391 llcgius
1742 4334 1799 4374 ut
1846 4321 1900 4374 in
1933 4336 2118 4379 nostro

555 4408 727 4455 textu.

2222 3216 2400 3272 Patris
2436 3223 2491 3270 et
2523 3211 2644 3268 Filii
2683 3219 2844 3268 estet
2875 3210 2927 3263 in
2959 3207 3186 3274 sanctis,
3220 3217 3278 3261 et
3307 3205 3363 3260 in
3392 3201 3736 3276 peccatoribus,

2222 3307 2609 3363 manifestatur
2639 3318 2702 3358 ex
2736 3317 2799 3358 eo
2829 3301 2970 3370 quod
3003 3299 3116 3370 (99)
3148 3314 3343 3354 omnes
3378 3296 3468 3368 qui
3496 3291 3739 3350 rationabi-

2219 3397 2297 3454 les
2325 3407 2470 3462 sunt,
2508 3394 2670 3451 Verbi
2703 3393 2816 3458 Dei,
2847 3392 2898 3447 id
2927 3400 3030 3457 est,
3061 3388 3288 3445 rationis
3321 3388 3600 3458 participes
3623 3389 3734 3443 sunt,

2221 3499 2276 3545 et
2306 3505 2400 3560 per
2436 3490 2537 3544 hoc
2571 3487 2718 3541 velut
2744 3485 2952 3540 semina
2987 3481 3232 3550 quasdam
3262 3479 3425 3533 insita
3452 3476 3552 3531 sibi
3583 3480 3738 3546 gerunt

2222 3580 2501 3651 sapientia:
2532 3587 2588 3632 et
2635 3575 2898 3639 scientias,
2921 3572 3062 3643 quod
3101 3580 3182 3626 est
3238 3569 3508 3625 Christus.
3539 3567 3636 3639 (50)
3661 3560 3740 3618 Sed

2222 3680 2278 3726 et
2310 3671 2412 3724 hoc
2443 3669 2615 3738 ipsum
2636 3665 2778 3733 quod
2806 3671 2966 3719 estet
2997 3667 3284 3730 permanet
3308 3658 3486 3713 omnis
3515 3663 3738 3714 creatura,

2223 3758 2466 3830 operatio
2504 3767 2588 3812 est
2639 3755 2731 3809 Dei
2784 3753 2959 3808 Patris
3006 3751 3098 3820 qui
3154 3749 3339 3803 dixit:
3383 3748 3495 3818 Ego
3526 3763 3628 3801 sunt
3671 3741 3739 3813 qui

2223 3867 2338 3906 sum
2365 3850 2411 3880 ⁵ο
2437 3867 2452 3904 :
2480 3863 2599 3919 qua:
2632 3844 2879 3917 pervenit
2928 3856 3092 3912 super
3141 3853 3350 3896 omnes.
3379 3839 3498 3911 Ipse
3524 3847 3600 3894 est
3631 3835 3739 3890 enim

2226 4056 2327 4096 nus
2351 4041 2464 4111 ipse
2495 4037 2784 4111 evincitur.
2805 4031 2948 4111 _Vide
2975 4030 3361 4111 Origenianor._
3381 4030 3474 4085 lib.
3508 4043 3571 4111 tt,
3586 4029 3737 4111 quasi.

2222 4112 2280 4176 2,
2313 4097 2460 4165 ntim.
2488 4109 2557 4162 27
2588 4118 2643 4161 et
2673 4107 2766 4162 ‘28.
2796 4097 3236 4176 Cmterumiediti
3275 4097 3740 4176 habentenrlrbitror

2224 4163 2469 4263 596.}...
2521 4194 2677 4262 quant
2722 4179 2776 4263 inn
2819 4171 3175 4243 peccatoribus
3214 4168 3647 4263 irraltiopabil‘ibu';
3670 4163 3741 4243 Ito.

2225 4236 2472 4313 minibus,
2503 4236 2611 4302 e'tc.
2645 4247 2749 4301 Sed
2781 4236 2980 4313 omnes
3003 4257 3135 4313 tnss.
3191 4251 3298 4313 tam
3328 4241 3485 4308 hujus
3519 4236 3740 4303 Apologia

2225 4311 2680 4392 quamlibrorntn
2712 4315 2784 4392 ρο
2815 4311 3111 4392 principiis,
3145 4322 3201 4390 ut
3235 4311 3287 4364 itt
3322 4320 3508 4390 nostra
3543 4314 3686 4360 textu.

2297 4389 2531 4460 (28)Sic
2561 4378 2937 4460 ms.‘Reg'i_us.
2991 4381 3064 4460 Ita
3109 4381 3272 4460 etiam
3322 4379 3501 4460 caeteri
3550 4389 3674 4460 mss:
3701 4378 3741 4424 et

768 4467 953 4537 "01rd
985 4464 1102 4534 μὲν
1135 4465 1435 4537 ϐοός-,Δοιοτ
1489 4460 1688 4537 Graeca
1735 4463 1847 4537 hinc
1897 4460 2115 4537 eshibel
2147 4482 2190 4537 ο
2219 4445 2527 4537 editi/nisi"
2551 4456 2693 4526 quod
2752 4445 3003 4537 omittant
3027 4450 3361 4537 Iinicedentes,
3400 4458 3470 4537 ξι
3507 4446 3623 4524 editi
3648 4445 3738 4537 Alta:

555 4530 1215 4608 imper-aloe.lusiintanus
1244 4535 1308 4585 ad
1335 4532 1566 4608 calcent
1588 4531 1870 4608 _epistol_;e_
1893 4533 1960 4585 ad
2005 4530 2116 4608 Me:

555 4600 719 4673 nant;
752 4614 804 4659 et
855 4605 1232 4673 Hieronymus,
1266 4602 1490 4671 epistola
1539 4600 1627 4673 9b
1654 4601 1719 4654 ad
1774 4604 2023 4673 Avitum,
2062 4600 2115 4654 id

556 4669 718 4732 etiam
761 4676 974 4729 crimini
1012 4669 1168 4729 vertit
1214 4669 1432 4740 Origeni
1488 4670 1630 4739 quod
1664 4672 1860 4725 dixerit
1913 4669 2116 4724 Filium

556 4747 1046 4821 qttoguantinorem
1088 4745 1346 4821 Patreteo
1369 4744 1506 4810 quod
1529 4741 1788 4821 secundus
1825 4743 1888 4794 ab
1911 4741 2001 4821 illo
2024 4741 2116 4821 sit,

555 4808 604 4875 ἐι
635 4808 890 4887 Spiritum
925 4825 1165 4868 sanctum
1190 4808 1666 4887 inferioremilio
1694 4813 1749 4887 in
1779 4813 1978 4887 sanctis
2000 4811 2120 4887 qui-

555 4879 756 4956 busque
805 4887 1000 4940 versari
1025 4902 1042 4940 :
1070 4894 1224 4954 atque
1248 4879 1604 4956 ‘ltocuordine
1638 4881 1890 4956 majorem
1938 4879 2115 4956 Patris

554 4949 922 5030 fortitudinem
969 4949 1265 5030 essequam
1300 4949 1528 5030 Filiinet
1564 4949 1799 5020 Spiritus
1842 4951 2036 5030 sancti,
2067 4959 2114 5030 et

555 5017 764 5083 rursum
786 5027 1038 5092 majorem
1067 5017 1197 5079 Filii
1227 5022 1591 5086 fortitudinem
1607 5017 1724 5075 esse
1754 5037 1919 5092 quant
1944 5017 2116 5092 Spiri-

558 5111 642 5153 tus
701 5089 994 5152 sanctiset
1034 5102 1409 5162 consequenter
1458 5093 1619 5157 ipsius
1668 5093 1839 5144 sancti
1885 5089 2117 5154 Spiritus

555 5171 804 5239 majorem
831 5183 942 5220 esse
979 5168 1218 5239 virtutem
1249 5162 1450 5239 cwteris
1471 5179 1587 5229 qua:
1623 5173 1806 5239 sancta
1836 5162 2112 5239 dicuntur.

562 5230 685 5296 llaEc
715 5239 941 5291 ltutinus
966 5236 1284 5304 quibusdam
1315 5233 1590 5295 detractis,
1619 5233 1937 5304 quibusdam
1967 5230 2118 5282 addi-

559 5312 629 5365 tis
676 5300 1064 5370 emollivitfac
1108 5305 1247 5359 forte
1283 5304 1405 5356 inde
1434 5312 1518 5358 est
1569 5303 1713 5371 quod
1763 5300 2118 5371 lliet'uttyttttts

555 5378 646 5433 lib.
674 5394 710 5432 ιι
740 5390 794 5433 et
822 5393 882 5431 ιιι
924 5367 1172 5431 adversus
1220 5372 1471 5440 Ruﬁnum
1526 5367 1866 5427 contenderit
1911 5367 1996 5422 vel
2030 5367 2118 5421 Di-

558 5451 800 5519 dymnm,
828 5449 928 5519 velA
968 5450 1257 5515 ipsummet
1310 5443 1587 5519 liminum,
1618 5442 1700 5519 vel
1733 5441 1898 5492 alium
1933 5441 2117 5492 nescio

556 5513 718 5586 quem
755 5527 863 5571 tam
894 5513 1082 5572 Griece
1129 5532 1291 5585 quam
1327 5514 1520 5586 Latine
1563 5514 1615 5566 in
1679 5513 1868 5586 bonam
1906 5519 2114 5586 partem

558 5579 840 5657 plet-asque
886 5589 951 5641 de
1006 5579 1161 5641 Filio'
1183 5599 1245 5657 et
1269 5584 1476 5657 Spiritu
1528 5591 1717 5657 sancto
1757 5579 2117 5657 blasphemias

555 5651 923 5710 commutasse
947 5672 1066 5726 qua:
1090 5657 1142 5709 in
1169 5651 1357 5726 Graeco
1384 5654 1539 5722 hujus
1564 5651 1836 5726 Apologia:
1854 5658 2113 5726 contextu

561 5719 980 5795 comparebant;
1036 5727 1178 5795 quod
1234 5725 1287 5778 in
1346 5719 2114 5795 interpretationelibrorum

561 5795 699 5858 Heri
736 5789 1130 5865 ἀρχῶν,ἰιιιί]ε
1165 5795 1312 5850 locus
1338 5793 1426 5848 hic
1453 5793 1687 5858 eruitur,
1727 5790 1921 5845 l‘ccisse
1967 5789 2115 5844 Ruti-

2219 4514 2381 4585 beatti
2415 4529 2466 4583 in
2500 4514 2626 4591 line,
2669 4519 3174 4594 pet-maneatuLibri
3212 4535 3347 4594 vero
3392 4519 3466 4594 De
3516 4514 3738 4594 principiis

2219 4612 2326 4653 tattt
2359 4598 2486 4652 editi
2528 4586 2688 4666 qttatn
2735 4609 2891 4658 tuss.,
2929 4589 3016 4661 qui
3048 4600 3167 4643 sunt
3206 4590 3262 4643 in
3297 4590 3447 4643 bonis
3482 4586 3681 4648 actibus,
3704 4589 3739 4634 ιι

2216 4671 2269 4723 in
2296 4668 2398 4722 Deo
2426 4675 2750 4734 permanent.

2289 4720 2402 4806 (2‘9)
2426 4720 2598 4798 'Editi,
2638 4750 2813 4806 omnes
2841 4728 3202 4806 rationabiles,
3238 4727 3396 4782 Verbi
3433 4720 3740 4806 Dei._Deindc

2218 4796 2563 4869 ἱὶάοιιιόἀιιί,
2587 4796 2643 4858 et
2674 4804 2794 4856 libri
2831 4801 2905 4854 De
2958 4800 3230 4866 principiis
3280 4809 3390 4852 tam
3443 4796 3567 4869 editi
3606 4804 3737 4869 quam

2217 4861 2374 4942 issi...
2408 4861 2677 4939 sapientia:
2707 4883 2754 4925 et
2780 4861 3009 4939 justitia:
3033 4861 3160 4924 :sed
3186 4884 3377 4924 omnes
3407 4867 3559 4937 bnjus
3585 4861 3740 4932 Apolo-

2216 4950 2339 5020 gia:
2355 4964 2480 5020 mss.
2516 4956 2572 5020 ut
2601 4946 2854 5020 intexta.
3096 5009 3107 5020 D
3711 4999 3719 5009 .

2288 5018 2402 5082 (50)
2436 5015 2538 5071 Sed
2570 5024 2617 5066 et
2651 5015 2747 5066 hoc
2771 5013 2939 5082 ipsum
2966 5009 3107 5082 quod
3129 5017 3202 5062 est
3240 5018 3290 5082 et
3315 5015 3577 5082 perinane!
3607 5013 3738 5056 omnis

2216 5075 2480 5150 creatura,
2511 5086 2743 5152 Operatio
2779 5075 2850 5136 est
2886 5075 3173 5133 DeiPutris
3203 5079 3291 5148 qui
3317 5075 3454 5152 dicit
3482 5092 3500 5130 :
3529 5075 3628 5142 Ego
3647 5083 3737 5148 sum

2217 5160 2308 5227 qui
2342 5148 2500 5213 sunt:
2524 5148 2640 5225 qua:
2693 5152 2920 5227 pervenit
2943 5165 3106 5227 super
3140 5165 3348 5227 0tn_nes._
3375 5148 3496 5214 lpse
3534 5155 3601 5225 est
3627 5151 3737 5227 (eauti

2336 5208 2496 5281 solent
2535 5208 2840 5297 'suum'oriri
2866 5208 3046 5297 jubet"
3067 5219 3188 5290 (ms.
3221 5208 3438 5297 Regius,
3469 5208 3737 5297 miriﬁci!)

2217 5284 2371 5364 s'uper
2394 5298 2553 5350 bonos
2575 5303 2624 5347 et
2652 5293 2843 5364 malos,
2864 5284 2918 5364 et
2937 5284 3253 5364 pluitjnper
3269 5284 3445 5364 justas
3465 5296 3510 5339 et
3534 5284 3737 5364 injust-bit:

2220 5349 2752 5422 litecdesiderantnr
2782 5349 2841 5414 in'
2867 5349 3019 5413 libris
3047 5349 3185 5430 napi
3223 5349 3442 5430 ἀρχῶῇ-
3475 5349 3590 5408 tam
3611 5349 3738 5430 inlitis

2216 5452 2376 5507 quam
2415 5449 2567 5507 tnss_.,
2599 5433 2685 5487 ubi
2715 5445 2812 5500 pro
2845 5431 2948 5484 illis
2969 5429 3146 5507 verbis
3174 5428 3366 5507 legitur
3393 5426 3484 5506 lib.
3512 5426 3736 5507 uram}:

2221 5493 2372 5560 t'tntn.
2407 5506 2480 5560 6:
2517 5493 2599 5557 Ea:
2623 5519 2682 5556 eo
2715 5493 2903 5554 'autem
2939 5499 3030 5568 qui
3070 5514 3183 5553 vere
3228 5493 3329 5557 cst,
3361 5496 3454 5565 qui
3506 5493 3622 5546 dixit
3668 5496 3740 5568 ρετ

2220 5577 2439 5646 Moysen
2460 5591 2480 5629 :
2516 5574 2624 5643 Ego
2651 5588 2768 5627 sum
2799 5560 3064 5646 quisum,
3095 5560 3608 5646 omniumquiecunque
3643 5560 3736 5646 {uti}

2215 5635 2528 5715 pariicipant
2556 5635 2585 5697 ἶ
2608 5658 2724 5712 qua:
2765 5635 3097 5708 participatio
3131 5639 3221 5690 Dei
3261 5636 3434 5689 Patris
3468 5635 3736 5715 ρεῖυεηξίλτξ

2219 5693 2548 5770 bnmesrtam
2584 5693 2775 5783 justas.
2811 5693 2968 5783 quani
3012 5719 3306 5783 peccatores
3340 5715 3389 5783 et
3443 5693 3733 5783 rationabilft

2218 5798 2371 5852 atque
2399 5771 2894 5848 irrationabilesfet
2935 5781 2988 5834 in
3012 5771 3188 5833 omnia
3230 5776 3439 5832 omnino
3469 5786 3578 5830 aute
3616 5771 3726 5821 sunt.
