3942 6514
167 372 275 430 569

1356 361 1698 421 nomen
1732 358 1870 417 eno
1904 339 2239 416 omnese."

3309 349 3412 404 570

169 491 266 560 qui
298 487 460 543 solem
489 503 644 543 suum
677 487 807 543 oriri
843 486 993 558 jubet
1025 502 1182 556 super
1215 486 1377 541 bonos
1405 496 1454 541 et
1487 485 1674 551 malos,
1698 493 1744 538 et
1778 487 1821 544 Α
1853 481 2037 536 limam
2067 476 2434 549 cognitionem
2487 473 2790 542 praivalens
2828 471 3134 545 pervenire,
3158 469 3413 540 despera-

167 579 310 652 pluit
332 594 492 651 super
503 578 684 647 justas
715 595 765 634 et
801 580 1027 650 injustas
1056 579 1130 631 δι.
1157 596 1176 629 ι

732 707 983 748 ιΝτειιιιιι.
1017 706 1178 747 NOVA.

237 808 488 862 Arbitror
516 808 683 863 Deum
707 811 913 878 quidem
943 819 990 863 et
1018 809 1249 873 Patrem,
1267 827 1381 863 cum
1413 809 1586 863 omnia
1613 825 1736 861 con-

168 882 361 942 tineat,
390 881 459 931 ad
496 882 898 949 unumquodque
924 882 1118 934 entium
1149 881 1435 945 pervenire,
1473 896 1582 933 esse
1612 880 1736 932 uui-

167 950 358 1014 cuique
406 949 784 1018 impertientem
830 952 894 1004 de
941 967 1035 1003 suo
1068 950 1214 1018 :ipse
1247 953 1382 1004 enim
1418 960 1492 1003 est
1523 951 1613 1018 qui
1640 959 1736 1003 est.

168 1021 354 1074 Minor
380 1035 499 1073 vero
531 1019 688 1074 Patre
720 1018 895 1074 Filius
921 1022 988 1072 ad
1026 1020 1138 1074 sola
1190 1020 1530 1073 rationabilia
1557 1034 1735 1087 perve-

168 1092 280 1150 nit;
307 1100 384 1142 est
416 1091 552 1143 enim
606 1091 864 1144 secundus
889 1109 918 1144 a
948 1087 1128 1142 Patre.
1161 1089 1349 1143 Adhuc
1379 1092 1533 1143 etiam
1567 1090 1739 1142 minor

167 1158 421 1230 Spiritus
449 1171 664 1214 sanctus
705 1163 774 1212 ad
824 1161 965 1230 solos
999 1170 1204 1214 sanctos
1253 1162 1529 1230 pertingit.
1559 1159 1645 1212 Ita
1675 1176 1739 1212 ea:

167 1231 263 1282 hoc
306 1228 484 1298 major
500 1241 575 1282 est
597 1239 829 1296 potestas
855 1229 1052 1293 Patris,
1083 1247 1240 1298 quam
1266 1229 1397 1283 Filii
1426 1228 1475 1283 et
1500 1228 1738 1292 Spiritus

165 1299 377 1372 sancti;
408 1299 634 1368 amplior
663 1301 786 1354 item
827 1310 1054 1372 potestas
1103 1299 1255 1364 Filii,
1302 1316 1460 1372 quam
1503 1298 1737 1372 S_piritus

164 1370 369 1433 sancti;
403 1387 466 1422 ac
507 1386 717 1424 rursum
769 1371 1109 1437 pra'stantior
1165 1381 1236 1424 est
1288 1368 1460 1424 sancti
1509 1368 1736 1439 Spiritus

163 1440 354 1503 virtus,
383 1456 539 1509 quam
565 1440 792 1494 aliorum
823 1450 1126 1494 sanctorum
1158 1444 1381 1494 entium.

231 1548 568 1606 Purust.
603 1549 667 1604 Et
693 1560 816 1619 post
851 1550 1074 1604 multam
1107 1550 1174 1606 de
1203 1549 1361 1606 Patre
1391 1561 1441 1606 et
1473 1550 1611 1606 Filio
1641 1565 1735 1622 per

165 1643 580 1711 Seripturarum
607 1644 848 1713 exempla
886 1644 1267 1711 assertionem,
1301 1645 1510 1700 addidit
1538 1646 1689 1699 haec:

230 1736 532 1791 ORIGENES.
567 1755 584 1788 ι
615 1735 851 1805 Spiritus
893 1751 1022 1792 vero
1048 1737 1222 1792 saneti
1259 1737 1732 1808 participationem

1851 571 2000 626 tione
2033 571 2110 623 rei
2147 578 2204 623 et
2233 578 2451 638 stupore
2500 566 2800 636 proclamat
2833 573 2886 617 et
2915 564 3068 631 dicit;
3115 562 3160 616 0
3184 562 3413 615 altitudo

1846 662 2154 716 divitiarum
2188 658 2457 727 sapientia:
2483 667 2529 712 et
2563 656 2793 710 scientia:
2822 655 2918 710 Dei
2935 656 3012 709 "l
3043 654 3154 723 (55)
3185 654 3248 708 Et
3268 653 3412 722 quod

1847 748 2228 819 desperatione
2269 745 2524 818 perfecta:
2555 743 3051 813 comprehensionis
3091 743 3202 798 haec
3231 743 3412 796 excla-

1845 840 2100 902 maverit,
2128 838 2251 892 audi
2282 838 2456 904 ipsum
2483 836 2786 890 dicentem:
2818 835 2987 900 Quam
3016 834 3411 887 inscrustabilia

1844 942 1966 986 sunt
1992 931 2199 1002 judicia
2243 930 2360 993 Dei,
2399 939 2445 983 et
2475 945 2632 997 quant
2667 927 3044 996 iitvestigabiles
3070 928 3167 980 via?
3188 927 3302 993 eius
3324 925 3405 978 “l

1846 1025 1959 1080 Non
1990 1028 2136 1078 enim
2187 1024 2322 1077 dixit
2352 1020 2565 1076 difﬁcile
2598 1033 2756 1089 posse
2783 1019 3038 1080 serutari,
3064 1019 3155 1072 sed
3185 1018 3408 1072 omnino

1845 1133 1950 1172 non
1993 1131 2175 1186 posse,
2207 1114 2412 1183 judicia
2455 1112 2548 1168 Dei
2577 1130 2590 1166 :
2622 1126 2720 1165 nec
2771 1110 2906 1164 dixit
2933 1109 3149 1164 dillieile
3184 1108 3408 1162 investi-

1844 1211 1958 1280 gari
2004 1223 2162 1276 posse
2207 1208 2324 1262 vias
2379 1206 2519 1275 ejus,
2573 1204 2666 1259 sed
2721 1217 2825 1256 non
2870 1216 3026 1271 posse
3072 1199 3408 1270 investigari.

1844 1300 2324 1370 Quantumcunque
2371 1297 2515 1352 enim
2563 1297 2685 1366 quis
2732 1293 3021 1349 scrutando
3065 1300 3411 1360 promoveat.

1843 1403 1897 1447 et
1928 1393 2106 1448 studio
2141 1391 2252 1461 (56)
2307 1389 2596 1445 intentiore
2645 1387 2914 1460 proliciat,
2975 1385 3146 1456 gratia
3196 1395 3410 1452 quoque

1845 1484 1937 1540 Dei
1994 1484 2231 1554 adjutus,
2288 1497 2556 1551 sensuque
2605 1481 2956 1543 illuminatus,
2996 1478 3062 1533 ad
3111 1477 3410 1547 perfectum

1845 1575 2003 1630 ﬁnem
2038 1591 2224 1630 eorum
2259 1589 2378 1645 qum
2417 1575 2786 1643 requiruntur,
2823 1572 3105 1640 pervenire
3133 1586 3236 1624 non
3259 1575 3412 1637 pote-

1843 1667 1948 1736 rit;
1982 1683 2082 1722 nec
2108 1668 2282 1720 omnis
2309 1680 2464 1720 meus
2487 1679 2605 1734 qua:
2635 1672 2814 1719 creata
2845 1672 2949 1728 est,
2973 1661 3223 1731 possibile
3249 1660 3411 1714 habet

1843 1759 1950 1814 ullo
2009 1773 2205 1830 genere
2261 1757 2764 1826 comprehendere:
2809 1755 2902 1810 sed
2963 1770 3083 1808 eum
3149 1751 3414 1806 invenerit

167 1841 194 1878 a
227 1827 447 1920 sanctis
483 1827 852 1920 tantummodo
903 1827 1089 1920 haberi
1134 1831 1456 1920 invenimIJS-
1508 1829 1737 1900 Propter
1769 1857 1810 1912 Β
1840 1827 2233 1920 aliquantulum
2277 1861 2342 1900 ex
2381 1847 2464 1901 his
2494 1861 2613 1915 quae
2653 1853 2990 1916 quaeruntur,
3036 1843 3233 1897 iterum
3264 1841 3411 1895 videt

163 1917 300 1983 quod
333 1915 541 1970 dicitur
565 1934 578 1969 :
605 1914 773 1972 Nemo
796 1929 961 1985 potest
989 1919 1162 1972 dicere
1187 1918 1299 1992 (51)
1331 1919 1608 1974 Dominum
1639 1921 1736 1978 Je-

161 2025 296 2070 sum,
329 2008 437 2062 nisi
460 2009 510 2061 in
548 2007 753 2077 Spiritu
787 2022 970 2064 sancto
994 2011 1060 2065 ⁸³.
1094 2011 1160 2066 Et
1188 2014 1276 2066 vix
1318 2011 1608 2080 aliquando
1637 2014 1737 2084 ipsi

164 2099 400 2168 apostoli
443 2099 586 2167 digni
623 2100 888 2154 habentur
926 2101 1452 2170 audirezAccipietis
1495 2105 1736 2158 virtutem

162 2191 574 2259 superuenientis
605 2189 836 2259 Spiritus
857 2193 1030 2245 sancti
1059 2193 1115 2246 in
1133 2209 1222 2248 vos
1240 2193 1304 2247 ".
1340 2193 1570 2262 Propter
1593 2196 1735 2264 quod

163 2291 212 2336 et
237 2297 588 2351 consequens
628 2291 782 2350 puto,
813 2285 939 2352 quia
983 2283 1072 2350 qui
1106 2284 1414 2352 peccaverit
1457 2285 1510 2338 in
1543 2284 1735 2339 Filium

164 2373 427 2439 hominis,
481 2373 639 2428 venia
687 2375 880 2444 dignus
929 2375 1093 2440 est“,
1128 2389 1226 2443 pro
1276 2389 1342 2429 eo
1397 2375 1537 2445 quod
1574 2375 1618 2430 is
1646 2375 1737 2445 qui

166 2464 326 2520 Verbi
365 2465 451 2519 vel
482 2466 708 2520 rationis
733 2475 814 2520 est
848 2466 1138 2536 particeps,
1170 2467 1214 2522 si
1251 2466 1466 2521 desinat
1498 2467 1739 2520 rationa-

163 2559 349 2614 biliter
384 2560 586 2623 vivere,
635 2558 849 2612 videtur
900 2559 952 2612 in
1017 2559 1403 2630 ignorantiam,
1438 2559 1522 2615 vel
1557 2559 1739 2614 stulti-

165 2651 288 2704 tiam
322 2650 620 2711 deeidisse.
651 2658 706 2704 et
745 2659 963 2718 propter
993 2651 1093 2704 hoc
1126 2650 1334 2704 veniam
1383 2651 1682 2719 promereri
1721 2669 1736 2706 :

163 2743 249 2811 qui
275 2751 468 2796 autem
510 2741 622 2808 jam
655 2743 848 2812 dignus
875 2751 961 2798 est
1010 2743 1228 2797 habitus
1276 2745 1450 2798 sancti
1501 2742 1738 2813 Spiritus

161 2834 606 2903 participatione,
657 2843 711 2886 et
745 2845 892 2887 retro
940 2834 1102 2888 fuerit
1147 2849 1464 2902 conversus,
1517 2836 1607 2892 hic
1655 2852 1741 2891 re-

165 2926 276 2995 ipsa
335 2935 401 2980 et
451 2939 614 2994 opere
670 2926 1074 2996 hlasphemasse
1117 2926 1319 2982 dicitur
1375 2927 1427 2981 in
1471 2927 1735 2997 Spiritum

162 3028 439 3073 sanctum.
477 3036 496 3069 ι

230 3108 572 3165 Passennus.
607 3107 720 3178 (32)
767 3109 920 3176 Quod
972 3111 1116 3166 sicut
1165 3110 1328 3167 Pater
1387 3111 1534 3166 novit
1586 3110 1739 3165 initia

1841 1941 1942 1996 alia
1978 1956 2098 2012 quae
2130 1939 2418 2011 quaerenda
2445 1949 2586 1994 sunt.
2627 1937 2781 2004 Quod
2810 1938 2852 1991 si
2878 1945 2932 1990 et
2966 1935 3032 1989 ad
3072 1937 3181 2002 ipsa
3215 1946 3408 2003 perve-

1840 2033 2002 2097 nerit,
2055 2032 2221 2086 multo
2271 2033 2464 2086 iterum
2509 2033 2660 2101 plura
2706 2046 2769 2086 ex
2808 2030 2916 2083 illis
2957 2043 3074 2098 qua:
3117 2026 3284 2098 quazri
3317 2025 3412 2080 de-

1839 2124 2024 2191 beant,
2056 2122 2380 2190 pervidebit.
2411 2121 2640 2190 Propter
2683 2120 2826 2190 quod
2869 2129 2922 2172 et
2979 2115 3412 2187 sapientissimus

1841 2213 2098 2268 Salomon
2146 2221 2392 2266 naturam
2431 2226 2609 2265 rerum
2644 2225 2740 2281 per
2760 2208 3076 2277 sapientiam
3107 2215 3403 2268 contuens,

1839 2304 1913 2358 ait
1946 2322 1960 2358 :
1992 2302 2138 2367 Dixi,
2169 2305 2378 2374 sapiens
2402 2302 2616 2374 eﬂiciar,
2640 2312 2687 2356 et
2724 2302 2836 2370 ipsa
2872 2299 3132 2368 sapientia
3158 2297 3306 2366 longe
3328 2295 3415 2366 [a-

1839 2405 1922 2449 cta
1951 2405 2026 2449 est
2065 2412 2097 2449 a
2139 2411 2241 2459 me,
2273 2394 2423 2463 longe
2453 2398 2568 2463 plus
2615 2409 2772 2462 quam
2821 2401 3040 2446 erat:et
3082 2390 3411 2444 altitudinem

1845 2485 2167 2555 profundam
2191 2484 2307 2555 quis
2339 2484 2561 2537 inveniet
2581 2483 2624 2514 "
2645 2483 2669 2535 ‘t
2690 2481 2796 2536 Sed
2825 2491 2881 2536 et
2910 2479 3077 2534 Isaias
3120 2481 3296 2535 sciens
3329 2492 3414 2532 re-

1839 2591 1961 2631 rum
2012 2576 2164 2631 initia
2198 2590 2228 2629 a
2266 2585 2460 2629 natura
2511 2573 2725 2628 mortali
2775 2571 3003 2626 inveniri
3053 2586 3158 2625 non
3229 2584 3410 2640 posse,

1840 2669 1935 2723 sed
1969 2682 2037 2723 nc
2064 2668 2132 2720 ab
2159 2667 2244 2722 his
2270 2667 2488 2736 quidem
2515 2665 2722 2720 naturis
2753 2679 2870 2734 quae
2910 2663 3155 2731 quamvis
3183 2661 3413 2715 divinio-

1841 2773 1930 2814 res
1957 2757 2066 2811 sint
2092 2757 2205 2828 (57)
2237 2771 2398 2826 quam
2428 2757 2660 2810 humana
2693 2763 2798 2817 est,
2828 2755 2981 2808 facta!
3007 2765 3183 2807 tamen
3211 2761 3264 2804 et
3288 2754 3414 2820 ipsa:

1841 2857 1966 2902 sunt
1998 2847 2078 2902 vel
2113 2855 2311 2901 creatae
2341 2862 2353 2898 :
2384 2845 2563 2901 sciens
2603 2860 2732 2915 ergo
2769 2845 2910 2913 quod
2944 2860 2972 2898 a
3027 2843 3172 2898 nulla
3222 2845 3411 2896 harum

1844 2955 2019 3008 neque
2072 2940 2308 3002 initium,
2360 2954 2535 3007 neque
2588 2939 2711 2992 linis
2760 2938 2988 2992 inveniri
3045 2946 3241 3007 potest,
3291 2937 3408 2988 ait:

1844 3029 2035 3084 Priora
2065 3047 2184 3100 qua:
2229 3031 2422 3100 fuerint
2455 3031 2633 3094 dicite,
2661 3040 2708 3084 et
2735 3030 2958 3082 sciemus
2997 3032 3119 3099 quia
3152 3028 3225 3080 dii
3251 3027 3372 3079 estis
3393 3039 3413 3078 :

1845 3123 1921 3177 vel
1952 3123 2228 3176 novissima
2255 3139 2372 3190 qua:
2397 3122 2525 3182 sint,
2544 3123 2875 3183 annuntiate,
2903 3129 2950 3172 et
2984 3131 3103 3170 tunc
3131 3117 3412 3170 videbimus

164 3201 414 3254 omnium
446 3216 568 3270 qua:
595 3210 739 3263 sunt,
766 3210 820 3256 et
851 3201 1003 3269 lines,
1031 3203 1110 3257 sic
1126 3211 1177 3258 et
1211 3202 1400 3269 Filius,
1429 3205 1512 3259 sic
1541 3215 1594 3258 et
1619 3206 1740 3275 Spi-
1767 3217 1808 3274 ο
1840 3211 1977 3281 quod
2017 3213 2089 3262 dii
2127 3212 2250 3263 estis
2270 3210 2340 3282 υθέ.
2377 3210 2487 3279 (58)
2523 3208 2656 3262 Nam
2714 3220 2768 3264 et
2824 3208 3081 3263 Hebrtvus
3115 3207 3306 3260 doctor
3335 3206 3412 3259 ita

165 3293 296 3348 ritus
331 3301 565 3348 sanctus
595 3293 752 3358 sciat,
799 3293 908 3363 (55)
942 3310 1007 3347 eo
1050 3295 1194 3363 quod
1231 3295 1338 3350 Deo
1372 3297 1628 3366 possibile
1657 3308 1742 3353 est

163 3398 386 3438 omnem
438 3393 744 3438 creaturam
797 3399 1149 3452 cognoscere.
1218 3385 1293 3441 De
1341 3395 1543 3457 quarto
1596 3387 1738 3445 libro

165 3475 299 3544 Περὶ
342 3472 570 3544 ἀρχῶν.

228 3567 531 3622 Οιιιςεκεε.
559 3567 676 3638 (54)
711 3587 729 3620 ι
777 3567 974 3624 Paulus
1023 3568 1299 3638 apostolus
1346 3582 1444 3638 per
1477 3568 1738 3640 Spiritum

164 3669 420 3712 sanetum
459 3660 551 3727 qui
579 3669 950 3729 perscrutatur
974 3659 1138 3715 etiam
1170 3658 1436 3728 profunda
1468 3660 1590 3723 Dei,
1620 3661 1741 3716 alti-

166 3753 413 3806 tudinem
450 3752 760 3806 divitiarum
786 3753 1068 3822 sapientia:
1095 3767 1159 3806 ac
1180 3753 1422 3808 scientiae
1451 3751 1547 3809 Dei
1581 3769 1737 3808 scru-

163 3850 302 3907 tans,
340 3859 445 3897 nec
471 3851 650 3897 tamen
681 3845 746 3899 ad
778 3845 963 3908 linem,
990 3854 1066 3911 et,
1097 3855 1154 3899 ut
1180 3844 1250 3898 ita
1275 3845 1527 3912 dixerim,
1558 3847 1623 3901 ad
1657 3849 1738 3902 in-

229 3937 272 3969 ”
302 3936 502 3992 Matth.
541 3951 593 4000 ν,
625 3936 716 3993 45.
813 3937 859 3970 ⁸¹
888 3937 906 3990 ι
938 3937 1066 3993 Cor.
1095 3953 1191 3999 xu,
1227 3938 1281 3992 5.
1384 3939 1431 3970 ⁸³
1459 3941 1583 3995 Act.
1618 3957 1656 4003 ι.
1682 3941 1736 3998 8.

163 4005 207 4037 ⁸⁸
233 4006 377 4063 ibid.
453 4005 498 4038 ⁸¹
529 4007 708 4064 Eecle.
734 4022 833 4072 vn,
866 4007 958 4073 24,
995 4007 1087 4063 25.
1162 4009 1208 4040 ⁸⁸
1236 4009 1337 4065 lsa.
1367 4025 1478 4078 xu,
1506 4011 1598 4078 22,
1627 4013 1714 4068 25.

231 4123 354 4201 (51)
393 4121 558 4184 Editi,
592 4122 1048 4201 DominusJesus.
1079 4127 1280 4201 Deinde
1321 4143 1453 4201 mss.
1484 4129 1729 4201 plerique

164 4196 452 4267 omittunt.
481 4197 910 4267 supervenientis.
967 4198 1094 4252 Mss.
1131 4199 1309 4267 plures
1341 4196 1602 4254 librorum
1641 4196 1728 4256 ὀε

167 4264 446 4330 principiis
480 4263 699 4328 habent,
721 4263 1180 4332 supervenientem.

234 4333 357 4402 (52)
397 4332 560 4396 Editi,
592 4334 745 4398 Quod
790 4337 836 4388 si
887 4337 1049 4390 l’ater
1099 4339 1238 4391 novit
1290 4337 1444 4392 initia
1494 4343 1725 4396 omnium

165 4420 280 4473 quae
308 4412 466 4465 sunt,
499 4414 548 4456 et
591 4403 741 4472 ﬁnes,
773 4406 848 4458 sic
867 4417 913 4458 et
943 4405 1136 4471 Filius,
1158 4407 1230 4461 sic
1260 4419 1306 4460 et
1348 4408 1583 4474 Spiritus
1611 4429 1730 4466 san-

166 4488 276 4528 ctus
301 4475 446 4528 sciat
469 4473 520 4543 id
547 4476 685 4542 quod
714 4477 1027 4543 impossibile
1053 4490 1126 4530 est
1175 4482 1315 4532 omni
1353 4473 1605 4534 creatum
1643 4499 1730 4535 co-

167 4559 441 4616 gnoscere.
476 4542 804 4616 sedomues
839 4562 969 4600 mss.
1003 4557 1060 4598 ut
1089 4549 1139 4600 in
1190 4559 1376 4602 nostro
1425 4560 1594 4616 textu,
1629 4553 1732 4606 nisi

167 4612 310 4695 quod
350 4612 490 4667 alius
521 4613 715 4670 habeat
740 4615 930 4681 Deum,
961 4615 1052 4670 alii
1096 4617 1224 4682 Dei;
1252 4628 1306 4672 et
1337 4618 1477 4674 alius
1507 4612 1603 4674 scit
1653 4637 1751 4692 pro

169 4694 326 4738 aetat.

238 4754 366 4823 (55)
397 4752 641 4828 quuod
684 4755 795 4828 Deo
833 4757 1076 4824 possibile
1119 4766 1218 4828 est.
1266 4757 1342 4811 Ita
1371 4758 1588 4828 quidem
1618 4775 1747 4817 mss.

170 4825 282 4878 fere
312 4825 492 4879 nostri
521 4841 726 4880 omnes.
753 4825 849 4880 Ms.
881 4841 1005 4880 vero
1030 4829 1088 4882 S.
1122 4825 1400 4884 Michaelis
1421 4829 1473 4882 in
1503 4828 1752 4886 Periculo

173 4895 369 4957 maris,
397 4910 458 4948 eo
489 4898 629 4963 quod
677 4897 998 4963 impossibile
1046 4909 1146 4961 est,
1171 4908 1276 4953 etc.
1307 4899 1412 4953 Sed
1446 4900 1651 4954 rectius
1681 4902 1755 4956 le-

169 4964 355 5038 gendis
365 4968 924 5038 m_cut_u_antea_editis,
949 4967 1006 5038 id
1027 4969 1164 5038 quod
1183 4969 1502 5037 impossibile
1524 4981 1620 5036 est,
1639 4981 1748 5026 etc.

511 5033 616 5119 lib.‘
638 5050 688 5088 tv
717 5035 793 5114 De
819 5033 1066 5119 princip.)
1091 5033 1364 5119 ιιιιιιιζξβ.

243 5105 369 5173 (55)
383 5105 551 5166 Alias,
570 5114 616 5156 et
644 5108 801 5175 quia:
824 5108 896 5161 al.
919 5117 966 5160 et
983 5110 1254 5176 quoniam.
1279 5109 1378 5163 Ms.
1396 5107 1454 5162 S.
1473 5107 1754 5166 Michaelis

176 5173 229 5226 in
253 5173 510 5253 Pericula
539 5178 704 5253 maris
730 5191 1049 5253 perperam,
1077 5189 1298 5253 etquam
1316 5182 1744 5253 desperationem.

245 5245 370 5315 (56)
411 5245 577 5318 ΕιΙίιὶ,
619 5247 884 5318 interiori,
920 5249 1077 5300 male.
1116 5245 1282 5303 Paulo
1309 5245 1430 5318 post
1473 5264 1604 5305 mss.
1634 5251 1753 5314 plu-

177 5329 288 5381 res,
317 5315 616 5384 sensimque
656 5315 1030 5381 illuminatus;
1058 5327 1114 5374 et
1149 5315 1338 5387 postea
1393 5319 1543 5386 editi,
1573 5323 1752 5390 requi-

177 5399 386 5439 rentur.

245 5454 365 5525 (57)
401 5453 569 5518 Alias,
597 5471 757 5525 quam
777 5455 1042 5523 humana,
1081 5456 1238 5525 factm
1263 5468 1458 5522 tamen,
1499 5467 1606 5513 etc.

249 5523 370 5596 (58)
407 5523 617 5580 Eadem
639 5527 752 5579 fere
781 5523 1120 5594 reperiuntur
1164 5531 1262 5584 ιιι).
1296 5545 1314 5583 1
1349 5527 1426 5580 De
1451 5529 1746 5596 principiis,

179 5595 306 5670 cap.
335 5595 392 5670 5_,
425 5611 574 5670 num.
603 5595 673 5670 ιμῇ
691 5597 777 5649 ubi
808 5597 992 5670 Graeca
1025 5600 1136 5670 haec
1151 5595 1502 5670 apponuntur
1535 5615 1598 5653 ex
1623 5599 1751 5670 Epi-

179 5667 324 5736 stula
346 5664 634 5719 Justiniani
663 5665 1007 5734 imperatoris
1046 5668 1112 5721 ad
1145 5664 1350 5721 Menam
1380 5664 1748 5736 patriareham

180 5735 833 5808 iloiistantiiiopulitanum
869 5753 882 5788 :
922 5737 1114 5808 Ἔλεγε
1147 5737 1204 5790 δὲ
1235 5739 1264 5790 ὁ
1301 5735 1547 5808 Ἑϐραῖος
1577 5740 1647 5792 τὰ
1690 5741 1748 5792 ὲν

182 5804 262 5876 τῷ
309 5804 504 5876 Ἦσαζᾳ
543 5803 636 5859 δύο
665 5807 903 5878 σεραφὶμ
923 5803 1264 5879 ἐξαπίτέρυγα
1296 5803 1601 5880 κεκραγότα
1633 5811 1748 5863 ἓτε-

1833 3943 1880 3975 ⁸⁵
1911 3943 2101 3999 Matth.
2151 3961 2247 4014 xu,
2282 3945 2384 4011 52;
2443 3943 2574 3998 Luc.
2620 3959 2718 4009 xu,
2761 3942 2851 3998 10.

1849 3303 2116 3368 tradebat,
2152 3317 2252 3372 pro
2276 3317 2342 3356 eo
2373 3303 2516 3370 quod
2569 3302 2722 3355 initia
2756 3301 2995 3354 omnimn
3031 3299 3111 3354 vel
3157 3298 3276 3352 linis
3308 3312 3412 3350 non

1846 3403 2030 3466 posset
2055 3393 2122 3447 ab
2147 3393 2254 3448 ullo
2281 3394 2690 3464 comprehendi,
2723 3394 2823 3447 nisi
2853 3393 3224 3446 tantummodo
3244 3405 3272 3444 a
3310 3390 3416 3443 Do-

1847 3491 1994 3544 mino
2025 3487 2152 3544 Jesu
2191 3489 2409 3543 Christo
2463 3497 2517 3542 et
2575 3487 2642 3540 ab
2699 3485 2902 3554 Spiritu
2947 3493 3156 3549 sancto,
3211 3482 3416 3537 ideirco

1848 3581 2027 3636 aiebat
2076 3595 2174 3650 per
2211 3579 2438 3648 ﬁguram
2496 3577 2720 3632 visionis
2778 3573 2970 3629 Isaiam
3022 3575 3224 3630 dixisse
3283 3573 3416 3626 duos

1845 3671 2122 3741 seraphim
2171 3671 2315 3726 solos
2351 3684 2470 3725 esse
2503 3669 2592 3738 qui
2625 3669 2839 3724 duabus
2873 3669 3085 3737 quidem
3135 3668 3234 3720 alis
3281 3679 3414 3735 Ope»

1848 3761 1997 3815 riunt
2053 3759 2243 3815 faciem
2297 3761 2415 3826 Dei,
2451 3761 2660 3814 duabus
2694 3774 2823 3814 vero
2874 3760 3060 3829 pedes,
3103 3767 3156 3812 et
3203 3755 3413 3810 duabus

1847 3851 2035 3906 volare
2062 3866 2177 3916 eos,
2207 3861 2260 3906 et
2291 3851 2404 3922 (59)
2443 3851 2681 3906 clamare
2713 3850 2778 3904 ad
2829 3849 3061 3903 invicem
3093 3848 3195 3903 sibi
3230 3847 3413 3900 dicen-

2955 3941 3000 3973 ⁵⁸
3033 3940 3186 3995 Iiom.
3222 3954 3296 4006 ιι,
3320 3938 3412 3994 53.

1838 4150 1965 4206 pou,
1989 4134 2082 4206 ua).
2115 4133 2371 4201 λέγονταο
2401 4134 2612 4206 Ἄγιος,
2658 4131 3034 4206 Exiguane;
3056 4130 3263 4206 _Kp'ptog
3306 4130 3412 4206 Σατ-

1835 4199 2003 4267 ὅαὼθ,
2035 4205 2124 4257 τὸν
2154 4199 2432 4275 Μονογενῆ
2453 4203 2591 4259 εἶναι
2621 4199 2713 4275 τοῦ
2740 4201 2874 4254 Θεοῦ
2905 4199 2998 4275 seu
3020 4203 3079 4275 eo
3100 4199 3329 4275 ΔΠνξῦμᾳ
3351 4201 3414 4256 τὸ

1834 4276 2013 4356 anew
2035 4277 2206 4356 ,ἡμεῖς
2229 4271 2449 4356 οἰόμεθά
2477 4274 2696 4356 ὃτιλξωιὶ
2722 4275 2779 4326 ὲν
2808 4275 2884 4356 τῇ.
2911 4272 3020 4356 εξ)δῇ
3068 4271 3409 4356 Ἀμϐιυεοίιμ,

1839 4364 1857 4395 ι
1883 4346 1971 4416 ’Ev
1985 4343 2133 4415 μέάῳ
2151 4344 2243 4397 δύο
2256 4343 2408 4409 ζώων
2421 4345 2726 4416 γνωσθήσῃ,
2740 4360 2832 4394 »πε
2842 4343 2894 4416 p1
2911 4343 3142 4416 Χριστοῦ
3153 4343 3243 4396 καὶ
3254 4343 3414 4416 ἁγίου

1836 4412 2173 4485 Πνεύματὸς.
2239 4412 2452 4468 Dicebat
2490 4412 2769 4468 autem'vet
2829 4412 3082 4485 llebrteus
3139 4415 3410 4485 magister,

1765 4522 1807 4576 Β
1836 4483 2110 4576 quodldito
2163 4485 2256 4576 ill'a
2303 4488 2573 4576 serapltim‘
2597 4500 2727 4568 quia.
2753 4485 2807 4536 in
2837 4483 3156 4576 IsaiaJseni‘s.
3181 4483 3300 4576 alis”
3317 4484 3410 4536 de-

1850 4555 2152 4608 scribuntur
2181 4557 2464 4608 clamantia
2506 4557 2573 4607 ad
2612 4555 2836 4608 invicem
2874 4563 2922 4606 et
2965 4555 3189 4606 dicentia
3213 4567 3233 4604 .'
3269 4555 3410 4606 San-

1853 4635 1992 4690 ctus,
2031 4637 2268 4686 sanetus,
2303 4636 2524 4678 sanctus
2556 4624 2814 4677 Dominus
2847 4624 2988 4678 Deus
3039 4624 3300 4688 Sabaoth,
3346 4625 3412 4677 de

1851 4697 2117 4764 unigenito
2151 4693 2290 4747 Filio
2321 4695 2436 4758 Dei,
2469 4706 2516 4747 et
2553 4695 2760 4760 Spiritu
2785 4706 2965 4764 sancto
3005 4704 3170 4747 essent
3215 4693 3416 4746 intem-

1850 4763 2040 4834 genda.
2102 4764 2215 4818 Nos
2252 4781 2368 4818 vero
2420 4776 2664 4830 putamus
2688 4766 2845 4817 etiam
2882 4763 3014 4816 illud
3040 4767 3178 4832 quod
3213 4765 3264 4817 in
3289 4780 3412 4816 can-

1853 4833 1955 4889 tico
1991 4833 2244 4887 Iiabacuc
2274 4835 2376 4904 (Ill,
2405 4836 2462 4904 2)
2494 4836 2690 4886 dictant
2719 4846 2816 4896 est,
2859 4834 2910 4887 in
2935 4837 3111 4888 medio
3170 4839 3246 4886 vet
3279 4835 3411 4904 duro-

1852 4920 1970 4959 rum
2019 4903 2350 4968 animalium,
2380 4903 2458 4958 vel
2487 4907 2712 4960 duarum
2765 4905 2994 4956 vitarum
3042 4903 3408 4972 cognosceris,

1851 4974 1916 5028 de
1962 4973 2168 5028 Christo
2211 4985 2256 5027 et
2287 4976 2351 5026 de
2380 4973 2580 5042 Spiritu
2615 4986 2794 5028 sancto
2833 4974 3013 5026 sentiri
3041 4974 3245 5026 debere.
3285 4972 3410 5028 llaec

1851 5055 2030 5100 autem
2057 5042 2309 5111 Origenis
2338 5043 2714 5112 interpretatio
2747 5046 2820 5098 ita
2859 5043 3184 5112 Hieronymo
3210 5052 3412 5096 stoma-

1851 5115 2012 5168 chum
2046 5115 2234 5172 movit.
2266 5122 2324 5166 ut
2355 5114 2573 5183 impiam
2625 5114 2770 5167 illam
2803 5121 2860 5166 et
2908 5113 3286 5183 detestandam
3321 5127 3412 5183 ape

1850 5184 2012 5252 pellet
2048 5184 2140 5236 lib.
2201 5199 2259 5236 ιιι
2323 5185 2378 5235 in
2430 5181 2630 5237 Isaiam
2673 5193 2728 5238 et
2783 5184 2942 5250 epist.
2993 5183 3056 5236 41
3091 5182 3160 5235 al.
3219 5181 3288 5235 65
3341 5182 3408 5235 ad

1851 5253 2256 5321 l’aunnachium
2309 5264 2363 5306 et
2403 5253 2694 5308 Oceanum.
2753 5253 2859 5308 Sed
2911 5253 3029 5306 vide
3085 5267 3192 5320 quo
3251 5262 3410 5321 pacto

1850 5333 2139 5378 excusetur
2169 5320 2535 5392 Origenianor.
2570 5324 2662 5376 lib.
2703 5337 2761 5386 ιι,
2791 5332 2982 5392 quaest.
3009 5321 3064 5386 2,
3099 5320 3371 5377 ιιιιιιιί26.

1924 5393 2035 5465 (59)
2067 5393 2167 5446 Ms.
2194 5393 2541 5465 Sorbonicus,
2569 5405 2615 5444 et
2634 5393 2917 5465 clamantes
2944 5394 3022 5465 ad
3037 5393 3265 5465 invicem
3285 5393 3406 5465 sibi,
3451 5423 3465 5436 ς

1851 5473 1900 5519 et
1921 5461 2164 5517 dicentes.
2194 5461 2269 5515 Ita
2296 5463 2456 5516 etiam
2511 5462 2631 5516 libri
2685 5463 2762 5517 De
2805 5463 3076 5529 principiis
3113 5472 3219 5516 tam
3279 5463 3406 5516 editi

1853 5550 2013 5603 quam
2048 5548 2199 5599 mss.,
2236 5533 2337 5586 nisi
2365 5534 2507 5603 quod
2541 5533 2688 5603 prius
2716 5533 2962 5594 habeant,
2995 5543 3044 5587 et
3085 5533 3289 5585 duabus
3314 5548 3408 5603 vo-

1851 5601 1984 5658 lant.
2015 5604 2149 5657 Editi
2183 5602 2503 5672 veroghujus
2539 5601 2806 5672 Apologia»:
2831 5641 2846 5665 ,
2891 5612 2943 5672 et
2991 5604 3276 5657 clamantes
3303 5602 3406 5655 sibi

1850 5676 2065 5727 invicem
2085 5675 2280 5727 dicere.
2313 5671 2408 5726 Ms.
2450 5674 2510 5725 S.
2542 5671 2814 5727 Michaelis
2849 5673 2902 5726 in
2931 5671 3172 5728 Perieulo
3201 5673 3366 5728 maris
3389 5714 3404 5737 ,

1849 5755 1895 5797 et
1929 5746 2208 5798 clamantes
2233 5745 2301 5796 ad
2333 5742 2547 5798 invicem
2575 5743 2768 5800 dicere.
2804 5743 2910 5799 Sed
2945 5743 3125 5801 caeteri
3175 5759 3307 5802 mss.
3350 5753 3409 5802 ut

1851 5815 1903 5870 in
1935 5824 2098 5869 textu.
