3902 6532
472 390 569 445 571

1670 378 1725 434 S.
1770 377 2088 432 PAMPIIILI
2129 373 2494 444 MARTYRIS}

3606 361 3715 416 572

475 519 558 566 les
593 525 604 561 :
637 509 884 571 Sanctus,
933 513 1178 565 sanctus,
1229 509 1440 554 sanctus
1479 497 1734 553 Dominus
1770 499 1908 552 Deus
1953 497 2045 553 Sa-
2073 505 2116 560 Α
2149 499 2276 553 illud
2304 507 2384 551 est
2407 496 2550 564 quod
2585 493 2855 546 revelante
2881 489 3022 545 Filio
3055 487 3144 542 Dei
3171 501 3234 542 ac
3261 485 3465 556 Spiritu
3515 495 3715 537 sancto

475 605 658 665 baoth,
702 602 855 670 plena
897 609 971 655 est
1017 601 1262 652 universa
1307 606 1446 649 terra
1486 595 1654 665 gloria
1685 605 1775 648 tua
1795 596 1859 650 ³⁸.
1890 594 2040 661 Quod

475 710 605 764 ergo
650 693 760 748 sola
803 691 1076 760 seraphim
1121 700 1379 759 utrasque
1429 687 1542 742 alas
1593 702 1718 743 suas
1752 688 1948 742 habent
1989 688 2041 739 in

479 786 616 838 facie
644 783 803 837 Deiet
836 785 886 835 in
922 782 1147 850 pedibus
1176 779 1313 849 ejus,
1355 777 1466 847 (40)
1491 777 1777 832 videndum
1803 786 1886 830 est
1915 791 2043 845 pro-

479 878 750 940 nuntiare,
781 876 922 943 quod
963 887 1134 942 neque
1156 872 1426 925 exercitus
1458 881 1770 923 sanctorum
1820 867 2040 937 angelo-

482 983 621 1032 rum,
645 983 816 1035 neque
853 977 1054 1020 sancta:
1086 965 1262 1028 sedes,
1287 977 1461 1031 neque
1488 962 1903 1021 dominationes,
1941 975 2036 1012 ne-

476 1073 586 1127 que
637 1057 991 1126 principatus,
1054 1068 1230 1120 neque
1278 1060 1572 1123 potestates
1625 1050 1766 1105 scire
1825 1057 2049 1119 possunt

477 1151 686 1219 integre
739 1149 950 1202 initium
1014 1147 1279 1208 omnium,
1329 1153 1380 1198 et
1436 1142 1597 1195 ﬁnem
1657 1140 2024 1195 universitatis

480 1240 586 1296 Sed
621 1239 1021 1307 intelligendum
1052 1244 1133 1290 est
1163 1243 1381 1289 sanctos
1409 1233 1560 1298 istos,
1590 1247 1726 1299 quos
1756 1245 2013 1284 enumera

476 1336 672 1397 vimus,
718 1331 941 1399 spiritus
989 1341 1043 1383 et
1096 1328 1322 1380 virtutes
1360 1325 1638 1393 proximas
1683 1323 1897 1392 quidem
1927 1335 2047 1376 csse

479 1421 609 1491 ipsis
641 1419 832 1486 initiis,
865 1427 918 1472 et
945 1421 1219 1484 attingere
1246 1422 1453 1468 tantum
1487 1422 1748 1481 quantum
1787 1411 2043 1479 consequi

479 1526 585 1566 non
633 1509 806 1564 valent
868 1509 1082 1580 reliqui.
1121 1505 1504 1562 Verumtamen
1563 1512 2039 1574 quantumcunque

2148 589 2432 645 didicerint
2462 588 2579 642 ista:
2608 587 2856 647 virtutes,
2886 579 3283 650 quamplurima
3313 578 3532 646 quidem
3563 590 3720 629 asse-

2149 681 2240 750 qui
2273 686 2546 748 poterunt,
2579 685 2633 729 et
2679 674 2847 728 multo
2897 671 3050 740 plura
3095 669 3305 738 priores
3341 664 3719 727 inferioribus,

2147 771 2327 825 omnia
2371 779 2550 822 tamen
2601 761 3062 833 comprehendere
3095 757 3429 827 impossibile
3470 755 3552 808 eis
3609 764 3720 817 est,

2144 863 2267 932 quia
2308 861 2564 930 scriptum
2603 864 2734 911 est:
2775 850 3180 922 Quamplurima
3234 863 3298 902 ex
3331 847 3576 914 operibus
3623 843 3723 896 Dei

2143 957 2196 1010 in
2228 956 2434 1010 secretis
2467 951 2668 1006 sunt".
2705 947 2855 1003 Unde
2892 954 2946 1000 et
2962 943 3196 1014 optabile
3219 951 3374 996 estut
3394 954 3491 1009 pro
3511 937 3724 992 viribus

2143 1063 2203 1103 se
2238 1045 2611 1113 unusquisque
2644 1055 2857 1108 semper
2885 1036 3142 1092 extendat
3173 1034 3240 1087 ad
3293 1050 3353 1088 ea
3381 1050 3501 1102 qua:
3533 1033 3725 1100 priora

2141 1150 2286 1204 sunt,
2327 1155 2386 1192 ea
2409 1153 2523 1208 qua:
2551 1135 2661 1198 (41)
2695 1141 2981 1187 retrorsum
3011 1138 3130 1182 sunt
3162 1126 3469 1181 Oblivisceris
3496 1125 3566 1192 ⁶¹,
3609 1134 3727 1178 tam

2145 1227 2210 1278 ad
2249 1239 2412 1293 opera
2464 1223 2704 1281 meliora,
2739 1235 2899 1289 quam
2949 1219 3110 1271 etiam
3165 1215 3232 1269 ad
3281 1229 3504 1269 sensum
3568 1212 3731 1267 inte].

2141 1316 2442 1384 lectumque
2503 1313 2811 1383 puriorem,
2867 1325 2964 1378 per
3017 1307 3198 1363 Jesum
3256 1307 3535 1361 Christum
3602 1307 3728 1360 Sal-

2142 1418 2385 1464 vatorem
2424 1416 2691 1470 nostrum,
2728 1403 2812 1457 cui
2865 1410 2947 1458 est
2974 1402 3140 1473 gloria
3187 1402 3239 1456 in
3272 1401 3473 1457 smcula
3503 1398 3732 1454 saeculo-

2146 1513 2285 1551 rum.
2321 1514 2340 1547 ι

1931 1611 2158 1668 CAPUT
2201 1608 2261 1664 V.

1703 1711 1779 1764 De
1807 1707 2171 1762 incarnatione
2208 1703 2361 1757 Verbi
2391 1702 2504 1756 Dei.

549 1810 836 1867 ORIGENES.
869 1806 979 1879 (49.)
1025 1825 1043 1857 ι
1080 1804 1137 1860 In
1163 1804 1309 1861 omni
1337 1804 1468 1859 orbe
1493 1813 1788 1868 terrarum,
1813 1802 1864 1856 in
1894 1800 2038 1855 omni

2213 1799 2367 1850 Πᾶσα
2400 1797 2455 1850 δὲ
2499 1796 2704 1860 Ἑλλὰς.
2749 1796 2844 1849 καὶ
2891 1795 3160 1869 βάρϐαρος
3188 1797 3222 1868 ἡ
3253 1795 3394 1851 κατὰ
3417 1795 3518 1868 τὴν
3550 1795 3736 1848 οἰκου-

478 1902 685 1958 tirzecia
713 1911 874 1970 atque
922 1899 1121 1954 exteris
1157 1899 1463 1953 nationibus
1514 1896 1779 1951 innumeri
1830 1903 1954 1948 sunt
1989 1904 2044 1947 et

480 1995 751 2059 immensi,
783 1995 870 2064 qui
906 1993 1110 2048 relictis
1162 1992 1352 2061 patriis
1388 1989 1618 2059 legibus,
1666 1999 1721 2042 et
1775 1988 1860 2042 his
1906 2001 2044 2055 quos

481 2087 743 2157 putabant
767 2087 919 2150 deos,
957 2085 1040 2138 vel
1073 2083 1414 2139 observantia
1466 2082 1632 2154 Moysi
1693 2081 1846 2152 legis,
1878 2082 1930 2134 in
1959 2079 2042 2134 di-

481 2179 800 2248 scipulatum
846 2193 904 2231 se
935 2176 1134 2230 Christi
1189 2175 1500 2243 cultumque
1545 2171 1930 2236 tradiderunt;
1986 2180 2041 2224 ct

482 2271 584 2326 hoc
617 2286 722 2323 non
764 2269 880 2323 sine
912 2265 1112 2336 ingenti
1145 2265 1268 2320 odio
1294 2280 1481 2319 eorum
1520 2264 1611 2333 qui
1641 2263 1926 2318 simulacra
1956 2277 2047 2316 ve-

482 2368 781 2424 nerantur;
821 2360 891 2411 ita
925 2369 979 2411 ut
1010 2358 1074 2412 ab
1113 2357 1196 2411 his
1255 2355 1567 2425 frequenter
1619 2366 1672 2410 et
1715 2354 2047 2410 cruciatibus

479 2444 808 2519 afﬂigantur,
843 2463 1226 2517 nonnunquam
1259 2448 1417 2501 etiam
1451 2459 1682 2513 agantur
1709 2447 1760 2499 in
1795 2440 2052 2499 mortem.‘

480 2538 894 2606 Amplecluntur
951 2547 1149 2602 tamen,
1197 2547 1251 2591 et
1282 2552 1404 2591 cum
1435 2535 1580 2591 omni
1617 2533 1810 2589 allecto
1862 2543 2046 2589 custo-

481 2627 634 2681 diunt
656 2628 914 2680 doctrinae
942 2626 1140 2680 Christi
1161 2640 1483 2681 sermonem.
1515 2625 1579 2678 Et
1605 2633 1689 2678 est
1709 2625 1892 2679 videre
1913 2639 2049 2694 quo-

481 2718 644 2772 niodo
674 2716 822 2770 brevi
849 2727 1088 2783 tempore
1113 2718 1225 2784 ipsa
1248 2715 1434 2786 religio
1455 2716 1709 2778 creverit,
1739 2717 1912 2784 pmnis
1934 2716 2045 2786 (45)

477 2808 746 2863 cultorum
777 2809 1147 2877 mortibnsque
1199 2809 1512 2877 proﬁciens,
1563 2809 1655 2863 sed
1693 2815 1745 2862 et
1781 2810 2046 2862 bonorum

478 2900 892 2969 direptionibus,
917 2911 1078 2969 atque
1106 2902 1250 2956 omni
1279 2903 1345 2956 ab
1366 2901 1450 2956 bis
1475 2900 1822 2956 alliictioaum
1855 2917 2051 2970 genere

483 2993 731 3048 tolerato.
764 2993 828 3048 lit
857 3009 920 3047 eo
948 2995 1181 3047 maxime
1217 2995 1412 3046 mirum
1463 3002 1567 3057 est,
1599 2994 1741 3063 quod
1775 3008 1840 3047 ne
1866 2993 2053 3049 docto-

484 3099 574 3141 res
605 3085 820 3155 quidem
851 3085 948 3154 ipsi
989 3085 1071 3138 vel
1109 3086 1240 3138 satis
1277 3085 1452 3138 idonei
1483 3095 1629 3148 sunt,
1659 3084 1742 3138 vel
1773 3085 1906 3138 satis
1933 3085 2048 3153 plu-

2148 1891 2312 1962 μένην
2332 1891 2362 1960 ἡ
2372 1889 2506 1958 μῶν,
2531 1887 2774 1959 ζηλωτὰς
2790 1887 2901 1958 ἔχει
2925 1888 3168 1959 μυρίους,
3187 1887 3588 1949 καταλιπόντας
3601 1886 3734 1950 τοὺς

2146 1982 2424 2054 πατρῴους
2457 1981 2652 2051 νόμους
2684 1979 2776 2033 καὶ
2803 1979 3183 2050 νομιζομένους
3219 1979 3394 2042 θεοὺς,
3426 1978 3532 2048 τῆς
3553 1977 3734 2048 τηρή-

2147 2092 2283 2137 σεως
2330 2072 2436 2125 τῶν
2478 2071 2718 2134 Μωσέως
2752 2071 2952 2141 νόμων,
2995 2071 3088 2123 καὶ
3135 2071 3233 2141 τῆς
3263 2070 3572 2141 μαθητείας
3620 2068 3736 2123 τῶν

2158 2164 2328 2235 Ἰησοῦ
2351 2161 2582 2234 Χριστοῦ
2613 2161 2785 2230 λόγων
2803 2178 2817 2190 ⁸
2847 2162 3088 2230 καίτοιγε
3125 2163 3468 2233 μισουμένων
3505 2162 3605 2233 μὲν
3627 2163 3738 2215 ὑπὸ

2146 2256 2254 2309 τῶν
2279 2255 2344 2308 τὰ
2387 2255 2678 2325 ἀγάλματα
2713 2255 3177 2325 προσκυνούντων,
3214 2253 3322 2308 τῶν
3356 2255 3435 2326 τῷ
3484 2255 3738 2318 Μωσέως

2145 2349 2292 2420 νόμῳ
2321 2348 2785 2421 προστιθεμένων·
2806 2349 2899 2401 καὶ
2928 2347 3024 2418 τὴν
3043 2349 3134 2401 ἐπὶ
3160 2348 3370 2419 Θανάτῳ
3401 2347 3458 2400 δὲ
3490 2348 3631 2418 πρὸς
3654 2348 3739 2418 τῷ

2151 2441 2445 2512 μισεῖσθαι,
2483 2441 2897 2503 κινδυνευόντων
2922 2441 3029 2493 τῶν
3049 2441 3139 2493 τὸν
3163 2441 3254 2494 τοῦ
3285 2440 3460 2512 Ἰησοῦ
3490 2439 3737 2511 Χριστοῦ

2146 2533 2302 2600 λόγον
2344 2532 2820 2605 παραδεξαμένων·
2841 2522 2947 2584 ’καὶ
2982 2531 3077 2584 ἐὰν
3109 2533 3490 2602 ὲπιστήσωμεν
3519 2531 3641 2596 πῶς
3677 2532 3742 2584 ἐν

2150 2625 2356 2696 σφόδρα
2380 2625 2578 2693 ὀλίγοις
2608 2624 2774 2685 ἔτεσι,
2805 2623 2913 2677 τῶν
2943 2622 3344 2693 ὁμολογούντων
3361 2622 3454 2674 τὸν
3474 2624 3741 2692 Χριστια-

2148 2719 2338 2786 νισμὸν
2369 2716 2888 2785 ἐπιϐουλευομένων,
2941 2715 3034 2768 καί
3075 2733 3237 2768 τινων
3271 2714 3358 2768 διὰ
3382 2714 3548 2770 τοῦτο
3586 2716 3744 2768 ἀναιο

2153 2810 2447 2881 ρουμένων,
2485 2809 2687 2880 ἐτέρων
2714 2808 2769 2859 δὲ
2800 2806 3142 2860 ἀπολλύντων
3167 2806 3264 2868 τὰς
3296 2807 3546 2877 κτήσεις,
3579 2805 3740 2858 δεδύ-

2150 2921 2304 2973 νηται
2342 2903 2370 2954 ὁ
2403 2901 2578 2969 λόγος,
2622 2899 2861 2966 καίτοιγε
2909 2897 3027 2950 οὐδὲ
3053 2896 3159 2949 τῶν
3201 2897 3541 2975 διδασκάλων
3576 2897 3744 2950 πλεο-

2151 2995 2418 3058 ναζόντων
2445 3032 2460 3056 ,
2505 2991 2808 3061 πανταχόσε
2865 2988 3206 3062 κηρυχθῆναι
3247 2990 3346 3059 τῆς
3373 2989 3738 3060 οἰκουμένης,

2152 3087 2289 3140 ὥστε
2315 3086 2577 3157 ’Έλληνας
2599 3086 2692 3138 καὶ
2718 3083 3042 3155 βαρϐάρους,
3067 3081 3260 3152 σοφούς
3274 3099 3334 3134 τε
3355 3083 3451 3135 καὶ
3467 3083 3743 3152 ἀνοήτους

483 3191 592 3230 res.
637 3175 967 3231 Praedicator
990 3186 1166 3230 tamen
1196 3191 1374 3230 sermo
1402 3177 1503 3230 iste
1545 3177 1765 3231 inomni
1796 3176 1926 3230 orbe
1948 3187 2048 3230 ter-

2157 3149 2486 3252 προσθέσθαι
2513 3180 2578 3248 τῇ
2609 3149 2911 3246 διάλιήσοΰ
2957 3149 3256 3245 θεοσεϐείᾳ,
3291 3174 3477 3244 μεῖζον
3521 3174 3555 3245 ἢ
3593 3149 3744 3229 πατὰ

485 3281 691 3333 rarum,
725 3268 797 3320 ita
840 3279 898 3321 ut
925 3267 1100 3322 Graaci
1133 3283 1195 3321 ac
1225 3268 1477 3333 barbari,
1512 3269 1785 3339 sapientes
1815 3278 1870 3321 et
1917 3268 2052 3322 insi-

479 3358 694 3428 pientes
725 3359 836 3428 (Η)
875 3359 1189 3429 religionem
1221 3359 1546 3414 Christianae
1593 3358 1859 3413 doctrina:
1885 3358 2054 3412 susci-

484 3450 661 3520 piant.
695 3449 770 3503 Ex
805 3466 912 3519 quo
943 3451 1163 3505 dubium
1216 3466 1324 3504 non
1367 3460 1452 3504 est
1484 3465 1587 3505 non
1639 3450 1753 3504 ha‘c
1803 3448 2053 3504 humanis

482 3542 694 3596 viribus
728 3551 820 3594 aut
847 3542 1040 3610 opibus
1069 3543 1175 3610 agi,
1233 3553 1291 3595 ut
1327 3557 1447 3595 cum
1486 3542 1631 3595 omni
1683 3551 1952 3611 potestate
1998 3549 2054 3596 et

483 3634 838 3702 persuasione
873 3648 1052 3688 sermo
1080 3632 1206 3687 Jesu
1235 3634 1436 3688 Christi
1466 3634 1606 3701 apud
1631 3634 1870 3687 omnium
1901 3646 2052 3686 men-

486 3734 567 3778 tes
589 3734 752 3794 atque
781 3725 991 3778 animos
1016 3724 1378 3779 convalescat.
1407 3725 1538 3778 Nam
1565 3734 1620 3779 et
1644 3725 1900 3794 praedicta
1932 3739 2052 3780 esse

487 3811 558 3867 ab
588 3828 652 3868 eo
681 3815 797 3867 haec
832 3814 970 3882 ipsa,
1003 3823 1056 3867 et
1080 3815 1277 3868 divinis
1304 3814 1371 3869 ab
1405 3828 1469 3869 eo
1522 3814 1796 3882 responsis
1850 3815 2052 3869 conﬁr-

487 3910 655 3966 mata,
689 3903 1034 3957 manifesrum
1067 3913 1150 3957 est
1175 3919 1298 3957 cum
1332 3905 1483 3969 dicit,
1538 3906 1661 3974 quia
1694 3907 1833 3973 apud
1865 3906 2053 3975 prazsi-

485 3993 577 4048 des
613 4005 660 4049 et
680 3995 890 4064 judices
924 3997 1261 4051 adducemiui
1294 3996 1406 4068 (45)
1436 4008 1645 4067 propter
1694 4015 1795 4062 me,
1835 4002 1888 4051 in
1916 3999 2055 4052 testi-

2154 3271 2437 3340 ἄνθρωπον
2479 3269 2540 3321 τὸ
2594 3269 2825 3339 πρᾶγμα
2885 3263 3024 3321 εἶναι
3052 3265 3231 3334 λέγειν
3261 3265 3322 3318 ού
3361 3264 3696 3336 διστάζομεν
3723 3284 3738 3296 ·

2157 3362 2296 3434 μετὰ
2332 3363 2510 3430 πάσης
2539 3359 2784 3424 ἐξουσίας
2810 3359 2904 3412 καὶ
2936 3357 3156 3422 πειθοῦς
3185 3358 3284 3428 τῆς
3311 3357 3443 3428 περὶ
3468 3355 3567 3410 τοῦ
3601 3376 3746 3429 κρα-

2152 3453 2507 3525 τυνθήσεσθαι
2535 3453 2627 3506 τὸν
2665 3451 2822 3520 λόγον
2863 3450 2956 3504 τοῦ
3012 3450 3184 3520 Ἰησοῦ
3218 3449 3558 3514 διδάξαντος·
3594 3449 3744 3504 ὥστε

2153 3546 2387 3615 εὐλόγως
2411 3546 2692 3616 χρησμοὺς
2715 3544 2780 3598 ἂν
2808 3543 3026 3614 νομίσαι
3051 3542 3147 3606 τὰς
3165 3540 3349 3609 φωνὰς
3375 3541 3566 3605 αὐτοῦ,
3605 3537 3741 3603 οἷον,

2149 3638 2232 3690 ὃτι
2261 3638 2356 3689 ἐπὶ
2382 3635 2688 3701 ,ϐασιλέων
2711 3635 2807 3690 καὶ
2834 3634 3139 3703 ἡγεμόνων
3163 3631 3509 3701 ἀχθήσεσθε
3530 3633 3748 3687 ἕνεκεν

2150 3728 2318 3797 ἐμοῦ,
2345 3731 2432 3791 εὶς
2453 3727 2776 3796 μαρτύριον
2815 3725 3035 3789 αὐτοῖς,
3071 3723 3166 3777 καὶ
3193 3723 3316 3790 τοῖς
3343 3725 3576 3780 ἔθνεσι.
3607 3728 3745 3788 Καὶ,

2152 3818 2375 3873 Πολλοὶ
2396 3818 2604 3887 ἐροῦσι
2619 3836 2721 3886 μοι
2741 3817 2811 3870 ἐν
2834 3817 3032 3884 ἐκείνῃ
3062 3815 3134 3884 τῇ
3157 3815 3363 3885 ἡμέρᾳο
3401 3818 3602 3886 Κύριε,
3630 3820 3750 3872 Κύ-

2148 3925 2260 3976 ριε,
2292 3909 2363 3961 οὺ
2383 3905 2460 3972 τῷ
2481 3906 2725 3975 ὀνόματι
2753 3920 2869 3960 σου
2899 3905 3216 3975 ἐφάγομεν,
3251 3903 3348 3957 καὶ
3382 3903 3465 3970 τῷ
3492 3907 3750 3976 ὀνόματι
3818 3957 3834 3978 _

2155 4015 2271 4054 σου
2302 4000 2568 4069 ἐπίομεν,
2603 3999 2701 4052 καὶ
2749 3997 2830 4064 τῷ
2875 3998 3118 4067 ὀνόματί
3169 4013 3284 4052 σου
3326 3997 3610 4067 δαιμόνια
3648 3999 3750 4063 ἐξ-

1710 4094 2270 4150 lNTERPRETATIO
2312 4093 2523 4151 NOVA.

555 4189 625 4243 At
648 4189 896 4244 universa
932 4196 1041 4242 tum
1065 4189 1294 4253 Graicia,
1329 4198 1439 4242 tum
1471 4205 1592 4257 quae
1618 4205 1716 4258 per
1738 4191 2052 4245 universum
2089 4201 2335 4246 nostrum
2367 4201 2638 4244 terrarum
2680 4187 2866 4242 orbem
2899 4196 3046 4256 patet
3070 4185 3358 4258 Barbaria,
3404 4186 3742 4241 innumeros

486 4258 652 4329 habet
682 4261 773 4328 qui
801 4261 1073 4314 derelictis
1099 4261 1290 4326 patriis
1325 4259 1531 4329 legibus
1555 4257 1741 4314 et’diis
1775 4263 2030 4329 receptis,
2057 4277 2270 4314 summo
2295 4261 2476 4315 studio
2508 4259 2773 4329 Mosaicas
2809 4258 2952 4325 leges
2978 4267 3032 4329 et
3063 4257 3408 4323 disciplinam
3445 4257 3746 4310 verborum

485 4325 610 4384 Jesu
635 4325 834 4383 Christi
863 4325 1195 4390 custodiunt,
1231 4325 1479 4396 quamvis
1506 4325 1920 4383 simulacrorum
1956 4331 2258 4384 cultoribus
2298 4331 2423 4383 odio
2463 4331 2573 4384 sint
2603 4330 2693 4396 qui
2729 4327 2979 4381 Mosaicae
3007 4327 3107 4396 legi
3146 4328 3474 4390 adhaerent;
3510 4334 3566 4381 et
3597 4342 3742 4394 prae»

489 4407 572 4452 ter
597 4400 801 4464 odium,
831 4400 881 4451 in
919 4400 1042 4452 vita:
1071 4400 1311 4465 periculo
1342 4411 1628 4453 versentur
1663 4401 1751 4469 qui
1782 4398 1910 4454 Jesu
1931 4401 2133 4455 Christi
2167 4401 2473 4453 doctrinam
2499 4405 2881 4467 susceperunt.
2918 4398 3077 4469 _Qnod
3100 4397 3154 4469 Asi
3185 4398 3252 4449 ad
3278 4396 3329 4449 id
3358 4411 3584 4465 quoque
3609 4397 3744 4448 ani-

488 4483 634 4538 mum
669 4469 1056 4522 attenderimus
1091 4483 1197 4535 quo
1217 4479 1372 4536 pacto
1399 4471 1554 4524 annis
1585 4467 1693 4523 tani
1720 4471 1930 4538 paucis,
1970 4479 2052 4524 tot
2099 4469 2309 4524 insidiis
2337 4469 2564 4523 structis
2600 4470 2861 4538 adversus
2905 4467 3274 4538 Christianos,
3307 4481 3547 4534 quorum
3602 4481 3747 4538 non-

490 4537 618 4609 nulli
652 4540 848 4600 necati,
895 4538 985 4590 alii
1024 4539 1180 4591 bonis
1206 4539 1418 4592 multati
1442 4549 1585 4604 sunt,
1623 4536 1860 4609 potuerit
1883 4543 1996 4594 haec
2029 4540 2297 4604 doctrina,
2329 4539 2454 4594 licet
2487 4536 2690 4607 alioqui
2723 4553 2828 4591 non
2873 4553 3065 4609 magna
3093 4538 3164 4589 sit
3186 4537 3479 4609 doctorum
3536 4537 3704 4609 copia
3727 4576 3745 4600 ,

489 4607 690 4675 ubique
723 4618 983 4661 terrarum
1022 4609 1341 4676 praedicari,
1371 4611 1441 4661 ita
1473 4605 1722 4664 utGrieci
1765 4621 1818 4663 et
1846 4611 2086 4674 barbari,
2125 4611 2398 4678 sapientes
2432 4618 2487 4662 et
2522 4605 2939 4678 insipientesad
2973 4622 3157 4660 verum
3195 4621 3290 4674 per
3319 4605 3516 4660 Jesnm
3574 4605 3744 4660 Chri-

489 4688 628 4732 stum
662 4678 749 4732 Dei
773 4678 971 4731 cultum
993 4693 1115 4732 sese
1136 4679 1504 4746 adiunxerint,
1525 4696 1636 4734 rem
1678 4680 1931 4735 humanis
1960 4681 2166 4735 viribus
2192 4677 2462 4748 majorem
2487 4679 2673 4734 dicere
2701 4694 2804 4732 non
2837 4677 3228 4742 dubitabimus,
3255 4691 3380 4730 cunt
3420 4678 3735 4745 praesertim

559 4792 604 4823 ⁵⁸
635 4790 736 4848 lsa.
773 4807 847 4857 vr,
878 4792 936 4846 5.
998 4793 1042 4824 ⁶⁰
1073 4792 1239 4848 Eccli.
1271 4810 1384 4858 xvr,
1413 4795 1504 4848 ‘22.
1582 4796 1623 4826 ⁶¹
1653 4794 1848 4864 Philip.
1895 4811 1978 4862 In,
2017 4796 2101 4852 l5.

559 4888 670 4959 (40)
702 4887 775 4940 lla
793 4901 981 4941 omnes
1006 4904 1136 4944 mss.
1171 4892 1359 4946 nosrri.
1393 4891 1530 4945 Editi
1563 4907 1712 4953 vero,
1743 4903 1796 4945 et
1821 4892 1942 4945 libri
1978 4891 2052 4944 De
2087 4897 2132 4953 ι)
2160 4900 2216 4944 ιιι
2245 4891 2296 4945 in
2328 4899 2515 4944 nostro
2548 4898 2715 4943 textu.
2745 4888 2890 4942 Libri
2926 4902 3056 4942 vero
3093 4887 3166 4940 De
3199 4887 3431 4959 princip.
3473 4886 3747 4959 tamediti

487 4956 758 5029 principiis
792 4968 899 5011 tam
929 4958 1056 5013 editi
1110 4977 1271 5030 quant
1305 4976 1461 5025 mss.,
1498 4963 1797 5016 audendum
1836 4971 1909 5015 est
1940 4978 2057 5030 pro—
2165 4978 2327 5027 quam
2360 4977 2491 5017 mss.
2525 4960 2746 5024 habent,
2780 4961 2848 5011 ad
2879 4959 3260 5030 observantiam
3296 4956 3474 5030 Moysi
3514 4957 3668 5030 legis,
3694 4967 3747 5010 et

490 5027 752 5084 nuntiare.
1128 5027 1144 5030 “
1942 5027 1949 5030 ’
2163 5032 2560 5099 discipularum,
2592 5042 2735 5097 ete.,
2779 5041 2835 5083 et
2885 5031 2959 5082 ita
2995 5028 3282 5098 legendum
3316 5027 3539 5080 videtur
3582 5027 3746 5095 juxta

561 5100 879 5170 (ilLAlias,
915 5118 1033 5163 qua:
1054 5109 1194 5155 retro
1232 5111 1376 5162 sunt,
1403 5110 1508 5155 etc.
1536 5101 1737 5157 Deinde
1763 5102 1896 5156 editi
1923 5143 1938 5166 ,
1967 5101 2054 5155 cui
2161 5101 2366 5157 Graeca.

490 5181 560 5224 est
600 5172 787 5233 honor,
812 5181 860 5224 et
888 5174 1056 5241 gloria
1079 5175 1130 5224 in
1147 5173 1338 5226 stecula
1367 5172 1700 5226 steculorum.
1734 5176 1916 5226 Amen.
1949 5172 2053 5226 Sed

489 5256 679 5312 omnes
736 5257 864 5296 mss.
899 5253 958 5296 ut
1010 5245 1061 5296 in
1099 5253 1288 5296 nostro
1318 5253 1465 5296 textu
1489 5281 1502 5307 ,
1541 5245 1644 5297 nisi
1678 5245 1822 5312 quod
1856 5243 2057 5312 Regius

493 5311 677 5372 addat,
715 5311 898 5367 Amen.

564 5381 672 5451 (42)
701 5381 772 5434 Es
809 5382 899 5434 lib.
939 5397 988 5434 tv
1031 5381 1106 5434 De
1151 5382 1398 5451 princip.,
1432 5398 1582 5434 num.
1627 5382 1741 5436 1-5.
1768 5413 1837 5423 -
1867 5381 2056 5436 Graeca

491 5450 755 5505 eruuntur
777 5467 841 5505 ex
858 5452 1034 5520 capite
1064 5453 1237 5519 primo
1267 5450 1591 5506 l’hiiocaliw.
1615 5454 1710 5507 Ms.
1730 5452 1952 5521 Regius,
1989 5451 2056 5504 In

493 5523 721 5575 ωηιξη..
751 5533 902 5592 atque
930 5525 982 5572 in
1009 5523 1220 5592 exteris.
1259 5521 1356 5574 Ms.
1389 5524 1722 5576 Sorbonicus
1741 5564 1754 5587 ,
1783 5535 1936 5592 atque
1966 5538 2055 5575 e1:-

495 5591 793 5659 terioribus.
820 5591 964 5645 Libri
1005 5591 1079 5644 De
1101 5592 1522 5659 priudp.,atque
1557 5593 1814 5645 universis
1838 5591 2051 5645 exteris.

499 5658 699 5713 Deinde
730 5677 860 5715 mss.
901 5676 1120 5722 omnes,
1153 5673 1198 5713 et
1243 5659 1320 5713 his
1365 5658 1495 5724 quos
1531 5672 1715 5726 putant
1750 5664 1895 5714 deos.
1928 5661 2054 5714 Mss.

500 5729 832 5784 Sorbonicus
883 5741 938 5783 et
976 5730 1032 5783 S.
1068 5730 1343 5784 Michaelis
1384 5735 1435 5784 in
1477 5731 1724 5785 Periculo
1759 5731 1951 5794 maris,
1977 5730 2055 5783 rei

501 5794 564 5852 ιθ
594 5801 986 5870 repugnantiam
1016 5798 1188 5870 Moysi
1225 5800 1370 5870 legis.
1413 5799 1607 5856 Cameri
1654 5817 1784 5858 mss.
1830 5810 1892 5855 ,ει
1929 5801 2063 5855 editi

2234 5172 2347 5238 (45)
2379 5173 2470 5226 Sic
2493 5185 2683 5226 omnes
2711 5185 2841 5223 mss.
2871 5167 3011 5238 Editi
3048 5181 3195 5229 vero,
3230 5168 3548 5238 multorum,
3576 5165 3744 5219 male.

2233 5236 2346 5311 (44)
2384 5243 2548 5301 Editi,
2575 5243 2875 5312 religionem
2905 5237 3126 5312 Christi,
3156 5236 3502 5312 sivehC-Irristi
3537 5239 3744 5312 dor-tri:

2165 5305 2286 5365 nant
2321 5305 2633 5380 suscipiant.
2671 5305 2768 5363 Ms.
2797 5308 3165 5380 Sorbonicns,
3195 5308 3501 5380 religionem
3536 5305 3746 5360 Christi

2164 5399 2308 5435 sana:
2336 5378 2589 5435 doctrinm
2621 5380 2930 5448 suscipiant.
2965 5378 3159 5432 Cmteri
3212 5393 3342 5431 mss.
3382 5389 3440 5430 ut
3471 5378 3524 5431 in
3561 5386 3741 5448 textu.

2237 5453 2348 5523 (45)
2381 5452 2541 5517 Editi,
2570 5462 2783 5523 prapter
2823 5464 3012 5523 nomen
3057 5465 3246 5523 meum,
3275 5449 3329 5523 in
3371 5447 3745 5523 testimonium

2161 5516 2289 5588 illis,
2331 5516 2388 5576 ἐι
2439 5516 2698 5589 gentibus.
2741 5519 2857 5589 Mox
2892 5518 3013 5580 libri
3057 5517 3128 5569 De
3153 5517 3383 5589 princip.
3437 5526 3549 5589 tam
3605 5516 3743 5589 editi

2162 5584 2322 5658 quam
2357 5584 2490 5646 mss.
2528 5592 2733 5646 addunt
2763 5608 2776 5642 :
2816 5588 2880 5640 Et
2909 5603 3121 5640 rursum
3145 5586 3604 5658 :_Pra’dicabitur
3638 5584 3746 5636 hoc

2168 5656 2510 5730 Evangelium
2541 5663 2596 5715 in
2625 5659 3146 5730 omnibusgentibus.
3174 5656 3279 5710 Sed
3315 5658 3432 5730 hinc
3457 5664 3745 5730 postrema

2166 5723 2337 5784 verba
2361 5747 2465 5785 non
2505 5723 2927 5800 reperiunturii'n
2962 5728 3174 5794 Crteco,
3209 5741 3310 5782 nec
3354 5726 3410 5781 in
3450 5723 3586 5781 mss.
3636 5723 3746 5777 bu-

2163 5800 2252 5871 jus
2280 5798 2578 5871 Apologia,
2597 5815 2694 5857 nec
2725 5801 2775 5854 in
2797 5798 2978 5854 editis.
