3878 6516
522 461 624 519 579

1731 462 1786 520 S.
1828 462 2152 519 PAMPHILI
2193 461 2542 518 MARTYRIS

3621 478 3709 538 580

521 585 630 638 lum
696 582 1102 638 Samosatenum
1133 623 1147 648 ,
1213 597 1403 652 purum
1476 579 1754 639 hominem
1784 629 1798 652 ,
1852 585 1906 639 id
1958 596 2042 641 est
2066 628 2082 655 ,
2111 593 2158 648 Α
2188 585 2254 639 ad
2283 584 2447 640 Deum
2478 583 2692 638 Patrem
2719 584 2906 638 retulit
2937 583 3078 641 hanc
3115 600 3323 653 vocem,
3356 587 3564 649 dicens:
3589 597 3712 664 Quia

521 692 627 730 non
649 676 810 730 etiam
843 675 1004 727 Deum
1043 674 1224 728 dicere
1262 673 1540 728 Christum
1590 675 1786 730 Filium
1818 677 1935 731 Dei.

588 771 643 823 4.
678 767 786 835 (63)
816 766 963 830 Post,
995 768 1094 820 ista
1153 777 1261 830 est,
1293 783 1410 835 quae
1455 769 1572 822 istis
1617 769 1867 824 omnibus
1899 769 2082 824 adver-

525 869 681 910 satur
709 856 871 927 (caeca
913 855 1053 908 enim
1090 864 1170 910 est
1199 855 1440 929 malitia),
1469 859 1611 927 quod
1634 859 1818 914 dicunt
1851 875 1972 913 eum
2003 860 2081 912 di-

519 946 899 1019 cere,60xﬁcg,
925 946 975 1000 id
1003 955 1106 1008 est,
1131 947 1371 1014 putative
1413 957 1638 1011 tantum,
1665 959 1718 1002 et
1752 964 1846 1018 per
1881 949 2081 1018 allego-

519 1037 678 1098 riam,
705 1053 809 1091 non
841 1038 1003 1093 etiam
1031 1038 1330 1092 secundum
1373 1055 1434 1093 ea
1485 1055 1607 1108 quae
1656 1056 1750 1109 per
1798 1041 2079 1094 historiam

518 1129 848 1195 referuntur,
880 1142 1028 1202 gesta
1063 1147 1182 1188 esse
1211 1131 1389 1186 omnia
1420 1146 1541 1200 qua:
1565 1148 1592 1186 a
1620 1131 1899 1186 Salvatore
1931 1141 2080 1202 gesta

516 1231 661 1275 sunt.

585 1312 641 1368 5.
674 1313 783 1385 (σι)
818 1315 932 1368 Alia
969 1329 1183 1384 quoque
1226 1313 1532 1369 criminatio
1554 1324 1658 1379 est,
1694 1330 1795 1384 qua
1828 1322 2082 1368 asserunt

517 1419 642 1458 enm
676 1406 808 1458 duos
833 1405 1079 1459 Christos
1108 1406 1424 1474 praedicare.

599 1496 649 1549 6.
688 1495 904 1548 Addunt
952 1495 1078 1548 illud
1119 1511 1353 1565 quoque,
1403 1495 1542 1565 quod
1593 1495 1848 1550 historias
1891 1509 2082 1564 corpo-

524 1586 684 1649 rales,
711 1601 830 1654 quae
858 1601 954 1656 per
984 1601 1196 1640 omnem
1250 1598 1495 1642 sanctam
1545 1588 1884 1658 Scripturam
1938 1589 2080 1643 refe-

516 1693 710 1738 runtur
744 1685 808 1739 de
835 1686 1003 1754 gestis
1025 1695 1359 1749 sanctorum,
1395 1688 1612 1754 penitus
1656 1687 1904 1754 deneget.

584 1775 635 1830 7.
679 1775 783 1830 Sed
824 1786 876 1830 et
927 1777 991 1830 de
1033 1778 1427 1830 resurrectione
1475 1787 1847 1839 mortuorum,
1910 1785 1963 1830 et
2017 1775 2083 1832 de

515 1866 800 1936 impiorqu
837 1869 1011 1936 poenis
1057 1880 1162 1919 non
1214 1865 1313 1920 levi
1366 1866 1680 1935 impugnant
1717 1880 1838 1918 eum
1876 1863 2074 1918 calum-

2183 675 2320 730 Deus
2352 677 2581 729 charitas
2611 683 2684 728 est
2709 675 2797 730 ’⁰”.
2850 676 2952 732 Sed
2995 693 3207 732 rursum
3236 695 3300 736 ex
3340 681 3448 750 ipsa
3481 685 3584 753 ejus
3609 691 3714 761 Epi-

2180 767 2319 822 stola
2356 767 2691 835 proferemus
2717 776 2771 822 et
2801 768 2928 822 illud
2968 772 3110 840 quod
3142 771 3258 824 ait:
3294 771 3610 845 Charissimi,
3642 785 3716 837 di-

2179 860 2404 928 ligamus
2454 859 2705 924 invicem,
2755 860 3000 929 quoniam
3036 861 3268 916 Charitas
3303 880 3366 916 ea;
3414 864 3513 919 Deo
3537 879 3604 922 est
3647 872 3711 926 ⁷¹.

2182 948 2290 1017 (69)
2331 949 2430 1015 Qui
2479 964 2608 1019 ergo
2643 951 2817 1003 dixit:
2856 949 2995 1014 Quia
3055 949 3192 1005 Deus
3236 952 3460 1008 charitas
3497 969 3587 1022 est,
3618 959 3716 1031 ipse

2181 1036 2374 1091 iterum
2404 1038 2720 1094 charitatem
2750 1043 2907 1093 docet
2933 1055 3052 1094 esse
3076 1055 3142 1094 ex
3186 1042 3293 1096 Deo
3321 1056 3336 1096 :
3370 1059 3524 1113 quam
3560 1049 3715 1106 chari.

2183 1139 2345 1184 tatem
2382 1133 2544 1185 credo
2583 1147 2687 1185 non
2736 1146 2859 1187 esse
2892 1131 3078 1198 alium,
3129 1134 3233 1188 nisi
3281 1135 3598 1205 unigenitum
3643 1142 3716 1196 Fi-

2181 1220 2307 1275 lium
2345 1224 2481 1292 ejus,
2518 1223 2658 1278 sicut
2692 1223 2859 1278 Deum
2890 1239 2957 1280 ex
3003 1225 3144 1292 Deo,
3193 1227 3266 1281 ita
3313 1229 3612 1285 charitalem
3654 1248 3713 1289 ex

2181 1316 2450 1371 charitate
2479 1318 2841 1388 progenitum.
2873 1335 2892 1368 ι

2251 1409 2574 1466 ΡΑιιιιιιιιυς.
2612 1413 2683 1466 De
2717 1413 2918 1467 eisdem
2964 1412 3016 1467 in
3063 1412 3254 1483 quinto
3288 1412 3427 1468 libro
3467 1414 3529 1470 de
3570 1415 3720 1472 Evan-

2183 1501 2328 1572 gelio
2355 1505 2648 1557 secundum
2682 1502 2967 1558 Joannem.

2252 1595 2541 1650 Onmenes.
2585 1594 2693 1667 (70)
2726 1613 2744 1646 ι
2781 1594 3098 1664 Unigenitus
3147 1595 3316 1650 Filius
3361 1593 3600 1649 Salvator
3637 1612 3714 1650 no-

2182 1695 2314 1750 ster,
2346 1687 2431 1754 qui
2467 1686 2612 1741 solus
2645 1701 2709 1740 ex
2746 1686 2909 1740 Patre
2943 1697 3102 1741 natus
3131 1696 3234 1754 est,
3277 1685 3428 1742 solus
3464 1697 3639 1742 natura
3673 1697 3719 1744 et

2182 1794 2286 1833 non
2324 1779 2610 1847 adoptione
2641 1779 2806 1834 Filius
2830 1789 2929 1832 est.
2958 1797 2977 1830 ι

2253 1868 2362 1940 (7t)
2396 1869 2721 1925 Ρλυρῐιιιυς.
2761 1870 2888 1925 ltem
2922 1871 2973 1924 in
3007 1869 3125 1938 ipso
3157 1869 3313 1924 libro.

515 1958 633 2021 nia,
680 1957 824 2010 velut
875 1964 1155 2026 negantem
1206 1956 1583 2024 peccatoribus
1624 1954 1902 2009 inferenda
1957 1969 2077 2010 esse
2111 1947 2152 2004 Β
2250 1958 2535 2014 Omcexes.
2577 1978 2596 2011 ‹
2628 1959 2776 2014 Unus
2823 1975 2951 2028 ergo
2982 1969 3064 2013 est
3100 1976 3257 2014 verus
3298 1959 3439 2015 Deus
3478 1961 3562 2030 qui
3597 1961 3719 2018 solus

514 2048 796 2117 supplicia.

583 2141 634 2195 8.
678 2139 902 2205 Quidam
940 2153 1068 2192 vero
1121 2137 1511 2206 disputationes
1557 2135 1695 2206 ejus,
1743 2136 1826 2190 vel
1859 2135 2074 2206 Opinio-

514 2247 632 2296 nes,
672 2246 807 2299 quas
844 2231 908 2285 de
946 2230 1140 2284 anima:
1175 2239 1319 2284 statu
1365 2229 1446 2284 vel
1477 2228 1876 2300 dispensatione
1910 2228 2077 2283 disse-

515 2324 640 2386 ruit,
670 2321 906 2390 culpant.

583 2411 639 2466 9.
680 2412 791 2481 (65)
835 2412 1027 2467 Ultima
1069 2426 1197 2465 vero
1227 2411 1463 2465 omnium
1499 2420 1578 2465 est
1613 2410 1926 2465 criminatio
1963 2411 2074 2475 illa,

513 2517 632 2571 qua:
673 2517 793 2557 cum
825 2501 972 2555 omni
1034 2500 1378 2554 infamatione
1418 2500 1763 2569 dispergitur,
1807 2517 2078 2568 μετενσω-

514 2591 826 2664 ματὼσεως,
863 2592 913 2646 id
956 2599 1059 2655 est,
1099 2591 1239 2660 quod
1286 2591 1545 2644 humanas
1584 2591 1794 2645 animas
1841 2592 1891 2644 in
1930 2598 2075 2644 mnta

511 2683 786 2746 animalia,
827 2683 910 2737 vel
939 2691 1236 2751 serpentes,
1269 2681 1349 2734 vel
1387 2681 1618 2750 pecudes
1659 2693 1867 2736 asserat
1904 2693 2078 2736 trans-

512 2773 707 2827 mutari
738 2783 853 2840 post
886 2781 1212 2832 mortem,'et
1245 2771 1384 2838 quod
1426 2771 1586 2824 etiam
1631 2771 1760 2841 ipsa:
1807 2781 2074 2827 mutorum

508 2864 820 2919 animalium
872 2863 1063 2917 anima:
1115 2861 1462 2917 rationabiles
1501 2863 1626 2916 sint.
1675 2863 1844 2929 Quam
1892 2864 2077 2918 crimi-

511 2957 779 3012 nationem
833 2956 1031 3009 idcirco
1064 2954 1411 3007 novissimam
1465 2954 1766 3022 posuimus,
1813 2966 1872 3008 ut
1924 2955 2074 3024 plura

511 3049 577 3103 de
607 3049 755 3102 libris
783 3048 897 3116 ejus
922 3055 1306 3101 coacervantes
1335 3044 1605 3114 exempla,
1633 3045 1936 3100 evidentius
1960 3047 2074 3113 ejus

511 3139 718 3194 falsitas
753 3150 1093 3193 nosceretur.

582 3227 640 3284 Si
683 3243 812 3299 ergo
858 3231 994 3283 bene
1033 3229 1373 3284 meminimus
1408 3226 1519 3298 (66)
1571 3225 1778 3280 ordinis
1815 3226 2074 3281 crimina-

510 3319 716 3374 tionum
757 3335 911 3388 quem
957 3335 1117 3388 supra
1172 3317 1629 3390 conscripsimus,
1677 3316 1998 3386 incipiamus
2043 3333 2075 3372 a

511 3412 706 3482 prima.

651 3502 762 3575 (67)
801 3517 1084 3558 ncsronsm
1133 3519 1199 3556 AD
1239 3515 1440 3555 ιιιιιιιιηι
1487 3512 1932 3555 CBIHINATIONEII.

510 3615 665 3682 Quod
697 3633 761 3671 ea:
803 3615 911 3669 Deo
963 3613 1122 3668 Patre
1165 3626 1316 3669 natus
1367 3623 1441 3668 est
1490 3612 1684 3675 Filius,
1725 3623 1772 3665 et
1809 3614 1964 3666 unius
1995 3619 2071 3666 est

579 3703 694 3741 cum
741 3685 895 3740 l’atre
931 3688 1272 3749 substantiw,‘
1314 3686 1516 3738 alienus
1548 3699 1662 3737 vero
1693 3701 1723 3735 a
1757 3684 2067 3737 substantiis

576 3768 963 3811 creaturarum.

685 3870 784 3940 (Ex
824 3869 996 3937 primo
1029 3868 1165 3923 libro
1198 3866 1451 3938 Epistolze
1482 3866 1547 3920 ad
1578 3864 1895 3936 Romanos.)

578 3961 688 4033 (68)
715 3961 1004 4015 ORIGENES.
1043 3980 1060 4011 ι
1083 3960 1300 4026 Quaerat
1331 3959 1576 4014 fortassis
1607 3959 1798 4028 aliquis
1829 3961 1871 4012 si
1906 3957 2074 4017 Filius

507 4051 744 4106 Charitas
783 4061 888 4117 est,
929 4051 1198 4122 pracipuc
1236 4058 1456 4120 propter
1507 4051 1608 4104 hoc
1652 4049 1790 4119 quod
1837 4049 2074 4105 Joannes

576 4165 646 4196 ⁷ο·
689 4163 706 4217 l
754 4164 909 4220 Joan.
937 4180 1008 4227 iv,
1041 4165 1094 4228 8,
1129 4163 1213 4218 l6.
1287 4165 1341 4202 ⁷¹ο
1377 4163 1506 4218 ibid.
1537 4162 1587 4214 7.
1659 4163 1726 4192 ⁷¹⁶
1767 4160 1952 4215 lTim-
1979 4159 2159 4226 V1.16-

506 4251 689 4297 uxxr,
721 4238 774 4292 6.
849 4235 914 4266 ⁷³¹
956 4237 1085 4289 ibid.

583 4324 692 4396 (b5)
733 4325 892 4396 Edill,
941 4335 1124 4395 quarta
1147 4326 1418 4396 postistas
1449 4321 1660 4396 sst._Et
1703 4320 1863 4391 paulo
1892 4330 2014 4391 post
2046 4339 2061 4376 :

507 4391 625 4465 qua:
666 4391 822 4465 juxta
875 4391 1143 4448 historiam
1199 4394 1518 4463 referuntur.
1555 4391 1661 4446 Sed
1692 4408 1878 4446 omnes
1930 4407 2063 4446 mss.

510 4475 569 4519 ut
595 4466 645 4518 in
674 4475 856 4518 nostro
884 4475 1053 4519 textu.

581 4534 694 4604 (64)
748 4535 910 4600 Editi,
957 4534 1140 4604 quinta
1187 4532 1284 4604 illa
1320 4547 1563 4601 quoque;
1606 4540 1659 4585 et
1701 4531 1958 4599 deinceps
2007 4531 2062 4586 in

509 4603 976 4672 subsequentibus
1002 4603 1242 4655 articulis
1276 4603 1495 4666 habent,
1524 4613 1739 4657 sexta...
1767 4604 2059 4668 septima...

509 4651 758 4728 octava...
810 4689 968 4727 nona.
1024 4672 1131 4725 Sed
1190 4673 1303 4726 haec
1360 4651 1495 4725 mss:
1551 4672 1716 4724 nostri
1771 4651 2060 4736 omittunt;
2095 4651 2138 4706 ί)

417 4777 431 4788 ι
508 4759 739 4812 quorum
775 4744 879 4795 duo
927 4752 1157 4812 tantum,
1195 4742 1540 4796 Corbeiensis
1587 4741 1790 4794 scilicet
1835 4752 1891 4794 et
1936 4743 2066 4795 Sor—

507 4814 752 4878 bonicus,
785 4813 983 4866 habent
1024 4811 1358 4865 solummodo
1401 4813 1450 4864 in
1503 4813 1766 4880 margine,
1803 4827 1872 4873 iv,
1906 4826 1958 4873 ν,
1990 4826 2064 4875 vr,

508 4899 608 4946 vn,
637 4899 752 4947 vni,
783 4899 858 4947 Ix,
891 4883 1030 4949 quod
1062 4897 1158 4935 nos
1191 4884 1243 4935 in
1280 4891 1424 4934 textu
1453 4884 1696 4936 numeris
1723 4882 1970 4936 Arabicis
1993 4897 2070 4935 re-

511 4956 790 5008 ferendum
816 4953 1196 5021 judicavimus.

578 5023 688 5094 (65)
727 5020 856 5076 Mss.
884 5025 1008 5087 duo,
1031 5021 1234 5094 Ultima
1264 5021 1736 5094 vero__init_ium__est
1769 5020 2068 5094 criminatio

509 5089 606 5165 (al.
633 5089 1040 5161 criminationis]
1075 5095 1199 5155 illa,
1231 5103 1358 5165 etc,
1393 5091 1530 5144 Editi
1552 5131 1564 5151 ,
1587 5089 1762 5165 “Nona
1803 5102 1846 5142 et
1883 5091 2069 5165 ultima

507 5159 622 5216 iicro
648 5166 700 5216 in
729 5180 842 5215 eum
874 5174 947 5216 est
976 5159 1272 5216 criminatio
1301 5162 1415 5223 illa,
1445 5172 1550 5216 etc.
1584 5159 1689 5212 Sed
1721 5161 1903 5214 caeteri
1935 5175 2065 5214 mss.

507 5242 564 5286 ut
598 5235 649 5286 in
683 5244 850 5287 textu.

577 5304 687 5374 (66)
729 5303 855 5357 Mss.
887 5303 1075 5365 nostri,
1103 5302 1216 5365 alii,
1248 5302 1463 5374 ordines
1477 5299 1908 5374 criminationum
1937 5315 2067 5367 quos

507 5370 690 5439 supra,
721 5383 862 5437 etc.;
905 5375 993 5426 alii
1027 5383 1083 5426 ut
1111 5374 1162 5425 in
1197 5370 1364 5426 textu.
1392 5370 1557 5434 Editi,
1584 5373 1789 5422 ordines
1816 5372 2068 5422 crimina-

507 5443 706 5511 tionunt
740 5458 872 5511 quas
897 5459 1078 5510 supra,
1101 5455 1207 5497 etc.

577 5509 688 5580 (67)
731 5506 852 5566 llaec
894 5506 1077 5574 verba,
1118 5510 1405 5577 Responsio
1455 5508 1522 5561 ad
1555 5510 1776 5576 primam
1817 5506 2070 5580 crimina-

509 5577 723 5646 tionem,
768 5597 969 5635 necnon
1012 5584 1080 5632 ait
1112 5585 1415 5643 secundum,
1449 5582 1679 5642 tertiam,
1709 5587 1764 5631 et
1792 5578 1870 5631 sic
1912 5577 2058 5630 dein-

510 5663 636 5715 ceps
675 5667 843 5719 usque
879 5652 941 5702 ad
974 5666 1192 5712 nonam,
1226 5665 1330 5703 non
1357 5660 1669 5715 comparent
1703 5650 1753 5701 in
1787 5660 1945 5719 mss.,
1975 5649 2069 5719 sed

510 5733 541 5771 c
593 5715 774 5774 nostro
825 5720 1128 5773 addidimus
1176 5721 1245 5772 ad
1302 5720 1596 5772 clariorem'
1633 5719 1794 5771 libelli
1825 5715 2066 5786 ,divisio-

511 5801 655 5841 118111.

581 5858 692 5927 (68)
736 5854 865 5911 Vide
894 5865 1047 5912 notas
1085 5855 1180 5911 lib.
1225 5871 1243 5910 ι
1280 5857 1336 5910 in
1380 5852 1550 5926 Epist.
1579 5859 1648 5909 ad
1692 5855 1867 5925 Rom,
1913 5875 2063 5916 num.

513 5925 566 5980 5.
599 5942 716 5980 nati.
741 5926 862 5980 466.

551 5967 566 5994 ,
593 5926 716 5998 pag.
741 5926 862 5981 466.

2177 2043 2328 2097 liabet
2389 2046 2861 2111 immortalitatem,
2921 2049 3084 2101 lucem
3145 2049 3347 2101 habitat
3417 2049 3720 2105 inaccessibi-

2177 2134 2277 2187 lem
2299 2134 2389 2188 “'1‘.
2423 2136 2574 2190 Unus
2613 2146 2668 2192 et
2701 2153 2860 2192 verus
2896 2137 3056 2204 Deus,
3084 2154 3151 2192 ne
3191 2139 3398 2193 scilicet
3421 2141 3591 2195 multis
3615 2143 3712 2196 veri

2180 2224 2273 2280 Dei
2318 2241 2509 2281 nomen
2543 2230 2834 2283 convenire
2867 2229 3169 2286 credamus.
3214 2231 3288 2284 lta
3322 2247 3455 2302 ergo
3485 2241 3534 2287 et
3564 2233 3611 2286 hi
3643 2234 3720 2302 qui

2178 2318 2444 2386 accipiunt
2475 2319 2716 2388 spiritum
2748 2321 3042 2378 adoptionis
3093 2321 3354 2389 ﬁliorum,
3398 2323 3453 2377 in
3495 2341 3592 2392 quo
3623 2323 3719 2394 (72)

2177 2409 2484 2474 clamamus,
2511 2410 2677 2474 Abba,
2727 2410 2889 2465 Pater
2920 2414 2985 2476 ⁷³,
3037 2411 3128 2466 filii
3177 2414 3398 2483 quidem
3449 2414 3536 2469 Dei
3581 2424 3719 2480 sunt,

2179 2503 2271 2556 sed
2325 2516 2431 2556 non
2482 2503 2620 2558 sicut
2670 2503 2976 2570 unigenitus
3023 2504 3208 2560 Filius.
3247 2503 3566 2576 Unigenitus
3600 2509 3721 2561 enim

2190 2601 2381 2647 natura
2420 2593 2611 2659 Filius,
2640 2602 2693 2649 et
2741 2609 2974 2664 semper,
3005 2604 3058 2651 et
3104 2597 3543 2667 inseparabiliter
3577 2598 3724 2653 Filius

2179 2691 2313 2738 est:
2373 2684 2553 2739 caeteri
2615 2701 2746 2741 vero
2810 2700 2907 2754 pro
2963 2702 3028 2742 eo
3089 2689 3230 2756 quod
3283 2698 3627 2758 susceperunt
3678 2690 3724 2743 in

2177 2792 2235 2832 se
2265 2776 2457 2831 Filium
2497 2777 2621 2842 Dei,
2648 2787 2952 2844 potestatem
2987 2780 3097 2849 (73)
3134 2792 3464 2850 acceperunt
3493 2778 3614 2834 Filii
3642 2779 3723 2833 Dei

2175 2867 2310 2934 ﬁeri.
2345 2866 2446 2934 Qui
2481 2868 2602 2922 licet
2636 2885 2739 2923 non
2777 2886 2842 2923 ex
2879 2873 3153 2940 sanguine,
3187 2889 3356 2942 neque
3394 2888 3458 2926 ea:
3487 2873 3724 2927 vt‘ﬁuntatc

2176 2957 2378 3020 carnis,
2426 2973 2592 3026 neque
2641 2974 2708 3012 ea:
2755 2959 3019 3014 voluntate
3059 2962 3192 3028 viri,
3237 2963 3327 3016 sed
3375 2979 3440 3017 ea:
3487 2962 3586 3017 Deo
3632 2963 3724 3016 nati

2175 3051 2277 3103 sint
2308 3050 2401 3114 π’,
2449 3065 2554 3104 non
2589 3059 2766 3105 tamen
2821 3065 2882 3105 ea
2935 3053 3223 3109 nativitate
3275 3064 3412 3110 sunt
3459 3056 3599 3117 nati,
3635 3070 3725 3125 qua

2178 3148 2334 3194 natus
2365 3149 2446 3195 est
2480 3140 2787 3211 unigenitus
2821 3141 3008 3198 Filius.
3044 3143 3264 3214 Propter
3309 3147 3456 3217 quod
3499 3157 3726 3218 quantam

2177 3232 2536 3286 dill‘erentiam
2593 3249 2750 3288 verus
2794 3236 2930 3290 Deus
2961 3237 3120 3290 habet
3156 3238 3221 3291 ad
3249 3253 3349 3293 eos
3389 3239 3579 3308 quibus
3613 3237 3727 3292 dici-

2185 3333 2311 3378 tur:
2371 3321 2482 3394 Ego
2536 3325 2650 3379 dixi
2685 3341 2704 3379 :
2748 3325 2838 3380 Dii
2879 3331 3000 3382 estis
3026 3329 3094 3396 ⁷³,
3137 3341 3343 3386 tantam
3398 3330 3724 3386 dilferentiam

2181 3414 2342 3467 habet
2370 3429 2528 3470 verus
2555 3415 2722 3470 Filius
2747 3419 2812 3471 ad
2840 3433 2934 3475 eos
2952 3419 3039 3488 qui
3069 3421 3295 3477 audiunt
3326 3438 3342 3476 :
3377 3421 3505 3476 Filii
3538 3419 3724 3476 Επειδί

2181 3520 2356 3557 omnes
2381 3504 2470 3558 ⁷³⁶.
2500 3523 2520 3557 9

2248 3593 2570 3650 PAMPHILUS.
2614 3595 2686 3650 De
2727 3595 2877 3654 libris
2921 3598 3169 3670 Epistola:
3195 3601 3261 3655 ad
3311 3601 3584 3668 llehrzeos,
3613 3616 3727 3672 quo-

2179 3689 2335 3740 modo
2362 3687 2471 3757 (74)
2520 3688 2800 3757 ὁμοούσιος
2839 3699 2922 3744 est
2952 3707 3071 3744 cum
3125 3692 3284 3747 Patre
3318 3692 3508 3759 Filius,
3545 3695 3594 3749 id
3623 3703 3726 3756 est,

2178 3778 2337 3832 unius
2371 3795 2490 3832 cum
2537 3779 2693 3836 Patre
2724 3782 3055 3847 substantite,
3085 3783 3296 3840 alienus
3326 3796 3509 3840 autem
3549 3801 3578 3840 a
3615 3787 3726 3839 sub-

2179 3871 2392 3925 stantiis
2423 3883 2710 3929 creaturae.

2249 3959 2537 4016 Omcenes.
2585 3965 2696 4033 (75)
2747 3983 2765 4016 ι
2809 3963 3211 4034 Interrogamus
3263 3967 3431 4038 igitur
3472 3983 3565 4022 eos
3612 3978 3728 4034 quos

2180 4051 2322 4121 piget
2369 4053 2614 4106 confiteri
2670 4053 2836 4108 Deum
2887 4070 3008 4110 esse
3057 4055 3250 4108 Filium
3293 4058 3431 4122 Dei,
3482 4057 3727 4126 quomodo

2265 4163 2311 4192 ⁷¹
2352 4163 2506 4217 Rom.
2536 4177 2655 4229 vni,
2685 4164 2771 4224 15.
2865 4166 2930 4197 ⁷²⁴
2969 4165 3122 4221 Joan.
3152 4182 3190 4232 ι,
3229 4167 3323 4235 l2,
3356 4169 3443 4222 l3.
3519 4168 3565 4198 "
3599 4164 3725 4222 Psal.

2244 4322 2558 4444 (69ιζηξῗὲἰιί,
2592 4325 2757 4391 Quia,
2788 4335 2843 4380 et
2874 4327 2925 4380 in
2963 4326 3087 4392 (lue,
3115 4343 3179 4382 ea:
3208 4328 3470 4384 charitate
3507 4328 3728 4398 progeni-

2171 4402 2302 4455 tam,
2330 4402 2486 4448 male.

2263 4464 2350 4536 70)
2392 4463 2464 4536 lix
2496 4463 2588 4519 lib.
2617 4479 2646 4515 v
2673 4464 2724 4517 in
2754 4463 2957 4536 Evang.
2982 4465 3148 4523 Joan.

2264 4534 2352 4598 7i)
2389 4534 2464 4586 lta
2501 4550 2689 4588 omnes
2720 4550 2848 4589 mss.
2885 4534 3076 4593 nostri.
3123 4538 3260 4591 Editi
3289 4554 3424 4592 vero
3453 4538 3724 4598 omittunt,

2171 4601 2620 4676 PAMPHILUS.
2654 4603 2786 4657 Item
2816 4607 2867 4658 in
2892 4609 3002 4676 ipso
3032 4607 3162 4660 libro
3183 4647 3198 4671 ,
3228 4606 3632 4662 OIUGENES.
3671 4608 3727 4659 Et

2167 4673 2360 4726 deinde
2417 4674 2652 4745 habent,
2708 4690 2843 4728 unus
2892 4673 3014 4745 ergo
3070 4693 3219 4745 uerus
3265 4678 3409 4733 Deus
3461 4680 3600 4732 solus
3645 4677 3728 4728 lia-

2169 4744 2281 4805 bet,
2309 4753 2412 4812 etc.
2444 4743 2614 4796 Paulo
2652 4754 2772 4812 post
2803 4761 2931 4798 mss.
2949 4740 3088 4812 'alii,
3129 4740 3273 4801 Unus
3303 4761 3353 4800 et
3391 4766 3542 4802 uerus
3571 4747 3726 4807 Dens;

2169 4813 2281 4935 adii,
2314 4811 2492 4877 Unus,
2535 4811 2659 4878 ait,
2687 4830 2836 4868 verus
2869 4815 3046 4882 Deus;
3076 4811 3250 4883 Salius,
3292 4817 3448 4872 Unus
3493 4828 3548 4870 ut
3594 4832 3727 4870 verus

2221 4899 2330 4935 eus.

2221 4899 2330 4935 €118.

2237 4951 2358 5073 (I72)
2412 4951 2610 5009 Omnes
2663 4968 2825 5018 mss.,
2873 4953 3186 5009 clamamus.
3251 4957 3435 5023 Editi,
3487 4956 3723 5016 clamant,

2242 5043 2252 5072 I
2281 5039 2328 5073 (Β.

2169 5038 2328 5076 "Iule.

2238 5094 2351 5162 (75)
2391 5093 2551 5166 Edili,
2580 5095 2788 5148 habent.
2827 5093 2935 5149 Sed
2979 5109 3167 5149 omnes
3216 5112 3376 5162 mss.,
3411 5101 3724 5166 acceperunt.

2172 5161 2369 5217 Deinde
2407 5163 2534 5216 editi
2586 5173 2639 5218 et
2670 5179 2768 5218 ius.
2799 5179 2955 5226 unus,
2983 5167 3071 5232 qui
3113 5167 3230 5219 licet
3272 5185 3378 5221 non
3421 5184 3489 5220 ex
3525 5161 3722 5232 sangui-

2169 5234 2336 5304 nibus.
2388 5232 2553 5287 Paulo
2601 5244 2721 5303 post
2766 5249 2894 5290 mss.
2945 5235 3216 5304 plerique,
3255 5248 3310 5290 et
3349 5239 3516 5301 editi,
3561 5236 3644 5289 sed
3673 5249 3730 5286 es

2167 5301 2277 5354 Deo
2313 5304 2422 5356 nati
2451 5314 2589 5356 sunt.

2239 5371 2350 5444 (7t)
2393 5375 2464 5444 tta
2504 5374 2652 5435 editi.
2681 5381 2735 5427 et
2779 5373 2858 5428 sic
2887 5373 3169 5444 legendum
3222 5375 3457 5430 videtur.
3501 5374 3627 5427 Mss.
3659 5383 3728 5424 ta-

2170 5455 2290 5514 men
2324 5442 2540 5506 habent,
2572 5445 2738 5508 usius,
2760 5443 2812 5496 id
2839 5442 2956 5508 est,
2975 5445 3173 5507 οὐσὶος.
3200 5444 3298 5498 Ms.
3330 5445 3559 5514 Regius,
3585 5459 3726 5497 unus.

2172 5510 2526 5583 Deindeediti
2555 5518 2808 5566 omittunt
2837 5527 3007 5567 autem
3044 5527 3160 5583 post
3188 5516 3420 5568 alienus.

2240 5580 2348 5650 (75)
2378 5580 2455 5634 Es
2477 5581 2764 5636 Comment.
2788 5585 2844 5637 in
2870 5580 3130 5653 Epistﬁad
3159 5583 3433 5638 Hebraeos.
3462 5584 3560 5640 Ms.
3581 5596 3723 5644 unus,

2169 5647 2554 5722 [nt‘errogemus
2604 5654 2780 5720 igitur,
2825 5647 2929 5707 etc;
2970 5655 3134 5708 Paulo
3178 5665 3297 5722 post
3340 5656 3482 5709 alter
3532 5671 3652 5712 ms.,
3681 5654 3729 5703 in

2168 5719 2522 5792 bwreditatem
2568 5719 2750 5789 capere
2771 5739 2971 5776 omnem
3005 5719 3380 5792 principatum,
3412 5737 3522 5778 etc.
3557 5724 3725 5778 Codex

2171 5787 2390 5864 Regius,
2435 5787 2791 5843 haereditate":
2841 5787 3020 5859 capere
3047 5787 3276 5846 omnium
3311 5794 3722 5864 principatum,

2166 5868 2214 5910 et
2241 5862 2475 5912 onmium
2503 5872 2833 5925 votestatum,
2860 5872 2909 5914 et
2937 5864 3204 5919 virtutum.
3228 5863 3340 5918 Sed
3387 5862 3572 5920 ueteri
3602 5876 3721 5918 mss.

2169 5940 2223 5981 et
2255 5929 2380 5982 editi
2413 5932 2549 5984 utin
2589 5943 2771 5985 n05tro
2815 5942 2980 5986 textu.
