3866 6516
221 432 318 487 581

1386 430 1725 488 APOLOGIA
1791 431 1928 486 PRO
1981 433 2302 490 ORIGENE.

3347 438 3451 495 582

218 557 433 620 poterat
485 549 599 603 sola
649 551 882 604 humana
947 557 1141 604 natura
1197 549 1331 605 nihil
1381 552 1433 605 in
1477 567 1538 606 se
1579 552 1782 606 habens
1813 558 1856 612 Α
1955 551 2216 622 Superest
2262 562 2319 608 ut
2361 561 2414 608 et
2445 554 2696 609 secunda!
2727 552 3096 610 criminationi
3149 552 3307 608 illatae
3347 554 3448 609 sibi

213 641 498 708 eximium,
545 657 718 712 neque
765 643 966 713 aliquid
1003 645 1196 699 divina:
1230 643 1568 706 substantiae,
1617 645 1784 699 luere-

213 731 440 786 ditatem
477 745 670 802 capere
693 747 908 787 omnem
947 733 1332 802 principatum,
1361 743 1416 788 et
1444 747 1657 787 omnem
1691 748 1784 802 po-

213 827 493 886 testatem,
521 830 575 874 et
614 820 891 887 virtutem,
936 831 991 876 et
1034 822 1117 876 his
1143 823 1394 877 omnibus
1437 821 1679 890 praeferri
1720 837 1784 877 ac

212 911 460 980 praeponi
505 924 536 964 a
569 910 750 966 Patre.
782 909 932 966 Unde
966 920 1171 965 rectum
1207 911 1419 965 videtur
1467 911 1606 980 quod
1649 925 1783 976 prte-

209 1002 454 1058 stantior
497 1016 617 1057 esse
654 1003 845 1057 debeat
879 1003 923 1058 is
970 1003 1064 1074 qui
1115 1003 1484 1056 btereditatem
1533 1002 1694 1071 capit,
1729 1010 1781 1056 et

210 1108 416 1164 genere
460 1094 665 1163 utique,
695 1097 764 1148 'et
813 1094 1013 1163 specie,
1057 1102 1111 1148 et
1145 1093 1468 1156 substantia,
1515 1101 1569 1147 et
1607 1093 1782 1148 subsi-

104 1221 117 1240 .
209 1187 418 1241 stentia
447 1187 533 1241 vel
565 1197 778 1252 natura,
809 1197 972 1256 atque
1000 1187 1250 1241 omnibus
1279 1184 1580 1256 quibusque
1608 1185 1780 1240 modis

208 1277 377 1332 debet
405 1293 524 1334 esse
554 1279 909 1348 praestantior.
936 1297 956 1332 ι

290 1369 616 1426 Ριιιριιιιυε.
654 1372 717 1425 Et
747 1381 866 1440 post
900 1387 1071 1440 pauca
1106 1371 1159 1427 in
1188 1375 1376 1427 eodem
1409 1371 1546 1426 libro
1587 1390 1602 1425 :

284 1462 575 1518 ORIGENES.
613 1481 631 1514 t
661 1463 791 1517 Cum
833 1473 1014 1518 autem
1049 1464 1338 1517 discutitur
1378 1463 1478 1516 hoc
1508 1460 1651 1530 quod
1698 1460 1774 1515 di-

204 1563 358 1607 ctum
401 1564 484 1608 est
511 1553 577 1608 de
615 1553 750 1607 Filio
787 1553 900 1617 Dei,
931 1557 1072 1622 quod
1103 1555 1173 1608 sit
1209 1554 1453 1620 splendor
1493 1555 1676 1624 gloria:
1703 1553 1774 1619 ",

207 1648 523 1700 necessario
549 1645 758 1699 videtur
806 1646 964 1701 simul
995 1645 1364 1700 disserendum
1393 1653 1446 1699 et
1477 1645 1602 1699 illud
1634 1647 1774 1716 quod

205 1736 420 1790 dictum
473 1744 586 1800 est,
634 1751 739 1790 non
793 1735 965 1790 solum
1021 1735 1147 1803 quia
1213 1735 1458 1801 splendor
1511 1745 1588 1788 est
1638 1735 1775 1790 lucis

207 1836 429 1882 a'ternte
454 1828 545 1890 τυ.
574 1828 666 1881 sed
691 1835 746 1882 et
777 1828 918 1896 quod
951 1827 1072 1881 huic
1102 1825 1278 1881 simile
1302 1826 1353 1880 in
1379 1824 1654 1896 Sapientia
1684 1827 1776 1882 Sa-

1892 644 1960 697 ab
1993 645 2416 708 accusatoribus,
2458 659 2552 714 per
2581 660 2678 699 nos
2713 646 2930 716 quidem
2961 645 3184 714 prolatis
3215 646 3307 700 sed
3338 647 3452 701 Suis

1889 735 2067 790 verbis
2099 737 2210 803 ipse
2243 737 2578 804 respondeat,
2622 736 2830 792 duobus
2869 735 2955 791 vel
3003 736 3174 791 tribus
3211 736 3453 791 testiino-

1891 827 1998 880 niis
2039 826 2320 890 adhibitis,
2351 828 2544 896 quibus
2586 842 2794 896 aequum
2827 835 2910 882 est
2941 827 3236 882 secundum
3277 827 3448 899 legem

1889 927 2126 973 nostram
2158 932 2322 972 omne
2358 919 2578 972 verbum
2605 927 2752 972 stare
2779 917 2867 973 π’.

2079 1023 2360 1064 RESPONSIO
2396 1025 2463 1064 AD
2503 1025 2774 1064 SECUNDAI
2807 1025 3255 1066 CBIMINATIONEM.

1887 1118 2040 1186 Quod
2069 1136 2171 1174 non
2204 1137 2294 1188 per
2332 1121 2680 1189 prolationem
2712 1133 2894 1175 natum
2927 1123 3066 1176 dicat
3094 1141 3206 1178 esse
3247 1121 3449 1178 Filium

2127 1189 2218 1243 Dei
2255 1194 2535 1244 secundum
2577 1191 2834 1246 Valentini
2871 1193 3210 1261 impietatem.

1954 1278 2240 1338 Omcsues.
2275 1283 2388 1354 (78)
2438 1301 2456 1334 ι
2491 1283 2601 1353 Ego
2637 1283 2873 1338 arbitror
2900 1284 3043 1354 quod
3083 1283 3327 1340 sufﬁcere
3355 1285 3451 1340 de-

1884 1371 2008 1424 beat
2054 1373 2300 1428 voluntas
2351 1375 2524 1428 Patris
2572 1376 2636 1428 ad
2688 1375 3089 1429 subsistendum
3157 1375 3258 1430 hoc
3304 1376 3449 1444 quod

1885 1461 1996 1515 vult
2051 1461 2230 1517 Pater.
2281 1465 2477 1518 Volens
2531 1465 2676 1518 enim
2749 1480 2852 1518 non
2913 1465 3018 1518 alia
3077 1465 3159 1518 via
3239 1467 3449 1530 utitur,

1883 1553 1993 1624 (79)
2047 1554 2149 1608 nisi
2204 1571 2322 1624 qua:
2375 1556 2606 1609 consilio
2661 1556 2956 1610 voluntatis
3017 1557 3313 1626 profertur.
3369 1555 3451 1613 lta

1881 1659 2010 1712 ergo
2053 1654 2107 1700 et
2165 1646 2234 1699 ab
2263 1662 2328 1700 eo
2365 1647 2483 1701 Filii
2539 1649 2884 1701 subsistentia
2935 1659 3261 1718 generatur:
3305 1649 3449 1718 quod

1881 1750 2104 1790 necesse
2133 1747 2216 1791 est
2259 1738 2309 1791 in
2357 1737 2546 1806 primis
2592 1739 2790 1808 suscipi
2831 1739 3013 1792 abhis
3057 1739 3148 1808 qui
3194 1740 3330 1793 nihil
3364 1742 3450 1794 in-

1886 1827 2158 1893 genitum,
2209 1828 2261 1881 id
2326 1836 2410 1883 est
2475 1829 2750 1894 innatum,
2808 1839 3004 1899 printer
3055 1830 3228 1884 solum
3283 1832 3446 1886 Deum

203 1914 446 1970 lomonis
498 1918 751 1982 refertur,
804 1917 856 1970 in
901 1931 1007 1984 qua
1063 1918 1292 1986 seipsam
1352 1916 1632 1984 Sapientia
1679 1917 1772 1973 de.
1813 1913 1853 1968 Β
1890 1914 2102 1970 Patrem
2133 1917 2388 1975 fatentur.
2425 1916 2829 1974 Observandum
2863 1935 3094 1989 namque
3120 1929 3200 1975 est
3230 1936 3296 1976 ne
3331 1922 3450 1990 quis

202 2009 408 2064 scribit
461 2010 697 2062 dicens:
757 2005 928 2076 Vapor
977 2016 1051 2062 est
1105 2009 1241 2061 enim
1295 2006 1500 2061 ivirtutis
1553 2008 1678 2075 Dei,
1727 2017 1778 2064 et

201 2102 486 2168 aporrlttea
513 2099 691 2170 gloria:
720 2097 1100 2168 Omnipotentis
1131 2099 1417 2166 purissima
1442 2099 1511 2156 ⁷⁸.
1541 2116 1560 2150 s

281 2191 611 2246 Pnrniws.
643 2191 710 2244 Et
744 2199 861 2260 post
899 2189 1215 2258 aliquanta:

279 2283 576 2338 Oaicssss.
617 2301 635 2334 ‹
666 2283 888 2351 Oportet
936 2292 1111 2336 autem
1161 2283 1304 2339 scire
1360 2298 1460 2339 nos
1509 2285 1633 2353 quia
1685 2299 1781 2354 per

204 2374 507 2430 ineﬂ‘abilia
558 2376 801 2444 quaedam
850 2385 905 2429 et
953 2387 1159 2430 secreta
1216 2391 1279 2429 ac
1331 2376 1608 2431 recondita
1662 2375 1777 2448 (76)

201 2470 502 2538 quemdam
564 2467 778 2520 modum
829 2467 932 2522 sibi
993 2466 1198 2522 iaciens
1261 2467 1539 2537 Scriptura
1590 2479 1777 2523 sancta

201 2570 442 2614 conatur
480 2559 785 2613 hominibus
823 2558 1062 2614 indicare
1093 2568 1148 2613 et
1196 2559 1526 2613 intellectum
1579 2574 1779 2632 sugge-

201 2666 331 2706 rere
377 2651 652 2707 subtilem.
685 2651 907 2720 Vaporis
936 2651 1078 2704 enim
1114 2665 1308 2704 nomen
1343 2650 1624 2715 inducens,
1673 2652 1777 2707 hoc

201 2743 333 2798 ideo
378 2744 444 2796 de
491 2743 647 2796 rebus
693 2742 1062 2810 corporalibus
1101 2744 1422 2811 assumpsit,
1474 2753 1531 2797 ut
1580 2744 1660 2799 vel
1709 2759 1775 2798 ex

197 2842 366 2904 tarte
413 2833 590 2901 aliqua
645 2833 945 2903 intelligere
997 2835 1266 2902 possimus
1311 2835 1581 2903 quomodo
1622 2834 1778 2890 Chri-

193 2935 343 2989 stus,
370 2926 460 2994 qui
492 2934 572 2980 est
603 2925 896 2994 Sapientia,
927 2926 1216 2979 secundum
1245 2926 1646 2981 similitudinem
1664 2927 1778 2996 ejus

197 3015 430 3085 vaporis
467 3015 556 3084 qui
605 3015 670 3068 de
732 3011 1026 3069 substantia
1066 3014 1240 3084 aliqua
1283 3031 1540 3086 corporea
1593 3033 1775 3086 prose-

196 3110 317 3172 dit,
387 3109 464 3161 sic
517 3108 675 3161 etiam
737 3107 847 3175 ipse
911 3117 970 3160 ut
1006 3107 1221 3176 quidam
1289 3122 1456 3176 vapor
1516 3108 1629 3178 (77)
1682 3125 1776 3162 es-

192 3201 386 3254 oritur
410 3200 476 3252 de
507 3199 698 3251 virtute
730 3197 896 3266 ipsius
948 3197 1040 3250 Dei
1069 3214 1082 3250 :
1119 3198 1196 3252 sic
1223 3206 1276 3251 et
1308 3198 1582 3267 Sapientia
1614 3213 1680 3252 ex
1711 3214 1776 3253 eo

1892 2008 2133 2063 incurrat
2169 2010 2219 2062 in
2261 2009 2379 2062 illas
2427 2010 2689 2064 ahsurdas
2725 2008 2931 2064 fabulas
2964 2025 3148 2064 eorum
3182 2011 3272 2079 qui
3322 2027 3450 2082 pro-

1882 2099 2120 2154 lationes
2146 2101 2408 2170 quasdam
2455 2099 2557 2154 sibi
2583 2101 2711 2170 ipsis
2758 2101 3072 2172 depingunt,
3120 2110 3178 2156 ut
3211 2102 3448 2158 divinam

1882 2201 2129 2245 naturam
2171 2192 2221 2244 in
2256 2201 2434 2260 partes
2472 2200 2680 2256 vocent,
2714 2202 2765 2247 et
2795 2193 2958 2246 Deum
2994 2191 3228 2258 Patrem,
3277 2210 3450 2264 quan-

1879 2293 1988 2336 tum
2032 2283 2083 2337 in
2131 2298 2188 2338 se
2237 2291 2350 2346 est,
2399 2283 2676 2348 dividant,
2719 2299 2839 2338 cum
2877 2284 2980 2338 hoc
3011 2284 3078 2338 de
3127 2285 3450 2355 incorporea

1878 2386 2065 2429 natura
2119 2375 2199 2428 vel
2251 2376 2442 2431 leviter
2495 2376 2756 2444 suspicari
2805 2392 2910 2430 non
2970 2375 3143 2429 solum
3193 2388 3450 2432 extremm

1878 2465 2168 2534 impietatis
2201 2467 2290 2528 sit,
2325 2482 2508 2520 verum
2542 2467 2704 2520 etiam
2741 2465 2942 2521 ultima:
2973 2467 3315 2537 insipientia,
3347 2484 3448 2525 nec

1876 2559 2096 2612 omnino
2137 2556 2218 2612 vel
2268 2557 2333 2611 ad
2377 2556 2786 2622 intelligentiam
2832 2571 3208 2626 consequens,
3255 2568 3312 2614 ut
3361 2561 3448 2616 in»

1877 2662 2153 2716 corporea:
2212 2657 2418 2702 natura:
2467 2647 2840 2702 substantialis
2889 2647 3081 2703 divisio
3143 2651 3314 2718 possit
3361 2651 3448 2706 in-

1881 2739 2070 2809 telligi.
2103 2738 2271 2807 Magis
2302 2754 2430 2810 ergo
2456 2740 2595 2794 sicut
2633 2738 2878 2792 voluntas
2919 2740 3161 2808 procedit
3185 2754 3216 2795 e
3247 2749 3448 2807 mente,

1877 2841 1931 2886 et
1961 2847 2134 2899 neque
2181 2841 2390 2900 partem
2438 2831 2672 2900 aliquam
2720 2831 2921 2884 mentis
2963 2841 3136 2896 secat,
3176 2846 3350 2902 neque
3382 2833 3450 2888 ab

1875 2938 1937 2978 ea
1968 2933 2257 2990 separatur
2285 2932 2378 2976 aut
2409 2921 2690 2984 dividitur,
2724 2920 2813 2973 tali
2860 2921 3091 2990 quadam
3124 2922 3306 2991 specie
3355 2939 3448 2993 pu-

1879 3013 2070 3068 tandus
2114 3025 2198 3068 est
2243 3013 2402 3067 Pater
2451 3009 2648 3065 Filium
2701 3015 2981 3082 genuisse,
3028 3012 3312 3083 imaginem
3345 3017 3446 3069 sci-

1877 3105 2004 3160 licet
2045 3120 2196 3159 suam
2228 3122 2240 3157 :
2277 3113 2333 3156 ut
2370 3105 2511 3158 sicut
2548 3103 2659 3172 ipse
2703 3111 2785 3156 est
2829 3103 3114 3158 invisibilis
3143 3119 3238 3173 per
3285 3115 3442 3160 natu-

1879 3211 2015 3259 ram,
2061 3197 2134 3248 ita
2192 3195 2480 3266 imaginem
2533 3209 2746 3262 quoque
2798 3193 3118 3248 iuvisibilem
3171 3197 3440 3265 genuerit.

193 3289 526 3358 procedens,
573 3301 637 3340 ex
689 3286 805 3355 ipsa
853 3284 1148 3339 substantia
1194 3286 1284 3340 Dei
1339 3295 1665 3356 generatur:
1701 3287 1776 3343 sic
1804 3294 1845 3350 C
1883 3286 2115 3342 Verbum
2162 3287 2306 3341 enim
2337 3295 2419 3342 est
2449 3285 2638 3349 Filius,
2673 3293 2725 3337 et
2772 3284 2889 3338 ideo
2921 3284 3049 3338 nihil
3090 3285 3142 3339 in
3175 3301 3240 3340 eo
3267 3289 3443 3343 sensi-

194 3379 557 3434 nihilominus
586 3387 638 3432 et
681 3379 976 3433 secundum
1023 3377 1424 3433 similitudinem
1479 3381 1772 3449 corporalis

192 3472 544 3540 aporrhteze,
589 3486 707 3525 esse
746 3471 943 3524 dicitur
991 3471 1278 3539 aporrhma
1333 3471 1518 3540 gloria:
1587 3469 1773 3524 Omni-

191 3565 440 3635 potentis
489 3580 619 3633 pura
673 3563 915 3630 quaedam
967 3572 1022 3617 et
1068 3562 1302 3618 sincera.
1351 3561 1480 3628 Quae
1529 3569 1772 3632 utrasque

191 3655 590 3710 similitudines
637 3653 1070 3709 manifestissime
1101 3655 1393 3707 ostendunt
1431 3654 1767 3708 communica

191 3763 324 3801 nem
362 3747 676 3801 substantiae
715 3761 833 3800 esse
878 3745 1015 3800 Filio
1063 3761 1186 3800 cum
1242 3743 1422 3799 Patre.
1471 3745 1768 3815 Aporrhtea

189 3841 344 3894 enim
393 3837 673 3908 ὁμοούσιος
707 3839 938 3904 videtur,
991 3837 1041 3892 id
1089 3847 1191 3902 est,
1251 3839 1411 3891 unius
1457 3839 1770 3892 substantiae

189 3947 325 3986 cum
383 3931 472 3984 illo
522 3945 747 4000 corpore
793 3945 858 3984 ex
903 3944 1010 4000 quo
1058 3937 1142 3983 est
1190 3927 1273 3982 vel
1324 3929 1633 3997 aporrhma,
1681 3929 1766 3985 vel

187 4037 392 4090 Vapor.

272 4113 600 4169 Pururtus.
637 4112 778 4165 Satis
827 4109 1130 4172 manifeste,
1179 4118 1237 4162 ut
1274 4109 1485 4179 Opinor,
1516 4118 1570 4162 et
1614 4111 1768 4166 valde

185 4206 476 4263 evidenter
516 4213 788 4258 ostensum
826 4214 936 4265 est,
986 4203 1126 4270 quod
1171 4200 1363 4254 Filium
1410 4200 1501 4254 Dei
1551 4200 1615 4254 de
1653 4203 1764 4270 ipsa

192 4297 293 4354 Dei
348 4294 652 4350 substantia
707 4303 890 4346 natum
941 4291 1174 4354 dixerit,
1228 4291 1277 4344 id
1314 4300 1416 4354 est,
1456 4290 1762 4361 ὁμοούσιον,

187 4387 342 4458 quod
389 4396 494 4449 est,
526 4385 764 4453 ejusdem
795 4399 915 4438 cum
951 4382 1112 4438 Patre
1157 4383 1506 4449 substantiae;
1557 4395 1611 4437 et
1658 4400 1761 4438 non

185 4493 322 4535 esse
362 4487 688 4540 creaturam,
721 4491 893 4543 neque
932 4490 1028 4545 per
1054 4475 1418 4542 adoptionem,
1449 4476 1542 4530 sed
1573 4485 1762 4530 natura

186 4573 394 4628 Filium
431 4585 635 4634 verum,
658 4584 723 4624 ex
750 4570 866 4638 ipso
897 4567 1055 4621 Patre
1086 4577 1423 4638 generatum.

266 4709 310 4744 “
352 4707 516 4764 Hebr.
545 4723 580 4772 t,
613 4708 666 4762 5.
738 4708 806 4740 "'"
847 4707 972 4778 Sap.
1000 4721 1094 4771 vit,
1126 4704 1216 4760 26.
1291 4706 1336 4737 ⁷⁸
1376 4705 1506 4760 ibid.
1536 4705 1625 4759 25.
1701 4707 1769 4738 ’δ’

1885 4707 2011 4762 Cor.
2033 4722 2152 4767 xm,
2183 4707 2233 4760 l.

266 4827 382 4896 (76)
423 4826 596 4886 Editi.
631 4825 1012 4893 quodammodo
1049 4825 1149 4878 vim
1197 4824 1296 4878 sibi
1353 4824 1548 4896 faciens
1571 4865 1584 4877 .
1609 4863 1624 4879 .
1648 4861 1662 4876 .

185 4894 514 4954 intellectum
545 4912 721 4964 gerere
749 4896 987 4948 subtilem
1019 4896 1224 4961 vaporis
1256 4911 1438 4947 nomen
1482 4894 1751 4948 inducens.

186 4968 348 5034 Quod
397 4968 513 5018 ideo
564 4969 626 5019 de
678 4968 826 5017 rebus
875 4965 1230 5032 corporalibus
1281 4965 1592 5027 assumpsit,
1646 4975 1753 5021 etc.

183 5043 396 5096 Omnes
429 5051 556 5089 mss.
589 5037 776 5092 nostri.
806 5037 1078 5102 quemdam
1116 5041 1324 5087 modum
1356 5035 1453 5085 sibi
1483 5034 1750 5100 faciens...

184 5122 233 5163 et
273 5107 593 5160 intellectum
623 5121 798 5172 gerere
828 5103 1089 5156 subtilem.
1135 5102 1351 5170 l’aporis
1383 5103 1520 5154 enim
1570 5120 1754 5156 nomen

185 5181 444 5232 inducens
487 5173 840 5246 [al.ducens]
897 5173 1034 5242 quod
1084 5174 1198 5246 ideo
1243 5175 1306 5225 de
1356 5173 1506 5246 rebus
1552 5189 1756 5246 assum-

185 5251 315 5313 psit,
347 5256 454 5298 etc.
493 5244 606 5299 Sed
644 5247 781 5312 quod
819 5246 1026 5296 videtur
1057 5244 1281 5311 positum
1320 5259 1418 5311 pro
1459 5244 1657 5313 Itoc,_et
1688 5245 1756 5294 ita

187 5311 336 5370 hunc
381 5314 557 5367 locum
593 5311 981 5368 restituendum
1031 5315 1338 5366 censuimus
1367 5313 1430 5364 ad
1464 5311 1756 5378 planiorem

187 5386 619 5446 intelligentiattt.

257 5453 377 5522 (77)
420 5452 492 5504 Ita
525 5465 667 5508 recte
701 5451 854 5508 editi.
888 5450 1013 5522 Mss.
1042 5467 1168 5503 vero
1205 5450 1392 5514 nostri,
1425 5449 1541 5522 alii,
1562 5449 1759 5522 exscri-

189 5520 366 5586 bitur;
410 5522 534 5588 alii,
577 5522 909 5591 exprimitur.
957 5521 1118 5574 Paulo
1159 5531 1280 5588 post
1328 5537 1453 5574 mss.
1497 5520 1755 5587 plerique,

191 5596 479 5648 secundum
531 5593 926 5646 similitudinem
981 5592 1266 5656 corporalis
1327 5591 1596 5656 aporrliwa
1650 5605 1759 5642 esse

192 5667 385 5718 dicitur
411 5663 704 5728 aporrhaea,
731 5674 836 5716 etc.
867 5661 972 5715 Sed
999 5661 1196 5714 rectius
1227 5676 1329 5713 nis.
1388 5674 1523 5713 unus
1549 5669 1602 5713 et
1630 5659 1758 5714 editi

194 5748 246 5788 at
279 5738 331 5788 in
371 5742 543 5785 textu.

259 5805 374 5875 (78)
421 5803 498 5875 βπ
533 5802 700 5875 libi-.1
731 5799 806 5854 De
834 5801 1080 5875 princip.,_
1113 5816 1230 5869 cap.
1246 5799 1317 5875 ξ,
1353 5814 1499 5852 num.
1528 5796 1579 5875 ϐξ

263 5867 374 5946 (79)
415 5871 509 5928 Sic
537 5873 686 5937 editi,
712 5881 766 5927 et
797 5887 924 5926 mss.
952 5867 1212 5942 plerique.
1243 5871 1366 5925 Mss.
1401 5884 1527 5924 vero
1558 5867 1754 5938 Regius

1877 3379 1984 3434 bile
2035 3378 2437 3448 intelligendum
2478 3387 2580 3434 est.
2634 3375 2912 3444 Sapientia
2957 3383 3075 3439 est,
3128 3385 3184 3430 et
3235 3376 3286 3430 in
3338 3376 3445 3430 Sa-

1873 3471 2076 3540 pientia
2124 3470 2254 3524 nihil
2297 3482 2615 3538 corporeum
2662 3466 3047 3534 suspicandum
3094 3473 3199 3520 est.
3242 3465 3444 3520 Lumen

1869 3573 1955 3618 est
2001 3579 2174 3616 verum
2211 3561 2349 3628 quod
2383 3560 2645 3613 illuminat
2681 3573 2887 3610 omnem
2925 3557 3184 3610 hominem
3227 3559 3441 3612 venien-

1870 3663 1970 3707 tem
2010 3655 2065 3707 in
2103 3656 2241 3707 hunc
2282 3653 2533 3705 mundum
2558 3648 2625 3714 ⁷⁸,
2658 3647 2750 3702 sed
2784 3646 2915 3701 nihil
2951 3647 3111 3702 habet
3153 3663 3442 3704 commune

1870 3747 1934 3800 ad
1969 3746 2098 3800 solis
2144 3745 2302 3812 hujus
2329 3745 2527 3797 lumen.
2567 3760 2586 3794 ι

1935 3835 2261 3893 Purmws.
2309 3834 2384 3890 De
2430 3834 2515 3888 bis
2578 3831 2706 3902 ipsis
2751 3843 2818 3885 ex
2861 3840 3056 3900 quarto
3101 3829 3241 3886 libro
3298 3830 3440 3900 Περὶ

1867 3926 2088 3996 ἀρχῶν.

1935 4015 2090 4072 (huc.
2149 4033 2169 4068 t
2213 4015 2445 4085 Tempus
2497 4023 2582 4069 est
2757 4010 2890 4079 (80)
2954 4011 3093 4081 Ὦρα
3166 4011 3440 4066 ἐπαναλα-

1866 4107 2108 4163 deeursis
2139 4106 2224 4160 his
2265 4122 2384 4176 quae
2414 4106 2481 4160 de
2511 4105 2614 4159 Paa
2677 4104 2844 4179 ,δόντα
2887 4106 3012 4176 περὶ
3051 4106 3298 4176 (tum,
3345 4107 3441 4160 καὶ

1863 4209 1947 4258 tre
1992 4212 2046 4257 et
2106 4201 2245 4254 Filio
2291 4211 2346 4256 et
2408 4199 2617 4270 Spirittl
2687 4198 2848 4264 Υἱοῦ,
2904 4200 2998 4252 καὶ
3057 4200 3214 4268 ἁγίου
3272 4200 3440 4254 Πνεῦ-

1864 4301 2051 4345 saurto
2114 4291 2498 4354 disseruimus,
2547 4292 2620 4345 de
2687 4312 2882 4357 αατος,
2935 4295 3085 4363 ὀλίγα
3151 4295 3256 4348 τῶν
3317 4294 3437 4349 τότε

1865 4387 1968 4442 illis
1996 4403 2207 4456 quoque
2241 4402 2358 4456 qua:
2386 4401 2416 4439 a
2458 4387 2611 4441 nobis
2687 4385 3198 4458 παραλελειμμένων
3235 4387 3437 4453 διεξελ-

1865 4481 2047 4534 relicta
2133 4481 2378 4540 fuerant.
2442 4495 2610 4548 pauca
2683 4481 2794 4533 θεῖν
2861 4483 2988 4552 περὶ
3068 4482 3280 4551 Πατρὸς
3360 4481 3438 4547 ὡς

1865 4583 2125 4641 repetere.
2149 4573 2285 4627 Deus
2310 4571 2466 4625 Pater
2490 4587 2611 4626 cum
2683 4571 2984 4644 ἀδιαίρετος
3024 4571 3099 4627 ὢν
3161 4574 3256 4627 καὶ
3311 4572 3438 4642 ἁμό-

2308 4707 2355 4738 "
2391 4706 2546 4764 Joan.
2580 4724 2619 4774 I,
2650 4708 2701 4764 9.

1706 4836 1752 4877 et
1786 4829 1830 4884 D
1860 4837 1912 4880 et
1941 4825 2281 4881 Corbeiensis
2302 4870 2318 4894 ,
2361 4827 2466 4880 nisi
2497 4826 2623 4897 quia
2657 4826 2748 4898 [aL
2779 4825 2906 4897 qua]
2941 4826 3158 4880 consilio
3191 4825 3434 4880 voluntas

1859 4902 2149 4965 profertur.

1933 4965 2043 5031 (80)
2085 4965 2163 5019 Ex
2201 4965 2291 5020 lih.
2318 4981 2369 5019 tv
2400 4965 2475 5018 De
2514 4966 2760 5032 princip.,
2786 4981 2931 5019 num.
2961 4963 3432 5032 28.-Ὣραγέπαο

1859 5036 2220 5104 ναλαγόντα,
2247 5046 2352 5092 etc.
2379 5035 2562 5088 Graeca
2615 5036 2725 5088 ltmc
2761 5038 3039 5102 desumpta
3073 5044 3196 5086 sunt
3235 5047 3265 5086 e
3294 5032 3433 5087 libro

1862 5108 2035 5173 primo
2088 5105 2300 5158 Eusebii
2357 5117 2538 5158 contra
2588 5105 2890 5157 Marcellum
2941 5108 3276 5173 Ancyranum
3312 5140 3329 5166 ,
3375 5111 3432 5156 et

1865 5172 2106 5243 quaedam
2151 5177 2215 5225 de
2249 5189 2344 5227 suo
2393 5174 2664 5227 addidisse
2695 5175 2903 5243 videtur
2937 5175 2986 5224 in
3022 5187 3116 5243 sua
3165 5172 3431 5243 interpre-

1868 5241 2072 5297 tatione
2103 5243 2328 5298 Ruﬁnus
2367 5253 2550 5296 contra
2585 5244 2830 5296 Arianos.
2865 5241 2995 5295 Vide
3021 5241 3428 5294 observationes

1867 5324 2082 5367 nostras
2131 5315 2182 5364 in
2221 5316 2359 5367 hunc
2410 5314 2582 5364 locum
2620 5313 2754 5364 libro
2800 5327 2849 5364 tv
2881 5311 2956 5363 De
2994 5311 3240 5375 princip.,
3274 5325 3422 5364 Itum.

1862 5383 1958 5445 27,
1983 5396 2038 5436 et
2067 5381 2432 5451 Origenianor.
2484 5382 2662 5451 lib.i|.
2693 5390 2880 5447 quarst.
2905 5381 2958 5441 ‘2,
2991 5395 3136 5432 num.
3163 5379 3252 5432 Ξῖ).
3281 5379 3425 5434 Libri

1867 5453 1942 5504 De
1990 5450 2254 5518 principiis
2291 5452 2490 5505 habent
2533 5469 2546 5504 :
2584 5450 2802 5516 Tempus
2847 5460 3021 5502 autem
3067 5459 3138 5500 est
3177 5452 3291 5515 jam
3337 5452 3425 5502 de-

1864 5523 2030 5574 cursis
2065 5521 2163 5584 his,
2204 5533 2355 5590 prout
2403 5522 2697 5589 potuimus,
2733 5535 2847 5584 quw
2879 5535 3036 5584 supra
3082 5521 3241 5590 dicta,
3265 5526 3421 5590 sunt,

1864 5608 2000 5645 nunc
2039 5587 2451 5643 comnionitionis
2486 5593 2654 5659 gratia
2689 5606 2866 5640 eorum
2915 5603 3032 5658 qua:
3071 5589 3295 5659 sparsim
3341 5587 3425 5638 di-

1859 5665 2054 5722 ximus,
2111 5662 2451 5728 recapitulare
2491 5658 2733 5728 singula,
2781 5669 2825 5711 et
2871 5662 3036 5727 primo
3085 5658 3424 5728 omnium_de

1862 5729 2046 5794 Patre,
2073 5739 2140 5810 et.
2156 5722 2298 5810 If‘itio
2325 5739 2372 5782 et
2427 5722 2624 5798 Spiritu
2652 5722 2832 5783 sancto
2871 5722 3112 5798 repetere.
3143 5722 3422 5781 Deus-Pa-

1860 5813 1957 5867 ter,
1984 5800 2200 5864 etc.,'ut
2236 5800 2288 5854 in
2322 5809 2488 5854 textu.
