3878 6532
442 483 480 533 εκ
508 461 610 518 533
1738 459 1796 516 s.
1833 458 2162 515 PAMPHILI
2202 456 2562 514 MARTYRIS
3657 459 3776 514 584

453 576 477 618 ’-'
504 593 554 638 et
588 579 868 635 invisibilis
902 579 997 644 sit,
1025 587 1081 633 et
1109 577 1254 633 inse-
1330 594 1508 648 ριστος
1537 576 1668 631 Υἱοῦ
1717 577 1925 647 γίνεται
1969 581 2054 633 Πα

2187 579 2369 650 gnovit
2413 581 2514 635 nisi
2566 580 2677 650 ipse
2712 579 2859 636 solus
2879 579 2948 647 ",
2989 578 3075 634 his
3123 592 3260 649 quos
3305 577 3372 633 ad
3424 590 3551 633 eum
3597 576 3778 634 Pater

503 673 762 744 parabilis
783 689 810 725 a
837 671 994 736 Filio,
1024 684 1129 725 non
1161 683 1257 739 per
1326 665 1452 736 τὴρ.
1481 665 1539 717 οὐ
1577 664 1864 736 προϐαλὼν
1904 667 2058 722 αὑτὸν

2193 670 2430 726 caelestis
2455 672 2826 726 altraxerit'".
2853 691 2873 725 ι

505 767 862 837 prolationem
925 765 994 820 ab
1045 779 1146 828 eo,
1201 770 1258 815 ut
1327 761 1625 825 ὼςοῖονταί
1675 780 1833 829 τινες.
1870 765 1934 817 Εἰ
1980 763 2053 834 γὰ

2264 762 2586 819 Paunnttus.
2649 763 2890 819 Suﬂiciat
2941 777 3039 833 per
3099 761 3213 817 haec
3275 760 3632 832 respondisse
3686 775 3768 816 se-

2190 855 2378 909 cundae
2424 855 2809 910 criminationi.
2847 854 2998 910 Nunc
3037 862 3436 921 consequenter
3467 854 3779 923 responde-

2189 945 2367 1002 bimus
2410 947 2569 1001 ctiam
2610 947 2693 1001 his
2721 948 2811 1018 qui
2849 962 3040 1015 purum
3090 946 3385 1013 hominem,
3415 944 3470 1001 id
3507 954 3616 1012 est,
3651 945 3779 1001 sine

2192 1038 2321 1105 Deo,
2349 1041 2416 1094 ab
2450 1054 2514 1094 eo
2550 1039 2656 1095 dici
2685 1047 2938 1094 asserunt
2964 1037 3260 1093 Christum.

502 860 718 928 quidam
743 868 953 928 putant,
971 863 1260 928 generatus

502 959 586 1005 est
617 950 727 1018 (81)
779 948 964 1003 Filius.
1013 948 1071 1002 Si
1113 947 1257 1002 enim

502 1041 732 1110 prolatio
758 1051 842 1096 est
864 1039 1033 1094 Filius
1063 1039 1259 1102 Patris,

504 1135 734 1206 prolatio
760 1151 887 1190 vero
916 1135 1114 1189 dicitur
1140 1148 1259 1203 qua:

505 1228 667 1282 talem
714 1227 982 1296 signiﬁcat
1029 1240 1259 1295 genera-

1330 854 1564 926 προϐολή
1595 856 1741 907 ἐστιν
1767 857 1796 908 ὁ
1831 855 1956 919 Υἱὸς
1993 855 2088 908 τοῦ

1331 947 1582 1018 Πατρὸς,
1627 947 1722 1000 καὶ
1777 948 1942 1018 γεννᾷ
1991 947 2090 1018 μὲν

1332 1038 1391 1104 ἐξ
1444 1039 1608 1094 αὑτοῦ
1659 1041 1819 1093 ὁποῖα
1865 1039 1932 1093 τὰ
1978 1039 2089 1093 τῶν

1331 1132 1484 1197 ζώων
1513 1135 1847 1205 γεννήματα,
1875 1132 2086 1206 ἀνάγκη

1329 1224 1488 1296 σῶμα.
1536 1222 1674 1278 εἶναι
1713 1225 1803 1277 τὸν
1846 1225 2086 1296 προϐάλ-

505 1318 725 1382 tionem,
745 1318 919 1386 qualis
941 1317 1255 1370 animalium
1327 1317 1506 1382 λοντα,
1533 1319 1628 1371 καὶ
1661 1318 1751 1371 τὸν
1784 1318 2088 1392 προϐεϐλη-

504 1411 587 1466 vel
638 1411 912 1465 hominum
959 1411 1094 1465 solet
1139 1426 1259 1466 esse
1335 1410 1514 1482 μένον.

502 1502 807 1572 progenies,
846 1502 1158 1557 necessario
1187 1517 1383 1571 corpus
1422 1510 1508 1557 est
1534 1509 1586 1556 et
1631 1501 1678 1557 is
1716 1504 1808 1571 qui
1838 1502 2079 1573 protulit,

500 1603 558 1650 et
597 1593 644 1649 is
680 1595 770 1664 qui
803 1593 1046 1664 prolatus
1077 1603 1179 1649 est.
1215 1613 1234 1646 ι

1073 1721 1321 1760 INTERPB.
1353 1720 1515 1759 NOV'A.

575 1817 795 1884 Tempus
837 1827 911 1871 est
949 1827 1005 1870 ut
1041 1815 1294 1870 nonnulla
1326 1821 1390 1870 de
1430 1814 1590 1869 Patre
1622 1823 1672 1870 et
1707 1813 1846 1867 Filio
1877 1824 1926 1870 et
1961 1817 2078 1880 Spi-

502 1890 606 1942 ritu
653 1898 851 1948 saneto.
889 1897 1202 1952 repetamus,
1241 1896 1288 1938 et
1323 1902 1492 1949 pauca
1535 1903 1652 1950 quae
1692 1896 1815 1937 tunc
1853 1898 2075 1953 prtrter-

502 1961 760 2020 misimus,
799 1972 1166 2021 persequamur
1198 1958 1260 2007 de
1301 1953 1477 2019 Patre,
1509 1957 1601 2022 qui
1648 1971 1765 2008 cum
1806 1957 1861 2009 in
1901 1959 2074 2011 nullas

499 2039 672 2095 partes
698 2027 864 2079 dividi
902 2034 1078 2094 queat,
1106 2024 1234 2078 Filii
1267 2035 1440 2078 tamen
1471 2025 1547 2095 fit
1573 2025 1752 2090 Pater,
1775 2041 1887 2095 non
1922 2029 2074 2080 entit-

502 2092 613 2150 tens
654 2096 842 2158 illum,
879 2092 934 2148 ut
981 2097 1193 2158 quidam
1238 2105 1444 2162 putant.
1496 2092 1635 2146 Nam
1671 2095 1717 2147 si
1766 2093 1941 2147 Filius
1994 2106 2072 2149 est

498 2167 721 2233 prolatio
769 2165 944 2219 Patris
985 2166 1072 2234 qui
1118 2165 1269 2216 illum
1296 2168 1359 2216 de
1391 2166 1557 2226 seipso
1604 2175 1806 2232 generet
1845 2166 1914 2218 ad
1956 2182 2074 2218 eum

501 2236 712 2288 modum
767 2252 867 2303 quo
929 2237 992 2286 de
1028 2251 1101 2312 _se
1161 2234 1414 2312 animalia
1480 2235 1750 2312 gignunta
1785 2237 2074 2289 necessario

496 2321 685 2374 corpus
714 2317 786 2358 est
818 2315 925 2358 tum
950 2306 1038 2374 qui
1078 2307 1292 2366 emittit,
1324 2315 1432 2356 tum
1461 2305 1550 2373 qui
1579 2305 1860 2358 emittitur.

568 2439 894 2493 Purutcus.
934 2437 1072 2491 Tum
1121 2437 1320 2492 deinde
1369 2436 1424 2490 in
1476 2435 1936 2504 consequentibus
1985 2449 2077 2490 ve-

497 2529 802 2586 hementius
850 2530 1133 2584 adversum
1178 2529 1453 2584 Valentini
1507 2529 1754 2583 haeresim
1813 2528 1936 2582 talia
1979 2528 2076 2582 de-

483 2620 822 2674 scribentem
872 2619 1140 2684 invectus,
1194 2621 1351 2688 longe
1403 2619 1487 2675 his
1535 2619 1864 2673 contrariam
1920 2634 2073 2673 suam

500 2711 826 2766 sententiam
868 2713 1160 2765 secundum
1195 2710 1476 2766 catholicas
1517 2710 1638 2764 lidei
1677 2709 1898 2779 protulit
1931 2709 2075 2763 veri-

499 2811 684 2858 tatem.
713 2802 819 2874 (82)
851 2802 926 2856 Ex
958 2803 1191 2858 secundo
1223 2802 1359 2857 libro
1387 2802 1671 2856 secundum
1698 2800 1958 2856 Joannem
2008 2800 2074 2856 de

498 2894 584 2950 his
614 2895 766 2963 ipsis.

565 3007 851 3062 ORIGENES.
894 3009 1002 3080 (83)
1043 3026 1062 3058 ι
1091 3007 1407 3079 Unigenitus
1453 3019 1582 3076 ergo
1629 3004 1770 3059 Deus
1817 3003 2072 3059 Salvator

487 3108 682 3154 noster
729 3101 875 3155 solus
922 3116 952 3155 a
1006 3101 1162 3156 Patre
1226 3108 1549 3169 generatus,
1601 3109 1790 3152 natura
1846 3107 1901 3151 ει
1962 3111 2068 3150 non

491 3191 780 3262 adoptione
814 3191 981 3246 Filius
1005 3201 1106 3247 est.
1155 3190 1268 3262 (84)
1302 3190 1469 3245 Natus
1510 3197 1594 3244 est
1625 3198 1802 3243 autem
1850 3203 1916 3243 ex
1954 3189 2068 3258 ipsa

2399 1165 2681 1205 RESPONSIO
2711 1166 2778 1204 AD
2811 1165 3051 1205 TERTIA“
3092 1164 3545 1206 CRIIINATIONEI.

2189 1261 2342 1330 Quod
2361 1279 2462 1315 non
2483 1278 2644 1326 purus
2661 1263 2835 1324 homo,
2859 1263 2947 1315 sed
2974 1262 3166 1316 diuina’
3183 1272 3384 1317 natura?
3405 1264 3473 1316 sit
3491 1262 3770 1319 Christus.

2327 1331 2440 1403 (86)
2465 1331 2563 1404 [De
2582 1333 2755 1402 primo
2795 1332 2932 1386 libro
2962 1332 3217 1402 Epistolis:
3246 1337 3312 1387 ad
3338 1332 3620 1405 Galatas.]

2256 1442 2544 1501 ORIGENES.
2577 1446 2688 1516 (87)
2749 1464 2768 1498 ι
2803 1447 2877 1501 Ex
2938 1462 3002 1502 eo
3052 1449 3193 1518 quod
3242 1449 3377 1504 dixit
3422 1449 3767 1518 Apostolus:

2188 1535 2392 1592 Paulus
2437 1538 2550 1609 (88)
2582 1540 2852 1604 apostolus
2885 1555 2986 1594 non
3017 1540 3080 1591 ab
3114 1541 3433 1606 hominibus,
3467 1558 3634 1611 neque
3674 1559 3775 1610 per

2181 1626 2463 1691 hominem,
2502 1630 2592 1682 sed
2624 1645 2717 1698 per
2746 1629 2926 1683 Iesum
2961 1629 3224 1684 Christum
3252 1632 3319 1694 ⁷⁸,
3354 1632 3650 1688 manifeste
3683 1632 3774 1687 in-

2183 1719 2346 1788 telligi
2391 1721 2580 1784 datur,
2632 1720 2760 1792 quia
2809 1736 2915 1776 non
2960 1732 3078 1776 erat
3111 1722 3270 1776 homo
3295 1721 3454 1777 Iesus
3482 1721 3770 1789 Christus,

2179 1814 2271 1866 sed
2315 1822 2432 1866 erat
2475 1813 2654 1867 divina
2695 1822 2911 1867 natura.
2956 1811 3070 1867 Non
3101 1814 3266 1877 enim,
3291 1814 3337 1868 si
3383 1814 3548 1869 homo
3590 1825 3772 1878 esset,

2107 1944 2147 1999 Β
2179 1903 2404 1958 dixisset
2429 1903 2626 1958 Paulus
2650 1903 2750 1958 hoc
2775 1903 2918 1974 quod
2961 1905 3035 1958 ait
3073 1922 3085 1958 :
3126 1902 3324 1959 Paulus
3353 1906 3628 1970 apostolus
3660 1924 3770 1962 non

2179 1995 2242 2046 ab
2279 1995 2613 2059 hominibus,
2657 2011 2819 2064 neque
2855 2012 2946 2063 per
2984 1996 3262 2052 hominem.
3312 1998 3370 2054 Si
3411 2000 3559 2054 enim
3598 2003 3773 2056 homo

2179 2085 2279 2140 fuit
2297 2085 2476 2151 Iesus,
2513 2097 2568 2141 et
2606 2103 2701 2157 per
2732 2087 2908 2155 ipsum
2943 2100 3255 2160 assumptus
3279 2101 3363 2146 est
3401 2092 3455 2146 in
3485 2095 3773 2164 apostola-

2180 2186 2291 2234 tum
2351 2179 2573 2244 Paulus,
2612 2181 2796 2251 utique
2843 2197 2938 2249 per
2985 2183 3256 2238 hominem
3315 2197 3433 2239 erat
3481 2189 3770 2254 apostolus

2181 2269 2376 2325 factus.
2414 2271 2470 2324 Si
2499 2281 2678 2326 autem
2711 2287 2806 2340 per
2835 2273 3106 2329 hominem
3137 2286 3252 2330 erat
3289 2285 3592 2345 apostolus,
3621 2296 3768 2334 nun-

2176 2376 2336 2428 quam
2375 2362 2619 2429 dixisset,
2657 2364 2782 2431 quia
2810 2380 2972 2434 neque
2996 2382 3089 2434 per
3111 2365 3373 2420 hominem
3403 2385 3422 2424 .'
3459 2371 3556 2424 sed
3587 2372 3771 2425 mani-

2176 2451 2310 2506 feste
2342 2463 2554 2521 separat
2583 2455 2648 2506 ab
2682 2453 2914 2508 humana
2964 2463 3157 2508 natura
3199 2455 3382 2510 Iesum
3422 2457 3628 2513 Paulus
3669 2475 3770 2529 per

2177 2544 2289 2599 haec
2315 2545 2494 2599 verba.
2536 2544 2652 2600 Non
2696 2547 2838 2601 enim
2868 2548 3063 2602 sullicit
3090 2550 3138 2603 ei
3169 2549 3369 2604 dixisse
3399 2568 3412 2604 :
3458 2549 3645 2620 Neque
3673 2571 3771 2618 per

2174 2634 2471 2699 hominem;
2503 2637 2596 2690 sed
2631 2637 2830 2707 adjecit
2859 2638 3045 2693 dicens
3079 2639 3235 2694 ιδιά
3273 2659 3366 2709 per
3386 2643 3574 2697 Iesum
3605 2643 3769 2698 Chri-

2173 2734 2331 2779 slum.
2380 2726 2548 2794 Quem
2583 2731 2770 2800 utique
2799 2731 2921 2799 quia
2956 2732 3166 2786 sciebat
3191 2734 3604 2792 excellentioris
3637 2753 3768 2794 esse

2173 2828 2400 2882 naturae,
2429 2830 2707 2891 propterea
2737 2823 2871 2878 dixit
2896 2838 2955 2879 se
2993 2838 3099 2878 non
3134 2835 3476 2896 assumptum
3506 2843 3634 2885 esse
3665 2847 3770 2902 per

2176 2910 2468 2966 hominem.
2495 2930 2514 2963 ι

2243 2999 2567 3059 PAMPHILUS.
2594 3002 2720 3061 llaec
2749 3005 2801 3060 in
2843 3005 2995 3062 initio
3019 3007 3273 3078 Epistolas
3299 3009 3512 3075 dicens,
3559 3011 3674 3083 (89)
3709 3013 3763 3068 in

2173 3095 2527 3162 sequentibus
2571 3095 2698 3150 libri
2752 3097 2922 3168 ipsius
2977 3100 3175 3154 similia
3206 3101 3425 3169 adjecit,
3474 3117 3765 3171 exponens

2173 3184 2303 3240 illud
2329 3186 2622 3254 capitulum
2653 3189 2706 3242 in
2737 3205 2846 3259 quo
2877 3191 3133 3260 scriptum
3159 3202 3238 3246 est
3270 3210 3285 3247 :
3326 3191 3532 3248 Notum
3575 3207 3758 3251 autem

491 3283 668 3338 Patris
698 3293 899 3350 mente,
943 3288 1082 3339 sicut
1111 3283 1360 3338 voluntas
1402 3298 1469 3337 ex
1519 3289 1716 3336 mente.
1765 3279 1880 3336 Non
1921 3282 2066 3336 enim
2094 3285 2136 3344 C
2169 3278 2312 3332 vobis
2369 3277 2532 3346 facio,
2591 3280 2827 3349 fratres,
2889 3281 3228 3353 Evangelium
3281 3288 3421 3354 quod
3465 3290 3761 3356 prwdisam

491 3375 774 3430 divisibilis
808 3386 890 3430 est
921 3377 1097 3430 divina
1135 3387 1347 3440 natura,
1385 3375 1437 3429 id
1471 3385 1581 3439 est,
1611 3373 1833 3443 ingeniti
1868 3373 2064 3439 Patris,

491 3475 552 3520 ut
605 3475 850 3535 putemus
902 3467 982 3520 vel
1037 3467 1303 3521 divisione
1357 3466 1438 3520 vel
1493 3465 1868 3520 imminutione
1931 3467 2063 3520 sub-

491 3560 705 3614 stantiae
740 3559 857 3627 ejus
889 3557 1084 3611 Filium
1123 3573 1242 3613 esse
1273 3557 1634 3628 prOgenitum.
1667 3556 1778 3626 (85)
1813 3556 1920 3610 Sed
1950 3557 2064 3612 sive

491 3665 662 3712 meus,
709 3650 821 3705 sive
855 3665 972 3714 cor,
1016 3659 1107 3704 aut
1151 3665 1340 3705 sensus
1383 3650 1451 3704 de
1503 3649 1610 3704 Deo
1660 3649 1916 3704 dicendus
1948 3660 2060 3716 est,

485 3741 821 3796 tndiscussus
872 3754 1224 3810 permanens,
1277 3755 1498 3809 germen
1549 3737 1827 3808 proferens
1872 3741 2060 3795 volun-

492 3833 637 3897 tatis,
670 3833 839 3887 factus
867 3842 948 3887 est
977 3831 1138 3887 Verbi
1173 3831 1367 3898 Pater;
1401 3832 1544 3902 quod
1584 3831 1814 3886 Verbum
1850 3832 1902 3886 itt
1936 3833 2056 3888 sinu

489 3923 664 3979 Patris
708 3924 1083 3994 requiescens,
1126 3924 1408 3978 annuntiat
1457 3923 1622 3977 Deum
1687 3939 1848 3992 quem
1909 3940 2058 3977 nemo

486 4017 615 4072 vidit
642 4018 874 4087 imquam
901 4017 990 4083 ⁷⁸⁸,
1021 4025 1076 4070 ει
1109 4017 1311 4071 revelat
1343 4016 1553 4071 Patrem
1588 4031 1746 4086 quem
1779 4029 1936 4069 nemo
1966 4029 2059 4070 co-

559 4174 624 4207 ⁷⁶·
660 4173 816 4229 Joan.
852 4189 891 4240 ι,
940 4174 1022 4229 18.
1099 4175 1142 4206 ⁷⁷
1184 4173 1374 4230 Matth.
1430 4191 1506 4241 XI,
1539 4174 1628 4230 27.
1704 4175 1772 4206 ⁷⁷’
1810 4173 1968 4228 Ioan.
2002 4187 2054 4226 Vl

2180 4209 2193 4227 .
2271 4172 2318 4205 "
2342 4170 2519 4230 Galat.
2547 4189 2586 4238 ι,
2619 4174 2670 4228 1.

549 4327 666 4452 (Si)
706 4327 877 4382 Filius
895 4329 1160 4384 omittitur
1187 4329 1237 4384 iu
1270 4332 1428 4386 editis
1455 4342 1509 4385 et
1540 4330 1590 4384 in
1616 4331 1866 4386 omnibus
1896 4345 2047 4392 mss.,

481 4412 545 4455 se
608 4400 906 4454 restituitur
929 4415 995 4455 ex
1025 4401 1172 4455 libris
1190 4400 1265 4455 De
1289 4402 1581 4455 Driucioiis.
1605 4412 1659 4455 et
1684 4402 2047 4455 restituendus

2169 3370 2311 3423 vobis
2331 3409 2344 3430 ,
2373 3371 2622 3439 quoniam
2653 3388 2755 3426 non
2789 3384 2864 3427 est
2910 3377 3198 3430 secundum
3233 3376 3503 3432 hominem
3528 3393 3549 3430 :
3582 3397 3758 3451 neque

2167 3463 2303 3516 enim
2337 3479 2430 3532 ego
2465 3464 2530 3517 ab
2564 3463 2772 3520 homine
2807 3467 2983 3536 accepi
3023 3467 3178 3535 illud,
3213 3471 3303 3524 sed
3343 3487 3440 3541 per
3472 3473 3757 3528 revelatio-

2168 3569 2281 3607 nem
2314 3553 2444 3607 Iesu
2479 3553 2675 3609 Christi
2705 3556 2792 3610 ⁷⁸⁸.

2242 3644 2536 3701 Οιιιεειιεε.
2573 3665 2591 3698 t
2618 3647 2854 3703 Adverte
2885 3662 3014 3720 ergo
3041 3651 3168 3719 quid
3190 3651 3413 3719 scribit,
3446 3655 3576 3726 quia
3615 3672 3754 3713 con-

2167 3737 2447 3790 venienter
2489 3737 2609 3805 quis
2644 3747 2700 3792 et
2740 3739 2854 3795 haec
2888 3742 3184 3813 adjungens
3215 3745 3516 3814 prioribus,
3555 3748 3753 3805 intelli-

2165 3841 2294 3894 gere
2330 3827 2527 3896 poterit
2571 3838 2626 3882 et
2665 3828 2951 3886 ostendere
2995 3833 3080 3887 his
3121 3834 3213 3904 qui
3251 3847 3454 3905 negant
3481 3838 3749 3894 deitatem

2164 3916 2290 3972 Iesu
2317 3919 2540 3983 Christi,
2576 3921 2670 3976 sed
2701 3922 2975 3978 hominem
3000 3938 3122 3979 eum
3159 3926 3332 3981 solum
3361 3932 3749 3998 pronuntiant,

2166 4009 2308 4079 quod
2334 4025 2440 4064 non
2467 4018 2549 4064 est
2573 4012 2756 4079 homo,
2782 4013 2876 4068 sed
2905 4013 3064 4079 Deus,
3093 4013 3183 4070 Dei
3205 4015 3376 4073 Filius
3395 4015 3564 4076 Iesus
3583 4020 3748 4076 Chri-

2752 4173 2816 4206 ⁷⁸·
2846 4174 2976 4231 ibid.
3019 4175 3104 4241 il,
3141 4175 3224 4232 l2.

2157 4343 2217 4402 _re
2246 4329 2442 4400 agitur,
2469 4329 2534 4402 ad
2565 4328 2722 4384 linem
2752 4343 2918 4399 usque
2950 4331 3282 4402 transcribit.
3317 4329 3446 4388 Haec
3481 4349 3583 4402 per
3609 4351 3741 4392 con-

608 4400 906 4454 restituitur
929 4415 995 4455 ex
1025 4401 1172 4455 libris
1190 4400 1265 4455 De
1287 4402 1581 4472 principiis,
1605 4412 1659 4457 et
1684 4402 2049 4457 restituendus
2147 4398 2417 4472 jecttiram
2454 4400 2598 4472 dicta
2634 4403 2741 4452 sint
2781 4398 2955 4472 ruam
3010 4401 3152 4454 nulla
3196 4398 3522 4469 auctoritas,
3575 4407 3741 4463 nulla:

480 4469 780 4620 ἷηέἓὲῗῖιιι
811 4555 999 4594 omnes
1047 4549 1292 4620 mss.._ct.
1317 4541 1464 4596 editi.
1514 4541 1763 4620 Attamen
1813 4555 2046 4620 sequens

2155 4470 2428 4546 variantes
2456 4469 2711 4546 lectiones
2742 4470 2824 4523 Vel
2843 4470 3044 4546 _Iev_i_t_cr
3066 4473 3307 4546 Διιιιιιιιιιιι
3331 4472 3534 4546 librum
3567 4490 3603 4528 ll
3635 4493 3737 4546 pro

2156 4539 2292 4615 libro
2320 4556 2347 4615 v
2379 4539 2611 4607 positum
2633 4554 2795 4615 _es_s_c.
2840 4538 3198 4615 Sed_'Rulintts
3234 4542 3350 4615 ipse
3378 4543 3558 4615 hujus
3599 4538 3738 4615 Α’ρο-

481 4608 734 4679 Origenis
761 4619 1042 4663 contextus
1067 4610 1247 4663 nttllibi
1282 4611 1333 4664 in
1365 4613 1600 4664 secundo
1632 4623 1778 4665 torno
1807 4613 1860 4664 in
1888 4608 2051 4664 Ioau-
2080 4608 2126 4663 D
2153 4610 2304 4676 logitc
2332 4610 2596 4676 interpres
2629 4609 2782 4663 facile
2818 4609 2988 4678 potuit
3014 4611 3210 4678 decipi.
3246 4611 3320 4666 Evt
3375 4608 3559 4668 littera
3589 4608 3735 4670 enim

483 4695 600 4733 nem
645 4680 929 4748 reperitur,
973 4681 1219 4748 quamvis
1264 4680 1449 4734 Graece
1507 4683 1800 4734 etiamnum
1850 4691 2045 4735 exstet.

486 4749 591 4804 Sed
646 4761 884 4802 extrema
938 4753 1017 4803 sui
1077 4761 1230 4819 parte
1289 4753 1638 4804 detruncatus
1699 4751 1911 4805 videtur
1964 4753 2048 4805 hic

411 4818 416 4825 ’
486 4830 680 4890 ttrtnus.
702 4819 944 4872 Forsitan
963 4818 1124 4873 etiam
1148 4819 1506 4889 fragmentum
1531 4822 1627 4872 hoc
1654 4836 1684 4875 e
1699 4829 1842 4875 tonio
1865 4822 2048 4890 quinto

483 4889 541 4943 in
585 4889 843 4943 Joannem
895 4890 1007 4942 erui
1063 4893 1260 4958 possit,
1315 4893 1766 4959 (lilellladlnﬂtllllll
1813 4889 2046 4945 et’illutl

481 4962 626 5026 quod
655 4974 721 5013 ex
749 4961 934 5013 eodem
979 4969 1120 5014 tonio
1152 4975 1310 5028 supra
1344 4961 1525 5013 attulit
1556 4959 1885 5028 Pamphilus.
1921 4962 2047 5016 Pro-

485 5031 624 5084 l'e'cto
666 5029 802 5082 idem
853 5030 963 5082 lere
1005 5041 1084 5084 est
1126 5033 1408 5099 utriusque
1465 5033 1751 5097 lragmenti
1804 5031 2038 5093 initium,

475 5101 664 5152 eadem
697 5115 831 5168 pene
861 5103 1060 5155 verba:
1099 5101 1191 5154 sed
1235 5116 1355 5152 cum
1405 5102 1553 5169 pritts
1603 5099 1880 5166 Pamphilo
1921 5117 2045 5168 pro-

479 5169 712 5241 bandum
745 5170 1075 5223 incumberet
1106 5188 1170 5224 ex
1206 5171 1312 5223 Deo
1345 5169 1504 5224 Patre
1535 5171 1699 5241 (juxta
1735 5172 2039 5239 Urigenem)

477 5238 673 5291 Filium
704 5254 823 5292 esse
865 5251 1078 5301 natum,
1123 5253 1175 5294 et
1215 5241 1373 5292 unius
1417 5238 1551 5295 esse
1577 5257 1696 5293 cum
1729 5241 1886 5293 Patre
1914 5238 2043 5294 sub-

476 5309 709 5370 stantite,
753 5309 983 5362 aliemtm
1019 5325 1146 5363 vero
1191 5325 1220 5362 a
1267 5311 1583 5370 substantiis
1630 5320 2039 5374 creaturarum,

475 5389 757 5447 postquam
798 5380 963 5442 dixit,
995 5377 1310 5449 Uuigenitus
1349 5377 1524 5432 Filius
1558 5379 1803 5434 Salvator
1840 5393 2037 5447 noster,

473 5450 562 5516 qui
600 5450 742 5502 solus
792 5465 856 5502 ea:
906 5449 1066 5503 Patre
1099 5461 1251 5502 natus
1285 5461 1394 5514 est,
1427 5450 1569 5503 solus
1608 5463 1798 5502 natura
1841 5459 1889 5502 et
1936 5466 2038 5503 non

473 5521 753 5590 adoptione
795 5517 971 5572 Filius
1010 5531 1106 5583 est,
1153 5522 1428 5590 sequentia
1468 5520 1755 5590 reliquisse
1800 5519 2035 5582 videtur,

477 5598 534 5639 ut
562 5589 630 5640 ad
663 5590 983 5656 posteriora,
1029 5605 1146 5659 quas
1173 5593 1238 5642 ad
1271 5605 1381 5641 rem
1416 5589 2039 5659 pertinent,_prugrede-

478 5667 625 5709 retur
665 5659 748 5727 his
793 5659 1008 5717 verbis:
1043 5659 1176 5712 Item
1213 5662 1268 5711 in
1303 5661 1480 5712 eodem
1527 5659 1681 5727 libro.
1720 5659 1873 5713 Unus
1914 5676 2034 5726 ergo

475 5736 573 5789 est,
599 5726 834 5806 etenﬂic
860 5742 988 5782 vero
1019 5738 1076 5782 ut
1109 5729 1297 5797 probet
1335 5743 1397 5782 ex
1433 5726 1670 5806 Origene
1699 5727 1892 5806 [filium
1934 5728 2045 5806 Dei,

479 5809 576 5862 per
606 5794 956 5862 prolationem
990 5794 1172 5852 natum
1204 5813 1307 5852 non
1345 5813 1488 5861 esse,
1530 5794 1672 5852 idem
1719 5794 1886 5854 h'ucce
1933 5794 2045 5851 ini-i

2152 4680 2219 4752 ll,
2244 4679 2386 4752 unde
2415 4680 2634 4748 quintus
2665 4695 2920 4752 numerus
2941 4682 3090 4752 apud
3121 4679 3339 4736 Graecos
3376 4686 3735 4752 exprimitur,

2151 4748 2308 4802 facile
2346 4748 2406 4801 lit
2436 4747 2702 4820 numerus
2747 4747 2809 4812 ll,
2854 4747 3075 4820 siplinea
3114 4754 3366 4820 superius
3417 4747 3734 4812 transversa

2150 4827 2243 4871 aut
2273 4833 2376 4871 nou
2408 4817 2736 4879 advertatur,
2767 4829 2863 4872 aut
2892 4818 3158 4874 deleatur.

2219 4888 2328 4956 (85)
2369 4888 2444 4941 Ex
2479 4887 2572 4940 lib.
2603 4904 2638 4941 tt
2665 4894 2716 4940 in
2744 4888 2948 4956 Evang.
2972 4888 3135 4944 Ioan.

2218 4959 2330 5026 (84)
2372 4958 2463 5013 Sic
2507 4973 2608 5012 ms.
2659 4959 3007 5014 Sorbouicus.
3057 4960 3250 5015 Caneri
3299 4974 3434 5017 vero
3489 4979 3624 5020 mss.
3673 4977 3728 5020 et

2148 5029 2280 5083 editi
2316 5031 2574 5082 omittunt
2599 5038 2694 5081 est.

2215 5098 2326 5166 (85)
2367 5099 2439 5152 lla
2487 5115 2587 5152 ms.
2618 5112 2778 5152 unus.
2810 5097 3002 5153 Caeteri
3042 5115 3168 5154 vero
3203 5115 3365 5162 mss.,
3411 5100 3523 5155 Sed
3558 5119 3724 5158 mens.

2148 5169 2346 5222 Deinde
2405 5169 2733 5222 Sorbunicus
2805 5171 2965 5222 habet
3029 5172 3098 5223 ad
3183 5187 3371 5224 sensus
3452 5188 3556 5241 pro
3629 5185 3724 5226 aut

2140 5253 2343 5291 sensus.

2212 5309 2324 5379 (86)
2353 5307 2428 5359 Ita
2451 5306 2964 5379 om_nes_mss._Editi
2991 5323 3118 5363 vero
3145 5324 3458 5378 perperam,
3489 5312 3565 5366 De
3587 5313 3722 5366 libro

2139 5375 2307 5446 primo
2335 5378 2476 5445 Περὶ
2515 5375 2733 5453 ᾀρχῶν·ἶ
2773 5377 2970 5453 N_ullibi
2998 5375 3216 5433 enimin
3245 5375 3314 5435 eo
3345 5381 3486 5436 libro
3510 5385 3718 5453 reperi-

2142 5457 2227 5502 tur
2253 5447 3181 5519 sequens(Origenisjragmentutu.

2208 5516 2430 5586 (87)'Ex
2460 5518 2599 5571 libro
2623 5516 2648 5572 7t
2677 5519 2728 5571 in
2759 5516 2928 5585 Epist.
2962 5523 3029 5571 ad
3056 5517 3300 5575 Galatas.

2207 5589 2319 5658 (88)
2351 5589 2492 5641 Editi
2542 5597 2596 5640 et
2633 5602 2761 5658 ms,
2793 5587 2995 5657 lit-gius
3029 5592 3286 5643 omittunt
3316 5589 3558 5645 secundo
3593 5590 3714 5645 loco

2133 5656 2697 5728 ApoistOIusaDeinde
2719 5656 2892 5728 alias,
2927 5661 3016 5710 sed
3054 5675 3147 5728 per
3182 5661 3460 5714 Christum
3486 5659 3710 5727 Iesum;

2134 5725 2189 5782 et
2214 5729 2351 5782 alias
2384 5727 2544 5791 infra,
2574 5726 2811 5780 Christus
2837 5725 3014 5781 Iesus.

2203 5798 2315 5873 (89)
2352 5798 2528 5873 Editi,
2559 5797 2623 5873 iit
2643 5795 2974 5864 sequentibus
3002 5797 3150 5851 libris
3179 5798 3378 5873 similia
3407 5839 3422 5854 .
3445 5834 3500 5855 ..
3520 5837 3538 5854 .
3567 5801 3706 5873 quod

480 5866 612 5920 tium
639 5877 912 5924 resumere
943 5868 1174 5936 videtur,
1222 5867 1379 5935 cujus
1409 5869 1710 5937 sequentia,
1741 5871 1832 5926 ubi
1860 5882 1924 5925 ea
1949 5869 2044 5952 ρει
2130 5864 2367 5952 medico
2387 5868 2548 5949 uobis.
2567 5864 2782 5948 [Verum
2808 5881 2999 5926 omnes
3034 5883 3166 5925 mss.
3193 5878 3252 5924 ut
3283 5871 3338 5926 in
3373 5879 3544 5928 textu.
