3866 6512
193 427 298 484 585

1398 431 1740 492 APOLOGIA
1778 434 1915 494 PRO
1952 437 2274 495 ORIGENE.

3337 450 3441 506 586

191 556 326 602 stos.
377 543 473 602 Sic
514 547 658 601 enim
705 547 836 604 dicit
873 547 1162 617 Apostolus
1184 589 1200 613 ,
1247 549 1373 620 quia
1419 552 1763 624 Evangelium
1795 565 1841 622 Α
1870 557 2185 627 fatigatione
2211 599 2227 625 ,
2264 569 2320 615 et
2353 559 2484 615 solis
2513 561 2706 618 ardore
2740 561 2906 618 nimio
2952 561 3277 621 elementum
3311 582 3439 622 cor-

186 640 325 709 quod
349 640 700 709 euangelizaui
732 643 896 704 vobis,
937 659 1040 696 non
1069 652 1147 697 est
1171 646 1456 700 secundum
1478 647 1762 715 hominem,

187 732 280 786 sed
306 732 598 786 secundum
613 729 1764 810 JesumChristum.Evidenter(90—9l)ergo

184 820 422 874 ostendit
457 819 585 888 quia
614 820 865 875 Christus
897 821 1054 876 .lesus
1091 839 1196 878 non
1227 836 1311 879 est
1351 827 1550 884 homo:
1583 830 1627 884 si
1665 846 1762 886 au-

185 919 293 966 tem
326 928 432 966 non
464 921 547 968 est
585 913 751 968 homo
773 955 789 980 ,
824 915 940 969 sine
976 916 1141 972 dubio
1180 918 1324 975 Deus
1361 932 1480 988 est;
1518 924 1625 978 imo
1655 940 1761 980 non

182 1003 328 1057 aliud
366 1004 492 1069 erit,
527 1005 630 1058 nisi
666 1005 806 1059 Deus
834 1017 888 1061 et
929 1009 1112 1064 homo.
1154 1011 1220 1066 Et
1254 1012 1448 1068 iterum
1495 1015 1540 1070 si
1573 1033 1759 1073 verum

178 1104 262 1150 est
296 1097 444 1166 quod
475 1098 604 1152 dicit
640 1099 842 1154 Paulus
868 1142 884 1167 ,
921 1102 1045 1170 quia
1081 1119 1184 1157 non
1220 1105 1283 1158 ab
1312 1105 1520 1162 homine
1551 1113 1758 1181 accepit

179 1189 559 1259 Evangelium,
596 1193 685 1245 sed
714 1209 806 1259 per
837 1193 1205 1248 reuelationem
1232 1196 1364 1250 Jesu
1389 1198 1610 1264 Christi,
1643 1219 1760 1258 cer-

176 1288 293 1333 tum
328 1291 410 1336 est
439 1282 563 1351 quia
587 1280 745 1336 Jesus
775 1283 1024 1338 Christus
1059 1288 1152 1355 qui
1182 1289 1460 1351 revelavit.
1496 1291 1606 1362 (92)
1639 1293 1759 1363 plus

175 1387 343 1441 quam
367 1372 531 1426 homo
564 1382 665 1428 est.
692 1374 940 1428 Alienum
979 1378 1122 1430 enim
1149 1391 1230 1432 est
1257 1380 1326 1433 ab
1361 1382 1578 1438 homine
1609 1400 1759 1442 reve-

175 1464 292 1518 lare
333 1479 456 1533 qua:
505 1465 556 1517 in
604 1465 819 1520 occulto
863 1475 1010 1534 sunt,
1053 1478 1107 1523 et
1151 1471 1330 1526 velata
1388 1484 1562 1529 sunt:
1611 1477 1755 1546 quod

172 1561 340 1614 etiam
382 1560 426 1614 si
470 1559 760 1629 aliquando
795 1577 891 1632 per
931 1563 1202 1618 hominem
1249 1565 1378 1631 fiat,
1420 1583 1526 1623 non
1574 1578 1754 1626 tamen

169 1653 238 1704 ab
272 1652 494 1705 homine
529 1652 614 1718 fit,
660 1652 755 1707 sed
802 1654 871 1708 ab
901 1667 967 1708 eo
999 1654 1091 1724 qui
1144 1655 1200 1710 in
1247 1657 1466 1714 homine
1515 1659 1756 1730 loquitur

169 1741 446 1798 Christus.
473 1762 492 1795 ι

237 1837 572 1893 Pupaiws.
615 1838 852 1908 Tempus
885 1849 970 1896 est
1015 1843 1104 1898 his
1149 1843 1224 1899 ita
1261 1845 1539 1901 evidenter
1571 1855 1751 1902 osten-

1869 651 2017 718 porci
2066 649 2308 705 humoris
2351 652 2744 721 absumptum?
2794 654 2945 722 Quod
2979 671 3111 714 vero
3157 657 3211 712 in
3255 660 3443 715 melio-

1865 742 2018 796 ribus
2047 754 2362 812 occupatus,
2397 743 2498 799 hoc
2535 747 2676 814 quod
2716 747 2900 803 bibere
2935 749 3180 805 voluerat
3203 738 3466 815 distulit,-

1865 846 1964 886 nec
2001 834 2150 900 bibit,
2186 851 2289 888 non
2322 845 2618 905 propterea
2659 838 2951 894 dicendum
2987 849 3071 895 est
3106 841 3230 909 quia
3265 857 3440 913 neque

1863 937 2054 991 passus
2084 935 2166 978 est
2202 926 2376 980 sitim.
2425 926 2532 980 Sed
2566 936 2621 982 et
2656 928 2786 981 illud
2815 931 2958 999 quod
2995 930 3312 1000 frequenter
3342 948 3440 1003 per

1863 1030 2050 1071 cmnas
2085 1029 2330 1085 vocatur,
2361 1028 2416 1073 et
2445 1019 2499 1072 in
2536 1032 2829 1090 conspectu
2857 1023 3096 1077 omnium
3125 1023 3448 1090 manducat,~

1861 1114 1916 1162 et
1946 1108 2099 1174 bibit,
2134 1126 2237 1165 non
2268 1113 2545 1182 decipiens
2565 1111 2679 1182 (97)
2713 1113 2793 1166 vel
2817 1113 3008 1206 fallens
3028 1117 3215 1172 oculos
3241 1117 3436 1172 viden-

1862 1199 1994 1253 tium
2022 1199 2173 1266 facit,
2213 1219 2388 1272 neque
2424 1205 2687 1273 putative,
2727 1216 2786 1258 ut
2814 1199 3034 1275 quidam
3074 1209 3435 1273 arbitrantur,

1861 1290 1978 1345 haec
2006 1293 2165 1360 gerit,
2197 1296 2430 1348 maxime
2471 1309 2593 1348 cum
2625 1295 2697 1349 ita
2742 1307 2985 1350 sumeret
3019 1298 3198 1351 cibum
3238 1314 3302 1353 ac
3335 1315 3436 1369 po-

1860 1391 1997 1444 tum,
2059 1391 2118 1435 ut
2163 1398 2191 1436 a
2247 1383 2565 1452 quibusdam
2607 1385 2772 1440 etiam
2822 1387 2978 1454 quasi
3030 1403 3127 1456 pro
3175 1404 3436 1458 praesum-

1859 1473 2043 1541 ptione
2091 1475 2255 1528 nimia
2301 1475 2650 1545 culparetur,
2705 1479 2852 1532 velut
2900 1479 3080 1533 cibum
3137 1496 3200 1536 ac
3245 1492 3430 1552 potum

1857 1569 2179 1635 propensius
2207 1579 2490 1638 appetens.
2534 1570 2591 1624 Si
2622 1580 2802 1626 autem
2833 1573 2957 1641 quis
2984 1573 3275 1630 violentius
3304 1575 3433 1630 velit

1857 1672 2102 1714 asserere
2138 1660 2262 1716 ideo
2301 1661 2416 1715 hinc
2451 1662 2596 1716 dicta
2627 1677 2768 1726 esse,
2800 1665 2926 1732 quia
2959 1679 3056 1734 per
3087 1666 3430 1734 phantasiam

1857 1751 2243 1815 manducabat,
2292 1760 2348 1806 et
2403 1751 2476 1806 illi
2526 1741 2795 1822 quomodo
2831 1755 2945 1810 htec
2982 1755 3173 1812 fierent
3222 1759 3434 1814 nescie-

1856 1840 2007 1906 bant,
2045 1843 2483 1912 respondendum
2532 1853 2618 1898 est
2658 1845 2726 1899 ad
2777 1859 2840 1899 ea
2895 1862 2961 1901 ex
3016 1848 3100 1902 his
3145 1864 3267 1918 quae
3317 1851 3431 1920 ipse

169 1930 264 1992 sis,
300 1945 403 1984 nos
431 1931 593 1984 etiam
625 1931 689 1984 ad
725 1933 1064 2003 insequentis
1095 1937 1500 1993 criminationis
1530 1939 1749 1993 tendere
1781 1906 1824 1968 Β
1857 1933 2118 1988 Dominus
2148 1933 2289 1988 dixit
2319 1951 2332 1987 :
2377 1931 2528 1988 Venit
2555 1934 2791 1990 Joannes
2819 1935 3059 2007 Baptista
3088 1956 3249 2008 neque
3279 1906 3429 1996 man-

168 2019 568 2087 defensionem,
621 2021 907 2080 brevitatis
948 2026 1126 2081 studio
1158 2042 1456 2096 paucorum
1503 2030 1751 2086 testimo-

167 2115 387 2170 niorum
433 2114 754 2184 probatione
785 2114 897 2188 (93)
936 2127 1247 2176 contentos.

383 2263 670 2305 BESPONSIO
705 2267 772 2304 AD
805 2266 1058 2314 ρυΑιιτΑκ
1089 2268 1532 2310 CRIIINATIONEI.

163 2341 460 2396 Adversum
506 2359 593 2415 eos
645 2345 737 2410 qui
777 2346 958 2415 dicunt
1009 2363 1127 2400 eum
1177 2363 1271 2414 per
1308 2347 1590 2415 allegorias
1614 2349 1751 2412 ξαάί-

231 2428 378 2533 prere
396 2414 582 2538 {omnia
621 2429 738 2481 qui?
766 2432 797 2467 a
819 2414 1092 2470 Saluatore
1132 2419 1326 2486 scripta
1355 2414 1476 2489 sunt
1501 2435 1749 2488 corpora-

252 2491 363 2535 iter
419 2495 553 2536 acta.

227 2572 529 2628 ORIGENES.
581 2573 691 2645 (9i)
747 2574 1206 2646 «Adjungendum
1257 2587 1340 2634 est
1399 2580 1561 2633 etiam
1617 2580 1746 2635 illud

161 2662 242 2719 bis
291 2679 416 2733 quae
462 2680 627 2735 supra
679 2665 936 2731 diximus,
986 2671 1244 2737 quoniam
1301 2685 1494 2738 corpus
1544 2671 1743 2727 Christi

161 2769 264 2810 non
314 2766 438 2811 erat
482 2756 717 2811 alienum
765 2773 793 2810 a
845 2767 1060 2812 terrena
1100 2761 1404 2815 substantia
1445 2764 1743 2818 secundum

159 2848 259 2903 hoc
309 2848 456 2918 quod
496 2848 636 2904 filius
673 2856 756 2904 est
790 2849 984 2917 David,
1022 2858 1077 2906 et
1110 2850 1250 2908 ﬁlius
1275 2853 1570 2917 Abraham,
1603 2856 1745 2911 sicut

158 2940 357 2993 scribit
398 2939 682 2996 )latthzeus
719 2957 733 2994 :
774 2938 930 2994 Liber
967 2945 1322 3012 generationis
1362 2944 1491 3000 Iesu
1522 2945 1741 3014 Christi,

155 3031 254 3098 ﬁlii
287 3027 465 3084 David
487 3071 501 3097 ,
538 3033 640 3100 ﬁlii
658 3035 941 3102 .Abraham
963 3034 1010 3065 7’
1042 3052 1054 3087 :
1087 3044 1145 3112 et
1173 3035 1315 3088 sicut
1344 3034 1545 3091 Paulus
1588 3037 1738 3102 dicit,

156 3123 437 3178 Christum
466 3139 586 3178 esse
620 3141 685 3180 ex
727 3125 933 3178 semine
974 3125 1204 3180 Abrahae
1241 3127 1310 3158 ⁷⁸·
1357 3137 1412 3182 et
1437 3142 1503 3182 ex
1537 3131 1741 3184 semine

157 3214 334 3270 David
355 3216 398 3246 '°
431 3217 722 3270 secundum
755 3233 995 3272 carnem.
1034 3217 1186 3285 Quod
1231 3234 1361 3288 ergo
1401 3221 1602 3273 dictum
1633 3230 1737 3285 est,

155 3308 312 3378 quia,
353 3307 465 3377 (95)
500 3309 873 3363 consummatis
918 3311 1276 3379 quadraginta
1303 3311 1484 3365 diebus
1519 3312 1738 3381 jejunii,

153 3408 198 3452 et
222 3399 589 3470 quadraginta
625 3400 891 3464 noctibus,
933 3408 1116 3468 postea
1156 3400 1336 3451 esuriit
1361 3399 1452 3465 °°',
1490 3400 1606 3453 sine
1635 3399 1738 3451 dn-

154 3490 238 3545 bio
269 3491 381 3545 hoc
413 3491 650 3554 indicat,
699 3492 840 3560 quod
899 3490 1152 3546 evacuari
1196 3499 1252 3544 et
1294 3490 1526 3560 repleri,
1586 3489 1737 3546 simi-

153 3577 279 3633 liter
318 3589 376 3632 ut
407 3589 589 3634 nostra
621 3594 849 3649 corpora
894 3581 1087 3644 solent,
1122 3579 1285 3634 etiam
1330 3579 1476 3634 illius
1525 3589 1734 3650 poterat

152 3686 382 3740 corpus.
419 3669 474 3724 Si
510 3685 638 3725 vero
677 3672 796 3740 quis
839 3671 1058 3742 objiciat
1096 3671 1254 3726 nobis
1284 3670 1446 3741 hujus
1489 3671 1735 3726 miraculi

153 3765 424 3818 rationem
449 3762 514 3816 de
533 3763 888 3834 quadraginta
916 3764 1126 3817 dierum
1151 3759 1386 3831 jejunio;
1419 3761 1575 3818 facile
1597 3763 1732 3818 solvi

149 3865 355 3927 potest.
401 3871 522 3910 cum
571 3856 854 3909 adhibetur
903 3855 1065 3909 etiam
1122 3855 1252 3910 illud
1296 3856 1604 3926 exemplum
1666 3856 1734 3911 de

149 3947 339 4020 Moyse
368 3948 437 4006 ".
472 3959 526 4002 et
557 3948 667 4002 Elia
700 3948 790 4011 3“,
817 3948 906 4017 qui
955 3947 1208 4002 similiter
1259 3947 1551 4013 pertulisse
1592 3946 1734 4016 jeju-

149 4059 300 4097 nium
333 4040 659 4096 referuntur.
693 4041 800 4095 Sed
833 4051 886 4094 et
927 4039 1078 4103 illud,
1116 4038 1230 4108 (96)
1264 4041 1406 4107 quod
1439 4040 1650 4093 itineris
1679 4048 1734 4093 et

147 4147 318 4190 testas
355 4133 545 4187 labore
580 4131 834 4202 fatigatus
863 4131 1056 4185 sedens
1099 4145 1263 4198 super
1295 4138 1510 4199 puteum
1549 4128 1732 4198 requi-

147 4228 307 4288 escit,
343 4236 400 4279 et
433 4224 635 4289 sitit“,
676 4224 802 4292 quid
838 4223 982 4277 aliud
1022 4223 1247 4285 indicat,
1290 4221 1394 4273 nisi
1433 4236 1724 4274 nervorum

1850 2028 2076 2092 ducaris,
2109 2043 2272 2095 neque
2314 2027 2512 2089 bibens,
2540 2035 2590 2080 et
2631 2028 2812 2082 dicunt
2844 2043 2863 2081 :
2893 2029 3223 2084 Darnionium
3251 2031 3425 2086 habet.

1859 2115 2012 2172 Venit
2043 2115 2218 2172 Filius
2262 2119 2489 2173 hominis
2533 2119 2858 2175 manducans
2890 2129 2940 2174 et
2983 2123 3194 2188 bibens,
3248 2135 3298 2178 et
3345 2125 3422 2179 di«

1849 2218 1971 2262 cunt
1996 2225 2014 2262 :
2045 2208 2182 2264 Ecce
2200 2211 2355 2263 homo
2387 2213 2671 2264 devorator
2695 2222 2740 2264 et
2765 2213 2938 2265 vinum
2971 2214 3146 2268 bibens
3175 2215 3270 2269 ⁸¹⁶.
3305 2214 3426 2286 Ipso

1847 2299 1992 2356 enim
2042 2299 2326 2355 Salvatore
2379 2301 2589 2356 dicente
2636 2303 2765 2372 quia
2814 2303 2946 2357 venit
2988 2303 3162 2358 Filius
3199 2305 3424 2363 hominis

1848 2388 2176 2443 manducone
2223 2401 2271 2443 et
2320 2390 2521 2456 bibens,
2574 2391 2849 2460 quomodo
2893 2407 3062 2448 ausus
3103 2405 3185 2450 est
3227 2396 3425 2467 aliquis

1849 2482 2055 2544 dicere.
2117 2497 2294 2552 neque
2343 2485 2699 2539 manducasse
2751 2499 2898 2550 eum,
2957 2503 3134 2556 neque
3180 2488 3424 2544 bibisse?

1849 2574 1980 2640 Quae
2032 2574 2220 2643 utique
2273 2575 2559 2630 manifesta
2613 2577 2969 2632 incredulitas
3024 2589 3108 2633 est
3161 2580 3427 2637 doctrina!

1846 2665 1984 2733 ejus.
2021 2664 2078 2720 Si
2102 2674 2284 2720 autem
2315 2667 2695 2731 manducabat,
2731 2677 2786 2722 et
2814 2668 3056 2734 bibebat,
3088 2680 3142 2724 et
3165 2677 3424 2726 substan-

1849 2755 1920 2810 tia
1957 2755 2065 2810 vini
2098 2765 2261 2826 atque
2299 2772 2438 2812 esca:
2483 2757 2594 2829 (98)
2633 2760 2685 2813 in
2734 2773 2954 2814 carnem
3002 2760 3120 2829 ejus
3159 2763 3403 2818 eflicieba-

1847 2853 1958 2910 tur,
2001 2847 2118 2902 sine
2165 2848 2328 2901 dubio
2369 2863 2464 2917 per
2490 2864 2681 2903 omnes
2711 2852 2956 2919 corporis
2989 2850 3104 2919 ejus
3132 2869 3424 2926 compages

1846 2951 1911 2990 ac
1953 2936 2320 2990 membrorum
2370 2940 2747 3006 perplexiones
2777 2941 3202 2998 diffundebatur.
3246 2945 3422 3014 Spiri-

1847 3027 2007 3079 talem
2043 3028 2184 3080 enim
2228 3038 2476 3082 naturam
2516 3029 2678 3098 (sicut
2707 3032 2926 3100 quidam
2955 3034 3022 3087 de
3045 3035 3162 3100 ejus
3187 3051 3420 3106 corpore

1845 3116 2105 3180 sentiunt,
2146 3118 2288 3185 quod
2339 3120 2589 3185 imperite
2639 3123 2770 3175 satis
2819 3131 2872 3175 et
2915 3122 3148 3177 absurde
3194 3124 3420 3196 faciunt)

1847 3207 2180 3276 impossibile
2227 3218 2309 3262 est
2353 3210 2460 3262 vini
2498 3220 2662 3278 atque
2699 3226 2837 3270 esca:
2879 3214 3121 3282 recipere
3166 3216 3422 3272 substan-

1850 3299 1999 3352 tiam.
2044 3298 2158 3370 (99)
2197 3298 2252 3354 Si
2297 3315 2426 3354 vero
2468 3301 2591 3369 quis
2651 3302 2900 3372 indignas
2941 3305 3316 3374 obscenasque
3351 3322 3418 3360 au

1849 3392 1962 3446 haec
1999 3390 2242 3460 proferat
2291 3391 2695 3461 inquisitiones,
2720 3394 3001 3462 requirens
3047 3395 3093 3448 si
3139 3395 3303 3449 etiam
3341 3397 3424 3451 di-

1845 3483 2126 3554 gestioues
2159 3485 2212 3536 in
2235 3499 2466 3552 corpore
2499 3483 2721 3549 hebant,
2747 3483 3190 3539 nihilabsurdum
3209 3486 3421 3541 videtur

1845 3574 2002 3630 fateri
2043 3578 2341 3632 secundum
2374 3577 2823 3646 consequentiam
2856 3588 3062 3631 natura:
3114 3593 3416 3648 corporeae.

1843 3667 1900 3724 Si
1943 3684 2073 3724 vero
2106 3670 2268 3724 etiam
2299 3671 2563 3739 exemplis
2591 3685 2622 3724 a
2661 3670 2818 3725 nobis
2857 3671 2968 3724 bare
2995 3671 3216 3742 exigant
3275 3673 3419 3727 allir-

1841 3761 2004 3824 mari,
2037 3761 2431 3815 ostendendum
2474 3769 2558 3815 est
2588 3761 2708 3815 illos
2765 3760 2900 3815 satis
2946 3763 3060 3816 haec
3100 3761 3417 3831 insipienter

1841 3851 2135 3920 inquirere.
2183 3849 2286 3906 Ubi
2328 3851 2472 3905 enim
2509 3851 2612 3905 ista
2655 3852 2742 3904 vel
2784 3851 2850 3905 de
2891 3852 3170 3922 apostolis,
3217 3853 3299 3906 vel
3347 3853 3415 3908 dc

1839 3945 2052 4000 eteteris
2091 3945 2295 4000 sanctis
2326 3943 2468 3998 facta
2495 3959 2617 3998 esse
2650 3943 2982 4008 referuntur,
3016 3943 3098 3998 vel
3137 3945 3300 3997 etiam
3346 3944 3414 3998 de

1839 4037 2016 4104 impiis
2044 4045 2098 4090 et
2131 4035 2533 4105 peccatoribus,
2569 4049 2634 4089 ex
2657 4035 2953 4089 abundanti
2987 4037 3052 4090 de
3089 4051 3154 4090 eo
3184 4037 3416 4104 requiri-

1839 4139 1947 4180 tur.
1995 4127 2098 4181 Sed
2127 4136 2183 4180 et
2211 4128 2649 4182 circumcisionis
2687 4128 2804 4197 ejus
2840 4130 2978 4182 ratio
3013 4128 3166 4182 nobis
3193 4131 3411 4198 quidem

1838 4220 1916 4288 (l)
1956 4234 2060 4272 non
2108 4220 2389 4289 generabit
2416 4220 2744 4288 angustiam,
2786 4219 3096 4273 dicentibus
3123 4233 3244 4274 eum
3281 4235 3413 4290 con-

221 4323 268 4353 "
309 4320 497 4374 Matth.
529 4336 569 4381 ι.
603 4321 650 4374 l.
691 4319 760 4351 "'
791 4319 966 4373 Galat.
1002 4333 1083 4381 ιιι,
1121 4316 1207 4371 16.
1280 4315 1324 4347 ⁸ο
1358 4316 1516 4371 Rom.
1551 4331 1589 4381 ι,
1625 4317 1677 4371 5.
1719 4315 1737 4347 ⁸

1845 4315 2006 4371 latth.
2034 4332 2108 4382 tv,
2127 4316 2178 4370 2.
2257 4316 2302 4347 οι
2323 4315 2491 4370 Exod.
2511 4331 2696 4381 xxxiv,
2727 4315 2816 4370 28.
2885 4314 3036 4369 ⁸¹ῚΙΙ
3061 4315 3192 4386 lieg.
3217 4331 3334 4384 ιιχ,
3355 4317 3408 4373 '5.

145 4392 190 4423 "
218 4391 390 4446 Joan.
419 4405 491 4454 iv,
521 4393 576 4454 ὅ,
607 4389 659 4446 7.
734 4387 806 4420 "‘
843 4389 1034 4444 Matth.
1059 4405 1137 4451 ιι,
1171 4387 1260 4451 18,
1295 4387 1379 4441 l9.

213 4482 628 4566 (QQ—9l)“E.rgo.
683 4484 923 4566 Decstnin
961 4498 1090 4566 mss.
1133 4481 1232 4566 sed
1261 4490 1438 4562 exstat
1463 4480 1515 4534 in
1548 4482 1730 4566 editis.
1767 4487 1809 4542 D
1837 4481 1940 4536 lius
1964 4481 2116 4550 editi,
2149 4482 2204 4536 in
2240 4499 2448 4566 carnem
2480 4482 2614 4552 ejus.
2658 4480 2778 4566 filo:
2826 4482 2976 4566 editi.
3022 4491 3076 4535 et
3119 4497 3248 4566 mss.
3277 4483 3410 4553 j'plu-

143 4552 357 4610 Deinde
387 4552 558 4619 cditi,
579 4556 731 4607 homo
759 4566 806 4606 et
842 4554 998 4606 Deus.
1039 4554 1101 4605 Et
1133 4552 1304 4615 infra,
1340 4553 1466 4616 quia
1516 4568 1618 4606 non
1661 4553 1724 4604 ab

142 4627 357 4678 homine
408 4626 578 4692 accepi
623 4625 756 4676 illud
791 4622 1172 4693 Evangeliunt;
1227 4623 1321 4676 sed
1363 4636 1552 4676 omnes
1594 4637 1724 4676 mss.

143 4704 202 4748 ut
231 4697 288 4748 in
328 4703 514 4746 nostro
549 4704 720 4747 texui.
1365 4714 1373 4720 ·

215 4765 338 4832 (92)
375 4763 448 4816 Ita
492 4778 593 4817 ms.
633 4759 852 4829 Regius.
896 4761 1033 4816 Editi
1067 4774 1231 4832 (vero,
1278 4775 1380 4813 non
1425 4770 1501 4832 est
1549 4759 1722 4814 homo.

141 4831 393 4888 Alienum
426 4843 500 4887 est
532 4873 546 4887 .
676 4851 791 4902 qua:
827 4835 874 4886 ei
927 4831 1127 4885 occulta
1175 4839 1296 4883 sunt
1328 4840 1377 4902 et
1410 4831 1573 4902 uelata
1604 4843 1725 4884 sunt

146 4904 454 4973 (Merlinus,
495 4915 544 4955 et
584 4901 805 4958 revelata
841 4902 1024 4973 sunt):
1066 4904 1204 4970 quod
1243 4910 1292 4952 et
1333 4901 1380 4951 si
1412 4901 1720 4973 aliquando,

141 4971 248 5028 etc.
311 4973 504 5028 (lateri
561 4989 686 5026 mss.
738 4971 1016 5036 ortiittunt,
1061 4973 1178 5039 plus
1226 4985 1383 5038 quam
1421 4971 1574 5022 homo
1620 4979 1718 5030 est,

141 5044 256 5107 vel,
294 5060 403 5096 non
444 5052 516 5094 est
554 5043 744 5107 homo,
774 5052 830 5096 et
859 5057 1044 5096 vocem
1074 5042 1245 5106 enim,
1289 5047 1411 5109 post
1456 5041 1719 5092 alienum:

141 5114 354 5181 reliqua
391 5127 520 5166 vero
561 5116 760 5166 habent
803 5123 859 5165 ut
895 5115 946 5166 in
982 5121 1156 5168 textu.

213 5184 332 5251 (93)
370 5183 538 5247 Alias,
567 5193 854 5236 contentus.

234 5248 329 5320 94)
364 5253 442 5306 Ex
476 5252 568 5305 lib.
610 5269 626 5306 ι
662 5253 717 5305 in
747 5251 918 5320 Epist.
944 5251 1012 5305 ad
1047 5248 1287 5305 Galatas.

233 5325 328 5392 95)
362 5324 536 5386 Alias,
569 5324 910 5387 consumptis.

353 5393 521 5456 Alias,
549 5392 688 5462 quod
716 5393 916 5446 itineris
953 5390 1143 5462 labore
1182 5399 1228 5443 et
1259 5399 1390 5445 azstu
1418 5389 1709 5462 fatigatus.

209 5459 327 5533 (97)
361 5462 495 5516 Mss.
529 5459 710 5530 plures
752 5463 1034 5533 omittunt,
1070 5461 1145 5533 uel
1169 5462 1382 5530 fallens.
1415 5459 1514 5533 Ms.
1549 5476 1709 5533 unus,

138 5530 245 5586 non
271 5530 484 5601 fallens.
517 5533 723 5586 Deinde.
751 5532 906 5594 editi,
939 5531 1091 5601 quasi
1115 5548 1208 5599 pro
1235 5532 1530 5599 sumptione
1550 5530 1712 5584 nimia

141 5639 189 5655 ..
211 5642 226 5656 .
246 5641 262 5657 .
295 5604 430 5656 velut
468 5603 640 5655 cibum
668 5619 728 5655 ac
755 5613 931 5668 potum
955 5603 1160 5654 auidius
1191 5617 1252 5654 ac
1279 5601 1583 5668 propensius
1613 5616 1710 5667 ap-

136 5684 317 5739 petens
357 5711 371 5725 .
400 5711 414 5725 .
441 5713 455 5726 .
482 5709 498 5726 .
533 5672 654 5726 velit
677 5669 936 5740 aﬁirmare
982 5673 1095 5724 ideo
1118 5672 1228 5724 haec
1254 5671 1329 5722 ita
1359 5686 1469 5723 esse
1501 5707 1517 5722 .
1539 5707 1555 5722 .
1576 5708 1592 5724 .
1613 5707 1629 5720 .
1656 5677 1710 5740 et

135 5738 218 5793 illi
257 5745 520 5811 quomodo
547 5743 600 5794 id
633 5738 804 5809 ﬁeret,
853 5751 960 5796 etc.
1008 5743 1113 5797 Sed
1153 5753 1342 5796 omnes
1378 5754 1508 5794 mss.
1557 5747 1614 5793 ut
1653 5738 1707 5792 in

137 5822 326 5866 DOSlI'O
356 5823 524 5866 textu.

205 5883 321 5954 (98)
353 5883 550 5937 r)mnes
584 5896 713 5936 mss.
748 5881 942 5948 nostri,
975 5882 1027 5936 in
1069 5897 1227 5937 carne
1269 5879 1420 5950 ejus;
1457 5880 1548 5937 sed
1588 5892 1705 5934 me-

411 5977 684 6039 PATaOL.
708 5975 824 6038 Gn.
861 5976 1058 6037 XVII.

1838 4568 1948 4613 res,
1992 4569 2264 4623 compages
2295 4554 2642 4623 membrorum
2671 4553 3088 4623 diffundebatur.
3123 4553 3250 4606 Mss.
3279 4569 3409 4609 vero

1837 4621 2192 4675 Sorbonicus‘
2241 4635 2294 4676 et
2338 4621 2536 4676 Montis
2587 4623 2646 4675 ὃ.
2701 4621 2984 4677 Michaelis
3050 4623 3102 4676 in
3155 4623 3406 4678 Pericula

1831 4693 1998 4746 maris
2045 4702 2105 4746 ut
2138 4694 2189 4744 in
2225 4703 2396 4746 textu.

1901 4761 2228 4833 (99)Editi,
2267 4760 2324 4816 Si
2373 4778 2491 4815 vero
2539 4763 2656 4831 quis
2694 4763 2977 4832 indignans
3033 4763 3282 4816 obscenas
3331 4765 3403 4817 ad

1826 4831 1956 4886 hwc.
1997 4831 2100 4886 Sed
2133 4847 2324 4886 omnes
2355 4847 2485 4885 mss.
2517 4846 2573 4884 ut
2600 4837 2651 4884 in
2682 4831 2852 4886 textu.
2885 4833 3086 4886 Deinde
3118 4850 3250 4887 mss.
3282 4849 3404 4900 qm-

1825 4904 1971 4965 dam,
1999 4904 2315 4971 digestiones
2347 4918 2610 4968 corporew
2653 4903 2866 4969 ﬁebant.
2913 4902 3078 4955 Paulo
3102 4915 3220 4970 post
3241 4906 3398 4966 editi,

1825 4989 1857 5024 (ι
1900 4973 2045 5025 nobis
2088 4972 2184 5025 hoc
2218 4974 2426 5040 exigant
2457 5013 2469 5025 .
2489 5011 2502 5025 .
2528 5011 2542 5024 .
2562 5012 2575 5025 .
2604 4971 2702 5024 Ubi
2725 4976 2861 5024 enim
2896 4974 2996 5024 ista
3027 4974 3090 5024 de
3121 4975 3395 5039 ap0stolis,

1822 5043 1900 5094 vel
1929 5045 2124 5098 caneris
2157 5045 2374 5094 sanctis.
2417 5041 2540 5095 Mox
2577 5057 2706 5095 mss.
2736 5043 3066 5095 Sorlionicus
3109 5055 3163 5093 et
3203 5044 3261 5096 S.
3290 5040 3422 5095 Mi-.

1821 5113 2027 5165 cbaelis
2068 5113 2119 5164 in
2165 5110 2414 5165 Pcriculo
2465 5113 2650 5174 maris,
2695 5115 2772 5164 vel
2821 5114 2979 5164 etiam
3019 5113 3083 5162 de
3126 5111 3298 5177 impiis
3343 5123 3393 5166 et

1818 5181 2215 5250 peccatoribus,
2238 5197 2302 5233 ea:
2335 5182 2625 5233 abundanti
2674 5184 2738 5234 de
2774 5196 2832 5234 eo
2864 5181 3152 5250 requiritur
3177 5179 3271 5245 lal.
3304 5198 3391 5233 re-

1816 5249 2140 5322 quiruntur].
2191 5249 2292 5322 Sed
2325 5264 2371 5302 et
2402 5251 2840 5311 circumcisionis,
2887 5265 2994 5304 etc.
3047 5249 3240 5322 Verum
3277 5249 3392 5303 inec

1815 5320 2003 5384 verba,
2058 5320 2126 5374 ei:
2168 5321 2459 5372 abundanti
2506 5322 2569 5372 de
2619 5338 2678 5374 eo
2727 5322 3031 5389 requiritur,
3087 5321 3168 5373 vel
3218 5323 3392 5387 requi-

1816 5402 2026 5455 runtur,
2067 5406 2166 5446 nec
2202 5393 2253 5444 in
2286 5391 2496 5445 caneris
2543 5405 2673 5445 mss.
2721 5407 2820 5444 nec
2874 5393 2926 5442 in
2976 5391 3137 5445 editis
3169 5405 3390 5457 compa-

1815 5470 1976 5527 rent;
2015 5475 2133 5529 (μω
2186 5470 2362 5513 tamen
2415 5461 2750 5514 restituenda
2793 5462 3064 5514 videntur.
3115 5459 3387 5513 thmrum

1813 5545 1920 5585 non
1957 5531 2234 5598 reperitur
2261 5531 2347 5584 ubi
2380 5531 2445 5584 de
2485 5530 2567 5583 bis
2593 5531 2854 5598 Origenes
2889 5533 3223 5583 tractaverit.

1883 5600 1958 5670 (Ι)
1989 5600 2153 5664 Editi,
2183 5616 2286 5654 non
2324 5601 2591 5670 generabit
2626 5609 2882 5669 majorem
2913 5603 3236 5669 angustiam.
3283 5599 3389 5654 Sed

1809 5669 2065 5737 majorem
2103 5669 2370 5724 omittitur
2416 5671 2468 5724 in
2499 5672 2750 5724 omnibus
2783 5687 2909 5724 mss.
2952 5672 3178 5724 nostris.
3221 5669 3388 5732 lnl‘ra,

1807 5755 1998 5794 omnes
2031 5755 2161 5794 mss.
2203 5741 2439 5794 habent:
2483 5742 2537 5793 in
2570 5741 2677 5792 alia
2707 5741 3066 5809 disputatione
3099 5741 3392 5810 γεφαίνετα-

1811 5819 1930 5875 tur;
1960 5810 2161 5866 rectius
2194 5824 2322 5866 vero
2352 5810 2505 5876 cditi,
2537 5813 2846 5880 requiretur.

2997 5973 3072 6035 19
