  <div class='ocr_page' id='page_1' title='image "/cluster/home/n/w/nwhite01/storage/ocr_20150623/17/hvd.32044051719607/305.png"; bbox 0 0 3866 6540; ppageno 0'>
   <div class='ocr_carea' id='block_1_1' title="bbox 542 446 647 505">
    <p class='ocr_par' dir='ltr' id='par_1_1' title="bbox 542 446 647 505">
     <span class='ocr_line' id='line_1_1' title="bbox 542 446 647 505; baseline -0.019 0"><span class='ocrx_word' id='word_1_1' title='bbox 542 446 647 505; x_wconf 80' lang='lat'><strong>587</strong></span> 
     </span>
    </p>
   </div>
   <div class='ocr_carea' id='block_1_2' title="bbox 1751 444 2571 503">
    <p class='ocr_par' dir='ltr' id='par_1_2' title="bbox 1751 444 2571 503">
     <span class='ocr_line' id='line_1_2' title="bbox 1751 444 2571 503; baseline 0.002 -2"><span class='ocrx_word' id='word_1_2' title='bbox 1751 448 1806 501; x_wconf 90' lang='lat' dir='ltr'><strong>S.</strong></span> <span class='ocrx_word' id='word_1_3' title='bbox 1848 444 2175 502; x_wconf 82' lang='lat' dir='ltr'><strong>PAMPHILI</strong></span> <span class='ocrx_word' id='word_1_4' title='bbox 2215 446 2309 502; x_wconf 85' lang='lat' dir='ltr'><strong>MA</strong></span> <span class='ocrx_word' id='word_1_5' title='bbox 2319 448 2571 503; x_wconf 75' lang='lat' dir='ltr'><strong>RTYRIS</strong></span> 
     </span>
    </p>
   </div>
   <div class='ocr_carea' id='block_1_3' title="bbox 3611 466 3685 524">
    <p class='ocr_par' dir='ltr' id='par_1_3' title="bbox 3611 466 3685 524">
     <span class='ocr_line' id='line_1_3' title="bbox 3611 466 3685 524; baseline 0 0"><span class='ocrx_word' id='word_1_6' title='bbox 3611 466 3685 524; x_wconf 80' lang='lat'><strong>588</strong></span> 
     </span>
    </p>
   </div>
   <div class='ocr_carea' id='block_1_4' title="bbox 538 548 3687 639">
    <p class='ocr_par' dir='ltr' id='par_1_4' title="bbox 538 548 3687 639">
     <span class='ocr_line' id='line_1_4' title="bbox 538 548 3687 639; baseline 0.005 -22"><span class='ocrx_word' id='word_1_7' title='bbox 538 571 830 631; x_wconf 86' lang='lat' dir='ltr'><strong>scquenter</strong></span> <span class='ocrx_word' id='word_1_8' title='bbox 861 548 1093 615; x_wconf 87' lang='lat' dir='ltr'><strong>humano</strong></span> <span class='ocrx_word' id='word_1_9' title='bbox 1117 572 1345 627; x_wconf 88' lang='lat' dir='ltr'><strong>corpore</strong></span> <span class='ocrx_word' id='word_1_10' title='bbox 1370 566 1425 613; x_wconf 90' lang='lat' dir='ltr'><strong>et</strong></span> <span class='ocrx_word' id='word_1_11' title='bbox 1452 558 1827 612; x_wconf 85' lang='lat' dir='ltr'><strong>circumcisum</strong></span> <span class='ocrx_word' id='word_1_12' title='bbox 1873 574 2014 623; x_wconf 88' lang='lat' dir='ltr'><strong>esse,</strong></span> <span class='ocrx_word' id='word_1_13' title='bbox 2048 569 2102 615; x_wconf 86' lang='lat' dir='ltr'><strong>et</strong></span> <span class='ocrx_word' id='word_1_14' title='bbox 2129 568 2179 623; x_wconf 69' lang='grc' dir='ltr'>Α</span> <span class='ocrx_word' id='word_1_15' title='bbox 2207 560 2469 616; x_wconf 89' lang='lat' dir='ltr'><strong>inclinare</strong></span> <span class='ocrx_word' id='word_1_16' title='bbox 2499 577 2683 615; x_wconf 66' lang='lat' dir='ltr'><strong>aur-sn</strong></span> <span class='ocrx_word' id='word_1_17' title='bbox 2728 560 2813 615; x_wconf 89' lang='lat' dir='ltr'><strong>his</strong></span> <span class='ocrx_word' id='word_1_18' title='bbox 2842 562 2934 630; x_wconf 86' lang='lat' dir='ltr'><strong>qui</strong></span> <span class='ocrx_word' id='word_1_19' title='bbox 2959 564 3144 619; x_wconf 87' lang='lat' dir='ltr'><strong>dicunt</strong></span> <span class='ocrx_word' id='word_1_20' title='bbox 3186 580 3283 635; x_wconf 87' lang='lat' dir='ltr'><strong>per</strong></span> <span class='ocrx_word' id='word_1_21' title='bbox 3308 566 3521 639; x_wconf 77' lang='lat' dir='ltr'><strong>Mariam,</strong></span> <span class='ocrx_word' id='word_1_22' title='bbox 3544 586 3587 631; x_wconf 87' lang='lat' dir='ltr'><strong>et</strong></span> <span class='ocrx_word' id='word_1_23' title='bbox 3608 596 3687 637; x_wconf 80' lang='lat' dir='ltr'><strong>non</strong></span> 
     </span>
    </p>
   </div>
   <div class='ocr_carea' id='block_1_5' title="bbox 540 650 3691 733">
    <p class='ocr_par' dir='ltr' id='par_1_5' title="bbox 540 650 3691 733">
     <span class='ocr_line' id='line_1_5' title="bbox 540 650 3691 733; baseline 0.003 -27"><span class='ocrx_word' id='word_1_24' title='bbox 540 655 860 722; x_wconf 70' lang='lat' dir='ltr'><strong>praeputium</strong></span> <span class='ocrx_word' id='word_1_25' title='bbox 908 652 1024 720; x_wconf 87' lang='lat' dir='ltr'><strong>ejus</strong></span> <span class='ocrx_word' id='word_1_26' title='bbox 1060 661 1215 705; x_wconf 81' lang='lat' dir='ltr'><strong>terrae</strong></span> <span class='ocrx_word' id='word_1_27' title='bbox 1263 650 1597 718; x_wconf 89' lang='lat' dir='ltr'><strong>mandatum,</strong></span> <span class='ocrx_word' id='word_1_28' title='bbox 1638 650 1884 706; x_wconf 74' lang='lat' dir='ltr'><strong>fortassis</strong></span> <span class='ocrx_word' id='word_1_29' title='bbox 1937 667 2106 721; x_wconf 87' lang='lat' dir='ltr'><strong>usque</strong></span> <span class='ocrx_word' id='word_1_30' title='bbox 2207 668 2274 723; x_wconf 66' lang='lat' dir='ltr'><strong>es</strong></span> <span class='ocrx_word' id='word_1_31' title='bbox 2320 654 2492 708; x_wconf 85' lang='lat' dir='ltr'><strong>Maria</strong></span> <span class='ocrx_word' id='word_1_32' title='bbox 2542 654 2618 725; x_wconf 84' lang='lat'>(5)</span> <span class='ocrx_word' id='word_1_33' title='bbox 2659 667 2783 709; x_wconf 89' lang='lat' dir='ltr'><strong>eum</strong></span> <span class='ocrx_word' id='word_1_34' title='bbox 2835 670 2955 710; x_wconf 89' lang='lat' dir='ltr'><strong>esse</strong></span> <span class='ocrx_word' id='word_1_35' title='bbox 3007 667 3236 713; x_wconf 88' lang='lat' dir='ltr'><strong>natum:</strong></span> <span class='ocrx_word' id='word_1_36' title='bbox 3289 662 3421 728; x_wconf 91' lang='lat' dir='ltr'><strong>quod</strong></span> <span class='ocrx_word' id='word_1_37' title='bbox 3463 666 3691 733; x_wconf 64' lang='lat' dir='ltr'><strong>Apostolus</strong></span> 
     </span>
    </p>
   </div>
   <div class='ocr_carea' id='block_1_6' title="bbox 542 742 2105 815">
    <p class='ocr_par' dir='ltr' id='par_1_6' title="bbox 542 742 2105 815">
     <span class='ocr_line' id='line_1_6' title="bbox 542 742 2105 815; baseline 0.002 -19"><span class='ocrx_word' id='word_1_38' title='bbox 542 745 612 815; x_wconf 89' lang='lat' dir='ltr'><strong>ad</strong></span> <span class='ocrx_word' id='word_1_39' title='bbox 648 750 856 813; x_wconf 78' lang='lat' dir='ltr'><strong>tempus</strong></span> <span class='ocrx_word' id='word_1_40' title='bbox 892 758 908 796; x_wconf 90' lang='lat'><strong>:</strong></span> <span class='ocrx_word' id='word_1_41' title='bbox 943 751 1035 796; x_wconf 90' lang='lat' dir='ltr'><strong>aut</strong></span> <span class='ocrx_word' id='word_1_42' title='bbox 1082 742 1128 796; x_wconf 89' lang='lat' dir='ltr'><strong>si</strong></span> <span class='ocrx_word' id='word_1_43' title='bbox 1173 742 1332 797; x_wconf 87' lang='lat' dir='ltr'><strong>aliter</strong></span> <span class='ocrx_word' id='word_1_44' title='bbox 1367 752 1484 807; x_wconf 87' lang='lat' dir='ltr'><strong>est,</strong></span> <span class='ocrx_word' id='word_1_45' title='bbox 1517 742 1571 797; x_wconf 91' lang='lat' dir='ltr'><strong>in</strong></span> <span class='ocrx_word' id='word_1_46' title='bbox 1603 742 1705 796; x_wconf 89' lang='lat' dir='ltr'><strong>alia</strong></span> <span class='ocrx_word' id='word_1_47' title='bbox 1746 743 2105 814; x_wconf 88' lang='lat' dir='ltr'><strong>disputatione</strong></span> 
     </span>
    </p>
   </div>
   <div class='ocr_carea' id='block_1_7' title="bbox 540 822 2103 904">
    <p class='ocr_par' dir='ltr' id='par_1_7' title="bbox 540 822 2103 904">
     <span class='ocr_line' id='line_1_7' title="bbox 540 822 2103 904; baseline 0.001 -15"><span class='ocrx_word' id='word_1_48' title='bbox 540 836 865 904; x_wconf 90' lang='lat' dir='ltr'><strong>requiretur.</strong></span> <span class='ocrx_word' id='word_1_49' title='bbox 894 833 1019 890; x_wconf 66' lang='lat' dir='ltr'><strong>Haec</strong></span> <span class='ocrx_word' id='word_1_50' title='bbox 1043 822 1224 891; x_wconf 84' lang='lat' dir='ltr'><strong>tamen</strong></span> <span class='ocrx_word' id='word_1_51' title='bbox 1249 835 1365 903; x_wconf 87' lang='lat' dir='ltr'><strong>ejus</strong></span> <span class='ocrx_word' id='word_1_52' title='bbox 1399 836 1742 891; x_wconf 90' lang='lat' dir='ltr'><strong>circumcisio</strong></span> <span class='ocrx_word' id='word_1_53' title='bbox 1775 838 1908 892; x_wconf 87' lang='lat' dir='ltr'><strong>satis</strong></span> <span class='ocrx_word' id='word_1_54' title='bbox 1938 834 2103 892; x_wconf 84' lang='lat' dir='ltr'><strong>coan-</strong></span> 
     </span>
    </p>
   </div>
   <div class='ocr_carea' id='block_1_8' title="bbox 540 926 2101 997">
    <p class='ocr_par' dir='ltr' id='par_1_8' title="bbox 540 926 2101 997">
     <span class='ocr_line' id='line_1_8' title="bbox 540 926 2101 997; baseline 0.001 -18"><span class='ocrx_word' id='word_1_55' title='bbox 540 927 775 996; x_wconf 79' lang='lat' dir='ltr'><strong>gustablt</strong></span> <span class='ocrx_word' id='word_1_56' title='bbox 816 942 909 982; x_wconf 90' lang='lat' dir='ltr'><strong>eos</strong></span> <span class='ocrx_word' id='word_1_57' title='bbox 960 927 1051 996; x_wconf 89' lang='lat' dir='ltr'><strong>qui</strong></span> <span class='ocrx_word' id='word_1_58' title='bbox 1096 942 1162 982; x_wconf 86' lang='lat' dir='ltr'><strong>ex</strong></span> <span class='ocrx_word' id='word_1_59' title='bbox 1213 927 1425 982; x_wconf 83' lang='lat' dir='ltr'><strong>diverso</strong></span> <span class='ocrx_word' id='word_1_60' title='bbox 1461 936 1607 982; x_wconf 89' lang='lat' dir='ltr'><strong>sunt.</strong></span> <span class='ocrx_word' id='word_1_61' title='bbox 1661 926 1917 997; x_wconf 88' lang='lat' dir='ltr'><strong>Spiritale</strong></span> <span class='ocrx_word' id='word_1_62' title='bbox 1960 928 2101 982; x_wconf 90' lang='lat' dir='ltr'><strong>enim</strong></span> 
     </span>
    </p>
   </div>
   <div class='ocr_carea' id='block_1_9' title="bbox 495 1019 2104 1093">
    <p class='ocr_par' dir='ltr' id='par_1_9' title="bbox 495 1019 2104 1093">
     <span class='ocr_line' id='line_1_9' title="bbox 495 1019 2104 1093; baseline 0.002 -23"><span class='ocrx_word' id='word_1_63' title='bbox 495 1064 501 1070; x_wconf 95' lang='lat'><strong>.</strong></span> <span class='ocrx_word' id='word_1_64' title='bbox 536 1034 734 1089; x_wconf 86' lang='lat' dir='ltr'><strong>corpus</strong></span> <span class='ocrx_word' id='word_1_65' title='bbox 763 1019 1033 1089; x_wconf 88' lang='lat' dir='ltr'><strong>quomodo</strong></span> <span class='ocrx_word' id='word_1_66' title='bbox 1061 1028 1271 1089; x_wconf 81' lang='lat' dir='ltr'><strong>poterat</strong></span> <span class='ocrx_word' id='word_1_67' title='bbox 1305 1019 1619 1074; x_wconf 85' lang='lat' dir='ltr'><strong>circumcidi</strong></span> <span class='ocrx_word' id='word_1_68' title='bbox 1666 1019 1811 1074; x_wconf 86' lang='lat' dir='ltr'><strong>ferro</strong></span> <span class='ocrx_word' id='word_1_69' title='bbox 1845 1020 2104 1093; x_wconf 81' lang='lat' dir='ltr'><strong>terreno?</strong></span> 
     </span>
    </p>
   </div>
   <div class='ocr_carea' id='block_1_10' title="bbox 530 1108 2104 1181">
    <p class='ocr_par' dir='ltr' id='par_1_10' title="bbox 530 1108 2104 1181">
     <span class='ocr_line' id='line_1_10' title="bbox 530 1108 2104 1181; baseline 0.001 -17"><span class='ocrx_word' id='word_1_70' title='bbox 530 1108 763 1179; x_wconf 76' lang='lat' dir='ltr'><strong>Propter</strong></span> <span class='ocrx_word' id='word_1_71' title='bbox 797 1110 937 1179; x_wconf 90' lang='lat' dir='ltr'><strong>quod</strong></span> <span class='ocrx_word' id='word_1_72' title='bbox 976 1125 1082 1164; x_wconf 91' lang='lat' dir='ltr'><strong>non</strong></span> <span class='ocrx_word' id='word_1_73' title='bbox 1117 1110 1451 1166; x_wconf 89' lang='lat' dir='ltr'><strong>erubuerunt</strong></span> <span class='ocrx_word' id='word_1_74' title='bbox 1495 1110 1712 1181; x_wconf 90' lang='lat' dir='ltr'><strong>quidam</strong></span> <span class='ocrx_word' id='word_1_75' title='bbox 1754 1126 1820 1166; x_wconf 79' lang='lat' dir='ltr'><strong>ex</strong></span> <span class='ocrx_word' id='word_1_76' title='bbox 1860 1110 1992 1180; x_wconf 86' lang='lat' dir='ltr'><strong>ipsis</strong></span> <span class='ocrx_word' id='word_1_77' title='bbox 2037 1111 2104 1166; x_wconf 88' lang='lat' dir='ltr'><strong>de</strong></span> 
     </span>
    </p>
   </div>
   <div class='ocr_carea' id='block_1_11' title="bbox 534 1198 2100 1269">
    <p class='ocr_par' dir='ltr' id='par_1_11' title="bbox 534 1198 2100 1269">
     <span class='ocr_line' id='line_1_11' title="bbox 534 1198 2100 1269; baseline 0.002 -16"><span class='ocrx_word' id='word_1_78' title='bbox 534 1198 797 1268; x_wconf 71' lang='lat' dir='ltr'><strong>praeputio</strong></span> <span class='ocrx_word' id='word_1_79' title='bbox 855 1198 1286 1261; x_wconf 84' lang='lat' dir='ltr'><strong>circumcisionis</strong></span> <span class='ocrx_word' id='word_1_80' title='bbox 1330 1200 1445 1269; x_wconf 84' lang='lat' dir='ltr'><strong>ejus</strong></span> <span class='ocrx_word' id='word_1_81' title='bbox 1493 1201 1656 1255; x_wconf 91' lang='lat' dir='ltr'><strong>etiam</strong></span> <span class='ocrx_word' id='word_1_82' title='bbox 1702 1200 1867 1256; x_wconf 90' lang='lat' dir='ltr'><strong>libros</strong></span> <span class='ocrx_word' id='word_1_83' title='bbox 1918 1202 2100 1268; x_wconf 87' lang='lat' dir='ltr'><strong>edere,</strong></span> 
     </span>
    </p>
   </div>
   <div class='ocr_carea' id='block_1_12' title="bbox 536 1291 2099 1361">
    <p class='ocr_par' dir='ltr' id='par_1_12' title="bbox 536 1291 2099 1361">
     <span class='ocr_line' id='line_1_12' title="bbox 536 1291 2099 1361; baseline 0.003 -17"><span class='ocrx_word' id='word_1_84' title='bbox 536 1291 734 1361; x_wconf 86' lang='lat' dir='ltr'><strong>quibus</strong></span> <span class='ocrx_word' id='word_1_85' title='bbox 764 1291 1050 1346; x_wconf 84' lang='lat' dir='ltr'><strong>ostendere</strong></span> <span class='ocrx_word' id='word_1_86' title='bbox 1078 1303 1409 1347; x_wconf 89' lang='lat' dir='ltr'><strong>conarentur</strong></span> <span class='ocrx_word' id='word_1_87' title='bbox 1455 1293 1595 1361; x_wconf 92' lang='lat' dir='ltr'><strong>quod</strong></span> <span class='ocrx_word' id='word_1_88' title='bbox 1641 1294 1694 1346; x_wconf 92' lang='lat' dir='ltr'><strong>in</strong></span> <span class='ocrx_word' id='word_1_89' title='bbox 1745 1292 2099 1348; x_wconf 81' lang='lat' dir='ltr'><strong>substantiam</strong></span> 
     </span>
    </p>
   </div>
   <div class='ocr_carea' id='block_1_13' title="bbox 535 1380 2102 1453">
    <p class='ocr_par' dir='ltr' id='par_1_13' title="bbox 535 1380 2102 1453">
     <span class='ocr_line' id='line_1_13' title="bbox 535 1380 2102 1453; baseline 0.003 -18"><span class='ocrx_word' id='word_1_90' title='bbox 535 1380 1097 1450; x_wconf 77' lang='lat' dir='ltr'><strong>cesserit&#39;Spiritalem.</strong></span> <span class='ocrx_word' id='word_1_91' title='bbox 1138 1380 1255 1436; x_wconf 86' lang='lat' dir='ltr'><strong>Non</strong></span> <span class='ocrx_word' id='word_1_92' title='bbox 1290 1382 1468 1437; x_wconf 92' lang='lat' dir='ltr'><strong>minus</strong></span> <span class='ocrx_word' id='word_1_93' title='bbox 1508 1392 1687 1438; x_wconf 91' lang='lat' dir='ltr'><strong>autem</strong></span> <span class='ocrx_word' id='word_1_94' title='bbox 1735 1387 2102 1453; x_wconf 80' lang='lat' dir='ltr'><strong>angustabun-</strong></span> 
     </span>
    </p>
   </div>
   <div class='ocr_carea' id='block_1_14' title="bbox 533 1473 2102 1546">
    <p class='ocr_par' dir='ltr' id='par_1_14' title="bbox 533 1473 2102 1546">
     <span class='ocr_line' id='line_1_14' title="bbox 533 1473 2102 1546; baseline 0.001 -17"><span class='ocrx_word' id='word_1_95' title='bbox 533 1484 622 1529; x_wconf 91' lang='lat' dir='ltr'><strong>tur</strong></span> <span class='ocrx_word' id='word_1_96' title='bbox 647 1475 809 1530; x_wconf 90' lang='lat' dir='ltr'><strong>etiam</strong></span> <span class='ocrx_word' id='word_1_97' title='bbox 838 1474 912 1528; x_wconf 90' lang='lat' dir='ltr'><strong>illi</strong></span> <span class='ocrx_word' id='word_1_98' title='bbox 933 1473 1023 1543; x_wconf 88' lang='lat' dir='ltr'><strong>qui</strong></span> <span class='ocrx_word' id='word_1_99' title='bbox 1056 1473 1286 1528; x_wconf 85' lang='lat' dir='ltr'><strong>animale</strong></span> <span class='ocrx_word' id='word_1_100' title='bbox 1311 1488 1507 1543; x_wconf 92' lang='lat' dir='ltr'><strong>corpus</strong></span> <span class='ocrx_word' id='word_1_101' title='bbox 1548 1474 1738 1529; x_wconf 90' lang='lat' dir='ltr'><strong>dicunt</strong></span> <span class='ocrx_word' id='word_1_102' title='bbox 1766 1489 1886 1530; x_wconf 89' lang='lat' dir='ltr'><strong>esse</strong></span> <span class='ocrx_word' id='word_1_103' title='bbox 1907 1490 2102 1546; x_wconf 90' lang='lat' dir='ltr'><strong>corpus</strong></span> 
     </span>
    </p>
   </div>
   <div class='ocr_carea' id='block_1_15' title="bbox 529 1564 2101 1635">
    <p class='ocr_par' dir='ltr' id='par_1_15' title="bbox 529 1564 2101 1635">
     <span class='ocr_line' id='line_1_15' title="bbox 529 1564 2101 1635; baseline -0.001 -14"><span class='ocrx_word' id='word_1_104' title='bbox 529 1564 754 1621; x_wconf 87' lang='lat' dir='ltr'><strong>Christi.</strong></span> <span class='ocrx_word' id='word_1_105' title='bbox 788 1564 894 1620; x_wconf 91' lang='lat' dir='ltr'><strong>Sed</strong></span> <span class='ocrx_word' id='word_1_106' title='bbox 927 1574 981 1619; x_wconf 92' lang='lat' dir='ltr'><strong>et</strong></span> <span class='ocrx_word' id='word_1_107' title='bbox 1009 1565 1074 1619; x_wconf 90' lang='lat' dir='ltr'><strong>de</strong></span> <span class='ocrx_word' id='word_1_108' title='bbox 1112 1564 1374 1634; x_wconf 79' lang='lat' dir='ltr'><strong>sanguine</strong></span> <span class='ocrx_word' id='word_1_109' title='bbox 1412 1565 1528 1634; x_wconf 86' lang='lat' dir='ltr'><strong>ejus</strong></span> <span class='ocrx_word' id='word_1_110' title='bbox 1569 1573 1622 1619; x_wconf 88' lang='lat' dir='ltr'><strong>et</strong></span> <span class='ocrx_word' id='word_1_111' title='bbox 1659 1580 1796 1634; x_wconf 87' lang='lat' dir='ltr'><strong>aqua</strong></span> <span class='ocrx_word' id='word_1_112' title='bbox 1825 1580 1945 1634; x_wconf 68' lang='lat' dir='ltr'><strong>quae</strong></span> <span class='ocrx_word' id='word_1_113' title='bbox 1975 1581 2101 1635; x_wconf 91' lang='lat' dir='ltr'><strong>pro-</strong></span> 
     </span>
    </p>
   </div>
   <div class='ocr_carea' id='block_1_16' title="bbox 531 1655 2096 1724">
    <p class='ocr_par' dir='ltr' id='par_1_16' title="bbox 531 1655 2096 1724">
     <span class='ocr_line' id='line_1_16' title="bbox 531 1655 2096 1724; baseline 0 -13"><span class='ocrx_word' id='word_1_114' title='bbox 531 1657 693 1711; x_wconf 88' lang='lat' dir='ltr'><strong>cessit</strong></span> <span class='ocrx_word' id='word_1_115' title='bbox 723 1656 790 1711; x_wconf 91' lang='lat' dir='ltr'><strong>de</strong></span> <span class='ocrx_word' id='word_1_116' title='bbox 834 1656 1004 1711; x_wconf 88' lang='lat' dir='ltr'><strong>latere</strong></span> <span class='ocrx_word' id='word_1_117' title='bbox 1048 1655 1163 1724; x_wconf 88' lang='lat' dir='ltr'><strong>ejus</strong></span> <span class='ocrx_word' id='word_1_118' title='bbox 1202 1656 1357 1710; x_wconf 90' lang='lat' dir='ltr'><strong>hasta</strong></span> <span class='ocrx_word' id='word_1_119' title='bbox 1397 1667 1718 1724; x_wconf 90' lang='lat' dir='ltr'><strong>compuncto</strong></span> <span class='ocrx_word' id='word_1_120' title='bbox 1759 1671 1789 1711; x_wconf 92' lang='lat' dir='ltr'><strong>a</strong></span> <span class='ocrx_word' id='word_1_121' title='bbox 1833 1656 2003 1712; x_wconf 88' lang='lat' dir='ltr'><strong>milite</strong></span> <span class='ocrx_word' id='word_1_122' title='bbox 2029 1658 2096 1723; x_wconf 81' lang='grc'><strong>⁸³,</strong></span> 
     </span>
    </p>
   </div>
   <div class='ocr_carea' id='block_1_17' title="bbox 468 1740 2101 1820">
    <p class='ocr_par' dir='ltr' id='par_1_17' title="bbox 468 1740 2101 1820">
     <span class='ocr_line' id='line_1_17' title="bbox 468 1740 2101 1820; baseline 0.002 -19"><span class='ocrx_word' id='word_1_123' title='bbox 468 1740 471 1741; x_wconf 47' lang='grc'><strong><em>⁷</em></strong></span> <span class='ocrx_word' id='word_1_124' title='bbox 529 1750 716 1804; x_wconf 87' lang='lat' dir='ltr'><strong>eadem</strong></span> <span class='ocrx_word' id='word_1_125' title='bbox 745 1747 1033 1803; x_wconf 85' lang='lat' dir='ltr'><strong>sentienda’</strong></span> <span class='ocrx_word' id='word_1_126' title='bbox 1069 1756 1213 1802; x_wconf 90' lang='lat' dir='ltr'><strong>sunt.</strong></span> <span class='ocrx_word' id='word_1_127' title='bbox 1257 1746 1363 1801; x_wconf 87' lang='lat' dir='ltr'><strong>Sed</strong></span> <span class='ocrx_word' id='word_1_128' title='bbox 1404 1747 1490 1801; x_wconf 91' lang='lat' dir='ltr'><strong>his</strong></span> <span class='ocrx_word' id='word_1_129' title='bbox 1519 1748 1608 1816; x_wconf 89' lang='lat' dir='ltr'><strong>qui</strong></span> <span class='ocrx_word' id='word_1_130' title='bbox 1644 1748 1823 1802; x_wconf 89' lang='lat' dir='ltr'><strong>sciunt</strong></span> <span class='ocrx_word' id='word_1_131' title='bbox 1844 1749 1971 1820; x_wconf 92' lang='lat' dir='ltr'><strong>quid</strong></span> <span class='ocrx_word' id='word_1_132' title='bbox 2006 1764 2101 1804; x_wconf 89' lang='lat' dir='ltr'><strong>au-</strong></span> 
     </span>
    </p>
   </div>
   <div class='ocr_carea' id='block_1_18' title="bbox 516 1834 2092 1907">
    <p class='ocr_par' dir='ltr' id='par_1_18' title="bbox 516 1834 2092 1907">
     <span class='ocr_line' id='line_1_18' title="bbox 516 1834 2092 1907; baseline 0.001 -14"><span class='ocrx_word' id='word_1_133' title='bbox 516 1839 683 1894; x_wconf 85' lang='lat' dir='ltr'><strong>diant</strong></span> <span class='ocrx_word' id='word_1_134' title='bbox 726 1852 823 1907; x_wconf 90' lang='lat' dir='ltr'><strong>per</strong></span> <span class='ocrx_word' id='word_1_135' title='bbox 860 1838 963 1891; x_wconf 89' lang='lat' dir='ltr'><strong>hoc</strong></span> <span class='ocrx_word' id='word_1_136' title='bbox 1000 1837 1142 1905; x_wconf 91' lang='lat' dir='ltr'><strong>quod</strong></span> <span class='ocrx_word' id='word_1_137' title='bbox 1171 1837 1388 1900; x_wconf 92' lang='lat' dir='ltr'><strong>dicitur,</strong></span> <span class='ocrx_word' id='word_1_138' title='bbox 1423 1834 1501 1907; x_wconf 70' lang='lat'>(2)</span> <span class='ocrx_word' id='word_1_139' title='bbox 1530 1839 1655 1907; x_wconf 89' lang='lat' dir='ltr'><strong>quia</strong></span> <span class='ocrx_word' id='word_1_140' title='bbox 1692 1837 1877 1894; x_wconf 70' lang='lat' dir='ltr'><strong>fixum</strong></span> <span class='ocrx_word' id='word_1_141' title='bbox 1914 1839 2092 1896; x_wconf 84' lang='lat' dir='ltr'><strong>clavo-</strong></span> 
     </span>
    </p>
   </div>
   <div class='ocr_carea' id='block_1_19' title="bbox 529 1919 2166 1998">
    <p class='ocr_par' dir='ltr' id='par_1_19' title="bbox 529 1919 2166 1998">
     <span class='ocr_line' id='line_1_19' title="bbox 529 1919 2166 1998; baseline 0.002 -14"><span class='ocrx_word' id='word_1_142' title='bbox 529 1945 649 1988; x_wconf 90' lang='lat' dir='ltr'><strong>rum</strong></span> <span class='ocrx_word' id='word_1_143' title='bbox 687 1937 842 1985; x_wconf 89' lang='lat' dir='ltr'><strong>erant</strong></span> <span class='ocrx_word' id='word_1_144' title='bbox 873 1928 923 1983; x_wconf 92' lang='lat' dir='ltr'><strong>in</strong></span> <span class='ocrx_word' id='word_1_145' title='bbox 965 1928 1089 1997; x_wconf 89' lang='lat' dir='ltr'><strong>ejus</strong></span> <span class='ocrx_word' id='word_1_146' title='bbox 1115 1943 1340 1998; x_wconf 90' lang='lat' dir='ltr'><strong>corpore</strong></span> <span class='ocrx_word' id='word_1_147' title='bbox 1359 1930 1426 1997; x_wconf 73' lang='lat'><strong>“,</strong></span> <span class='ocrx_word' id='word_1_148' title='bbox 1468 1930 1761 1985; x_wconf 88' lang='lat' dir='ltr'><strong>manifeste</strong></span> <span class='ocrx_word' id='word_1_149' title='bbox 1792 1931 2094 1988; x_wconf 87' lang='lat' dir='ltr'><strong>declaratur</strong></span> <span class='ocrx_word' id='word_1_150' title='bbox 2122 1919 2166 1975; x_wconf 81' lang='grc' dir='ltr'>Β</span> 
     </span>
    </p>
   </div>
   <div class='ocr_carea' id='block_1_20' title="bbox 529 2022 2092 2093">
    <p class='ocr_par' dir='ltr' id='par_1_20' title="bbox 529 2022 2092 2093">
     <span class='ocr_line' id='line_1_20' title="bbox 529 2022 2092 2093; baseline 0.003 -17"><span class='ocrx_word' id='word_1_151' title='bbox 529 2023 656 2093; x_wconf 89' lang='lat' dir='ltr'><strong>quia</strong></span> <span class='ocrx_word' id='word_1_152' title='bbox 709 2036 838 2076; x_wconf 89' lang='lat' dir='ltr'><strong>caro</strong></span> <span class='ocrx_word' id='word_1_153' title='bbox 875 2030 993 2075; x_wconf 89' lang='lat' dir='ltr'><strong>erat</strong></span> <span class='ocrx_word' id='word_1_154' title='bbox 1040 2030 1278 2087; x_wconf 89' lang='lat' dir='ltr'><strong>terrena,</strong></span> <span class='ocrx_word' id='word_1_155' title='bbox 1329 2022 1381 2076; x_wconf 90' lang='lat' dir='ltr'><strong>id</strong></span> <span class='ocrx_word' id='word_1_156' title='bbox 1433 2030 1515 2078; x_wconf 87' lang='lat' dir='ltr'><strong>est</strong></span> <span class='ocrx_word' id='word_1_157' title='bbox 1566 2022 1812 2077; x_wconf 69' lang='lat' dir='ltr'><strong>humanae</strong></span> <span class='ocrx_word' id='word_1_158' title='bbox 1844 2032 2092 2080; x_wconf 73' lang='lat' dir='ltr'><strong>naturae:</strong></span> 
     </span>
    </p>
   </div>
   <div class='ocr_carea' id='block_1_21' title="bbox 528 2114 2093 2184">
    <p class='ocr_par' dir='ltr' id='par_1_21' title="bbox 528 2114 2093 2184">
     <span class='ocr_line' id='line_1_21' title="bbox 528 2114 2093 2184; baseline 0.001 -15"><span class='ocrx_word' id='word_1_159' title='bbox 528 2130 649 2184; x_wconf 69' lang='lat' dir='ltr'><strong>quae</strong></span> <span class='ocrx_word' id='word_1_160' title='bbox 686 2115 869 2184; x_wconf 89' lang='lat' dir='ltr'><strong>utique</strong></span> <span class='ocrx_word' id='word_1_161' title='bbox 914 2129 1020 2169; x_wconf 90' lang='lat' dir='ltr'><strong>non</strong></span> <span class='ocrx_word' id='word_1_162' title='bbox 1064 2122 1183 2169; x_wconf 88' lang='lat' dir='ltr'><strong>erat</strong></span> <span class='ocrx_word' id='word_1_163' title='bbox 1232 2114 1375 2181; x_wconf 83' lang='lat' dir='ltr'><strong>talis,</strong></span> <span class='ocrx_word' id='word_1_164' title='bbox 1416 2123 1476 2168; x_wconf 93' lang='lat' dir='ltr'><strong>ut</strong></span> <span class='ocrx_word' id='word_1_165' title='bbox 1510 2114 1935 2183; x_wconf 85' lang='lat' dir='ltr'><strong>recipiendorum</strong></span> <span class='ocrx_word' id='word_1_166' title='bbox 1969 2115 2093 2171; x_wconf 83' lang='lat' dir='ltr'><strong>vul—</strong></span> 
     </span>
    </p>
   </div>
   <div class='ocr_carea' id='block_1_22' title="bbox 527 2206 2092 2278">
    <p class='ocr_par' dir='ltr' id='par_1_22' title="bbox 527 2206 2092 2278">
     <span class='ocr_line' id='line_1_22' title="bbox 527 2206 2092 2278; baseline 0.001 -16"><span class='ocrx_word' id='word_1_167' title='bbox 527 2222 717 2264; x_wconf 90' lang='lat' dir='ltr'><strong>nerum</strong></span> <span class='ocrx_word' id='word_1_168' title='bbox 794 2208 1192 2276; x_wconf 82' lang='lat' dir='ltr'><strong>subterfugeret</strong></span> <span class='ocrx_word' id='word_1_169' title='bbox 1247 2206 1585 2278; x_wconf 88' lang='lat' dir='ltr'><strong>qualitatem.</strong></span> <span class='ocrx_word' id='word_1_170' title='bbox 1652 2206 1804 2273; x_wconf 84' lang='lat' dir='ltr'><strong>Quod</strong></span> <span class='ocrx_word' id='word_1_171' title='bbox 1873 2208 1918 2262; x_wconf 89' lang='lat' dir='ltr'><strong>si</strong></span> <span class='ocrx_word' id='word_1_172' title='bbox 1984 2223 2092 2264; x_wconf 94' lang='lat' dir='ltr'><strong>non</strong></span> 
     </span>
    </p>
   </div>
   <div class='ocr_carea' id='block_1_23' title="bbox 526 2294 2093 2366">
    <p class='ocr_par' dir='ltr' id='par_1_23' title="bbox 526 2294 2093 2366">
     <span class='ocr_line' id='line_1_23' title="bbox 526 2294 2093 2366; baseline 0.002 -16"><span class='ocrx_word' id='word_1_173' title='bbox 526 2295 689 2350; x_wconf 88' lang='lat' dir='ltr'><strong>etiam</strong></span> <span class='ocrx_word' id='word_1_174' title='bbox 741 2295 911 2349; x_wconf 85' lang='lat' dir='ltr'><strong>multa</strong></span> <span class='ocrx_word' id='word_1_175' title='bbox 965 2294 1213 2350; x_wconf 66' lang='lat' dir='ltr'><strong>humanae</strong></span> <span class='ocrx_word' id='word_1_176' title='bbox 1257 2295 1589 2351; x_wconf 85' lang='lat' dir='ltr'><strong>inﬁrmitatis</strong></span> <span class='ocrx_word' id='word_1_177' title='bbox 1645 2296 1698 2350; x_wconf 91' lang='lat' dir='ltr'><strong>in</strong></span> <span class='ocrx_word' id='word_1_178' title='bbox 1755 2297 1868 2366; x_wconf 86' lang='lat' dir='ltr'><strong>ipsa</strong></span> <span class='ocrx_word' id='word_1_179' title='bbox 1918 2307 2093 2353; x_wconf 88' lang='lat' dir='ltr'><strong>morte</strong></span> 
     </span>
    </p>
   </div>
   <div class='ocr_carea' id='block_1_24' title="bbox 527 2386 2090 2456">
    <p class='ocr_par' dir='ltr' id='par_1_24' title="bbox 527 2386 2090 2456">
     <span class='ocr_line' id='line_1_24' title="bbox 527 2386 2090 2456; baseline 0.001 -16"><span class='ocrx_word' id='word_1_180' title='bbox 527 2386 804 2450; x_wconf 88' lang='lat' dir='ltr'><strong>sensisset,</strong></span> <span class='ocrx_word' id='word_1_181' title='bbox 856 2401 953 2441; x_wconf 90' lang='lat' dir='ltr'><strong>cur</strong></span> <span class='ocrx_word' id='word_1_182' title='bbox 996 2386 1176 2440; x_wconf 88' lang='lat' dir='ltr'><strong>anima</strong></span> <span class='ocrx_word' id='word_1_183' title='bbox 1215 2386 1383 2455; x_wconf 88' lang='lat' dir='ltr'><strong>ipsius</strong></span> <span class='ocrx_word' id='word_1_184' title='bbox 1413 2387 1762 2456; x_wconf 84' lang='lat' dir='ltr'><strong>perturbatur</strong></span> <span class='ocrx_word' id='word_1_185' title='bbox 1788 2387 1857 2453; x_wconf 78' lang='grc'><strong>⁸⁸,</strong></span> <span class='ocrx_word' id='word_1_186' title='bbox 1895 2395 1950 2442; x_wconf 91' lang='lat' dir='ltr'><strong>et</strong></span> <span class='ocrx_word' id='word_1_187' title='bbox 1990 2388 2090 2442; x_wconf 85' lang='lat' dir='ltr'><strong>tri-</strong></span> 
     </span>
    </p>
   </div>
   <div class='ocr_carea' id='block_1_25' title="bbox 525 2476 2089 2547">
    <p class='ocr_par' dir='ltr' id='par_1_25' title="bbox 525 2476 2089 2547">
     <span class='ocr_line' id='line_1_25' title="bbox 525 2476 2089 2547; baseline 0 -14"><span class='ocrx_word' id='word_1_188' title='bbox 525 2477 626 2533; x_wconf 83' lang='lat' dir='ltr'><strong>stis</strong></span> <span class='ocrx_word' id='word_1_189' title='bbox 667 2487 751 2533; x_wconf 91' lang='lat' dir='ltr'><strong>est</strong></span> <span class='ocrx_word' id='word_1_190' title='bbox 797 2492 895 2547; x_wconf 90' lang='lat' dir='ltr'><strong>pro</strong></span> <span class='ocrx_word' id='word_1_191' title='bbox 943 2492 1004 2532; x_wconf 91' lang='lat' dir='ltr'><strong>ea</strong></span> <span class='ocrx_word' id='word_1_192' title='bbox 1049 2491 1220 2546; x_wconf 91' lang='lat' dir='ltr'><strong>usque</strong></span> <span class='ocrx_word' id='word_1_193' title='bbox 1267 2476 1335 2531; x_wconf 87' lang='lat' dir='ltr'><strong>ad</strong></span> <span class='ocrx_word' id='word_1_194' title='bbox 1375 2487 1609 2547; x_wconf 29' lang='lat' dir='ltr'><strong>mortem.</strong></span> <span class='ocrx_word' id='word_1_195' title='bbox 1635 2478 1727 2532; x_wconf 68' lang='grc'><strong>⁸⁸⁸2</strong></span> <span class='ocrx_word' id='word_1_196' title='bbox 1755 2477 1883 2545; x_wconf 65' lang='lat' dir='ltr'><strong>Quae</strong></span> <span class='ocrx_word' id='word_1_197' title='bbox 1911 2480 2089 2535; x_wconf 85' lang='lat' dir='ltr'><strong>omnia</strong></span> 
     </span>
    </p>
   </div>
   <div class='ocr_carea' id='block_1_26' title="bbox 527 2570 2087 2642">
    <p class='ocr_par' dir='ltr' id='par_1_26' title="bbox 527 2570 2087 2642">
     <span class='ocr_line' id='line_1_26' title="bbox 527 2570 2087 2642; baseline -0.001 -14"><span class='ocrx_word' id='word_1_198' title='bbox 527 2572 807 2628; x_wconf 84' lang='lat' dir='ltr'><strong>evidenter</strong></span> <span class='ocrx_word' id='word_1_199' title='bbox 856 2570 1145 2625; x_wconf 89' lang='lat' dir='ltr'><strong>ostendunt</strong></span> <span class='ocrx_word' id='word_1_200' title='bbox 1202 2570 1344 2639; x_wconf 89' lang='lat' dir='ltr'><strong>quod</strong></span> <span class='ocrx_word' id='word_1_201' title='bbox 1401 2585 1506 2626; x_wconf 93' lang='lat' dir='ltr'><strong>non</strong></span> <span class='ocrx_word' id='word_1_202' title='bbox 1565 2570 1721 2639; x_wconf 84' lang='lat' dir='ltr'><strong>falso,</strong></span> <span class='ocrx_word' id='word_1_203' title='bbox 1785 2573 1879 2627; x_wconf 90' lang='lat' dir='ltr'><strong>sed</strong></span> <span class='ocrx_word' id='word_1_204' title='bbox 1936 2572 2087 2642; x_wconf 90' lang='lat' dir='ltr'><strong>quasi</strong></span> 
     </span>
    </p>
   </div>
   <div class='ocr_carea' id='block_1_27' title="bbox 527 2660 2086 2732">
    <p class='ocr_par' dir='ltr' id='par_1_27' title="bbox 527 2660 2086 2732">
     <span class='ocr_line' id='line_1_27' title="bbox 527 2660 2086 2732; baseline 0.001 -16"><span class='ocrx_word' id='word_1_205' title='bbox 527 2663 689 2717; x_wconf 87' lang='lat' dir='ltr'><strong>homo</strong></span> <span class='ocrx_word' id='word_1_206' title='bbox 719 2661 961 2716; x_wconf 76' lang='lat' dir='ltr'><strong>dixerit:</strong></span> <span class='ocrx_word' id='word_1_207' title='bbox 995 2660 1226 2729; x_wconf 81' lang='lat' dir='ltr'><strong>Spiritus</strong></span> <span class='ocrx_word' id='word_1_208' title='bbox 1266 2663 1476 2732; x_wconf 86' lang='lat' dir='ltr'><strong>quidem</strong></span> <span class='ocrx_word' id='word_1_209' title='bbox 1516 2673 1783 2731; x_wconf 88' lang='lat' dir='ltr'><strong>promptus</strong></span> <span class='ocrx_word' id='word_1_210' title='bbox 1823 2673 1920 2726; x_wconf 89' lang='lat' dir='ltr'><strong>est,</strong></span> <span class='ocrx_word' id='word_1_211' title='bbox 1965 2680 2086 2718; x_wconf 86' lang='lat' dir='ltr'><strong>caro</strong></span> 
     </span>
    </p>
   </div>
   <div class='ocr_carea' id='block_1_28' title="bbox 527 2752 2088 2822">
    <p class='ocr_par' dir='ltr' id='par_1_28' title="bbox 527 2752 2088 2822">
     <span class='ocr_line' id='line_1_28' title="bbox 527 2752 2088 2822; baseline -0.001 -13"><span class='ocrx_word' id='word_1_212' title='bbox 527 2764 697 2809; x_wconf 73' lang='lat' dir='ltr'><strong>autem</strong></span> <span class='ocrx_word' id='word_1_213' title='bbox 725 2754 936 2822; x_wconf 80' lang='lat' dir='ltr'><strong>inﬁrma</strong></span> <span class='ocrx_word' id='word_1_214' title='bbox 958 2752 1027 2809; x_wconf 82' lang='grc'><strong>⁸⁷.</strong></span> <span class='ocrx_word' id='word_1_215' title='bbox 1059 2752 1258 2808; x_wconf 87' lang='lat' dir='ltr'><strong>Eadem</strong></span> <span class='ocrx_word' id='word_1_216' title='bbox 1282 2753 1629 2809; x_wconf 90' lang='lat' dir='ltr'><strong>nihilominus</strong></span> <span class='ocrx_word' id='word_1_217' title='bbox 1660 2754 1893 2815; x_wconf 87' lang='lat' dir='ltr'><strong>ostendit</strong></span> <span class='ocrx_word' id='word_1_218' title='bbox 1923 2756 2088 2809; x_wconf 90' lang='lat' dir='ltr'><strong>etiam</strong></span> 
     </span>
    </p>
   </div>
   <div class='ocr_carea' id='block_1_29' title="bbox 526 2845 2090 2915">
    <p class='ocr_par' dir='ltr' id='par_1_29' title="bbox 526 2845 2090 2915">
     <span class='ocr_line' id='line_1_29' title="bbox 526 2845 2090 2915; baseline -0.004 -12"><span class='ocrx_word' id='word_1_219' title='bbox 526 2847 702 2903; x_wconf 84' lang='lat' dir='ltr'><strong>somni</strong></span> <span class='ocrx_word' id='word_1_220' title='bbox 741 2846 900 2910; x_wconf 89' lang='lat' dir='ltr'><strong>ratio,</strong></span> <span class='ocrx_word' id='word_1_221' title='bbox 936 2860 1058 2900; x_wconf 91' lang='lat' dir='ltr'><strong>cum</strong></span> <span class='ocrx_word' id='word_1_222' title='bbox 1092 2845 1323 2908; x_wconf 89' lang='lat' dir='ltr'><strong>dicitur,</strong></span> <span class='ocrx_word' id='word_1_223' title='bbox 1352 2846 1482 2915; x_wconf 90' lang='lat' dir='ltr'><strong>quia</strong></span> <span class='ocrx_word' id='word_1_224' title='bbox 1514 2856 1626 2900; x_wconf 88' lang='lat' dir='ltr'><strong>erat</strong></span> <span class='ocrx_word' id='word_1_225' title='bbox 1660 2846 1713 2899; x_wconf 89' lang='lat' dir='ltr'><strong>in</strong></span> <span class='ocrx_word' id='word_1_226' title='bbox 1747 2846 1903 2914; x_wconf 80' lang='lat' dir='ltr'><strong>puppi</strong></span> <span class='ocrx_word' id='word_1_227' title='bbox 1935 2861 2090 2914; x_wconf 88' lang='lat' dir='ltr'><strong>super</strong></span> 
     </span>
    </p>
   </div>
   <div class='ocr_carea' id='block_1_30' title="bbox 521 2936 2089 3005">
    <p class='ocr_par' dir='ltr' id='par_1_30' title="bbox 521 2936 2089 3005">
     <span class='ocr_line' id='line_1_30' title="bbox 521 2936 2089 3005; baseline 0 -12"><span class='ocrx_word' id='word_1_228' title='bbox 521 2938 745 2994; x_wconf 68' lang='lat' dir='ltr'><strong>cervical</strong></span> <span class='ocrx_word' id='word_1_229' title='bbox 772 2938 1031 2992; x_wconf 84' lang='lat' dir='ltr'><strong>dormiens</strong></span> <span class='ocrx_word' id='word_1_230' title='bbox 1056 2978 1072 3005; x_wconf 92' lang='lat'><strong>,</strong></span> <span class='ocrx_word' id='word_1_231' title='bbox 1116 2938 1257 2993; x_wconf 85' lang='lat' dir='ltr'><strong>sicut</strong></span> <span class='ocrx_word' id='word_1_232' title='bbox 1293 2936 1503 2993; x_wconf 79' lang='lat' dir='ltr'><strong>Marcus</strong></span> <span class='ocrx_word' id='word_1_233' title='bbox 1536 2936 1704 2993; x_wconf 88' lang='lat' dir='ltr'><strong>refert</strong></span> <span class='ocrx_word' id='word_1_234' title='bbox 1719 2937 1786 3004; x_wconf 80' lang='grc'><strong>⁸⁸,</strong></span> <span class='ocrx_word' id='word_1_235' title='bbox 1815 2946 1870 2992; x_wconf 91' lang='lat' dir='ltr'><strong>et</strong></span> <span class='ocrx_word' id='word_1_236' title='bbox 1901 2938 1968 2993; x_wconf 89' lang='lat' dir='ltr'><strong>ab</strong></span> <span class='ocrx_word' id='word_1_237' title='bbox 1995 2940 2089 2993; x_wconf 85' lang='lat' dir='ltr'><strong>ho—</strong></span> 
     </span>
    </p>
   </div>
   <div class='ocr_carea' id='block_1_31' title="bbox 525 3024 2088 3086">
    <p class='ocr_par' dir='ltr' id='par_1_31' title="bbox 525 3024 2088 3086">
     <span class='ocr_line' id='line_1_31' title="bbox 525 3024 2088 3086; baseline 0 -4"><span class='ocrx_word' id='word_1_238' title='bbox 525 3030 672 3082; x_wconf 86' lang='lat' dir='ltr'><strong>mine</strong></span> <span class='ocrx_word' id='word_1_239' title='bbox 689 3028 987 3083; x_wconf 84' lang='lat' dir='ltr'><strong>suscitatur</strong></span> <span class='ocrx_word' id='word_1_240' title='bbox 1030 3041 1061 3083; x_wconf 92' lang='lat' dir='ltr'><strong>e</strong></span> <span class='ocrx_word' id='word_1_241' title='bbox 1101 3040 1315 3082; x_wconf 88' lang='lat' dir='ltr'><strong>somno.</strong></span> <span class='ocrx_word' id='word_1_242' title='bbox 1365 3027 1491 3084; x_wconf 64' lang='lat' dir='ltr'><strong>Haec</strong></span> <span class='ocrx_word' id='word_1_243' title='bbox 1516 3024 1670 3083; x_wconf 83' lang='lat' dir='ltr'><strong>enim</strong></span> <span class='ocrx_word' id='word_1_244' title='bbox 1688 3027 1814 3083; x_wconf 86' lang='lat' dir='ltr'><strong>licet</strong></span> <span class='ocrx_word' id='word_1_245' title='bbox 1850 3030 2088 3086; x_wconf 87' lang='lat' dir='ltr'><strong>habeant</strong></span> 
     </span>
    </p>
   </div>
   <div class='ocr_carea' id='block_1_32' title="bbox 527 3117 2087 3189">
    <p class='ocr_par' dir='ltr' id='par_1_32' title="bbox 527 3117 2087 3189">
     <span class='ocr_line' id='line_1_32' title="bbox 527 3117 2087 3189; baseline 0.002 -17"><span class='ocrx_word' id='word_1_246' title='bbox 527 3117 827 3189; x_wconf 86' lang='lat' dir='ltr'><strong>spiritalem</strong></span> <span class='ocrx_word' id='word_1_247' title='bbox 870 3117 1222 3183; x_wconf 90' lang='lat' dir='ltr'><strong>intellectum,</strong></span> <span class='ocrx_word' id='word_1_248' title='bbox 1259 3127 1438 3173; x_wconf 89' lang='lat' dir='ltr'><strong>tamen</strong></span> <span class='ocrx_word' id='word_1_249' title='bbox 1467 3127 1720 3173; x_wconf 90' lang='lat' dir='ltr'><strong>manente</strong></span> <span class='ocrx_word' id='word_1_250' title='bbox 1747 3120 1894 3189; x_wconf 90' lang='lat' dir='ltr'><strong>prius</strong></span> <span class='ocrx_word' id='word_1_251' title='bbox 1927 3121 2087 3176; x_wconf 89' lang='lat' dir='ltr'><strong>histo-</strong></span> 
     </span>
    </p>
   </div>
   <div class='ocr_carea' id='block_1_33' title="bbox 523 3208 2089 3278">
    <p class='ocr_par' dir='ltr' id='par_1_33' title="bbox 523 3208 2089 3278">
     <span class='ocr_line' id='line_1_33' title="bbox 523 3208 2089 3278; baseline 0.001 -14"><span class='ocrx_word' id='word_1_252' title='bbox 523 3209 619 3265; x_wconf 71' lang='lat' dir='ltr'><strong>ria:</strong></span> <span class='ocrx_word' id='word_1_253' title='bbox 662 3209 919 3275; x_wconf 81' lang='lat' dir='ltr'><strong>veritate,</strong></span> <span class='ocrx_word' id='word_1_254' title='bbox 960 3208 1123 3265; x_wconf 90' lang='lat' dir='ltr'><strong>etiam</strong></span> <span class='ocrx_word' id='word_1_255' title='bbox 1156 3208 1417 3278; x_wconf 83' lang='lat' dir='ltr'><strong>spiritalis</strong></span> <span class='ocrx_word' id='word_1_256' title='bbox 1463 3209 1801 3278; x_wconf 89' lang='lat' dir='ltr'><strong>recipiendus</strong></span> <span class='ocrx_word' id='word_1_257' title='bbox 1842 3219 1926 3266; x_wconf 90' lang='lat' dir='ltr'><strong>est</strong></span> <span class='ocrx_word' id='word_1_258' title='bbox 1962 3226 2089 3266; x_wconf 89' lang='lat' dir='ltr'><strong>sen-</strong></span> 
     </span>
    </p>
   </div>
   <div class='ocr_carea' id='block_1_34' title="bbox 2207 746 3688 825">
    <p class='ocr_par' dir='ltr' id='par_1_34' title="bbox 2207 746 3688 825">
     <span class='ocr_line' id='line_1_34' title="bbox 2207 746 3688 825; baseline 0.012 -27"><span class='ocrx_word' id='word_1_259' title='bbox 2207 746 2495 816; x_wconf 70' lang='lat' dir='ltr'><strong>praasciens</strong></span> <span class='ocrx_word' id='word_1_260' title='bbox 2540 747 2612 802; x_wconf 90' lang='lat' dir='ltr'><strong>ita</strong></span> <span class='ocrx_word' id='word_1_261' title='bbox 2653 749 2940 817; x_wconf 68' lang='lat' dir='ltr'><strong>praedixit:</strong></span> <span class='ocrx_word' id='word_1_262' title='bbox 2976 746 3106 802; x_wconf 83' lang='lat' dir='ltr'><strong>Cum</strong></span> <span class='ocrx_word' id='word_1_263' title='bbox 3132 761 3305 805; x_wconf 86' lang='lat' dir='ltr'><strong>autem</strong></span> <span class='ocrx_word' id='word_1_264' title='bbox 3336 756 3459 808; x_wconf 78' lang='lat' dir='ltr'><strong>venit</strong></span> <span class='ocrx_word' id='word_1_265' title='bbox 3484 758 3688 825; x_wconf 72' lang='lat' dir='ltr'><strong>plenitudo</strong></span> 
     </span>
    </p>
   </div>
   <div class='ocr_carea' id='block_1_35' title="bbox 2205 839 3692 914">
    <p class='ocr_par' dir='ltr' id='par_1_35' title="bbox 2205 839 3692 914">
     <span class='ocr_line' id='line_1_35' title="bbox 2205 839 3692 914; baseline 0.009 -24"><span class='ocrx_word' id='word_1_266' title='bbox 2205 848 2527 905; x_wconf 82' lang='lat' dir='ltr'><strong>temporum,</strong></span> <span class='ocrx_word' id='word_1_267' title='bbox 2594 839 2734 893; x_wconf 89' lang='lat' dir='ltr'><strong>misit</strong></span> <span class='ocrx_word' id='word_1_268' title='bbox 2783 839 2926 895; x_wconf 88' lang='lat' dir='ltr'><strong>Deus</strong></span> <span class='ocrx_word' id='word_1_269' title='bbox 2973 839 3179 896; x_wconf 81' lang='lat' dir='ltr'><strong>Filium</strong></span> <span class='ocrx_word' id='word_1_270' title='bbox 3234 859 3382 897; x_wconf 81' lang='lat' dir='ltr'><strong>suum</strong></span> <span class='ocrx_word' id='word_1_271' title='bbox 3431 846 3607 914; x_wconf 77' lang='lat' dir='ltr'><strong>factum</strong></span> <span class='ocrx_word' id='word_1_272' title='bbox 3643 871 3692 909; x_wconf 65' lang='lat' dir='ltr'><strong>es</strong></span> 
     </span>
    </p>
   </div>
   <div class='ocr_carea' id='block_1_36' title="bbox 2204 928 3692 1007">
    <p class='ocr_par' dir='ltr' id='par_1_36' title="bbox 2204 928 3692 1007">
     <span class='ocr_line' id='line_1_36' title="bbox 2204 928 3692 1007; baseline 0.012 -28"><span class='ocrx_word' id='word_1_273' title='bbox 2204 928 2443 990; x_wconf 82' lang='lat' dir='ltr'><strong>muliere,</strong></span> <span class='ocrx_word' id='word_1_274' title='bbox 2480 928 2679 995; x_wconf 75' lang='lat' dir='ltr'><strong>factum</strong></span> <span class='ocrx_word' id='word_1_275' title='bbox 2718 930 2812 982; x_wconf 89' lang='lat' dir='ltr'><strong>sub</strong></span> <span class='ocrx_word' id='word_1_276' title='bbox 2840 928 2970 997; x_wconf 87' lang='lat' dir='ltr'><strong>lege,</strong></span> <span class='ocrx_word' id='word_1_277' title='bbox 3011 940 3066 983; x_wconf 89' lang='lat' dir='ltr'><strong>ut</strong></span> <span class='ocrx_word' id='word_1_278' title='bbox 3108 948 3195 985; x_wconf 87' lang='lat' dir='ltr'><strong>eos</strong></span> <span class='ocrx_word' id='word_1_279' title='bbox 3220 935 3309 1002; x_wconf 89' lang='lat' dir='ltr'><strong>qui</strong></span> <span class='ocrx_word' id='word_1_280' title='bbox 3341 936 3428 987; x_wconf 90' lang='lat' dir='ltr'><strong>sub</strong></span> <span class='ocrx_word' id='word_1_281' title='bbox 3465 937 3558 1007; x_wconf 81' lang='lat' dir='ltr'><strong>lege</strong></span> <span class='ocrx_word' id='word_1_282' title='bbox 3581 954 3692 997; x_wconf 76' lang='lat' dir='ltr'><strong>erant</strong></span> 
     </span>
    </p>
   </div>
   <div class='ocr_carea' id='block_1_37' title="bbox 2205 1019 3695 1100">
    <p class='ocr_par' dir='ltr' id='par_1_37' title="bbox 2205 1019 3695 1100">
     <span class='ocr_line' id='line_1_37' title="bbox 2205 1019 3695 1100; baseline 0.012 -29"><span class='ocrx_word' id='word_1_283' title='bbox 2205 1020 2477 1074; x_wconf 83' lang='lat' dir='ltr'><strong>redimeret</strong></span> <span class='ocrx_word' id='word_1_284' title='bbox 2502 1020 2566 1073; x_wconf 76' lang='lat'><strong>“.</strong></span> <span class='ocrx_word' id='word_1_285' title='bbox 2606 1019 2764 1077; x_wconf 82' lang='lat' dir='ltr'><strong>Vides</strong></span> <span class='ocrx_word' id='word_1_286' title='bbox 2789 1023 2913 1090; x_wconf 85' lang='lat' dir='ltr'><strong>quia</strong></span> <span class='ocrx_word' id='word_1_287' title='bbox 2964 1038 3070 1077; x_wconf 91' lang='lat' dir='ltr'><strong>non</strong></span> <span class='ocrx_word' id='word_1_288' title='bbox 3104 1025 3262 1090; x_wconf 79' lang='lat' dir='ltr'><strong>dixit,</strong></span> <span class='ocrx_word' id='word_1_289' title='bbox 3293 1028 3478 1083; x_wconf 83' lang='lat' dir='ltr'><strong>factum</strong></span> <span class='ocrx_word' id='word_1_290' title='bbox 3504 1046 3585 1100; x_wconf 87' lang='lat' dir='ltr'><strong>per</strong></span> <span class='ocrx_word' id='word_1_291' title='bbox 3609 1051 3695 1089; x_wconf 88' lang='lat' dir='ltr'><strong>mu-</strong></span> 
     </span>
    </p>
   </div>
   <div class='ocr_carea' id='block_1_38' title="bbox 2206 1111 3197 1181">
    <p class='ocr_par' dir='ltr' id='par_1_38' title="bbox 2206 1111 3197 1181">
     <span class='ocr_line' id='line_1_38' title="bbox 2206 1111 3197 1181; baseline 0.006 -16"><span class='ocrx_word' id='word_1_292' title='bbox 2206 1111 2413 1175; x_wconf 88' lang='lat' dir='ltr'><strong>lierem,</strong></span> <span class='ocrx_word' id='word_1_293' title='bbox 2440 1111 2554 1176; x_wconf 91' lang='lat' dir='ltr'><strong>sed,</strong></span> <span class='ocrx_word' id='word_1_294' title='bbox 2582 1112 2786 1181; x_wconf 80' lang='lat' dir='ltr'><strong>factum</strong></span> <span class='ocrx_word' id='word_1_295' title='bbox 2819 1131 2884 1169; x_wconf 80' lang='lat' dir='ltr'><strong>ea;</strong></span> <span class='ocrx_word' id='word_1_296' title='bbox 2915 1115 3151 1171; x_wconf 85' lang='lat' dir='ltr'><strong>muliere.</strong></span> <span class='ocrx_word' id='word_1_297' title='bbox 3177 1137 3197 1170; x_wconf 69' lang='grc' dir='ltr'><strong><em>ι</em></strong></span> 
     </span>
    </p>
   </div>
   <div class='ocr_carea' id='block_1_39' title="bbox 2273 1203 3693 1286">
    <p class='ocr_par' dir='ltr' id='par_1_39' title="bbox 2273 1203 3693 1286">
     <span class='ocr_line' id='line_1_39' title="bbox 2273 1203 3693 1286; baseline 0.01 -29"><span class='ocrx_word' id='word_1_298' title='bbox 2273 1203 2600 1260; x_wconf 65' lang='lat' dir='ltr'><strong>Passennus.</strong></span> <span class='ocrx_word' id='word_1_299' title='bbox 2665 1205 2805 1272; x_wconf 84' lang='lat' dir='ltr'><strong>Quid</strong></span> <span class='ocrx_word' id='word_1_300' title='bbox 2881 1216 2987 1262; x_wconf 87' lang='lat' dir='ltr'><strong>tam</strong></span> <span class='ocrx_word' id='word_1_301' title='bbox 3045 1209 3322 1266; x_wconf 85' lang='lat' dir='ltr'><strong>evidenter</strong></span> <span class='ocrx_word' id='word_1_302' title='bbox 3379 1222 3462 1268; x_wconf 92' lang='lat' dir='ltr'><strong>aut</strong></span> <span class='ocrx_word' id='word_1_303' title='bbox 3517 1214 3693 1286; x_wconf 74' lang='lat' dir='ltr'><strong>integre,</strong></span> 
     </span>
    </p>
   </div>
   <div class='ocr_carea' id='block_1_40' title="bbox 2202 1298 3695 1373">
    <p class='ocr_par' dir='ltr' id='par_1_40' title="bbox 2202 1298 3695 1373">
     <span class='ocr_line' id='line_1_40' title="bbox 2202 1298 3695 1373; baseline 0.009 -24"><span class='ocrx_word' id='word_1_304' title='bbox 2202 1312 2363 1367; x_wconf 89' lang='lat' dir='ltr'><strong>quant</strong></span> <span class='ocrx_word' id='word_1_305' title='bbox 2393 1312 2457 1353; x_wconf 81' lang='lat' dir='ltr'><strong>ex</strong></span> <span class='ocrx_word' id='word_1_306' title='bbox 2486 1298 2568 1352; x_wconf 86' lang='lat' dir='ltr'><strong>bis</strong></span> <span class='ocrx_word' id='word_1_307' title='bbox 2593 1299 2842 1355; x_wconf 91' lang='lat' dir='ltr'><strong>omnibus</strong></span> <span class='ocrx_word' id='word_1_308' title='bbox 2864 1315 2985 1369; x_wconf 73' lang='lat' dir='ltr'><strong>quas</strong></span> <span class='ocrx_word' id='word_1_309' title='bbox 3008 1302 3244 1371; x_wconf 88' lang='lat' dir='ltr'><strong>scripsit,</strong></span> <span class='ocrx_word' id='word_1_310' title='bbox 3268 1301 3345 1373; x_wconf 88' lang='lat'><strong>(6)</strong></span> <span class='ocrx_word' id='word_1_311' title='bbox 3376 1305 3695 1362; x_wconf 78' lang='lat' dir='ltr'><strong>conﬁrmatur?</strong></span> 
     </span>
    </p>
   </div>
   <div class='ocr_carea' id='block_1_41' title="bbox 2202 1386 3695 1463">
    <p class='ocr_par' dir='ltr' id='par_1_41' title="bbox 2202 1386 3695 1463">
     <span class='ocr_line' id='line_1_41' title="bbox 2202 1386 3695 1463; baseline 0.007 -22"><span class='ocrx_word' id='word_1_312' title='bbox 2202 1386 2562 1441; x_wconf 87' lang='lat' dir='ltr'><strong>Conlirmatur</strong></span> <span class='ocrx_word' id='word_1_313' title='bbox 2590 1390 2658 1443; x_wconf 89' lang='lat' dir='ltr'><strong>ab</strong></span> <span class='ocrx_word' id='word_1_314' title='bbox 2690 1403 2756 1444; x_wconf 90' lang='lat' dir='ltr'><strong>eo</strong></span> <span class='ocrx_word' id='word_1_315' title='bbox 2792 1399 2848 1444; x_wconf 91' lang='lat' dir='ltr'><strong>et</strong></span> <span class='ocrx_word' id='word_1_316' title='bbox 2887 1389 3288 1446; x_wconf 89' lang='lat' dir='ltr'><strong>Dominicorum</strong></span> <span class='ocrx_word' id='word_1_317' title='bbox 3323 1403 3567 1463; x_wconf 72' lang='lat' dir='ltr'><strong>gestorum</strong></span> <span class='ocrx_word' id='word_1_318' title='bbox 3589 1399 3695 1452; x_wconf 78' lang='lat' dir='ltr'><strong>reri-</strong></span> 
     </span>
    </p>
   </div>
   <div class='ocr_carea' id='block_1_42' title="bbox 2202 1479 3695 1556">
    <p class='ocr_par' dir='ltr' id='par_1_42' title="bbox 2202 1479 3695 1556">
     <span class='ocr_line' id='line_1_42' title="bbox 2202 1479 3695 1556; baseline 0.004 -21"><span class='ocrx_word' id='word_1_319' title='bbox 2202 1489 2305 1543; x_wconf 87' lang='lat' dir='ltr'><strong>tas.</strong></span> <span class='ocrx_word' id='word_1_320' title='bbox 2339 1490 2393 1535; x_wconf 91' lang='lat' dir='ltr'><strong>et</strong></span> <span class='ocrx_word' id='word_1_321' title='bbox 2432 1479 2672 1534; x_wconf 85' lang='lat' dir='ltr'><strong>historiae</strong></span> <span class='ocrx_word' id='word_1_322' title='bbox 2706 1480 3107 1550; x_wconf 86' lang='lat' dir='ltr'><strong>Scripturarum</strong></span> <span class='ocrx_word' id='word_1_323' title='bbox 3141 1482 3294 1538; x_wconf 79' lang='lat' dir='ltr'><strong>fides.</strong></span> <span class='ocrx_word' id='word_1_324' title='bbox 3327 1483 3427 1539; x_wconf 89' lang='lat' dir='ltr'><strong>Sed</strong></span> <span class='ocrx_word' id='word_1_325' title='bbox 3458 1499 3695 1556; x_wconf 75' lang='lat' dir='ltr'><strong>persequa—</strong></span> 
     </span>
    </p>
   </div>
   <div class='ocr_carea' id='block_1_43' title="bbox 2201 1570 3696 1643">
    <p class='ocr_par' dir='ltr' id='par_1_43' title="bbox 2201 1570 3696 1643">
     <span class='ocr_line' id='line_1_43' title="bbox 2201 1570 3696 1643; baseline 0.005 -18"><span class='ocrx_word' id='word_1_326' title='bbox 2201 1586 2322 1625; x_wconf 91' lang='lat' dir='ltr'><strong>mur</strong></span> <span class='ocrx_word' id='word_1_327' title='bbox 2349 1570 2424 1643; x_wconf 87' lang='lat'>(7)</span> <span class='ocrx_word' id='word_1_328' title='bbox 2460 1582 2863 1641; x_wconf 89' lang='lat' dir='ltr'><strong>consequenter</strong></span> <span class='ocrx_word' id='word_1_329' title='bbox 2902 1573 3066 1627; x_wconf 86' lang='lat' dir='ltr'><strong>etiam</strong></span> <span class='ocrx_word' id='word_1_330' title='bbox 3110 1573 3239 1639; x_wconf 88' lang='lat' dir='ltr'><strong>alia,</strong></span> <span class='ocrx_word' id='word_1_331' title='bbox 3282 1574 3336 1628; x_wconf 91' lang='lat' dir='ltr'><strong>in</strong></span> <span class='ocrx_word' id='word_1_332' title='bbox 3375 1574 3552 1642; x_wconf 78' lang='lat' dir='ltr'><strong>quibus</strong></span> <span class='ocrx_word' id='word_1_333' title='bbox 3581 1591 3696 1632; x_wconf 57' lang='lat' dir='ltr'><strong>actu.</strong></span> 
     </span>
    </p>
   </div>
   <div class='ocr_carea' id='block_1_44' title="bbox 2200 1664 3694 1734">
    <p class='ocr_par' dir='ltr' id='par_1_44' title="bbox 2200 1664 3694 1734">
     <span class='ocr_line' id='line_1_44' title="bbox 2200 1664 3694 1734; baseline 0.002 -16"><span class='ocrx_word' id='word_1_334' title='bbox 2200 1672 2352 1718; x_wconf 88' lang='lat' dir='ltr'><strong>satur</strong></span> <span class='ocrx_word' id='word_1_335' title='bbox 2407 1664 2565 1734; x_wconf 86' lang='lat' dir='ltr'><strong>quasi</strong></span> <span class='ocrx_word' id='word_1_336' title='bbox 2628 1665 2763 1719; x_wconf 93' lang='lat' dir='ltr'><strong>duos</strong></span> <span class='ocrx_word' id='word_1_337' title='bbox 2818 1664 3061 1721; x_wconf 89' lang='lat' dir='ltr'><strong>Christos</strong></span> <span class='ocrx_word' id='word_1_338' title='bbox 3116 1665 3330 1732; x_wconf 90' lang='lat' dir='ltr'><strong>dicens,</strong></span> <span class='ocrx_word' id='word_1_339' title='bbox 3384 1682 3532 1721; x_wconf 90' lang='lat' dir='ltr'><strong>unum</strong></span> <span class='ocrx_word' id='word_1_340' title='bbox 3570 1668 3694 1723; x_wconf 85' lang='lat' dir='ltr'><strong>Deum</strong></span> 
     </span>
    </p>
   </div>
   <div class='ocr_carea' id='block_1_45' title="bbox 2200 1755 3696 1828">
    <p class='ocr_par' dir='ltr' id='par_1_45' title="bbox 2200 1755 3696 1828">
     <span class='ocr_line' id='line_1_45' title="bbox 2200 1755 3696 1828; baseline 0.002 -17"><span class='ocrx_word' id='word_1_341' title='bbox 2200 1755 2453 1821; x_wconf 80' lang='lat' dir='ltr'><strong>Verbum,</strong></span> <span class='ocrx_word' id='word_1_342' title='bbox 2501 1763 2557 1812; x_wconf 89' lang='lat' dir='ltr'><strong>et</strong></span> <span class='ocrx_word' id='word_1_343' title='bbox 2602 1756 2765 1812; x_wconf 91' lang='lat' dir='ltr'><strong>alium</strong></span> <span class='ocrx_word' id='word_1_344' title='bbox 2808 1755 2990 1813; x_wconf 81' lang='lat' dir='ltr'><strong>Jesum</strong></span> <span class='ocrx_word' id='word_1_345' title='bbox 3031 1756 3307 1814; x_wconf 89' lang='lat' dir='ltr'><strong>Christum</strong></span> <span class='ocrx_word' id='word_1_346' title='bbox 3348 1758 3434 1828; x_wconf 91' lang='lat' dir='ltr'><strong>qui</strong></span> <span class='ocrx_word' id='word_1_347' title='bbox 3475 1773 3535 1815; x_wconf 80' lang='lat' dir='ltr'><strong>ex</strong></span> <span class='ocrx_word' id='word_1_348' title='bbox 3570 1758 3696 1814; x_wconf 67' lang='lat' dir='ltr'><strong>Maria</strong></span> 
     </span>
    </p>
   </div>
   <div class='ocr_carea' id='block_1_46' title="bbox 2198 1854 2493 1904">
    <p class='ocr_par' dir='ltr' id='par_1_46' title="bbox 2198 1854 2493 1904">
     <span class='ocr_line' id='line_1_46' title="bbox 2198 1854 2493 1904; baseline -0.003 -3"><span class='ocrx_word' id='word_1_349' title='bbox 2198 1854 2360 1904; x_wconf 90' lang='lat' dir='ltr'><strong>natus</strong></span> <span class='ocrx_word' id='word_1_350' title='bbox 2390 1856 2493 1903; x_wconf 73' lang='lat' dir='ltr'><strong>85L</strong></span> 
     </span>
    </p>
   </div>
   <div class='ocr_carea' id='block_1_47' title="bbox 2420 2002 3536 2052">
    <p class='ocr_par' dir='ltr' id='par_1_47' title="bbox 2420 2002 3536 2052">
     <span class='ocr_line' id='line_1_47' title="bbox 2420 2002 3536 2052; baseline -0.001 -9"><span class='ocrx_word' id='word_1_351' title='bbox 2420 2002 2702 2045; x_wconf 67' lang='lat' dir='ltr'><strong>RESPONSIO</strong></span> <span class='ocrx_word' id='word_1_352' title='bbox 2730 2002 2798 2044; x_wconf 76' lang='lat' dir='ltr'><strong>AD</strong></span> <span class='ocrx_word' id='word_1_353' title='bbox 2831 2003 3072 2052; x_wconf 70' lang='lat' dir='ltr'><strong>QUINTAI</strong></span> <span class='ocrx_word' id='word_1_354' title='bbox 3103 2004 3536 2044; x_wconf 71' lang='lat' dir='ltr'><strong>CRIIINATIONEI.</strong></span> 
     </span>
    </p>
   </div>
   <div class='ocr_carea' id='block_1_48' title="bbox 2363 2121 3575 2195">
    <p class='ocr_par' dir='ltr' id='par_1_48' title="bbox 2363 2121 3575 2195">
     <span class='ocr_line' id='line_1_48' title="bbox 2363 2121 3575 2195; baseline -0.002 -15"><span class='ocrx_word' id='word_1_355' title='bbox 2363 2121 2440 2195; x_wconf 80' lang='grc'><strong>(8)</strong></span> <span class='ocrx_word' id='word_1_356' title='bbox 2481 2122 2633 2188; x_wconf 81' lang='lat' dir='ltr'><strong>Quod</strong></span> <span class='ocrx_word' id='word_1_357' title='bbox 2673 2139 2807 2178; x_wconf 85' lang='lat' dir='ltr'><strong>unus</strong></span> <span class='ocrx_word' id='word_1_358' title='bbox 2850 2131 2930 2178; x_wconf 89' lang='lat' dir='ltr'><strong>est</strong></span> <span class='ocrx_word' id='word_1_359' title='bbox 2979 2121 3221 2178; x_wconf 69' lang='lat' dir='ltr'><strong>Christus</strong></span> <span class='ocrx_word' id='word_1_360' title='bbox 3263 2121 3433 2176; x_wconf 82' lang='lat' dir='ltr'><strong>Filius</strong></span> <span class='ocrx_word' id='word_1_361' title='bbox 3470 2121 3575 2177; x_wconf 88' lang='lat' dir='ltr'><strong>Dei.</strong></span> 
     </span>
    </p>
   </div>
   <div class='ocr_carea' id='block_1_49' title="bbox 2590 2234 3375 2307">
    <p class='ocr_par' dir='ltr' id='par_1_49' title="bbox 2590 2234 3375 2307">
     <span class='ocr_line' id='line_1_49' title="bbox 2590 2234 3375 2307; baseline -0.001 -18"><span class='ocrx_word' id='word_1_362' title='bbox 2590 2234 2690 2307; x_wconf 79' lang='lat' dir='ltr'><strong>(Ex</strong></span> <span class='ocrx_word' id='word_1_363' title='bbox 2717 2234 2893 2305; x_wconf 83' lang='lat' dir='ltr'><strong>primo</strong></span> <span class='ocrx_word' id='word_1_364' title='bbox 2914 2234 3057 2290; x_wconf 90' lang='lat' dir='ltr'><strong>libro</strong></span> <span class='ocrx_word' id='word_1_365' title='bbox 3086 2235 3152 2289; x_wconf 91' lang='lat' dir='ltr'><strong>de</strong></span> <span class='ocrx_word' id='word_1_366' title='bbox 3184 2234 3375 2304; x_wconf 87' lang='lat' dir='ltr'><strong>Isaia.)</strong></span> 
     </span>
    </p>
   </div>
   <div class='ocr_carea' id='block_1_50' title="bbox 2267 2364 3699 2443">
    <p class='ocr_par' dir='ltr' id='par_1_50' title="bbox 2267 2364 3699 2443">
     <span class='ocr_line' id='line_1_50' title="bbox 2267 2364 3699 2443; baseline -0.003 -19"><span class='ocrx_word' id='word_1_367' title='bbox 2267 2369 2555 2443; x_wconf 66' lang='lat' dir='ltr'><strong>ORIGENES.</strong></span> <span class='ocrx_word' id='word_1_368' title='bbox 2592 2366 2672 2440; x_wconf 88' lang='lat'><strong>(9)</strong></span> <span class='ocrx_word' id='word_1_369' title='bbox 2704 2387 2724 2420; x_wconf 86' lang='grc'><strong><em>‹</em></strong></span> <span class='ocrx_word' id='word_1_370' title='bbox 2761 2366 2914 2422; x_wconf 91' lang='lat' dir='ltr'><strong>Sicut</strong></span> <span class='ocrx_word' id='word_1_371' title='bbox 2955 2367 3086 2423; x_wconf 88' lang='lat' dir='ltr'><strong>dicit</strong></span> <span class='ocrx_word' id='word_1_372' title='bbox 3118 2367 3444 2437; x_wconf 83' lang='lat' dir='ltr'><strong>Apostolus,</strong></span> <span class='ocrx_word' id='word_1_373' title='bbox 3492 2364 3699 2431; x_wconf 66' lang='lat' dir='ltr'><strong>Quoniam</strong></span> 
     </span>
    </p>
   </div>
   <div class='ocr_carea' id='block_1_51' title="bbox 2195 2457 3699 2527">
    <p class='ocr_par' dir='ltr' id='par_1_51' title="bbox 2195 2457 3699 2527">
     <span class='ocr_line' id='line_1_51' title="bbox 2195 2457 3699 2527; baseline -0.003 -14"><span class='ocrx_word' id='word_1_374' title='bbox 2195 2458 2526 2513; x_wconf 66' lang='lat' dir='ltr'><strong>aemulatores</strong></span> <span class='ocrx_word' id='word_1_375' title='bbox 2563 2460 2686 2514; x_wconf 81' lang='lat' dir='ltr'><strong>estis</strong></span> <span class='ocrx_word' id='word_1_376' title='bbox 2716 2458 3000 2527; x_wconf 83' lang='lat' dir='ltr'><strong>spirituum</strong></span> <span class='ocrx_word' id='word_1_377' title='bbox 3030 2457 3097 2511; x_wconf 80' lang='grc'><strong>’⁸.</strong></span> <span class='ocrx_word' id='word_1_378' title='bbox 3127 2457 3282 2513; x_wconf 90' lang='lat' dir='ltr'><strong>Sicut</strong></span> <span class='ocrx_word' id='word_1_379' title='bbox 3312 2459 3449 2513; x_wconf 87' lang='lat' dir='ltr'><strong>enim</strong></span> <span class='ocrx_word' id='word_1_380' title='bbox 3470 2470 3576 2511; x_wconf 86' lang='lat' dir='ltr'><strong>cum</strong></span> <span class='ocrx_word' id='word_1_381' title='bbox 3600 2469 3699 2510; x_wconf 84' lang='lat' dir='ltr'><strong>unus</strong></span> 
     </span>
    </p>
   </div>
   <div class='ocr_carea' id='block_1_52' title="bbox 2193 2548 3700 2621">
    <p class='ocr_par' dir='ltr' id='par_1_52' title="bbox 2193 2548 3700 2621">
     <span class='ocr_line' id='line_1_52' title="bbox 2193 2548 3700 2621; baseline -0.005 -15"><span class='ocrx_word' id='word_1_382' title='bbox 2193 2552 2266 2606; x_wconf 93' lang='lat' dir='ltr'><strong>sit</strong></span> <span class='ocrx_word' id='word_1_383' title='bbox 2311 2550 2546 2621; x_wconf 89' lang='lat' dir='ltr'><strong>Spiritus</strong></span> <span class='ocrx_word' id='word_1_384' title='bbox 2602 2561 2846 2618; x_wconf 87' lang='lat' dir='ltr'><strong>sanctus,</strong></span> <span class='ocrx_word' id='word_1_385' title='bbox 2893 2550 3027 2605; x_wconf 89' lang='lat' dir='ltr'><strong>tanti</strong></span> <span class='ocrx_word' id='word_1_386' title='bbox 3080 2563 3179 2618; x_wconf 89' lang='lat' dir='ltr'><strong>per</strong></span> <span class='ocrx_word' id='word_1_387' title='bbox 3218 2549 3459 2619; x_wconf 78' lang='lat' dir='ltr'><strong>singulos</strong></span> <span class='ocrx_word' id='word_1_388' title='bbox 3501 2548 3700 2602; x_wconf 85' lang='lat' dir='ltr'><strong>dicuntur</strong></span> 
     </span>
    </p>
   </div>
   <div class='ocr_carea' id='block_1_53' title="bbox 2192 2638 3701 2713">
    <p class='ocr_par' dir='ltr' id='par_1_53' title="bbox 2192 2638 3701 2713">
     <span class='ocr_line' id='line_1_53' title="bbox 2192 2638 3701 2713; baseline -0.005 -14"><span class='ocrx_word' id='word_1_389' title='bbox 2192 2643 2415 2713; x_wconf 88' lang='lat' dir='ltr'><strong>spiritus</strong></span> <span class='ocrx_word' id='word_1_390' title='bbox 2466 2644 2678 2708; x_wconf 85' lang='lat' dir='ltr'><strong>sancti,</strong></span> <span class='ocrx_word' id='word_1_391' title='bbox 2728 2643 2915 2713; x_wconf 85' lang='lat' dir='ltr'><strong>quanti</strong></span> <span class='ocrx_word' id='word_1_392' title='bbox 2968 2650 3095 2697; x_wconf 90' lang='lat' dir='ltr'><strong>sunt</strong></span> <span class='ocrx_word' id='word_1_393' title='bbox 3137 2640 3191 2695; x_wconf 89' lang='lat' dir='ltr'><strong>hi</strong></span> <span class='ocrx_word' id='word_1_394' title='bbox 3232 2641 3330 2708; x_wconf 87' lang='lat' dir='ltr'><strong>qui</strong></span> <span class='ocrx_word' id='word_1_395' title='bbox 3369 2639 3555 2695; x_wconf 86' lang='lat' dir='ltr'><strong>habent</strong></span> <span class='ocrx_word' id='word_1_396' title='bbox 3581 2638 3623 2692; x_wconf 90' lang='lat' dir='ltr'><strong>in</strong></span> <span class='ocrx_word' id='word_1_397' title='bbox 3658 2650 3701 2691; x_wconf 81' lang='lat' dir='ltr'><strong>se</strong></span> 
     </span>
    </p>
   </div>
   <div class='ocr_carea' id='block_1_54' title="bbox 2193 2730 3700 2805">
    <p class='ocr_par' dir='ltr' id='par_1_54' title="bbox 2193 2730 3700 2805">
     <span class='ocr_line' id='line_1_54' title="bbox 2193 2730 3700 2805; baseline -0.005 -15"><span class='ocrx_word' id='word_1_398' title='bbox 2193 2735 2454 2805; x_wconf 86' lang='lat' dir='ltr'><strong>Spiritum</strong></span> <span class='ocrx_word' id='word_1_399' title='bbox 2505 2744 2749 2790; x_wconf 84' lang='lat' dir='ltr'><strong>sanctum</strong></span> <span class='ocrx_word' id='word_1_400' title='bbox 2800 2753 2815 2789; x_wconf 90' lang='lat'><strong>:</strong></span> <span class='ocrx_word' id='word_1_401' title='bbox 2871 2734 2945 2788; x_wconf 93' lang='lat' dir='ltr'><strong>ita</strong></span> <span class='ocrx_word' id='word_1_402' title='bbox 2991 2743 3045 2789; x_wconf 90' lang='lat' dir='ltr'><strong>et</strong></span> <span class='ocrx_word' id='word_1_403' title='bbox 3091 2735 3159 2790; x_wconf 91' lang='lat' dir='ltr'><strong>de</strong></span> <span class='ocrx_word' id='word_1_404' title='bbox 3195 2733 3416 2790; x_wconf 90' lang='lat' dir='ltr'><strong>Christo</strong></span> <span class='ocrx_word' id='word_1_405' title='bbox 3466 2730 3700 2788; x_wconf 84' lang='lat' dir='ltr'><strong>dicendum</strong></span> 
     </span>
    </p>
   </div>
   <div class='ocr_carea' id='block_1_55' title="bbox 2192 2818 3703 2885">
    <p class='ocr_par' dir='ltr' id='par_1_55' title="bbox 2192 2818 3703 2885">
     <span class='ocr_line' id='line_1_55' title="bbox 2192 2818 3703 2885; baseline -0.007 -2"><span class='ocrx_word' id='word_1_406' title='bbox 2192 2836 2295 2883; x_wconf 86' lang='lat' dir='ltr'><strong>est.</strong></span> <span class='ocrx_word' id='word_1_407' title='bbox 2334 2828 2417 2881; x_wconf 84' lang='lat' dir='ltr'><strong>Ab</strong></span> <span class='ocrx_word' id='word_1_408' title='bbox 2453 2842 2558 2881; x_wconf 92' lang='lat' dir='ltr'><strong>uno</strong></span> <span class='ocrx_word' id='word_1_409' title='bbox 2602 2826 2746 2882; x_wconf 90' lang='lat' dir='ltr'><strong>enim</strong></span> <span class='ocrx_word' id='word_1_410' title='bbox 2787 2824 3008 2881; x_wconf 90' lang='lat' dir='ltr'><strong>Christo</strong></span> <span class='ocrx_word' id='word_1_411' title='bbox 3052 2824 3204 2880; x_wconf 87' lang='lat' dir='ltr'><strong>multi</strong></span> <span class='ocrx_word' id='word_1_412' title='bbox 3250 2827 3385 2880; x_wconf 80' lang='lat' dir='ltr'><strong>fiunt</strong></span> <span class='ocrx_word' id='word_1_413' title='bbox 3421 2821 3608 2885; x_wconf 90' lang='lat' dir='ltr'><strong>christi,</strong></span> <span class='ocrx_word' id='word_1_414' title='bbox 3655 2818 3703 2873; x_wconf 89' lang='lat' dir='ltr'><strong>de</strong></span> 
     </span>
    </p>
   </div>
   <div class='ocr_carea' id='block_1_56' title="bbox 2192 2913 3701 2989">
    <p class='ocr_par' dir='ltr' id='par_1_56' title="bbox 2192 2913 3701 2989">
     <span class='ocr_line' id='line_1_56' title="bbox 2192 2913 3701 2989; baseline -0.007 -15"><span class='ocrx_word' id='word_1_415' title='bbox 2192 2918 2387 2989; x_wconf 87' lang='lat' dir='ltr'><strong>quibus</strong></span> <span class='ocrx_word' id='word_1_416' title='bbox 2436 2918 2716 2988; x_wconf 87' lang='lat' dir='ltr'><strong>Scriptura</strong></span> <span class='ocrx_word' id='word_1_417' title='bbox 2769 2918 2959 2973; x_wconf 83' lang='lat' dir='ltr'><strong>dicit:</strong></span> <span class='ocrx_word' id='word_1_418' title='bbox 3020 2916 3203 2975; x_wconf 84' lang='lat' dir='ltr'><strong>Nolite</strong></span> <span class='ocrx_word' id='word_1_419' title='bbox 3259 2927 3468 2988; x_wconf 87' lang='lat' dir='ltr'><strong>tangere</strong></span> <span class='ocrx_word' id='word_1_420' title='bbox 3533 2913 3701 2967; x_wconf 80' lang='lat' dir='ltr'><strong>christos</strong></span> 
     </span>
    </p>
   </div>
   <div class='ocr_carea' id='block_1_57' title="bbox 2190 3002 3703 3079">
    <p class='ocr_par' dir='ltr' id='par_1_57' title="bbox 2190 3002 3703 3079">
     <span class='ocr_line' id='line_1_57' title="bbox 2190 3002 3703 3079; baseline -0.006 -15"><span class='ocrx_word' id='word_1_421' title='bbox 2190 3025 2330 3064; x_wconf 91' lang='lat' dir='ltr'><strong>meos</strong></span> <span class='ocrx_word' id='word_1_422' title='bbox 2354 3050 2370 3075; x_wconf 94' lang='lat'><strong>,</strong></span> <span class='ocrx_word' id='word_1_423' title='bbox 2406 3020 2453 3065; x_wconf 88' lang='lat' dir='ltr'><strong>et</strong></span> <span class='ocrx_word' id='word_1_424' title='bbox 2489 3010 2545 3065; x_wconf 88' lang='lat' dir='ltr'><strong>in</strong></span> <span class='ocrx_word' id='word_1_425' title='bbox 2572 3010 2833 3079; x_wconf 78' lang='lat' dir='ltr'><strong>prophetis</strong></span> <span class='ocrx_word' id='word_1_426' title='bbox 2884 3011 3008 3064; x_wconf 86' lang='lat' dir='ltr'><strong>meis</strong></span> <span class='ocrx_word' id='word_1_427' title='bbox 3045 3009 3202 3064; x_wconf 85' lang='lat' dir='ltr'><strong>nolite</strong></span> <span class='ocrx_word' id='word_1_428' title='bbox 3238 3006 3593 3078; x_wconf 82' lang='lat' dir='ltr'><strong>malignari&quot;.</strong></span> <span class='ocrx_word' id='word_1_429' title='bbox 3636 3002 3703 3057; x_wconf 88' lang='lat' dir='ltr'><strong>Sic</strong></span> 
     </span>
    </p>
   </div>
   <div class='ocr_carea' id='block_1_58' title="bbox 2190 3095 3705 3167">
    <p class='ocr_par' dir='ltr' id='par_1_58' title="bbox 2190 3095 3705 3167">
     <span class='ocr_line' id='line_1_58' title="bbox 2190 3095 3705 3167; baseline -0.007 -10"><span class='ocrx_word' id='word_1_430' title='bbox 2190 3101 2342 3157; x_wconf 86' lang='lat' dir='ltr'><strong>etab</strong></span> <span class='ocrx_word' id='word_1_431' title='bbox 2379 3115 2484 3157; x_wconf 90' lang='lat' dir='ltr'><strong>uno</strong></span> <span class='ocrx_word' id='word_1_432' title='bbox 2525 3100 2635 3156; x_wconf 92' lang='lat' dir='ltr'><strong>Deo</strong></span> <span class='ocrx_word' id='word_1_433' title='bbox 2676 3101 2748 3156; x_wconf 92' lang='lat' dir='ltr'><strong>dii</strong></span> <span class='ocrx_word' id='word_1_434' title='bbox 2794 3101 2950 3156; x_wconf 90' lang='lat' dir='ltr'><strong>multi</strong></span> <span class='ocrx_word' id='word_1_435' title='bbox 2998 3100 3269 3167; x_wconf 89' lang='lat' dir='ltr'><strong>dicuntur,</strong></span> <span class='ocrx_word' id='word_1_436' title='bbox 3325 3115 3505 3156; x_wconf 88' lang='lat' dir='ltr'><strong>omnes</strong></span> <span class='ocrx_word' id='word_1_437' title='bbox 3545 3095 3705 3152; x_wconf 57' lang='lat' dir='ltr'><strong>scilicet</strong></span> 
     </span>
    </p>
   </div>
   <div class='ocr_carea' id='block_1_59' title="bbox 2192 3185 3703 3263">
    <p class='ocr_par' dir='ltr' id='par_1_59' title="bbox 2192 3185 3703 3263">
     <span class='ocr_line' id='line_1_59' title="bbox 2192 3185 3703 3263; baseline -0.009 -14"><span class='ocrx_word' id='word_1_438' title='bbox 2192 3194 2246 3249; x_wconf 87' lang='lat' dir='ltr'><strong>hi</strong></span> <span class='ocrx_word' id='word_1_439' title='bbox 2274 3193 2328 3249; x_wconf 88' lang='lat' dir='ltr'><strong>in</strong></span> <span class='ocrx_word' id='word_1_440' title='bbox 2357 3194 2554 3263; x_wconf 84' lang='lat' dir='ltr'><strong>quibus</strong></span> <span class='ocrx_word' id='word_1_441' title='bbox 2591 3193 2801 3247; x_wconf 82' lang='lat' dir='ltr'><strong>habitat</strong></span> <span class='ocrx_word' id='word_1_442' title='bbox 2828 3192 2972 3247; x_wconf 87' lang='lat' dir='ltr'><strong>Deus</strong></span> <span class='ocrx_word' id='word_1_443' title='bbox 3000 3211 3015 3247; x_wconf 87' lang='lat'><strong>:</strong></span> <span class='ocrx_word' id='word_1_444' title='bbox 3053 3193 3146 3246; x_wconf 86' lang='lat' dir='ltr'><strong>sed</strong></span> <span class='ocrx_word' id='word_1_445' title='bbox 3178 3194 3328 3246; x_wconf 85' lang='lat' dir='ltr'><strong>nobis</strong></span> <span class='ocrx_word' id='word_1_446' title='bbox 3360 3207 3490 3245; x_wconf 86' lang='lat' dir='ltr'><strong>unus</strong></span> <span class='ocrx_word' id='word_1_447' title='bbox 3513 3198 3577 3242; x_wconf 87' lang='lat' dir='ltr'><strong>est</strong></span> <span class='ocrx_word' id='word_1_448' title='bbox 3603 3185 3703 3239; x_wconf 78' lang='lat' dir='ltr'><strong>Dm</strong></span> 
     </span>
    </p>
   </div>
   <div class='ocr_carea' id='block_1_60' title="bbox 520 3277 2087 3372">
    <p class='ocr_par' dir='ltr' id='par_1_60' title="bbox 520 3277 2083 3372">
     <span class='ocr_line' id='line_1_60' title="bbox 520 3277 2083 3372; baseline 0 -15"><span class='ocrx_word' id='word_1_449' title='bbox 520 3316 632 3357; x_wconf 88' lang='lat' dir='ltr'><strong>sus.</strong></span> <span class='ocrx_word' id='word_1_450' title='bbox 679 3301 755 3372; x_wconf 72' lang='grc' dir='ltr'><strong>(ὅ)</strong></span> <span class='ocrx_word' id='word_1_451' title='bbox 802 3300 954 3357; x_wconf 90' lang='lat' dir='ltr'><strong>Licet</strong></span> <span class='ocrx_word' id='word_1_452' title='bbox 991 3300 1135 3356; x_wconf 91' lang='lat' dir='ltr'><strong>enim</strong></span> <span class='ocrx_word' id='word_1_453' title='bbox 1165 3277 1337 3357; x_wconf 65' lang='lat' dir='ltr'><strong>caecos</strong></span> <span class='ocrx_word' id='word_1_454' title='bbox 1366 3314 1579 3369; x_wconf 88' lang='lat' dir='ltr'><strong>semper</strong></span> <span class='ocrx_word' id='word_1_455' title='bbox 1611 3310 1764 3357; x_wconf 88' lang='lat' dir='ltr'><strong>curet</strong></span> <span class='ocrx_word' id='word_1_456' title='bbox 1791 3303 2083 3357; x_wconf 73' lang='lat' dir='ltr'><strong>secundum</strong></span> 
     </span>
    </p>
   </div>
   <div class='ocr_carea' id='block_1_61' title="bbox 2191 3277 3703 3372">
    <p class='ocr_par' dir='ltr' id='par_1_61' title="bbox 2191 3277 3703 3355">
     <span class='ocr_line' id='line_1_61' title="bbox 2191 3277 3703 3355; baseline -0.007 -17"><span class='ocrx_word' id='word_1_457' title='bbox 2191 3283 2371 3349; x_wconf 90' lang='lat' dir='ltr'><strong>Pater,</strong></span> <span class='ocrx_word' id='word_1_458' title='bbox 2401 3301 2465 3338; x_wconf 73' lang='lat' dir='ltr'><strong>ex</strong></span> <span class='ocrx_word' id='word_1_459' title='bbox 2498 3300 2599 3355; x_wconf 89' lang='lat' dir='ltr'><strong>quo</strong></span> <span class='ocrx_word' id='word_1_460' title='bbox 2636 3285 2813 3337; x_wconf 83' lang='lat' dir='ltr'><strong>omnia</strong></span> <span class='ocrx_word' id='word_1_461' title='bbox 2850 3284 2922 3338; x_wconf 71' lang='grc'><strong>⁸⁷.</strong></span> <span class='ocrx_word' id='word_1_462' title='bbox 2957 3283 3104 3339; x_wconf 91' lang='lat' dir='ltr'><strong>Unus</strong></span> <span class='ocrx_word' id='word_1_463' title='bbox 3133 3298 3261 3354; x_wconf 81' lang='lat' dir='ltr'><strong>ergo</strong></span> <span class='ocrx_word' id='word_1_464' title='bbox 3292 3292 3376 3338; x_wconf 89' lang='lat' dir='ltr'><strong>est</strong></span> <span class='ocrx_word' id='word_1_465' title='bbox 3402 3295 3548 3337; x_wconf 89' lang='lat' dir='ltr'><strong>verus</strong></span> <span class='ocrx_word' id='word_1_466' title='bbox 3581 3277 3703 3337; x_wconf 83' lang='lat' dir='ltr'><strong>Deus,</strong></span> 
     </span>
    </p>
   </div>
   <div class='ocr_carea' id='block_1_62' title="bbox 522 3392 2087 3463">
    <p class='ocr_par' dir='ltr' id='par_1_62' title="bbox 522 3392 2087 3463">
     <span class='ocr_line' id='line_1_62' title="bbox 522 3392 2087 3463; baseline -0.001 -14"><span class='ocrx_word' id='word_1_467' title='bbox 522 3393 823 3463; x_wconf 84' lang='lat' dir='ltr'><strong>spiritalem</strong></span> <span class='ocrx_word' id='word_1_468' title='bbox 863 3392 1299 3463; x_wconf 83' lang='lat' dir='ltr'><strong>intelligentiam,</strong></span> <span class='ocrx_word' id='word_1_469' title='bbox 1339 3407 1460 3447; x_wconf 90' lang='lat' dir='ltr'><strong>cum</strong></span> <span class='ocrx_word' id='word_1_470' title='bbox 1510 3392 1815 3463; x_wconf 78' lang='lat' dir='ltr'><strong>ignorantia</strong></span> <span class='ocrx_word' id='word_1_471' title='bbox 1849 3407 2087 3448; x_wconf 76' lang='lat' dir='ltr'><strong>excaeca-</strong></span> 
     </span>
    </p>
   </div>
   <div class='ocr_carea' id='block_1_63' title="bbox 521 3479 2086 3553">
    <p class='ocr_par' dir='ltr' id='par_1_63' title="bbox 521 3479 2086 3553">
     <span class='ocr_line' id='line_1_63' title="bbox 521 3479 2086 3553; baseline -0.001 -13"><span class='ocrx_word' id='word_1_472' title='bbox 521 3479 608 3540; x_wconf 82' lang='lat' dir='ltr'><strong>tas</strong></span> <span class='ocrx_word' id='word_1_473' title='bbox 654 3484 920 3538; x_wconf 89' lang='lat' dir='ltr'><strong>illuminat</strong></span> <span class='ocrx_word' id='word_1_474' title='bbox 964 3492 1197 3548; x_wconf 90' lang='lat' dir='ltr'><strong>mentes,</strong></span> <span class='ocrx_word' id='word_1_475' title='bbox 1251 3493 1431 3539; x_wconf 92' lang='lat' dir='ltr'><strong>tamen</strong></span> <span class='ocrx_word' id='word_1_476' title='bbox 1472 3492 1525 3538; x_wconf 89' lang='lat' dir='ltr'><strong>et</strong></span> <span class='ocrx_word' id='word_1_477' title='bbox 1558 3483 1913 3553; x_wconf 79' lang='lat' dir='ltr'><strong>corporaliter</strong></span> <span class='ocrx_word' id='word_1_478' title='bbox 1960 3492 2086 3539; x_wconf 86' lang='lat' dir='ltr'><strong>tunc</strong></span> 
     </span>
    </p>
   </div>
   <div class='ocr_carea' id='block_1_64' title="bbox 511 3570 2086 3641">
    <p class='ocr_par' dir='ltr' id='par_1_64' title="bbox 511 3570 2086 3641">
     <span class='ocr_line' id='line_1_64' title="bbox 511 3570 2086 3641; baseline -0.001 -13"><span class='ocrx_word' id='word_1_479' title='bbox 511 3582 721 3628; x_wconf 74' lang='lat' dir='ltr'><strong>‘ctccum</strong></span> <span class='ocrx_word' id='word_1_480' title='bbox 747 3572 960 3628; x_wconf 84' lang='lat' dir='ltr'><strong>sanavit</strong></span> <span class='ocrx_word' id='word_1_481' title='bbox 984 3570 1052 3624; x_wconf 76' lang='lat'><strong>&quot;.</strong></span> <span class='ocrx_word' id='word_1_482' title='bbox 1082 3572 1147 3626; x_wconf 87' lang='lat' dir='ltr'><strong>Et</strong></span> <span class='ocrx_word' id='word_1_483' title='bbox 1177 3581 1416 3629; x_wconf 93' lang='lat' dir='ltr'><strong>mortuos</strong></span> <span class='ocrx_word' id='word_1_484' title='bbox 1445 3587 1658 3641; x_wconf 87' lang='lat' dir='ltr'><strong>semper</strong></span> <span class='ocrx_word' id='word_1_485' title='bbox 1673 3573 1932 3639; x_wconf 82' lang='lat' dir='ltr'><strong>suscitat;</strong></span> <span class='ocrx_word' id='word_1_486' title='bbox 1960 3572 2086 3629; x_wconf 83' lang='lat' dir='ltr'><strong>fecit</strong></span> 
     </span>
    </p>
   </div>
   <div class='ocr_carea' id='block_1_65' title="bbox 518 3657 2086 3731">
    <p class='ocr_par' dir='ltr' id='par_1_65' title="bbox 518 3657 2086 3731">
     <span class='ocr_line' id='line_1_65' title="bbox 518 3657 2086 3731; baseline 0.001 -16"><span class='ocrx_word' id='word_1_487' title='bbox 518 3669 701 3716; x_wconf 88' lang='lat' dir='ltr'><strong>tamen</strong></span> <span class='ocrx_word' id='word_1_488' title='bbox 757 3670 819 3731; x_wconf 83' lang='lat' dir='ltr'><strong>et</strong></span> <span class='ocrx_word' id='word_1_489' title='bbox 868 3669 996 3714; x_wconf 91' lang='lat' dir='ltr'><strong>tunc</strong></span> <span class='ocrx_word' id='word_1_490' title='bbox 1049 3658 1422 3728; x_wconf 87' lang='lat' dir='ltr'><strong>hujuscemodi</strong></span> <span class='ocrx_word' id='word_1_491' title='bbox 1477 3657 1981 3727; x_wconf 56' lang='lat' dir='ltr'><strong>mirabilia,&#39;sicut</strong></span> <span class='ocrx_word' id='word_1_492' title='bbox 2032 3670 2086 3717; x_wconf 91' lang='lat' dir='ltr'><strong>et</strong></span> 
     </span>
    </p>
   </div>
   <div class='ocr_carea' id='block_1_66' title="bbox 519 3749 2087 3821">
    <p class='ocr_par' dir='ltr' id='par_1_66' title="bbox 519 3749 2087 3821">
     <span class='ocr_line' id='line_1_66' title="bbox 519 3749 2087 3821; baseline 0.001 -16"><span class='ocrx_word' id='word_1_493' title='bbox 519 3750 688 3806; x_wconf 84' lang='lat' dir='ltr'><strong>ﬁliam</strong></span> <span class='ocrx_word' id='word_1_494' title='bbox 725 3749 985 3821; x_wconf 88' lang='lat' dir='ltr'><strong>principis</strong></span> <span class='ocrx_word' id='word_1_495' title='bbox 1017 3749 1319 3820; x_wconf 67' lang='lat' dir='ltr'><strong>Synagogae</strong></span> <span class='ocrx_word' id='word_1_496' title='bbox 1340 3750 1409 3815; x_wconf 84' lang='lat'><strong>’°,</strong></span> <span class='ocrx_word' id='word_1_497' title='bbox 1446 3760 1501 3805; x_wconf 91' lang='lat' dir='ltr'><strong>et</strong></span> <span class='ocrx_word' id='word_1_498' title='bbox 1541 3750 1707 3805; x_wconf 82' lang='lat' dir='ltr'><strong>ﬁlium</strong></span> <span class='ocrx_word' id='word_1_499' title='bbox 1739 3751 1911 3806; x_wconf 73' lang='lat' dir='ltr'><strong>vidua:</strong></span> <span class='ocrx_word' id='word_1_500' title='bbox 1932 3753 2003 3817; x_wconf 76' lang='lat'><strong>&quot;,</strong></span> <span class='ocrx_word' id='word_1_501' title='bbox 2032 3758 2087 3807; x_wconf 88' lang='lat' dir='ltr'><strong>et</strong></span> 
     </span>
    </p>
   </div>
   <div class='ocr_carea' id='block_1_67' title="bbox 517 3840 2085 3911">
    <p class='ocr_par' dir='ltr' id='par_1_67' title="bbox 517 3840 2085 3911">
     <span class='ocr_line' id='line_1_67' title="bbox 517 3840 2085 3911; baseline -0.001 -15"><span class='ocrx_word' id='word_1_502' title='bbox 517 3841 782 3896; x_wconf 87' lang='lat' dir='ltr'><strong>Lazarum</strong></span> <span class='ocrx_word' id='word_1_503' title='bbox 801 3842 848 3875; x_wconf 83' lang='lat'><strong>&quot;</strong></span> <span class='ocrx_word' id='word_1_504' title='bbox 880 3840 960 3911; x_wconf 72' lang='grc'><strong>(4)</strong></span> <span class='ocrx_word' id='word_1_505' title='bbox 997 3840 1328 3896; x_wconf 82' lang='lat' dir='ltr'><strong>suscitando.</strong></span> <span class='ocrx_word' id='word_1_506' title='bbox 1362 3840 1428 3895; x_wconf 85' lang='lat' dir='ltr'><strong>Et</strong></span> <span class='ocrx_word' id='word_1_507' title='bbox 1445 3842 1694 3910; x_wconf 89' lang='lat' dir='ltr'><strong>quamvis</strong></span> <span class='ocrx_word' id='word_1_508' title='bbox 1726 3855 1940 3909; x_wconf 90' lang='lat' dir='ltr'><strong>semper</strong></span> <span class='ocrx_word' id='word_1_509' title='bbox 1962 3856 2085 3896; x_wconf 90' lang='lat' dir='ltr'><strong>cum</strong></span> 
     </span>
    </p>
   </div>
   <div class='ocr_carea' id='block_1_68' title="bbox 519 3930 2082 4001">
    <p class='ocr_par' dir='ltr' id='par_1_68' title="bbox 519 3930 2082 4001">
     <span class='ocr_line' id='line_1_68' title="bbox 519 3930 2082 4001; baseline 0.001 -13"><span class='ocrx_word' id='word_1_510' title='bbox 519 3932 796 3988; x_wconf 80' lang='lat' dir='ltr'><strong>excitatur</strong></span> <span class='ocrx_word' id='word_1_511' title='bbox 827 3946 857 3986; x_wconf 91' lang='lat' dir='ltr'><strong>a</strong></span> <span class='ocrx_word' id='word_1_512' title='bbox 890 3930 1168 3999; x_wconf 90' lang='lat' dir='ltr'><strong>discipulis</strong></span> <span class='ocrx_word' id='word_1_513' title='bbox 1200 3931 1791 4001; x_wconf 66' lang='lat' dir='ltr'><strong>compesbatEcclesiae</strong></span> <span class='ocrx_word' id='word_1_514' title='bbox 1820 3933 2082 3999; x_wconf 88' lang='lat' dir='ltr'><strong>turbines,</strong></span> 
     </span>
    </p>
   </div>
   <div class='ocr_carea' id='block_1_69' title="bbox 504 4022 2086 4093">
    <p class='ocr_par' dir='ltr' id='par_1_69' title="bbox 504 4022 2086 4093">
     <span class='ocr_line' id='line_1_69' title="bbox 504 4022 2086 4093; baseline 0 -17"><span class='ocrx_word' id='word_1_515' title='bbox 504 4022 603 4077; x_wconf 84' lang='lat' dir='ltr'><strong>&#39;vel</strong></span> <span class='ocrx_word' id='word_1_516' title='bbox 633 4022 898 4093; x_wconf 88' lang='lat' dir='ltr'><strong>procellas</strong></span> <span class='ocrx_word' id='word_1_517' title='bbox 917 4022 985 4089; x_wconf 63' lang='grc'><strong>9³,</strong></span> <span class='ocrx_word' id='word_1_518' title='bbox 1021 4033 1199 4076; x_wconf 89' lang='lat' dir='ltr'><strong>tamen</strong></span> <span class='ocrx_word' id='word_1_519' title='bbox 1226 4030 1432 4077; x_wconf 90' lang='lat' dir='ltr'><strong>certum</strong></span> <span class='ocrx_word' id='word_1_520' title='bbox 1461 4030 1545 4078; x_wconf 92' lang='lat' dir='ltr'><strong>est</strong></span> <span class='ocrx_word' id='word_1_521' title='bbox 1569 4022 1734 4077; x_wconf 91' lang='lat' dir='ltr'><strong>etiam</strong></span> <span class='ocrx_word' id='word_1_522' title='bbox 1771 4030 1898 4076; x_wconf 91' lang='lat' dir='ltr'><strong>tunc</strong></span> <span class='ocrx_word' id='word_1_523' title='bbox 1935 4030 2086 4090; x_wconf 74' lang='lat' dir='ltr'><strong>gesta</strong></span> 
     </span>
    </p>
   </div>
   <div class='ocr_carea' id='block_1_70' title="bbox 519 4111 2084 4185">
    <p class='ocr_par' dir='ltr' id='par_1_70' title="bbox 519 4111 2084 4185">
     <span class='ocr_line' id='line_1_70' title="bbox 519 4111 2084 4185; baseline -0.003 -16"><span class='ocrx_word' id='word_1_524' title='bbox 519 4129 640 4170; x_wconf 90' lang='lat' dir='ltr'><strong>esse</strong></span> <span class='ocrx_word' id='word_1_525' title='bbox 671 4128 790 4184; x_wconf 72' lang='lat' dir='ltr'><strong>qua:</strong></span> <span class='ocrx_word' id='word_1_526' title='bbox 835 4129 934 4185; x_wconf 90' lang='lat' dir='ltr'><strong>per</strong></span> <span class='ocrx_word' id='word_1_527' title='bbox 978 4114 1262 4169; x_wconf 89' lang='lat' dir='ltr'><strong>historiam</strong></span> <span class='ocrx_word' id='word_1_528' title='bbox 1306 4113 1631 4168; x_wconf 90' lang='lat' dir='ltr'><strong>referuntur.</strong></span> <span class='ocrx_word' id='word_1_529' title='bbox 1685 4111 1779 4167; x_wconf 90' lang='lat' dir='ltr'><strong>Sic</strong></span> <span class='ocrx_word' id='word_1_530' title='bbox 1818 4124 1948 4180; x_wconf 72' lang='lat' dir='ltr'><strong>ergo</strong></span> <span class='ocrx_word' id='word_1_531' title='bbox 1997 4124 2084 4165; x_wconf 85' lang='lat' dir='ltr'><strong>sa-</strong></span> 
     </span>
    </p>
   </div>
   <div class='ocr_carea' id='block_1_71' title="bbox 522 4204 2083 4279">
    <p class='ocr_par' dir='ltr' id='par_1_71' title="bbox 522 4204 2083 4279">
     <span class='ocr_line' id='line_1_71' title="bbox 522 4204 2083 4279; baseline -0.003 -20"><span class='ocrx_word' id='word_1_532' title='bbox 522 4220 648 4260; x_wconf 88' lang='lat' dir='ltr'><strong>num</strong></span> <span class='ocrx_word' id='word_1_533' title='bbox 691 4212 1036 4279; x_wconf 9' lang='lat' dir='ltr'><strong>estbsensum</strong></span> <span class='ocrx_word' id='word_1_534' title='bbox 1064 4204 1357 4275; x_wconf 73' lang='lat' dir='ltr'><strong>Scriptura:</strong></span> <span class='ocrx_word' id='word_1_535' title='bbox 1383 4204 1689 4274; x_wconf 85' lang='lat' dir='ltr'><strong>recipere;</strong></span> <span class='ocrx_word' id='word_1_536' title='bbox 1734 4216 1833 4258; x_wconf 91' lang='lat' dir='ltr'><strong>nec</strong></span> <span class='ocrx_word' id='word_1_537' title='bbox 1869 4208 2083 4271; x_wconf 90' lang='lat' dir='ltr'><strong>oportet</strong></span> 
     </span>
    </p>
   </div>
   <div class='ocr_carea' id='block_1_72' title="bbox 623 4398 1910 4467">
    <p class='ocr_par' dir='ltr' id='par_1_72' title="bbox 623 4398 1910 4467">
     <span class='ocr_line' id='line_1_72' title="bbox 623 4398 1910 4467; baseline -0.005 -10"><span class='ocrx_word' id='word_1_538' title='bbox 623 4402 671 4435; x_wconf 82' lang='grc'><strong>⁸³</strong></span> <span class='ocrx_word' id='word_1_539' title='bbox 695 4402 850 4457; x_wconf 83' lang='lat' dir='ltr'><strong>Joan.</strong></span> <span class='ocrx_word' id='word_1_540' title='bbox 892 4418 1006 4464; x_wconf 71' lang='grc' dir='ltr'><strong>ιιι,</strong></span> <span class='ocrx_word' id='word_1_541' title='bbox 1041 4400 1133 4455; x_wconf 75' lang='grc'><strong>54.</strong></span> <span class='ocrx_word' id='word_1_542' title='bbox 1209 4400 1256 4431; x_wconf 71' lang='grc'><strong>⁸⁸</strong></span> <span class='ocrx_word' id='word_1_543' title='bbox 1280 4398 1435 4454; x_wconf 82' lang='lat' dir='ltr'><strong>Joan.</strong></span> <span class='ocrx_word' id='word_1_544' title='bbox 1503 4416 1596 4462; x_wconf 75' lang='lat' dir='ltr'><strong>xx,</strong></span> <span class='ocrx_word' id='word_1_545' title='bbox 1627 4399 1697 4453; x_wconf 70' lang='lat'><strong>25</strong></span> <span class='ocrx_word' id='word_1_546' title='bbox 1713 4407 1767 4451; x_wconf 92' lang='lat' dir='ltr'><strong>et</strong></span> <span class='ocrx_word' id='word_1_547' title='bbox 1796 4413 1910 4467; x_wconf 86' lang='lat' dir='ltr'><strong>seq.</strong></span> 
     </span>
    </p>
   </div>
   <div class='ocr_carea' id='block_1_73' title="bbox 521 4468 1851 4537">
    <p class='ocr_par' dir='ltr' id='par_1_73' title="bbox 521 4468 1851 4537">
     <span class='ocr_line' id='line_1_73' title="bbox 521 4468 1851 4537; baseline -0.002 -10"><span class='ocrx_word' id='word_1_548' title='bbox 521 4490 596 4536; x_wconf 82' lang='lat' dir='ltr'><strong>tv,</strong></span> <span class='ocrx_word' id='word_1_549' title='bbox 631 4473 720 4527; x_wconf 77' lang='lat'><strong>38.</strong></span> <span class='ocrx_word' id='word_1_550' title='bbox 796 4471 839 4506; x_wconf 77' lang='grc'><strong>⁸⁸</strong></span> <span class='ocrx_word' id='word_1_551' title='bbox 869 4471 1031 4525; x_wconf 78' lang='lat' dir='ltr'><strong>Marc.</strong></span> <span class='ocrx_word' id='word_1_552' title='bbox 1062 4486 1182 4537; x_wconf 79' lang='lat' dir='ltr'><strong>vnt,</strong></span> <span class='ocrx_word' id='word_1_553' title='bbox 1247 4470 1359 4533; x_wconf 72' lang='lat'><strong>25;</strong></span> <span class='ocrx_word' id='word_1_554' title='bbox 1427 4485 1482 4532; x_wconf 71' lang='grc' dir='ltr'><strong>κ,</strong></span> <span class='ocrx_word' id='word_1_555' title='bbox 1541 4470 1628 4526; x_wconf 74' lang='grc'><strong>52.</strong></span> <span class='ocrx_word' id='word_1_556' title='bbox 1725 4468 1770 4499; x_wconf 81' lang='grc'><em>’⁰</em></span> <span class='ocrx_word' id='word_1_557' title='bbox 1804 4468 1851 4536; x_wconf 55' lang='lat' dir='ltr'><strong>jL</strong></span> 
     </span>
    </p>
   </div>
   <div class='ocr_carea' id='block_1_74' title="bbox 1981 4394 3444 4461">
    <p class='ocr_par' dir='ltr' id='par_1_74' title="bbox 1981 4394 3444 4461">
     <span class='ocr_line' id='line_1_74' title="bbox 1981 4394 3444 4461; baseline -0.003 -10"><span class='ocrx_word' id='word_1_558' title='bbox 1981 4397 2026 4430; x_wconf 79' lang='grc'>⁸⁸</span> <span class='ocrx_word' id='word_1_559' title='bbox 2058 4396 2212 4451; x_wconf 83' lang='lat' dir='ltr'><strong>Joan.</strong></span> <span class='ocrx_word' id='word_1_560' title='bbox 2240 4412 2336 4461; x_wconf 83' lang='lat' dir='ltr'><strong>xu,</strong></span> <span class='ocrx_word' id='word_1_561' title='bbox 2362 4396 2452 4450; x_wconf 70' lang='grc'><strong>27.</strong></span> <span class='ocrx_word' id='word_1_562' title='bbox 2528 4396 2575 4429; x_wconf 78' lang='grc'>⁸⁸</span> <span class='ocrx_word' id='word_1_563' title='bbox 2602 4394 2767 4451; x_wconf 85' lang='lat' dir='ltr'><strong>Marc.</strong></span> <span class='ocrx_word' id='word_1_564' title='bbox 2796 4412 2906 4460; x_wconf 73' lang='grc' dir='ltr'><strong>χεν,</strong></span> <span class='ocrx_word' id='word_1_565' title='bbox 2940 4396 3029 4455; x_wconf 73' lang='lat'><strong>34.</strong></span> <span class='ocrx_word' id='word_1_566' title='bbox 3103 4396 3148 4433; x_wconf 83' lang='grc'><strong>⁸⁷</strong></span> <span class='ocrx_word' id='word_1_567' title='bbox 3180 4395 3311 4450; x_wconf 86' lang='lat' dir='ltr'><strong>ibid.</strong></span> <span class='ocrx_word' id='word_1_568' title='bbox 3355 4395 3444 4451; x_wconf 81' lang='lat'><strong>58.</strong></span> 
     </span>
    </p>
   </div>
   <div class='ocr_carea' id='block_1_75' title="bbox 1857 4466 2249 4532">
    <p class='ocr_par' dir='ltr' id='par_1_75' title="bbox 1857 4466 2249 4532">
     <span class='ocr_line' id='line_1_75' title="bbox 1857 4466 2249 4532; baseline -0.003 -11"><span class='ocrx_word' id='word_1_569' title='bbox 1857 4466 1944 4521; x_wconf 83' lang='lat' dir='ltr'><strong>uc.</strong></span> <span class='ocrx_word' id='word_1_570' title='bbox 1992 4482 2109 4532; x_wconf 77' lang='lat' dir='ltr'><strong>vni,</strong></span> <span class='ocrx_word' id='word_1_571' title='bbox 2160 4466 2249 4520; x_wconf 87' lang='lat'><strong>55.</strong></span> 
     </span>
    </p>
   </div>
   <div class='ocr_carea' id='block_1_76' title="bbox 2187 3374 3704 3444">
    <p class='ocr_par' dir='ltr' id='par_1_76' title="bbox 2187 3374 3704 3444">
     <span class='ocr_line' id='line_1_76' title="bbox 2187 3374 3704 3444; baseline -0.007 -14"><span class='ocrx_word' id='word_1_572' title='bbox 2187 3376 2300 3444; x_wconf 90' lang='lat' dir='ltr'><strong>qui,</strong></span> <span class='ocrx_word' id='word_1_573' title='bbox 2332 3384 2391 3429; x_wconf 92' lang='lat' dir='ltr'><strong>ut</strong></span> <span class='ocrx_word' id='word_1_574' title='bbox 2419 3376 2492 3429; x_wconf 90' lang='lat' dir='ltr'><strong>ita</strong></span> <span class='ocrx_word' id='word_1_575' title='bbox 2521 3375 2769 3439; x_wconf 77' lang='lat' dir='ltr'><strong>dixerim,</strong></span> <span class='ocrx_word' id='word_1_576' title='bbox 2803 3383 3091 3443; x_wconf 79' lang='lat' dir='ltr'><strong>praestator</strong></span> <span class='ocrx_word' id='word_1_577' title='bbox 3118 3385 3202 3430; x_wconf 90' lang='lat' dir='ltr'><strong>est</strong></span> <span class='ocrx_word' id='word_1_578' title='bbox 3245 3374 3485 3438; x_wconf 90' lang='lat' dir='ltr'><strong>deitatis,</strong></span> <span class='ocrx_word' id='word_1_579' title='bbox 3526 3381 3573 3426; x_wconf 89' lang='lat' dir='ltr'><strong>et</strong></span> <span class='ocrx_word' id='word_1_580' title='bbox 3603 3380 3704 3422; x_wconf 75' lang='lat' dir='ltr'><strong>unm</strong></span> 
     </span>
    </p>
   </div>
   <div class='ocr_carea' id='block_1_77' title="bbox 2185 3458 3703 3539">
    <p class='ocr_par' dir='ltr' id='par_1_77' title="bbox 2185 3458 3703 3539">
     <span class='ocr_line' id='line_1_77' title="bbox 2185 3458 3703 3539; baseline -0.007 -17"><span class='ocrx_word' id='word_1_581' title='bbox 2185 3467 2431 3522; x_wconf 88' lang='lat' dir='ltr'><strong>Christus</strong></span> <span class='ocrx_word' id='word_1_582' title='bbox 2474 3466 2585 3539; x_wconf 87' lang='lat'>(10)</span> <span class='ocrx_word' id='word_1_583' title='bbox 2635 3467 2811 3522; x_wconf 87' lang='lat' dir='ltr'><strong>factor</strong></span> <span class='ocrx_word' id='word_1_584' title='bbox 2852 3467 3177 3521; x_wconf 88' lang='lat' dir='ltr'><strong>christorum</strong></span> <span class='ocrx_word' id='word_1_585' title='bbox 3205 3506 3220 3530; x_wconf 94' lang='lat'><strong>,</strong></span> <span class='ocrx_word' id='word_1_586' title='bbox 3280 3478 3337 3522; x_wconf 93' lang='lat' dir='ltr'><strong>et</strong></span> <span class='ocrx_word' id='word_1_587' title='bbox 3395 3479 3527 3521; x_wconf 90' lang='lat' dir='ltr'><strong>unus</strong></span> <span class='ocrx_word' id='word_1_588' title='bbox 3574 3458 3703 3532; x_wconf 85' lang='lat' dir='ltr'><strong>Spiri-</strong></span> 
     </span>
    </p>
   </div>
   <div class='ocr_carea' id='block_1_78' title="bbox 2188 3557 3703 3627">
    <p class='ocr_par' dir='ltr' id='par_1_78' title="bbox 2188 3557 3703 3627">
     <span class='ocr_line' id='line_1_78' title="bbox 2188 3557 3703 3627; baseline -0.007 -15"><span class='ocrx_word' id='word_1_589' title='bbox 2188 3567 2273 3613; x_wconf 91' lang='lat' dir='ltr'><strong>tus</strong></span> <span class='ocrx_word' id='word_1_590' title='bbox 2320 3568 2542 3613; x_wconf 90' lang='lat' dir='ltr'><strong>sanctus</strong></span> <span class='ocrx_word' id='word_1_591' title='bbox 2593 3557 2688 3627; x_wconf 89' lang='lat' dir='ltr'><strong>qui</strong></span> <span class='ocrx_word' id='word_1_592' title='bbox 2739 3572 2836 3627; x_wconf 86' lang='lat' dir='ltr'><strong>per</strong></span> <span class='ocrx_word' id='word_1_593' title='bbox 2885 3557 3125 3625; x_wconf 74' lang='lat' dir='ltr'><strong>singulas</strong></span> <span class='ocrx_word' id='word_1_594' title='bbox 3178 3558 3395 3612; x_wconf 88' lang='lat' dir='ltr'><strong>animas</strong></span> <span class='ocrx_word' id='word_1_595' title='bbox 3448 3561 3703 3611; x_wconf 86' lang='lat' dir='ltr'><strong>sanctorum</strong></span> 
     </span>
    </p>
   </div>
   <div class='ocr_carea' id='block_1_79' title="bbox 2185 3646 3704 3719">
    <p class='ocr_par' dir='ltr' id='par_1_79' title="bbox 2185 3646 3704 3719">
     <span class='ocr_line' id='line_1_79' title="bbox 2185 3646 3704 3719; baseline -0.005 -15"><span class='ocrx_word' id='word_1_596' title='bbox 2185 3648 2317 3704; x_wconf 83' lang='lat' dir='ltr'><strong>facit</strong></span> <span class='ocrx_word' id='word_1_597' title='bbox 2357 3648 2618 3719; x_wconf 88' lang='lat' dir='ltr'><strong>Spiritum</strong></span> <span class='ocrx_word' id='word_1_598' title='bbox 2674 3658 2936 3705; x_wconf 88' lang='lat' dir='ltr'><strong>sanctum.</strong></span> <span class='ocrx_word' id='word_1_599' title='bbox 2993 3646 3246 3703; x_wconf 83' lang='lat' dir='ltr'><strong>Christus</strong></span> <span class='ocrx_word' id='word_1_600' title='bbox 3286 3662 3419 3703; x_wconf 78' lang='lat' dir='ltr'><strong>vero</strong></span> <span class='ocrx_word' id='word_1_601' title='bbox 3467 3647 3594 3701; x_wconf 86' lang='lat' dir='ltr'><strong>sicut</strong></span> <span class='ocrx_word' id='word_1_602' title='bbox 3635 3652 3704 3710; x_wconf 83' lang='lat' dir='ltr'><strong>per</strong></span> 
     </span>
    </p>
   </div>
   <div class='ocr_carea' id='block_1_80' title="bbox 2189 3738 3707 3809">
    <p class='ocr_par' dir='ltr' id='par_1_80' title="bbox 2189 3738 3707 3809">
     <span class='ocr_line' id='line_1_80' title="bbox 2189 3738 3707 3809; baseline -0.005 -14"><span class='ocrx_word' id='word_1_603' title='bbox 2189 3740 2291 3797; x_wconf 92' lang='lat' dir='ltr'><strong>hoc</strong></span> <span class='ocrx_word' id='word_1_604' title='bbox 2340 3739 2770 3809; x_wconf 82' lang='lat' dir='ltr'><strong>quod’Christus</strong></span> <span class='ocrx_word' id='word_1_605' title='bbox 2812 3748 2895 3795; x_wconf 86' lang='lat' dir='ltr'><strong>est</strong></span> <span class='ocrx_word' id='word_1_606' title='bbox 2952 3739 3187 3795; x_wconf 87' lang='lat' dir='ltr'><strong>christos</strong></span> <span class='ocrx_word' id='word_1_607' title='bbox 3234 3740 3388 3804; x_wconf 84' lang='lat' dir='ltr'><strong>facit,</strong></span> <span class='ocrx_word' id='word_1_608' title='bbox 3436 3738 3505 3793; x_wconf 87' lang='lat' dir='ltr'><strong>ita</strong></span> <span class='ocrx_word' id='word_1_609' title='bbox 3556 3743 3602 3789; x_wconf 91' lang='lat' dir='ltr'><strong>et</strong></span> <span class='ocrx_word' id='word_1_610' title='bbox 3637 3743 3707 3802; x_wconf 77' lang='lat' dir='ltr'><strong>per</strong></span> 
     </span>
    </p>
   </div>
   <div class='ocr_carea' id='block_1_81' title="bbox 2189 3824 3704 3902">
    <p class='ocr_par' dir='ltr' id='par_1_81' title="bbox 2189 3824 3704 3902">
     <span class='ocr_line' id='line_1_81' title="bbox 2189 3824 3704 3902; baseline -0.007 -15"><span class='ocrx_word' id='word_1_611' title='bbox 2189 3831 2291 3887; x_wconf 90' lang='lat' dir='ltr'><strong>hoc</strong></span> <span class='ocrx_word' id='word_1_612' title='bbox 2321 3832 2463 3901; x_wconf 88' lang='lat' dir='ltr'><strong>quod</strong></span> <span class='ocrx_word' id='word_1_613' title='bbox 2491 3830 2661 3887; x_wconf 89' lang='lat' dir='ltr'><strong>Filius</strong></span> <span class='ocrx_word' id='word_1_614' title='bbox 2689 3831 2787 3886; x_wconf 90' lang='lat' dir='ltr'><strong>Dei</strong></span> <span class='ocrx_word' id='word_1_615' title='bbox 2830 3840 2932 3898; x_wconf 88' lang='lat' dir='ltr'><strong>est,</strong></span> <span class='ocrx_word' id='word_1_616' title='bbox 2971 3841 3028 3887; x_wconf 93' lang='lat' dir='ltr'><strong>et</strong></span> <span class='ocrx_word' id='word_1_617' title='bbox 3056 3831 3226 3888; x_wconf 84' lang='lat' dir='ltr'><strong>Filius</strong></span> <span class='ocrx_word' id='word_1_618' title='bbox 3256 3832 3511 3902; x_wconf 91' lang='lat' dir='ltr'><strong>proprius</strong></span> <span class='ocrx_word' id='word_1_619' title='bbox 3537 3837 3584 3882; x_wconf 90' lang='lat' dir='ltr'><strong>et</strong></span> <span class='ocrx_word' id='word_1_620' title='bbox 3612 3824 3704 3879; x_wconf 83' lang='lat' dir='ltr'><strong>uni-</strong></span> 
     </span>
    </p>
   </div>
   <div class='ocr_carea' id='block_1_82' title="bbox 2189 3917 3704 3994">
    <p class='ocr_par' dir='ltr' id='par_1_82' title="bbox 2189 3917 3704 3994">
     <span class='ocr_line' id='line_1_82' title="bbox 2189 3917 3704 3994; baseline -0.009 -15"><span class='ocrx_word' id='word_1_621' title='bbox 2189 3923 2422 3994; x_wconf 79' lang='lat' dir='ltr'><strong>genitus,</strong></span> <span class='ocrx_word' id='word_1_622' title='bbox 2462 3937 2652 3978; x_wconf 88' lang='lat' dir='ltr'><strong>omnes</strong></span> <span class='ocrx_word' id='word_1_623' title='bbox 2695 3937 2791 3978; x_wconf 89' lang='lat' dir='ltr'><strong>eos</strong></span> <span class='ocrx_word' id='word_1_624' title='bbox 2828 3922 2918 3991; x_wconf 92' lang='lat' dir='ltr'><strong>qui</strong></span> <span class='ocrx_word' id='word_1_625' title='bbox 2961 3922 3267 3993; x_wconf 88' lang='lat' dir='ltr'><strong>percipiunt</strong></span> <span class='ocrx_word' id='word_1_626' title='bbox 3310 3923 3384 3978; x_wconf 90' lang='lat' dir='ltr'><strong>ab</strong></span> <span class='ocrx_word' id='word_1_627' title='bbox 3414 3935 3476 3977; x_wconf 91' lang='lat' dir='ltr'><strong>eo</strong></span> <span class='ocrx_word' id='word_1_628' title='bbox 3504 3917 3704 3989; x_wconf 87' lang='lat' dir='ltr'><strong>spiritum</strong></span> 
     </span>
    </p>
   </div>
   <div class='ocr_carea' id='block_1_83' title="bbox 2190 4010 3047 4084">
    <p class='ocr_par' dir='ltr' id='par_1_83' title="bbox 2190 4010 3047 4084">
     <span class='ocr_line' id='line_1_83' title="bbox 2190 4010 3047 4084; baseline -0.007 -15"><span class='ocrx_word' id='word_1_629' title='bbox 2190 4014 2514 4084; x_wconf 86' lang='lat' dir='ltr'><strong>adoptionis,</strong></span> <span class='ocrx_word' id='word_1_630' title='bbox 2544 4011 2685 4067; x_wconf 83' lang='lat' dir='ltr'><strong>filios</strong></span> <span class='ocrx_word' id='word_1_631' title='bbox 2717 4011 2812 4067; x_wconf 88' lang='lat' dir='ltr'><strong>Dei</strong></span> <span class='ocrx_word' id='word_1_632' title='bbox 2846 4010 2997 4066; x_wconf 84' lang='lat' dir='ltr'><strong>facit.</strong></span> <span class='ocrx_word' id='word_1_633' title='bbox 3029 4030 3047 4063; x_wconf 73' lang='grc' dir='ltr'><strong><em>ι</em></strong></span> 
     </span>
    </p>
   </div>
   <div class='ocr_carea' id='block_1_84' title="bbox 2255 4093 3706 4165">
    <p class='ocr_par' dir='ltr' id='par_1_84' title="bbox 2255 4093 3706 4165">
     <span class='ocr_line' id='line_1_84' title="bbox 2255 4093 3706 4165; baseline -0.005 -6"><span class='ocrx_word' id='word_1_634' title='bbox 2255 4104 2576 4160; x_wconf 65' lang='lat' dir='ltr'><strong>Parisinus.</strong></span> <span class='ocrx_word' id='word_1_635' title='bbox 2632 4101 2810 4158; x_wconf 89' lang='lat' dir='ltr'><strong>Unum</strong></span> <span class='ocrx_word' id='word_1_636' title='bbox 2874 4102 2979 4158; x_wconf 90' lang='lat' dir='ltr'><strong>hoc</strong></span> <span class='ocrx_word' id='word_1_637' title='bbox 3031 4102 3401 4157; x_wconf 89' lang='lat' dir='ltr'><strong>testimonium</strong></span> <span class='ocrx_word' id='word_1_638' title='bbox 3463 4110 3540 4156; x_wconf 86' lang='lat' dir='ltr'><strong>est</strong></span> <span class='ocrx_word' id='word_1_639' title='bbox 3596 4093 3706 4165; x_wconf 65' lang='lat' dir='ltr'><strong>quoi</strong></span> 
     </span>
    </p>
   </div>
   <div class='ocr_carea' id='block_1_85' title="bbox 2187 4181 3708 4265">
    <p class='ocr_par' dir='ltr' id='par_1_85' title="bbox 2187 4181 3708 4265">
     <span class='ocr_line' id='line_1_85' title="bbox 2187 4181 3708 4265; baseline -0.009 -12"><span class='ocrx_word' id='word_1_640' title='bbox 2187 4196 2434 4254; x_wconf 88' lang='lat' dir='ltr'><strong>Christus</strong></span> <span class='ocrx_word' id='word_1_641' title='bbox 2461 4211 2622 4251; x_wconf 88' lang='lat' dir='ltr'><strong>verus</strong></span> <span class='ocrx_word' id='word_1_642' title='bbox 2663 4210 2798 4251; x_wconf 91' lang='lat' dir='ltr'><strong>unus</strong></span> <span class='ocrx_word' id='word_1_643' title='bbox 2828 4195 2918 4261; x_wconf 91' lang='lat' dir='ltr'><strong>sit,</strong></span> <span class='ocrx_word' id='word_1_644' title='bbox 2945 4194 3035 4265; x_wconf 89' lang='lat' dir='ltr'><strong>qui</strong></span> <span class='ocrx_word' id='word_1_645' title='bbox 3067 4195 3477 4265; x_wconf 87' lang='lat' dir='ltr'><strong>participatione</strong></span> <span class='ocrx_word' id='word_1_646' title='bbox 3504 4192 3577 4247; x_wconf 88' lang='lat' dir='ltr'><strong>sui</strong></span> <span class='ocrx_word' id='word_1_647' title='bbox 3601 4181 3708 4241; x_wconf 75' lang='grc' dir='ltr'>ωιιιο</span> 
     </span>
    </p>
   </div>
   <div class='ocr_carea' id='block_1_86' title="bbox 3506 4390 3703 4445">
    <p class='ocr_par' dir='ltr' id='par_1_86' title="bbox 3506 4390 3703 4445">
     <span class='ocr_line' id='line_1_86' title="bbox 3506 4390 3703 4445; baseline -0.015 -1"><span class='ocrx_word' id='word_1_648' title='bbox 3506 4394 3549 4425; x_wconf 78' lang='grc'><strong>⁸⁸</strong></span> <span class='ocrx_word' id='word_1_649' title='bbox 3575 4390 3703 4445; x_wconf 73' lang='lat' dir='ltr'><strong>Marc.</strong></span> 
     </span>
    </p>
   </div>
   <div class='ocr_carea' id='block_1_87' title="bbox 2344 4463 3707 4533">
    <p class='ocr_par' dir='ltr' id='par_1_87' title="bbox 2344 4463 3707 4533">
     <span class='ocr_line' id='line_1_87' title="bbox 2344 4463 3707 4533; baseline -0.005 -12"><span class='ocrx_word' id='word_1_650' title='bbox 2344 4467 2388 4497; x_wconf 70' lang='grc' dir='ltr'>ἰ</span> <span class='ocrx_word' id='word_1_651' title='bbox 2419 4466 2553 4521; x_wconf 82' lang='lat' dir='ltr'><strong>Luc.</strong></span> <span class='ocrx_word' id='word_1_652' title='bbox 2598 4483 2695 4530; x_wconf 85' lang='lat' dir='ltr'><strong>vn,</strong></span> <span class='ocrx_word' id='word_1_653' title='bbox 2738 4468 2827 4520; x_wconf 92' lang='lat'><strong>15.</strong></span> <span class='ocrx_word' id='word_1_654' title='bbox 2892 4466 3327 4533; x_wconf 70' lang='lat' dir='ltr'><strong>9&#39;Joan.x1,44.</strong></span> <span class='ocrx_word' id='word_1_655' title='bbox 3404 4465 3451 4498; x_wconf 70' lang='lat'><strong>9’</strong></span> <span class='ocrx_word' id='word_1_656' title='bbox 3474 4463 3623 4518; x_wconf 79' lang='lat' dir='ltr'><strong>Marc.</strong></span> <span class='ocrx_word' id='word_1_657' title='bbox 3650 4473 3707 4524; x_wconf 75' lang='lat' dir='ltr'><strong>IV,</strong></span> 
     </span>
    </p>
   </div>
   <div class='ocr_carea' id='block_1_88' title="bbox 518 4535 2920 4606">
    <p class='ocr_par' dir='ltr' id='par_1_88' title="bbox 518 4535 2920 4606">
     <span class='ocr_line' id='line_1_88' title="bbox 518 4535 2920 4606; baseline -0.003 -8"><span class='ocrx_word' id='word_1_658' title='bbox 518 4535 606 4599; x_wconf 77' lang='lat'><strong>&#39;59.</strong></span> <span class='ocrx_word' id='word_1_659' title='bbox 683 4543 729 4574; x_wconf 76' lang='lat'><strong>”</strong></span> <span class='ocrx_word' id='word_1_660' title='bbox 780 4542 955 4596; x_wconf 86' lang='lat' dir='ltr'><strong>Galat.</strong></span> <span class='ocrx_word' id='word_1_661' title='bbox 989 4556 1061 4606; x_wconf 82' lang='lat' dir='ltr'><strong>tv,</strong></span> <span class='ocrx_word' id='word_1_662' title='bbox 1093 4535 1174 4605; x_wconf 68' lang='lat'><strong>4,</strong></span> <span class='ocrx_word' id='word_1_663' title='bbox 1205 4539 1259 4595; x_wconf 84' lang='lat'><strong>5.</strong></span> <span class='ocrx_word' id='word_1_664' title='bbox 1329 4540 1375 4571; x_wconf 78' lang='lat'><strong>”</strong></span> <span class='ocrx_word' id='word_1_665' title='bbox 1402 4538 1566 4594; x_wconf 85' lang='lat' dir='ltr'><strong>lCor.</strong></span> <span class='ocrx_word' id='word_1_666' title='bbox 1595 4553 1705 4606; x_wconf 77' lang='lat' dir='ltr'><strong>xw,</strong></span> <span class='ocrx_word' id='word_1_667' title='bbox 1735 4535 1823 4591; x_wconf 70' lang='lat'><strong>12.</strong></span> <span class='ocrx_word' id='word_1_668' title='bbox 1894 4538 1940 4569; x_wconf 70' lang='grc'><strong>’⁸</strong></span> <span class='ocrx_word' id='word_1_669' title='bbox 1964 4535 2109 4592; x_wconf 88' lang='lat' dir='ltr'><strong>Psal.</strong></span> <span class='ocrx_word' id='word_1_670' title='bbox 2135 4551 2246 4602; x_wconf 74' lang='grc' dir='ltr'><strong>ειν,</strong></span> <span class='ocrx_word' id='word_1_671' title='bbox 2289 4536 2377 4591; x_wconf 84' lang='lat'><strong>15.</strong></span> <span class='ocrx_word' id='word_1_672' title='bbox 2453 4537 2494 4568; x_wconf 81' lang='grc'><strong>⁸⁷</strong></span> <span class='ocrx_word' id='word_1_673' title='bbox 2524 4536 2539 4589; x_wconf 94' lang='lat' dir='ltr'><strong>I</strong></span> <span class='ocrx_word' id='word_1_674' title='bbox 2567 4537 2692 4592; x_wconf 92' lang='lat' dir='ltr'><strong>Cor.</strong></span> <span class='ocrx_word' id='word_1_675' title='bbox 2726 4552 2839 4601; x_wconf 77' lang='lat' dir='ltr'><strong>nn,</strong></span> <span class='ocrx_word' id='word_1_676' title='bbox 2869 4537 2920 4591; x_wconf 88' lang='lat'><strong>6.</strong></span> 
     </span>
    </p>
   </div>
   <div class='ocr_carea' id='block_1_89' title="bbox 593 4709 3707 4809">
    <p class='ocr_par' dir='ltr' id='par_1_89' title="bbox 593 4709 3707 4809">
     <span class='ocr_line' id='line_1_89' title="bbox 593 4709 3707 4809; baseline -0.002 -27"><span class='ocrx_word' id='word_1_677' title='bbox 593 4726 671 4809; x_wconf 53' lang='grc' dir='ltr'><strong>(ᾖ)</strong></span> <span class='ocrx_word' id='word_1_678' title='bbox 699 4726 843 4809; x_wconf 75' lang='lat' dir='ltr'><strong>Mss._</strong></span> <span class='ocrx_word' id='word_1_679' title='bbox 872 4725 1081 4809; x_wconf 43' lang='lat' dir='ltr'><strong>nostri...</strong></span> <span class='ocrx_word' id='word_1_680' title='bbox 1112 4726 1235 4809; x_wconf 82' lang='lat' dir='ltr'><strong>quia</strong></span> <span class='ocrx_word' id='word_1_681' title='bbox 1277 4725 1484 4809; x_wconf 38' lang='lat' dir='ltr'><strong>liqui-te,</strong></span> <span class='ocrx_word' id='word_1_682' title='bbox 1504 4723 1788 4809; x_wconf 48' lang='lat' dir='ltr'><strong>clavorum,</strong></span> <span class='ocrx_word' id='word_1_683' title='bbox 1819 4733 1946 4809; x_wconf 64' lang='lat' dir='ltr'><strong>etc,</strong></span> <span class='ocrx_word' id='word_1_684' title='bbox 1977 4725 2077 4809; x_wconf 64' lang='lat' dir='ltr'><strong>sed</strong></span> <span class='ocrx_word' id='word_1_685' title='bbox 2108 4709 2152 4763; x_wconf 75' lang='grc' dir='ltr'><strong>ι)</strong></span> <span class='ocrx_word' id='word_1_686' title='bbox 2215 4719 2219 4722; x_wconf 60' lang='grc'><em>’</em></span> <span class='ocrx_word' id='word_1_687' title='bbox 2249 4726 2326 4797; x_wconf 82' lang='grc'><strong>(7)</strong></span> <span class='ocrx_word' id='word_1_688' title='bbox 2363 4726 2530 4809; x_wconf 79' lang='lat' dir='ltr'><strong>Editi,</strong></span> <span class='ocrx_word' id='word_1_689' title='bbox 2566 4734 2938 4809; x_wconf 60' lang='lat' dir='ltr'><strong>consequenter</strong></span> <span class='ocrx_word' id='word_1_690' title='bbox 2972 4725 3132 4809; x_wconf 78' lang='lat' dir='ltr'><strong>etiam</strong></span> <span class='ocrx_word' id='word_1_691' title='bbox 3183 4724 3413 4809; x_wconf 69' lang='lat' dir='ltr'><strong>reliqua,</strong></span> <span class='ocrx_word' id='word_1_692' title='bbox 3457 4717 3707 4809; x_wconf 58' lang='lat' dir='ltr'><strong>inqung</strong></span> 
     </span>
    </p>
   </div>
   <div class='ocr_carea' id='block_1_90' title="bbox 520 4792 2075 4861">
    <p class='ocr_par' dir='ltr' id='par_1_90' title="bbox 520 4792 2075 4861">
     <span class='ocr_line' id='line_1_90' title="bbox 520 4792 2075 4861; baseline -0.003 -8"><span class='ocrx_word' id='word_1_693' title='bbox 520 4792 721 4853; x_wconf 75' lang='lat' dir='ltr'><strong>rectius</strong></span> <span class='ocrx_word' id='word_1_694' title='bbox 759 4796 962 4852; x_wconf 87' lang='lat' dir='ltr'><strong>habere</strong></span> <span class='ocrx_word' id='word_1_695' title='bbox 994 4792 1243 4850; x_wconf 82' lang='lat' dir='ltr'><strong>videntur</strong></span> <span class='ocrx_word' id='word_1_696' title='bbox 1270 4792 1421 4860; x_wconf 87' lang='lat' dir='ltr'><strong>editi,</strong></span> <span class='ocrx_word' id='word_1_697' title='bbox 1448 4792 1658 4861; x_wconf 72' lang='lat' dir='ltr'><strong>ﬁxum.</strong></span> <span class='ocrx_word' id='word_1_698' title='bbox 1689 4794 1885 4849; x_wconf 87' lang='lat' dir='ltr'><strong>Deinde</strong></span> <span class='ocrx_word' id='word_1_699' title='bbox 1924 4795 2075 4859; x_wconf 89' lang='lat' dir='ltr'><strong>editi,</strong></span> 
     </span>
    </p>
   </div>
   <div class='ocr_carea' id='block_1_91' title="bbox 517 4864 2075 4937">
    <p class='ocr_par' dir='ltr' id='par_1_91' title="bbox 517 4864 2075 4937">
     <span class='ocr_line' id='line_1_91' title="bbox 517 4864 2075 4937; baseline -0.003 -15"><span class='ocrx_word' id='word_1_700' title='bbox 517 4868 666 4937; x_wconf 82' lang='lat' dir='ltr'><strong>quasi</strong></span> <span class='ocrx_word' id='word_1_701' title='bbox 695 4883 801 4920; x_wconf 85' lang='lat' dir='ltr'><strong>non</strong></span> <span class='ocrx_word' id='word_1_702' title='bbox 836 4867 999 4919; x_wconf 75' lang='lat' dir='ltr'><strong>etiam</strong></span> <span class='ocrx_word' id='word_1_703' title='bbox 1036 4864 1199 4918; x_wconf 86' lang='lat' dir='ltr'><strong>multa</strong></span> <span class='ocrx_word' id='word_1_704' title='bbox 1239 4864 1484 4937; x_wconf 76' lang='lat' dir='ltr'><strong>humana:</strong></span> <span class='ocrx_word' id='word_1_705' title='bbox 1518 4864 1841 4937; x_wconf 65' lang='lat' dir='ltr'><strong>infirmitatis</strong></span> <span class='ocrx_word' id='word_1_706' title='bbox 1869 4865 1923 4918; x_wconf 90' lang='lat' dir='ltr'><strong>in</strong></span> <span class='ocrx_word' id='word_1_707' title='bbox 1958 4865 2075 4937; x_wconf 77' lang='lat' dir='ltr'><strong>ipsa</strong></span> 
     </span>
    </p>
   </div>
   <div class='ocr_carea' id='block_1_92' title="bbox 516 4931 2075 5002">
    <p class='ocr_par' dir='ltr' id='par_1_92' title="bbox 516 4931 2075 5002">
     <span class='ocr_line' id='line_1_92' title="bbox 516 4931 2075 5002; baseline -0.004 -11"><span class='ocrx_word' id='word_1_708' title='bbox 516 4931 683 4991; x_wconf 77' lang='lat' dir='ltr'><strong>ntorte</strong></span> <span class='ocrx_word' id='word_1_709' title='bbox 721 4937 983 4998; x_wconf 86' lang='lat' dir='ltr'><strong>sensisset,</strong></span> <span class='ocrx_word' id='word_1_710' title='bbox 1021 4937 1199 4988; x_wconf 86' lang='lat' dir='ltr'><strong>anima</strong></span> <span class='ocrx_word' id='word_1_711' title='bbox 1229 4931 1595 5002; x_wconf 82' lang='lat' dir='ltr'><strong>perturbatur,</strong></span> <span class='ocrx_word' id='word_1_712' title='bbox 1643 4942 1746 4987; x_wconf 91' lang='lat' dir='ltr'><strong>etc.</strong></span> <span class='ocrx_word' id='word_1_713' title='bbox 1786 4933 1911 4988; x_wconf 85' lang='lat' dir='ltr'><strong>Mss.</strong></span> <span class='ocrx_word' id='word_1_714' title='bbox 1955 4935 2075 5002; x_wconf 88' lang='lat' dir='ltr'><strong>plu-</strong></span> 
     </span>
    </p>
   </div>
   <div class='ocr_carea' id='block_1_93' title="bbox 516 5002 2073 5073">
    <p class='ocr_par' dir='ltr' id='par_1_93' title="bbox 516 5002 2073 5073">
     <span class='ocr_line' id='line_1_93' title="bbox 516 5002 2073 5073; baseline -0.004 -11"><span class='ocrx_word' id='word_1_715' title='bbox 516 5023 627 5073; x_wconf 82' lang='lat' dir='ltr'><strong>res,</strong></span> <span class='ocrx_word' id='word_1_716' title='bbox 662 5005 824 5072; x_wconf 80' lang='lat' dir='ltr'><strong>Quid,</strong></span> <span class='ocrx_word' id='word_1_717' title='bbox 862 5006 906 5059; x_wconf 88' lang='lat' dir='ltr'><strong>si</strong></span> <span class='ocrx_word' id='word_1_718' title='bbox 940 5021 1043 5058; x_wconf 85' lang='lat' dir='ltr'><strong>non</strong></span> <span class='ocrx_word' id='word_1_719' title='bbox 1081 5006 1237 5057; x_wconf 88' lang='lat' dir='ltr'><strong>etiam</strong></span> <span class='ocrx_word' id='word_1_720' title='bbox 1273 5002 1441 5056; x_wconf 86' lang='lat' dir='ltr'><strong>multa</strong></span> <span class='ocrx_word' id='word_1_721' title='bbox 1479 5002 1722 5055; x_wconf 72' lang='lat' dir='ltr'><strong>humana:</strong></span> <span class='ocrx_word' id='word_1_722' title='bbox 1748 5003 2073 5071; x_wconf 79' lang='lat' dir='ltr'><strong>inﬁrmitatis</strong></span> 
     </span>
    </p>
   </div>
   <div class='ocr_carea' id='block_1_94' title="bbox 515 5073 2069 5144">
    <p class='ocr_par' dir='ltr' id='par_1_94' title="bbox 515 5073 2069 5144">
     <span class='ocr_line' id='line_1_94' title="bbox 515 5073 2069 5144; baseline -0.003 -15"><span class='ocrx_word' id='word_1_723' title='bbox 515 5079 572 5131; x_wconf 92' lang='lat' dir='ltr'><strong>in</strong></span> <span class='ocrx_word' id='word_1_724' title='bbox 629 5078 744 5144; x_wconf 85' lang='lat' dir='ltr'><strong>ipsa</strong></span> <span class='ocrx_word' id='word_1_725' title='bbox 795 5086 960 5129; x_wconf 87' lang='lat' dir='ltr'><strong>morte</strong></span> <span class='ocrx_word' id='word_1_726' title='bbox 1004 5075 1265 5136; x_wconf 86' lang='lat' dir='ltr'><strong>sensisset,</strong></span> <span class='ocrx_word' id='word_1_727' title='bbox 1314 5074 1488 5144; x_wconf 74' lang='lat' dir='ltr'><strong>anima</strong></span> <span class='ocrx_word' id='word_1_728' title='bbox 1518 5073 1927 5144; x_wconf 45' lang='lat' dir='ltr'><strong>perturbatur,</strong></span> <span class='ocrx_word' id='word_1_729' title='bbox 1965 5083 2069 5144; x_wconf 86' lang='lat' dir='ltr'><strong>etc.</strong></span> 
     </span>
    </p>
   </div>
   <div class='ocr_carea' id='block_1_95' title="bbox 517 5140 2076 5215">
    <p class='ocr_par' dir='ltr' id='par_1_95' title="bbox 517 5140 2076 5215">
     <span class='ocr_line' id='line_1_95' title="bbox 517 5140 2076 5215; baseline -0.002 -15"><span class='ocrx_word' id='word_1_730' title='bbox 517 5140 661 5215; x_wconf 81' lang='lat' dir='ltr'><strong>quod</strong></span> <span class='ocrx_word' id='word_1_731' title='bbox 705 5161 810 5200; x_wconf 90' lang='lat' dir='ltr'><strong>non</strong></span> <span class='ocrx_word' id='word_1_732' title='bbox 860 5145 1041 5199; x_wconf 90' lang='lat' dir='ltr'><strong>male:</strong></span> <span class='ocrx_word' id='word_1_733' title='bbox 1075 5144 1169 5198; x_wconf 86' lang='lat' dir='ltr'><strong>sed</strong></span> <span class='ocrx_word' id='word_1_734' title='bbox 1232 5157 1363 5197; x_wconf 89' lang='lat' dir='ltr'><strong>mss.</strong></span> <span class='ocrx_word' id='word_1_735' title='bbox 1410 5140 1738 5196; x_wconf 85' lang='lat' dir='ltr'><strong>Sorhonicus</strong></span> <span class='ocrx_word' id='word_1_736' title='bbox 1784 5150 1838 5196; x_wconf 89' lang='lat' dir='ltr'><strong>et</strong></span> <span class='ocrx_word' id='word_1_737' title='bbox 1881 5141 2076 5197; x_wconf 83' lang='lat' dir='ltr'><strong>Montis</strong></span> 
     </span>
    </p>
   </div>
   <div class='ocr_carea' id='block_1_96' title="bbox 516 5214 1280 5280">
    <p class='ocr_par' dir='ltr' id='par_1_96' title="bbox 516 5214 1280 5280">
     <span class='ocr_line' id='line_1_96' title="bbox 516 5214 1280 5280; baseline -0.003 -10"><span class='ocrx_word' id='word_1_738' title='bbox 516 5218 576 5270; x_wconf 88' lang='lat' dir='ltr'><strong>S.</strong></span> <span class='ocrx_word' id='word_1_739' title='bbox 605 5214 903 5280; x_wconf 74' lang='lat' dir='ltr'><strong>Michaelis,</strong></span> <span class='ocrx_word' id='word_1_740' title='bbox 940 5225 996 5267; x_wconf 86' lang='lat' dir='ltr'><strong>ut</strong></span> <span class='ocrx_word' id='word_1_741' title='bbox 1023 5216 1074 5267; x_wconf 92' lang='lat' dir='ltr'><strong>in</strong></span> <span class='ocrx_word' id='word_1_742' title='bbox 1112 5222 1280 5269; x_wconf 83' lang='lat' dir='ltr'><strong>textu.</strong></span> 
     </span>
    </p>
   </div>
   <div class='ocr_carea' id='block_1_97' title="bbox 586 5281 2073 5357">
    <p class='ocr_par' dir='ltr' id='par_1_97' title="bbox 586 5281 2073 5357">
     <span class='ocr_line' id='line_1_97' title="bbox 586 5281 2073 5357; baseline -0.001 -17"><span class='ocrx_word' id='word_1_743' title='bbox 586 5287 663 5357; x_wconf 78' lang='grc' dir='ltr'><strong>(ὅ)</strong></span> <span class='ocrx_word' id='word_1_744' title='bbox 700 5284 826 5340; x_wconf 81' lang='lat' dir='ltr'><strong>Mss.</strong></span> <span class='ocrx_word' id='word_1_745' title='bbox 871 5284 1112 5353; x_wconf 89' lang='lat' dir='ltr'><strong>plerique</strong></span> <span class='ocrx_word' id='word_1_746' title='bbox 1140 5297 1427 5353; x_wconf 83' lang='lat' dir='ltr'><strong>perperam</strong></span> <span class='ocrx_word' id='word_1_747' title='bbox 1474 5282 1698 5349; x_wconf 88' lang='lat' dir='ltr'><strong>habent,</strong></span> <span class='ocrx_word' id='word_1_748' title='bbox 1744 5281 1895 5338; x_wconf 86' lang='lat' dir='ltr'><strong>Sicut</strong></span> <span class='ocrx_word' id='word_1_749' title='bbox 1932 5284 2073 5338; x_wconf 89' lang='lat' dir='ltr'><strong>enim</strong></span> 
     </span>
    </p>
   </div>
   <div class='ocr_carea' id='block_1_98' title="bbox 515 5362 1237 5422">
    <p class='ocr_par' dir='ltr' id='par_1_98' title="bbox 515 5362 1237 5422">
     <span class='ocr_line' id='line_1_98' title="bbox 515 5362 1237 5422; baseline -0.004 -13"><span class='ocrx_word' id='word_1_750' title='bbox 515 5371 677 5409; x_wconf 72' lang='lat' dir='ltr'><strong>cwcos</strong></span> <span class='ocrx_word' id='word_1_751' title='bbox 708 5371 906 5422; x_wconf 84' lang='lat' dir='ltr'><strong>semper</strong></span> <span class='ocrx_word' id='word_1_752' title='bbox 934 5362 1106 5417; x_wconf 82' lang='lat' dir='ltr'><strong>curat,</strong></span> <span class='ocrx_word' id='word_1_753' title='bbox 1133 5365 1237 5408; x_wconf 83' lang='lat' dir='ltr'><strong>etc.</strong></span> 
     </span>
    </p>
   </div>
   <div class='ocr_carea' id='block_1_99' title="bbox 584 5421 2070 5494">
    <p class='ocr_par' dir='ltr' id='par_1_99' title="bbox 584 5421 2070 5494">
     <span class='ocr_line' id='line_1_99' title="bbox 584 5421 2070 5494; baseline -0.001 -16"><span class='ocrx_word' id='word_1_754' title='bbox 584 5425 660 5494; x_wconf 71' lang='lat'>(4)</span> <span class='ocrx_word' id='word_1_755' title='bbox 712 5421 1294 5481; x_wconf 78' lang='lat' dir='ltr'><strong>Suseitandoadditur</strong></span> <span class='ocrx_word' id='word_1_756' title='bbox 1343 5422 1396 5476; x_wconf 92' lang='lat' dir='ltr'><strong>in</strong></span> <span class='ocrx_word' id='word_1_757' title='bbox 1439 5422 1674 5477; x_wconf 85' lang='lat' dir='ltr'><strong>editione</strong></span> <span class='ocrx_word' id='word_1_758' title='bbox 1715 5421 2070 5494; x_wconf 87' lang='lat' dir='ltr'><strong>Genebrardi,</strong></span> 
     </span>
    </p>
   </div>
   <div class='ocr_carea' id='block_1_100' title="bbox 513 5493 2074 5617">
    <p class='ocr_par' dir='ltr' id='par_1_100' title="bbox 513 5493 2074 5617">
     <span class='ocr_line' id='line_1_100' title="bbox 513 5493 2074 5617; baseline 0 -69"><span class='ocrx_word' id='word_1_759' title='bbox 513 5496 608 5616; x_wconf 52' lang='lat' dir='ltr'><strong>ﬁed</strong></span> <span class='ocrx_word' id='word_1_760' title='bbox 629 5494 904 5617; x_wconf 73' lang='lat' dir='ltr'><strong>l(nnittitur</strong></span> <span class='ocrx_word' id='word_1_761' title='bbox 937 5494 989 5547; x_wconf 90' lang='lat' dir='ltr'><strong>in</strong></span> <span class='ocrx_word' id='word_1_762' title='bbox 1013 5495 1265 5548; x_wconf 86' lang='lat' dir='ltr'><strong>omnibus</strong></span> <span class='ocrx_word' id='word_1_763' title='bbox 1286 5507 1418 5547; x_wconf 91' lang='lat' dir='ltr'><strong>mss.</strong></span> <span class='ocrx_word' id='word_1_764' title='bbox 1452 5494 1648 5548; x_wconf 90' lang='lat' dir='ltr'><strong>nostris</strong></span> <span class='ocrx_word' id='word_1_765' title='bbox 1680 5501 1735 5549; x_wconf 91' lang='lat' dir='ltr'><strong>et</strong></span> <span class='ocrx_word' id='word_1_766' title='bbox 1764 5494 1817 5547; x_wconf 91' lang='lat' dir='ltr'><strong>in</strong></span> <span class='ocrx_word' id='word_1_767' title='bbox 1842 5493 2074 5549; x_wconf 88' lang='lat' dir='ltr'><strong>editione</strong></span> 
     </span>
     <span class='ocr_line' id='line_1_101' title="bbox 569 5579 744 5617; baseline -0.017 0"><span class='ocrx_word' id='word_1_768' title='bbox 569 5582 625 5617; x_wconf 85' lang='lat' dir='ltr'><strong>er</strong></span> <span class='ocrx_word' id='word_1_769' title='bbox 650 5579 744 5616; x_wconf 71' lang='lat' dir='ltr'><strong>am.</strong></span> 
     </span>
    </p>
   </div>
   <div class='ocr_carea' id='block_1_101' title="bbox 569 5579 744 5619">
    <p class='ocr_par' dir='ltr' id='par_1_101' title="bbox 569 5579 744 5619">
     <span class='ocr_line' id='line_1_102' title="bbox 569 5579 744 5619; baseline -0.029 0"><span class='ocrx_word' id='word_1_770' title='bbox 569 5579 744 5619; x_wconf 76' lang='lat' dir='ltr'><strong>erum.</strong></span> 
     </span>
    </p>
   </div>
   <div class='ocr_carea' id='block_1_102' title="bbox 580 5631 2066 5703">
    <p class='ocr_par' dir='ltr' id='par_1_102' title="bbox 580 5631 2066 5703">
     <span class='ocr_line' id='line_1_103' title="bbox 580 5631 2066 5703; baseline 0.005 -22"><span class='ocrx_word' id='word_1_771' title='bbox 580 5634 660 5701; x_wconf 85' lang='grc'><strong>,(5)</strong></span> <span class='ocrx_word' id='word_1_772' title='bbox 710 5631 877 5697; x_wconf 82' lang='lat' dir='ltr'><strong>Alias,</strong></span> <span class='ocrx_word' id='word_1_773' title='bbox 916 5648 1033 5686; x_wconf 88' lang='lat' dir='ltr'><strong>eum</strong></span> <span class='ocrx_word' id='word_1_774' title='bbox 1059 5644 1256 5700; x_wconf 86' lang='lat' dir='ltr'><strong>natum,</strong></span> <span class='ocrx_word' id='word_1_775' title='bbox 1307 5633 1507 5688; x_wconf 88' lang='lat' dir='ltr'><strong>omisso</strong></span> <span class='ocrx_word' id='word_1_776' title='bbox 1541 5648 1651 5687; x_wconf 86' lang='lat' dir='ltr'><strong>esse</strong></span> <span class='ocrx_word' id='word_1_777' title='bbox 1680 5648 1698 5687; x_wconf 92' lang='lat'><strong><em>:</em></strong></span> <span class='ocrx_word' id='word_1_778' title='bbox 1733 5633 1893 5703; x_wconf 87' lang='lat' dir='ltr'><strong>paulo</strong></span> <span class='ocrx_word' id='word_1_779' title='bbox 1923 5641 2066 5702; x_wconf 86' lang='lat' dir='ltr'><strong>post,</strong></span> 
     </span>
    </p>
   </div>
   <div class='ocr_carea' id='block_1_103' title="bbox 508 5701 1077 5770">
    <p class='ocr_par' dir='ltr' id='par_1_103' title="bbox 508 5701 1077 5770">
     <span class='ocr_line' id='line_1_104' title="bbox 508 5701 1077 5770; baseline 0.007 -18"><span class='ocrx_word' id='word_1_780' title='bbox 508 5701 780 5770; x_wconf 77' lang='lat' dir='ltr'><strong>plenitudo</strong></span> <span class='ocrx_word' id='word_1_781' title='bbox 815 5703 1077 5770; x_wconf 86' lang='lat' dir='ltr'><strong>temporis.</strong></span> 
     </span>
    </p>
   </div>
   <div class='ocr_carea' id='block_1_104' title="bbox 585 5770 2068 5841">
    <p class='ocr_par' dir='ltr' id='par_1_104' title="bbox 585 5770 2068 5841">
     <span class='ocr_line' id='line_1_105' title="bbox 585 5770 2068 5841; baseline 0.004 -18"><span class='ocrx_word' id='word_1_782' title='bbox 585 5770 659 5841; x_wconf 70' lang='grc'><strong>(6)</strong></span> <span class='ocrx_word' id='word_1_783' title='bbox 697 5771 826 5826; x_wconf 84' lang='lat' dir='ltr'><strong>Mss.</strong></span> <span class='ocrx_word' id='word_1_784' title='bbox 862 5780 917 5823; x_wconf 91' lang='lat' dir='ltr'><strong>et</strong></span> <span class='ocrx_word' id='word_1_785' title='bbox 942 5773 1074 5825; x_wconf 86' lang='lat' dir='ltr'><strong>editi</strong></span> <span class='ocrx_word' id='word_1_786' title='bbox 1102 5771 1271 5827; x_wconf 85' lang='lat' dir='ltr'><strong>semel</strong></span> <span class='ocrx_word' id='word_1_787' title='bbox 1297 5773 1669 5827; x_wconf 76' lang='lat' dir='ltr'><strong>tantummodo</strong></span> <span class='ocrx_word' id='word_1_788' title='bbox 1704 5772 1906 5829; x_wconf 88' lang='lat' dir='ltr'><strong>habent</strong></span> <span class='ocrx_word' id='word_1_789' title='bbox 1946 5787 2068 5829; x_wconf 84' lang='lat' dir='ltr'><strong>ver-</strong></span> 
     </span>
    </p>
   </div>
   <div class='ocr_carea' id='block_1_105' title="bbox 512 5840 1823 5913">
    <p class='ocr_par' dir='ltr' id='par_1_105' title="bbox 512 5840 1823 5913">
     <span class='ocr_line' id='line_1_106' title="bbox 512 5840 1823 5913; baseline 0.001 -18"><span class='ocrx_word' id='word_1_790' title='bbox 512 5840 647 5896; x_wconf 80' lang='lat' dir='ltr'><strong>bum</strong></span> <span class='ocrx_word' id='word_1_791' title='bbox 667 5844 1010 5910; x_wconf 74' lang='lat' dir='ltr'><strong>conﬁrmatur</strong></span> <span class='ocrx_word' id='word_1_792' title='bbox 1040 5855 1059 5895; x_wconf 91' lang='lat'><strong><em>:</em></strong></span> <span class='ocrx_word' id='word_1_793' title='bbox 1089 5842 1183 5899; x_wconf 90' lang='lat' dir='ltr'><strong>sed</strong></span> <span class='ocrx_word' id='word_1_794' title='bbox 1217 5842 1564 5913; x_wconf 87' lang='lat' dir='ltr'><strong>repetendum</strong></span> <span class='ocrx_word' id='word_1_795' title='bbox 1592 5844 1823 5900; x_wconf 87' lang='lat' dir='ltr'><strong>videtur.</strong></span> 
     </span>
    </p>
   </div>
   <div class='ocr_carea' id='block_1_106' title="bbox 2178 4785 3706 4869">
    <p class='ocr_par' dir='ltr' id='par_1_106' title="bbox 2178 4785 3706 4869">
     <span class='ocr_line' id='line_1_107' title="bbox 2178 4785 3706 4869; baseline -0.003 -20"><span class='ocrx_word' id='word_1_796' title='bbox 2178 4785 2477 4869; x_wconf 58' lang='lat' dir='ltr'><strong>accusatur</strong></span> <span class='ocrx_word' id='word_1_797' title='bbox 2503 4785 2830 4869; x_wconf 51' lang='lat' dir='ltr'><strong>quasij&#39;uos</strong></span> <span class='ocrx_word' id='word_1_798' title='bbox 2864 4795 3106 4869; x_wconf 55' lang='lat' dir='ltr'><strong>Christus</strong></span> <span class='ocrx_word' id='word_1_799' title='bbox 3168 4785 3407 4869; x_wconf 60' lang='lat' dir='ltr'><strong>dixerit,</strong></span> <span class='ocrx_word' id='word_1_800' title='bbox 3444 4785 3594 4869; x_wconf 58' lang='lat' dir='ltr'><strong>unum</strong></span> 
     </span>
    </p>
   </div>
   <div class='ocr_carea' id='block_1_107' title="bbox 2192 4856 3704 4930">
    <p class='ocr_par' dir='ltr' id='par_1_107' title="bbox 2192 4856 3704 4930">
     <span class='ocr_line' id='line_1_108' title="bbox 2192 4856 3704 4930; baseline -0.008 -12"><span class='ocrx_word' id='word_1_801' title='bbox 2192 4863 2449 4930; x_wconf 86' lang='lat' dir='ltr'><strong>Verbum,</strong></span> <span class='ocrx_word' id='word_1_802' title='bbox 2505 4856 2614 4922; x_wconf 84' lang='lat' dir='ltr'><strong>etc.</strong></span> <span class='ocrx_word' id='word_1_803' title='bbox 2666 4865 2799 4921; x_wconf 80' lang='lat' dir='ltr'><strong>Mss.</strong></span> <span class='ocrx_word' id='word_1_804' title='bbox 2861 4865 3191 4919; x_wconf 84' lang='lat' dir='ltr'><strong>Sorbonicns</strong></span> <span class='ocrx_word' id='word_1_805' title='bbox 3241 4874 3294 4918; x_wconf 93' lang='lat' dir='ltr'><strong>et</strong></span> <span class='ocrx_word' id='word_1_806' title='bbox 3339 4856 3400 4918; x_wconf 76' lang='lat' dir='ltr'><strong>S.</strong></span> <span class='ocrx_word' id='word_1_807' title='bbox 3445 4856 3704 4914; x_wconf 76' lang='lat' dir='ltr'><strong>Michaelis,</strong></span> 
     </span>
    </p>
   </div>
   <div class='ocr_carea' id='block_1_108' title="bbox 2178 4934 3704 5006">
    <p class='ocr_par' dir='ltr' id='par_1_108' title="bbox 2178 4934 3704 5006">
     <span class='ocr_line' id='line_1_109' title="bbox 2178 4934 3704 5006; baseline -0.005 -17"><span class='ocrx_word' id='word_1_808' title='bbox 2178 4946 2547 5006; x_wconf 85' lang='lat' dir='ltr'><strong>consequenter</strong></span> <span class='ocrx_word' id='word_1_809' title='bbox 2596 4935 2757 4989; x_wconf 85' lang='lat' dir='ltr'><strong>etiam</strong></span> <span class='ocrx_word' id='word_1_810' title='bbox 2816 4936 3040 5006; x_wconf 79' lang='lat' dir='ltr'><strong>aliqua,</strong></span> <span class='ocrx_word' id='word_1_811' title='bbox 3102 4934 3407 5006; x_wconf 76' lang='lat' dir='ltr'><strong>inquibus</strong></span> <span class='ocrx_word' id='word_1_812' title='bbox 3463 4935 3704 5006; x_wconf 50' lang='grc' dir='ltr'><strong>σακίων</strong></span> 
     </span>
    </p>
   </div>
   <div class='ocr_carea' id='block_1_109' title="bbox 2178 4996 3708 5128">
    <p class='ocr_par' dir='ltr' id='par_1_109' title="bbox 2178 4996 3708 5128">
     <span class='ocr_line' id='line_1_110' title="bbox 2178 4996 3708 5128; baseline -0.006 -70"><span class='ocrx_word' id='word_1_813' title='bbox 2178 4996 2435 5128; x_wconf 47' lang='lat' dir='ltr'><strong>Virm&#39;are</strong></span> <span class='ocrx_word' id='word_1_814' title='bbox 2479 5006 2630 5075; x_wconf 85' lang='lat' dir='ltr'><strong>quasi</strong></span> <span class='ocrx_word' id='word_1_815' title='bbox 2670 5005 2800 5057; x_wconf 87' lang='lat' dir='ltr'><strong>duos</strong></span> <span class='ocrx_word' id='word_1_816' title='bbox 2837 4996 3075 5058; x_wconf 77' lang='lat' dir='ltr'><strong>Cliristos</strong></span> <span class='ocrx_word' id='word_1_817' title='bbox 3119 4996 3298 5057; x_wconf 80' lang='lat' dir='ltr'><strong>dicens</strong></span> <span class='ocrx_word' id='word_1_818' title='bbox 3329 5017 3349 5055; x_wconf 88' lang='lat'><strong><em>:</em></strong></span> <span class='ocrx_word' id='word_1_819' title='bbox 3383 5015 3544 5055; x_wconf 83' lang='lat' dir='ltr'><strong>unum</strong></span> <span class='ocrx_word' id='word_1_820' title='bbox 3575 4996 3708 5049; x_wconf 66' lang='lat' dir='ltr'><strong>De!!!</strong></span> 
     </span>
     <span class='ocr_line' id='line_1_111' title="bbox 2232 5074 3501 5128; baseline -0.005 0"><span class='ocrx_word' id='word_1_821' title='bbox 2232 5076 2432 5128; x_wconf 82' lang='lat' dir='ltr'><strong>erbum.</strong></span> <span class='ocrx_word' id='word_1_822' title='bbox 2466 5087 2572 5128; x_wconf 88' lang='lat' dir='ltr'><strong>etc.</strong></span> <span class='ocrx_word' id='word_1_823' title='bbox 2598 5075 2794 5128; x_wconf 77' lang='lat' dir='ltr'><strong>Czeteri</strong></span> <span class='ocrx_word' id='word_1_824' title='bbox 2825 5089 2951 5128; x_wconf 84' lang='lat' dir='ltr'><strong>vero</strong></span> <span class='ocrx_word' id='word_1_825' title='bbox 2981 5089 3110 5128; x_wconf 89' lang='lat' dir='ltr'><strong>mss.</strong></span> <span class='ocrx_word' id='word_1_826' title='bbox 3147 5083 3206 5126; x_wconf 92' lang='lat' dir='ltr'><strong>ut</strong></span> <span class='ocrx_word' id='word_1_827' title='bbox 3236 5074 3287 5126; x_wconf 87' lang='lat' dir='ltr'><strong>in</strong></span> <span class='ocrx_word' id='word_1_828' title='bbox 3328 5080 3501 5126; x_wconf 79' lang='lat' dir='ltr'><strong>textu.</strong></span> 
     </span>
    </p>
   </div>
   <div class='ocr_carea' id='block_1_110' title="bbox 2232 5074 3694 5140">
    <p class='ocr_par' dir='ltr' id='par_1_110' title="bbox 2232 5074 3694 5140">
     <span class='ocr_line' id='line_1_112' title="bbox 2232 5074 3694 5140; baseline -0.005 -12"><span class='ocrx_word' id='word_1_829' title='bbox 2232 5076 2432 5140; x_wconf 82' lang='lat' dir='ltr'><strong>erbum,</strong></span> <span class='ocrx_word' id='word_1_830' title='bbox 2466 5074 2572 5130; x_wconf 84' lang='lat' dir='ltr'><strong>etc.</strong></span> <span class='ocrx_word' id='word_1_831' title='bbox 2598 5075 2794 5129; x_wconf 77' lang='lat' dir='ltr'><strong>Czeteri</strong></span> <span class='ocrx_word' id='word_1_832' title='bbox 2825 5089 2951 5129; x_wconf 85' lang='lat' dir='ltr'><strong>vero</strong></span> <span class='ocrx_word' id='word_1_833' title='bbox 2981 5089 3110 5129; x_wconf 89' lang='lat' dir='ltr'><strong>mss.</strong></span> <span class='ocrx_word' id='word_1_834' title='bbox 3147 5083 3206 5126; x_wconf 92' lang='lat' dir='ltr'><strong>ut</strong></span> <span class='ocrx_word' id='word_1_835' title='bbox 3236 5074 3287 5126; x_wconf 87' lang='lat' dir='ltr'><strong>in</strong></span> <span class='ocrx_word' id='word_1_836' title='bbox 3328 5080 3501 5126; x_wconf 79' lang='lat' dir='ltr'><strong>textu.</strong></span> <span class='ocrx_word' id='word_1_837' title='bbox 3685 5130 3694 5139; x_wconf 45' lang='grc'>,</span> 
     </span>
    </p>
   </div>
   <div class='ocr_carea' id='block_1_111' title="bbox 2247 5137 3710 5216">
    <p class='ocr_par' dir='ltr' id='par_1_111' title="bbox 2247 5137 3710 5216">
     <span class='ocr_line' id='line_1_113' title="bbox 2247 5137 3710 5216; baseline -0.012 -15"><span class='ocrx_word' id='word_1_838' title='bbox 2247 5144 2320 5216; x_wconf 91' lang='grc'><strong>(8)</strong></span> <span class='ocrx_word' id='word_1_839' title='bbox 2350 5137 2442 5199; x_wconf 79' lang='lat' dir='ltr'><strong>Sic</strong></span> <span class='ocrx_word' id='word_1_840' title='bbox 2489 5159 2677 5216; x_wconf 76' lang='lat' dir='ltr'><strong>omnes</strong></span> <span class='ocrx_word' id='word_1_841' title='bbox 2725 5158 2854 5216; x_wconf 83' lang='lat' dir='ltr'><strong>mss.</strong></span> <span class='ocrx_word' id='word_1_842' title='bbox 2908 5145 3046 5199; x_wconf 86' lang='lat' dir='ltr'><strong>Editi</strong></span> <span class='ocrx_word' id='word_1_843' title='bbox 3082 5155 3255 5216; x_wconf 73' lang='lat' dir='ltr'><strong>vero,</strong></span> <span class='ocrx_word' id='word_1_844' title='bbox 3299 5142 3456 5207; x_wconf 85' lang='lat' dir='ltr'><strong>Quod</strong></span> <span class='ocrx_word' id='word_1_845' title='bbox 3501 5151 3622 5191; x_wconf 76' lang='lat' dir='ltr'><strong>unus</strong></span> <span class='ocrx_word' id='word_1_846' title='bbox 3658 5137 3710 5183; x_wconf 79' lang='lat' dir='ltr'><strong>sit</strong></span> 
     </span>
    </p>
   </div>
   <div class='ocr_carea' id='block_1_112' title="bbox 2176 5211 3707 5281">
    <p class='ocr_par' dir='ltr' id='par_1_112' title="bbox 2176 5211 3707 5281">
     <span class='ocr_line' id='line_1_114' title="bbox 2176 5211 3707 5281; baseline -0.004 -12"><span class='ocrx_word' id='word_1_847' title='bbox 2176 5211 2441 5269; x_wconf 79' lang='lat' dir='ltr'><strong>Christus.</strong></span> <span class='ocrx_word' id='word_1_848' title='bbox 2479 5212 2564 5268; x_wconf 72' lang='lat' dir='ltr'><strong>Ex</strong></span> <span class='ocrx_word' id='word_1_849' title='bbox 2598 5214 2732 5267; x_wconf 91' lang='lat' dir='ltr'><strong>libro</strong></span> <span class='ocrx_word' id='word_1_850' title='bbox 2755 5214 2926 5281; x_wconf 87' lang='lat' dir='ltr'><strong>primo</strong></span> <span class='ocrx_word' id='word_1_851' title='bbox 2964 5228 3121 5281; x_wconf 86' lang='lat' dir='ltr'><strong>super</strong></span> <span class='ocrx_word' id='word_1_852' title='bbox 3142 5211 3371 5264; x_wconf 82' lang='lat' dir='ltr'><strong>Isaiam.</strong></span> <span class='ocrx_word' id='word_1_853' title='bbox 3662 5280 3665 5281; x_wconf 16' lang='grc' dir='ltr'><em>ν</em></span> <span class='ocrx_word' id='word_1_854' title='bbox 3698 5266 3707 5278; x_wconf 68' lang='grc'><em>,</em></span> 
     </span>
    </p>
   </div>
   <div class='ocr_carea' id='block_1_113' title="bbox 2246 5280 3710 5357">
    <p class='ocr_par' dir='ltr' id='par_1_113' title="bbox 2246 5280 3710 5357">
     <span class='ocr_line' id='line_1_115' title="bbox 2246 5280 3710 5357; baseline -0.008 -17"><span class='ocrx_word' id='word_1_855' title='bbox 2246 5285 2322 5357; x_wconf 89' lang='grc'><strong>(9)</strong></span> <span class='ocrx_word' id='word_1_856' title='bbox 2386 5284 2463 5339; x_wconf 79' lang='lat' dir='ltr'><strong>Ex</strong></span> <span class='ocrx_word' id='word_1_857' title='bbox 2514 5285 2607 5357; x_wconf 83' lang='lat' dir='ltr'><strong>|i_b_.</strong></span> <span class='ocrx_word' id='word_1_858' title='bbox 2659 5299 2675 5338; x_wconf 86' lang='grc' dir='ltr'>ι</span> <span class='ocrx_word' id='word_1_859' title='bbox 2732 5285 2787 5357; x_wconf 78' lang='lat' dir='ltr'><strong>in</strong></span> <span class='ocrx_word' id='word_1_860' title='bbox 2814 5281 3058 5357; x_wconf 26' lang='lat' dir='ltr'><strong>-Isaiam.</strong></span> <span class='ocrx_word' id='word_1_861' title='bbox 3088 5312 3156 5357; x_wconf 86' lang='lat'><strong>-_—</strong></span> <span class='ocrx_word' id='word_1_862' title='bbox 3190 5284 3392 5357; x_wconf 59' lang='lat' dir='ltr'><strong>omnes</strong></span> <span class='ocrx_word' id='word_1_863' title='bbox 3416 5294 3544 5357; x_wconf 85' lang='lat' dir='ltr'><strong>mss.</strong></span> <span class='ocrx_word' id='word_1_864' title='bbox 3572 5280 3710 5357; x_wconf 48' lang='lat' dir='ltr'><strong>nostr!</strong></span> 
     </span>
    </p>
   </div>
   <div class='ocr_carea' id='block_1_114' title="bbox 2180 5349 3709 5422">
    <p class='ocr_par' dir='ltr' id='par_1_114' title="bbox 2180 5349 3709 5422">
     <span class='ocr_line' id='line_1_116' title="bbox 2180 5349 3709 5422; baseline -0.007 -14"><span class='ocrx_word' id='word_1_865' title='bbox 2180 5349 2471 5418; x_wconf 81' lang='lat' dir='ltr'><strong>omittunt,</strong></span> <span class='ocrx_word' id='word_1_866' title='bbox 2525 5352 2676 5408; x_wconf 86' lang='lat' dir='ltr'><strong>Sicut</strong></span> <span class='ocrx_word' id='word_1_867' title='bbox 2722 5353 2847 5405; x_wconf 84' lang='lat' dir='ltr'><strong>dicit</strong></span> <span class='ocrx_word' id='word_1_868' title='bbox 2889 5352 3195 5422; x_wconf 83' lang='lat' dir='ltr'><strong>Apostolus,</strong></span> <span class='ocrx_word' id='word_1_869' title='bbox 3257 5349 3521 5422; x_wconf 75' lang='lat' dir='ltr'><strong>Quoniam</strong></span> 
     </span>
    </p>
   </div>
   <div class='ocr_carea' id='block_1_115' title="bbox 2181 5414 3708 5491">
    <p class='ocr_par' dir='ltr' id='par_1_115' title="bbox 2181 5414 3708 5491">
     <span class='ocr_line' id='line_1_117' title="bbox 2181 5414 3708 5491; baseline -0.007 -15"><span class='ocrx_word' id='word_1_870' title='bbox 2181 5424 2373 5478; x_wconf 87' lang='lat' dir='ltr'><strong>latores</strong></span> <span class='ocrx_word' id='word_1_871' title='bbox 2418 5414 2543 5479; x_wconf 79' lang='lat' dir='ltr'><strong>estis</strong></span> <span class='ocrx_word' id='word_1_872' title='bbox 2581 5423 2860 5491; x_wconf 86' lang='lat' dir='ltr'><strong>spirituum</strong></span> <span class='ocrx_word' id='word_1_873' title='bbox 2894 5439 2913 5477; x_wconf 90' lang='lat'><strong><em>:</em></strong></span> <span class='ocrx_word' id='word_1_874' title='bbox 2938 5414 3040 5477; x_wconf 60' lang='lat' dir='ltr'><strong>&#39;seil</strong></span> <span class='ocrx_word' id='word_1_875' title='bbox 3080 5414 3197 5476; x_wconf 59' lang='lat' dir='ltr'><strong>haec</strong></span> <span class='ocrx_word' id='word_1_876' title='bbox 3221 5414 3442 5475; x_wconf 71' lang='lat' dir='ltr'><strong>exstant</strong></span> <span class='ocrx_word' id='word_1_877' title='bbox 3474 5419 3527 5471; x_wconf 91' lang='lat' dir='ltr'><strong>in</strong></span> <span class='ocrx_word' id='word_1_878' title='bbox 3557 5414 3708 5491; x_wconf 51' lang='lat' dir='ltr'><strong>editist</strong></span> 
     </span>
    </p>
   </div>
   <div class='ocr_carea' id='block_1_116' title="bbox 2179 5490 3711 5565">
    <p class='ocr_par' dir='ltr' id='par_1_116' title="bbox 2179 5490 3711 5565">
     <span class='ocr_line' id='line_1_118' title="bbox 2179 5490 3711 5565; baseline -0.008 -19"><span class='ocrx_word' id='word_1_879' title='bbox 2179 5495 2272 5565; x_wconf 90' lang='lat' dir='ltr'><strong>qui</strong></span> <span class='ocrx_word' id='word_1_880' title='bbox 2321 5508 2449 5565; x_wconf 55' lang='lat' dir='ltr'><strong>mer</strong></span> <span class='ocrx_word' id='word_1_881' title='bbox 2489 5492 2748 5565; x_wconf 85' lang='lat' dir='ltr'><strong>omittunt</strong></span> <span class='ocrx_word' id='word_1_882' title='bbox 2790 5491 3179 5565; x_wconf 31' lang='lat' dir='ltr'><strong>enimpquotl</strong></span> <span class='ocrx_word' id='word_1_883' title='bbox 3222 5491 3515 5565; x_wconf 70' lang='lat' dir='ltr'><strong>restituunt</strong></span> <span class='ocrx_word' id='word_1_884' title='bbox 3553 5490 3711 5565; x_wconf 57' lang='lat' dir='ltr'><strong>omufs</strong></span> 
     </span>
    </p>
   </div>
   <div class='ocr_carea' id='block_1_117' title="bbox 2181 5555 3705 5627">
    <p class='ocr_par' dir='ltr' id='par_1_117' title="bbox 2181 5555 3705 5627">
     <span class='ocr_line' id='line_1_119' title="bbox 2181 5555 3705 5627; baseline -0.009 -11"><span class='ocrx_word' id='word_1_885' title='bbox 2181 5555 2311 5618; x_wconf 76' lang='lat' dir='ltr'><strong>mss.</strong></span> <span class='ocrx_word' id='word_1_886' title='bbox 2363 5563 2523 5618; x_wconf 90' lang='lat' dir='ltr'><strong>Solus</strong></span> <span class='ocrx_word' id='word_1_887' title='bbox 2568 5563 2735 5617; x_wconf 78' lang='lat' dir='ltr'><strong>codex</strong></span> <span class='ocrx_word' id='word_1_888' title='bbox 2786 5555 3115 5617; x_wconf 81' lang='lat' dir='ltr'><strong>Sorbonicus</strong></span> <span class='ocrx_word' id='word_1_889' title='bbox 3168 5562 3355 5623; x_wconf 85' lang='lat' dir='ltr'><strong>habet,</strong></span> <span class='ocrx_word' id='word_1_890' title='bbox 3394 5555 3541 5612; x_wconf 89' lang='lat' dir='ltr'><strong>Sicut</strong></span> <span class='ocrx_word' id='word_1_891' title='bbox 3572 5555 3705 5627; x_wconf 49' lang='lat' dir='ltr'><strong>enim.</strong></span> 
     </span>
    </p>
   </div>
   <div class='ocr_carea' id='block_1_118' title="bbox 2180 5630 3707 5754">
    <p class='ocr_par' dir='ltr' id='par_1_118' title="bbox 2180 5630 3707 5754">
     <span class='ocr_line' id='line_1_120' title="bbox 2180 5630 3707 5754; baseline -0.006 -68"><span class='ocrx_word' id='word_1_892' title='bbox 2180 5633 2296 5754; x_wconf 58' lang='lat' dir='ltr'><strong>licft</strong></span> <span class='ocrx_word' id='word_1_893' title='bbox 2328 5650 2463 5688; x_wconf 88' lang='lat' dir='ltr'><strong>unus</strong></span> <span class='ocrx_word' id='word_1_894' title='bbox 2506 5634 2574 5687; x_wconf 89' lang='lat' dir='ltr'><strong>sit</strong></span> <span class='ocrx_word' id='word_1_895' title='bbox 2616 5630 2845 5701; x_wconf 75' lang='lat' dir='ltr'><strong>Spiritus</strong></span> <span class='ocrx_word' id='word_1_896' title='bbox 2883 5640 3118 5699; x_wconf 85' lang='lat' dir='ltr'><strong>sanctus,</strong></span> <span class='ocrx_word' id='word_1_897' title='bbox 3148 5632 3279 5685; x_wconf 80' lang='lat' dir='ltr'><strong>tanti</strong></span> <span class='ocrx_word' id='word_1_898' title='bbox 3306 5640 3483 5682; x_wconf 83' lang='lat' dir='ltr'><strong>tamen</strong></span> <span class='ocrx_word' id='word_1_899' title='bbox 3511 5638 3596 5694; x_wconf 83' lang='lat' dir='ltr'><strong>per</strong></span> <span class='ocrx_word' id='word_1_900' title='bbox 3616 5630 3707 5673; x_wconf 69' lang='grc' dir='ltr'><strong>δικ·</strong></span> 
     </span>
     <span class='ocr_line' id='line_1_121' title="bbox 2180 5714 3703 5754; baseline 0 0"><span class='ocrx_word' id='word_1_901' title='bbox 2180 5718 2245 5754; x_wconf 90' lang='lat' dir='ltr'><strong>au</strong></span> <span class='ocrx_word' id='word_1_902' title='bbox 2271 5719 2348 5754; x_wconf 86' lang='lat' dir='ltr'><strong>os.</strong></span> <span class='ocrx_word' id='word_1_903' title='bbox 2384 5714 2488 5754; x_wconf 84' lang='lat' dir='ltr'><strong>etc.</strong></span> <span class='ocrx_word' id='word_1_904' title='bbox 3692 5749 3703 5754; x_wconf 87' lang='lat'><strong>-</strong></span> 
     </span>
    </p>
   </div>
   <div class='ocr_carea' id='block_1_119' title="bbox 2213 5714 3703 5768">
    <p class='ocr_par' dir='ltr' id='par_1_119' title="bbox 2213 5714 3703 5768">
     <span class='ocr_line' id='line_1_122' title="bbox 2213 5714 3703 5768; baseline 0.009 -13"><span class='ocrx_word' id='word_1_905' title='bbox 2213 5714 2348 5768; x_wconf 88' lang='lat' dir='ltr'><strong>utos,</strong></span> <span class='ocrx_word' id='word_1_906' title='bbox 2384 5714 2488 5758; x_wconf 86' lang='lat' dir='ltr'><strong>etc.</strong></span> <span class='ocrx_word' id='word_1_907' title='bbox 3546 5760 3575 5768; x_wconf 56' lang='grc'><strong>--</strong></span> <span class='ocrx_word' id='word_1_908' title='bbox 3625 5749 3703 5768; x_wconf 86' lang='grc'><em>,</em></span> 
     </span>
    </p>
   </div>
   <div class='ocr_carea' id='block_1_120' title="bbox 2177 5718 3705 5845">
    <p class='ocr_par' dir='ltr' id='par_1_120' title="bbox 2177 5718 3705 5845">
     <span class='ocr_line' id='line_1_123' title="bbox 2177 5718 3705 5845; baseline -0.011 -13"><span class='ocrx_word' id='word_1_909' title='bbox 2177 5718 2359 5845; x_wconf 39' lang='lat' dir='ltr'><strong>sua?)</strong></span> <span class='ocrx_word' id='word_1_910' title='bbox 2384 5718 2493 5827; x_wconf 60' lang='grc' dir='ltr'>ἷῖξῖ</span> <span class='ocrx_word' id='word_1_911' title='bbox 2540 5770 2774 5845; x_wconf 68' lang='lat' dir='ltr'><strong>Regius,</strong></span> <span class='ocrx_word' id='word_1_912' title='bbox 2832 5773 3007 5843; x_wconf 75' lang='lat' dir='ltr'><strong>factor</strong></span> <span class='ocrx_word' id='word_1_913' title='bbox 3046 5772 3487 5830; x_wconf 73' lang='lat' dir='ltr'><strong>Christianorum.</strong></span> <span class='ocrx_word' id='word_1_914' title='bbox 3537 5749 3705 5817; x_wconf 61' lang='lat' dir='ltr'><strong>ueteri</strong></span> 
     </span>
    </p>
   </div>
   <div class='ocr_carea' id='block_1_121' title="bbox 2179 5844 2928 5901">
    <p class='ocr_par' dir='ltr' id='par_1_121' title="bbox 2179 5844 2928 5901">
     <span class='ocr_line' id='line_1_124' title="bbox 2179 5844 2928 5901; baseline 0 -3"><span class='ocrx_word' id='word_1_915' title='bbox 2179 5857 2309 5899; x_wconf 86' lang='lat' dir='ltr'><strong>mss.</strong></span> <span class='ocrx_word' id='word_1_916' title='bbox 2340 5853 2394 5901; x_wconf 87' lang='lat' dir='ltr'><strong>et</strong></span> <span class='ocrx_word' id='word_1_917' title='bbox 2424 5844 2554 5901; x_wconf 86' lang='lat' dir='ltr'><strong>editi</strong></span> <span class='ocrx_word' id='word_1_918' title='bbox 2584 5854 2641 5901; x_wconf 90' lang='lat' dir='ltr'><strong>ut</strong></span> <span class='ocrx_word' id='word_1_919' title='bbox 2676 5844 2729 5901; x_wconf 90' lang='lat' dir='ltr'><strong>in</strong></span> <span class='ocrx_word' id='word_1_920' title='bbox 2761 5853 2928 5901; x_wconf 79' lang='lat' dir='ltr'><strong>textu.</strong></span> 
     </span>
    </p>
   </div>
  </div>
