3866 6542
183 418 293 478 ω

1402 426 1745 484 APOLOGIA
1782 430 1918 489 PRO
1961 432 2282 495 ORIGENE.

3350 449 3457 509 590

182 546 271 593 tos
301 537 416 610 (Η)
446 538 580 594 facit
608 539 861 596 christos.
906 540 1275 597 Adhibcamus
1316 550 1493 599 tamen
1539 554 1593 601 et
1623 546 1765 601 aliud
1798 556 1843 612 Α
1875 551 1926 606 in
1952 552 2058 610 line
2079 557 2295 625 quidem
2314 559 2636 617 saeculorum
2654 562 2815 618 homo
2830 560 3099 622 factusest
3119 564 3275 625 Jesus
3290 569 3457 629 Chri-

178 644 249 686 ex
275 631 453 701 primo
494 630 634 686 libro
678 633 744 687 de
781 632 1070 703 Evangelio
1103 635 1401 691 secundum
1431 636 1765 703 Matthaeum,

177 723 234 778 in
267 738 378 793 quo
412 724 515 778 hoc
546 723 706 777 modo
741 725 909 779 dicit:

251 814 545 872 ORIGENES.
575 816 686 887 (12)
729 836 749 869 ι
787 817 842 871 Si
876 818 1124 887 Christus
1144 818 1322 887 Iesus,
1352 839 1471 877 cum
1504 828 1558 877 in
1595 826 1768 895 forma

171 918 310 965 esset
346 909 466 973 Dei,
503 925 604 963 non
640 912 883 979 rapinam
921 912 1212 967 arbitratus
1250 922 1326 968 est
1370 932 1481 970 esse
1513 933 1567 969 se
1593 934 1767 985 (equa-

171 1000 278 1055 lem
317 1000 461 1064 Deo,
508 1000 599 1054 sed
643 1001 978 1069 semetipsum
1021 1004 1313 1059 exinanivit
1360 1006 1588 1075 formam
1632 1011 1764 1064 servi

170 1091 463 1159 accipiens,
504 1100 554 1144 et
588 1090 642 1144 in
683 1092 1089 1147 similitudinem
1118 1095 1391 1150 hominum
1424 1097 1634 1166 factus,
1669 1101 1764 1155 ha-

170 1179 289 1232 bitu
323 1188 562 1247 repertus
595 1190 653 1233 ut
679 1181 832 1234 homo
865 1192 961 1245 est,
998 1182 1284 1241 humilians
1312 1189 1560 1257 seipsum,
1591 1192 1765 1259 [actus

168 1271 423 1325 obediens
451 1287 613 1339 usque
640 1274 708 1324 ad
742 1282 983 1338 mortem,
1026 1286 1245 1331 mortem
1286 1289 1461 1334 autem
1503 1283 1672 1336 crucis
1693 1283 1762 1350 ³⁸,

168 1358 399 1414 dubium
437 1375 544 1414 non
584 1368 667 1415 est
703 1361 848 1431 quod
892 1364 1152 1421 nativitas
1196 1367 1312 1437 ejus
1352 1385 1458 1425 non
1500 1382 1586 1426 est
1618 1374 1760 1439 talis,

168 1462 233 1507 ut
275 1452 437 1521 quasi
479 1452 570 1522 qui
610 1462 737 1508 ante
782 1469 885 1509 non
924 1453 1110 1522 fuerit,
1160 1472 1281 1514 esse
1322 1464 1573 1531 coeperit,
1621 1464 1765 1520 sicut

166 1543 241 1599 de
295 1544 587 1599 nativitate
650 1545 932 1601 hominum
988 1557 1210 1618 putatur
1260 1570 1273 1605 :
1322 1554 1415 1607 sed
1467 1553 1559 1623 qui
1612 1556 1764 1624 prius

158 1642 316 1697 erat,
343 1642 399 1688 et
426 1643 548 1687 erat
577 1633 629 1687 in
659 1633 835 1688 forma
872 1636 985 1700 Dei,
1018 1636 1131 1708 (ίῦ)
1162 1637 1311 1692 venit
1336 1639 1500 1693 etiam
1530 1639 1759 1695 formam

164 1724 316 1778 servi
353 1726 648 1794 suscipere.
703 1726 945 1797 Denique
976 1730 1116 1796 quod
1156 1740 1338 1784 natum
1377 1741 1452 1785 est
1482 1747 1547 1785 ea:
1583 1748 1761 1797 carne,

164 1832 296 1869 caro
326 1828 402 1871 est
422 1818 493 1882 θ’,
541 1818 736 1887 inquit.
787 1818 942 1884 Quod
981 1830 1164 1875 natum
1198 1832 1295 1888 est,
1335 1823 1387 1877 id
1433 1833 1552 1887 est,
1595 1840 1662 1880 ex
1696 1840 1759 1880 ea

1873 651 1988 698 stus
2014 662 2028 698 :
2058 646 2150 699 sed
2180 658 2305 703 ante
2336 650 2480 706 hunc
2502 652 2848 709 manifestum
2877 653 2930 707 in
2961 671 3127 712 carne
3160 661 3451 721 adventum

1871 734 2140 790 mediator
2188 739 2405 808 quidem
2442 752 2562 796 erat
2593 742 2705 817 (15)
2742 745 3055 815 hominum,
3087 753 3182 807 sed
3214 756 3455 813 nondum

1870 832 1991 878 erat
2015 826 2196 881 homo.
2227 828 2356 884 Erat
2385 838 2567 886 tamen
2608 842 2663 887 et
2688 842 2817 890 tunc
2860 841 3118 896 mediator
3139 843 3237 899 Dei
3270 858 3317 901 et
3352 848 3453 903 ho.

1868 917 2112 973 minam:
2149 920 2290 976 unde
2318 930 2373 977 et
2416 924 2540 978 data
2584 925 2669 981 lex
2714 944 2812 998 per
2858 934 3101 1004 angelos,
3133 937 3253 993 sine
3284 940 3457 1009 ipsius

1869 1011 2189 1068 mediatoris
2222 1015 2470 1070 manibus
2497 1018 2623 1071 data
2654 1034 2775 1077 esse
2822 1039 2926 1078 non
2955 1026 3175 1093 dicitur,
3218 1038 3457 1088 utesset

1867 1097 1953 1153 lex
1999 1111 2207 1169 sancta,
2265 1115 2313 1158 et
2364 1108 2675 1162 mandatum
2723 1123 2988 1179 sanctum,
3019 1128 3067 1170 et
3111 1119 3343 1190 justum,
3401 1129 3454 1177 et

1868 1192 2061 1246 bonum
2093 1194 2151 1259 ⁵,
2198 1204 2254 1250 et
2301 1198 2484 1252 omnia
2527 1199 2641 1256 haec
2683 1204 3163 1262 sanctiﬁcarentur
3206 1224 3237 1264 a
3291 1211 3454 1267 Chri-

1867 1290 1972 1336 sto.
2013 1302 2033 1336 ι

1939 1374 2269 1435 ΡΑιιριιιιιιε.
2314 1380 2572 1439 Suilicere
2618 1386 2817 1456 opinor
2866 1391 3031 1445 etiam
3066 1391 3182 1463 (l6)
3230 1393 3300 1450 de
3346 1396 3451 1451 hoc

1868 1465 2039 1523 tribus
2073 1472 2401 1529 testimoniis
2444 1475 2781 1533 confutatam
2822 1495 2943 1536 esse
2978 1484 3335 1544 calumniam.
3390 1487 3453 1544 Si

1865 1559 1988 1627 quis
2020 1575 2153 1616 sane
2198 1563 2489 1622 oﬂ’enditur
2517 1571 2661 1638 quod
2706 1571 2844 1625 dixit
2891 1575 3231 1633 Salvatorem
3282 1580 3450 1635 etiam

1865 1654 2101 1711 animam
2134 1660 2478 1729 suscepisse:
2513 1664 2646 1719 nihil
2691 1666 2757 1723 de
2802 1668 2903 1723 hoc
2948 1671 3178 1740 amplius
3223 1689 3451 1743 respon-

1864 1746 2096 1802 dendum
2127 1760 2275 1819 puto,
2305 1752 2405 1806 nisi
2435 1757 2575 1823 quod
2606 1757 2763 1827 hujus
2796 1763 3079 1816 sententiae
3129 1779 3235 1819 non
3264 1765 3448 1837 Origec

1865 1853 1963 1893 nes
1996 1850 2193 1896 auctor
2221 1854 2324 1907 est,
2357 1846 2450 1899 sed
2496 1846 2610 1916 ipsa
2647 1862 2838 1905 sancta
2870 1852 3149 1920 Scriptura
3192 1864 3445 1922 testatur,

3466 702 3507 761 δ’

163 1923 292 1978 qua
330 1907 471 1963 dixit
502 1929 516 1964 :
557 1909 691 1965 Ecce
727 1912 925 1965 ancilla
964 1911 1212 1982 Domini,
1265 1916 1362 1983 ﬁat
1398 1917 1531 1970 mihi
1569 1934 1754 1971 secun-

1867 1928 1981 1997 ipso
2010 1930 2239 1987 Domino
2268 1943 2323 1987 et
2353 1933 2637 1993 Salvatore
2661 1939 2876 1996 dicente
2903 1960 2916 1995 :
2953 1907 3123 1996 Nemo
3157 1944 3300 1998 tollet
3330 1907 3449 2001 ani:

162 1999 297 2052 dum
336 2001 540 2053 verbum
587 2010 737 2054 tuum
765 2002 781 2032 ¹
823 2018 840 2057 :
886 2002 1002 2058 huic
1044 2011 1130 2059 est
1180 2004 1359 2060 forma
1411 2007 1581 2073 servi,
1634 2024 1757 2079 quae

162 2091 365 2160 utique
399 2108 532 2147 caro
563 2102 665 2148 est.
693 2111 712 2145 ι
811 2143 814 2147 ,

238 2180 569 2238 Psurmws.
605 2183 672 2238 Et
704 2185 758 2239 in
793 2185 952 2240 tertio
982 2185 1120 2242 libro
1162 2186 1419 2257 Epistolze
1453 2192 1523 2247 ad
1573 2191 1760 2249 Colos-

161 2292 362 2335 senses
389 2279 456 2333 de
480 2278 687 2333 eisdem
720 2278 793 2334 ita
831 2279 1043 2337 scribit.

236 2370 534 2428 Onrcsues.
571 2370 617 2442 (l
630 2371 682 2441 l)
710 2389 729 2423 ι
754 2371 886 2427 Data
901 2382 977 2427 est
998 2382 1179 2428 autem
1194 2372 1277 2429 lex
1296 2375 1464 2447 Moysi
1483 2392 1579 2447 per
1592 2395 1760 2450 ange-

157 2464 246 2520 los
272 2465 330 2520 in
360 2479 521 2518 mauu
554 2474 610 2520 et
640 2464 842 2521 virtute
866 2465 1177 2523 Mediatoris
1204 2469 1474 2535 Christi’,
1506 2474 1596 2542 qui
1631 2487 1756 2527 cum

156 2569 310 2614 esset
341 2558 394 2612 in
429 2558 697 2628 principio
725 2559 962 2614 Verbum
990 2561 1107 2627 Dei,
1133 2571 1189 2616 et
1213 2563 1352 2633 apud
1390 2564 1558 2618 Deum
1588 2575 1756 2631 esset,

154 2662 215 2706 et
246 2652 392 2707 Deus
420 2660 566 2707 esset
602 2651 838 2707 Verbum
890 2652 1037 2708 Patri
1074 2655 1126 2708 in
1179 2656 1434 2711 omnibus
1479 2658 1755 2713 ministra.

153 2742 259 2797 vit.
312 2740 510 2796 Omnia
566 2743 710 2798 enim
768 2759 861 2812 per
901 2744 1073 2813 ipsum
1129 2746 1275 2814 [acta
1308 2756 1431 2800 sunt
1483 2747 1527 2810 ³,
1587 2747 1641 2802 id
1670 2756 1755 2802 est

151 2848 269 2889 non
317 2835 495 2890 solum
542 2845 827 2904 creaturae,
877 2838 972 2892 scd
1024 2845 1080 2892 et
1124 2837 1211 2893 lex
1256 2849 1312 2894 et
1357 2840 1754 2910 prophetazzet

150 2924 275 2995 ipse
307 2935 395 2981 est
420 2925 682 2981 mediator
715 2926 811 2981 Dei
842 2937 889 2982 et
935 2928 1205 2984 hominum
1243 2932 1286 2987 ‘.
1322 2932 1477 2998 Quod
1512 2934 1749 2990 Verbum

1863 2037 2005 2075 mam
2054 2039 2220 2078 meam
2249 2042 2281 2079 a
2306 2042 2386 2079 me
2418 2028 2472 2093 ⁶;
2512 2038 2605 2083 et:
2638 2030 2825 2085 Tristis
2863 2041 2939 2086 est
2981 2035 3160 2087 anima
3201 2052 3313 2089 mea
3359 2053 3449 2092 us-

1862 2127 1961 2181 que
2018 2115 2085 2166 ad
2125 2117 2438 2181 mortem";
2487 2126 2579 2173 et:
2637 2118 2797 2175 Nunc
2842 2124 3024 2177 anima
3070 2139 3185 2177 mea
3236 2127 3449 2184 turbata

1863 2213 1937 2257 est
1972 2203 2022 2259 ⁸.,
2052 2204 2116 2258 Et
2173 2206 2341 2261 multa
2400 2209 2484 2264 his
2544 2211 2742 2267 similia
2785 2215 2841 2268 in
2894 2218 3100 2273 sanctis
3143 2219 3449 2289 Scripturis

1865 2310 2129 2351 anCDleS.

1934 2385 2193 2458 Superest
2225 2395 2556 2463 respondere
2591 2397 2657 2451 ad
2700 2397 2847 2453 illam
2889 2403 3293 2459 accusationem
3323 2418 3446 2475 qua

1866 2480 2235 2538 calumniatur
2262 2501 2385 2540 eum
2417 2502 2633 2542 omnem
2666 2488 3007 2562 Scripturam
3050 2496 3102 2549 in
3130 2497 3442 2567 allegoriam

1868 2582 2099 2627 vertere.
2141 2573 2219 2629 Ex
2264 2577 2394 2645 ipsis
2445 2578 2600 2635 libris
2652 2596 2790 2650 quos
2843 2584 2925 2639 vel
2979 2587 3218 2643 maxime
3255 2591 3443 2645 obtre-

1862 2671 2100 2719 ctatores
2139 2665 2256 2735 ejus
2298 2669 2566 2735 incusant,
2609 2670 2662 2726 id
2703 2684 2788 2728 est
2849 2675 2916 2729 de
2955 2689 3149 2746 quarto
3176 2679 3443 2749 Περὶάρ-

1859 2752 1984 2823 χῶν
2034 2756 2172 2812 libro
2233 2759 2575 2827 proferemus
2627 2763 2754 2833 quia
2811 2780 2920 2822 non
2986 2779 3147 2838 negat
3196 2785 3260 2825 ea
3323 2787 3443 2841 quae

1858 2847 1913 2900 in
1947 2846 2246 2919 Scripturis
2279 2852 2621 2923 referuntur,
2656 2858 2819 2914 etiam
2860 2864 3181 2919 secundum
3202 2865 3439 2921 litteram

1855 2951 2026 3010 gesta.

1616 3080 1849 3137 CAPUT
1884 3083 1974 3142 Vl.

1255 3188 1540 3230 RESPONSIO
1574 3191 1641 3230 AD
1674 3192 1886 3235 SEXTA!
1913 3197 2365 3241 CRIMINATIONEII.

588 3266 703 3339 (Π)
740 3268 893 3335 Quod
926 3287 987 3326 ea
1025 3287 1143 3341 qua:
1164 3271 1221 3325 in
1258 3270 1548 3341 Scripturis
1586 3274 1907 3344 referuntur,
1938 3281 2101 3334 etiam
2126 3282 2410 3335 secundum
2433 3280 2664 3335 litteram
2690 3291 2831 3352 gesta
2856 3281 2986 3339 sint.

216 3435 367 3508 (ιιι)
380 3437 672 3494 Οιιιειῖιιεε.
693 3435 807 3505 (18)
838 3453 857 3487 ι
879 3434 958 3491 Ne
991 3434 1112 3504 quis
1134 3446 1312 3490 autem
1335 3436 1639 3506 suspicetur
1658 3452 1759 3493 nos
1786 3435 1829 3492 ϐ

147 3529 260 3585 hoc
285 3530 494 3595 dicere,
519 3530 647 3600 quia
675 3528 874 3583 nullam
906 3527 1190 3583 historiam
1217 3527 1513 3599 Scriptura:
1543 3528 1744 3584 factam

145 3636 278 3677 esse
327 3621 667 3688 sentiamus,
699 3619 955 3689 quoniam
1007 3618 1186 3689 aliqua
1230 3634 1298 3674 ex
1352 3620 1438 3673 his
1485 3634 1594 3674 non
1628 3633 1749 3674 esse

144 3712 298 3768 facta
333 3713 720 3783 suspicamur:
755 3711 839 3767 vel
886 3711 1029 3766 nulla
1082 3720 1357 3782 praecepta
1389 3711 1527 3782 legis
1558 3727 1750 3767 secun-

145 3808 282 3861 dum
306 3805 549 3860 litteram
567 3805 799 3861 dicimus
825 3801 1108 3858 observari
1131 3817 1237 3858 non
1265 3816 1445 3872 posse,
1472 3802 1525 3856 in
1548 3802 1748 3872 quibus

144 3896 239 3952 vel
285 3896 473 3957 ratio,
525 3895 609 3951 vel
657 3895 735 3949 rei
781 3894 1118 3977 possibilitas
1168 3908 1275 3949 non
1328 3893 1612 3950 admittit:
1660 3894 1748 3949 vel

147 4002 216 4044 ea
250 3988 369 4059 (l9)
396 4003 517 4058 quae
547 3989 616 4045 de
654 3987 941 4044 Salvatore
969 3986 1172 4058 scripta
1202 3995 1358 4055 sunt,
1402 4001 1510 4043 non
1539 3987 1748 4059 (putare

1934 3436 2049 3490 Ἵνα
2094 3436 2150 3489 δὲ
2182 3438 2255 3507 μὴ
2286 3436 2533 3510 ὑπολάϐῃ
2567 3452 2651 3500 τις
2695 3438 2843 3509 ἡμᾶς
2883 3438 2977 3490 ἐπὶ
3000 3414 3241 3491 ἶτάντων
3285 3433 3444 3492 τοῦτο

1846 3527 2025 3597 λέγειν
2043 3569 2058 3593 ,
2092 3528 2172 3582 ὅτι
2201 3528 2426 3599 οὐδεμία
2454 3529 2668 3601 ἱστορία
2699 3528 2946 3597 γέγονεν,
2992 3528 3116 3581 ἐπεί
3143 3546 3226 3592 τις
3263 3529 3324 3582 οὑ
3349 3529 3444 3597 γέέ

1845 3638 1969 3691 γονε
1991 3637 2005 3651 ο
2036 3620 2131 3675 καὶ
2164 3619 2387 3692 οὐδεμία
2418 3618 2709 3691 νομοθεσία
2744 3620 2887 3675 κατὰ
2924 3619 2984 3673 τὸ
3010 3620 3174 3692 ῥητὸν
3198 3622 3443 3693 τηρητέα

1847 3710 2032 3777 ἐστὶν,
2077 3710 2199 3765 ὲπεί
2234 3729 2319 3774 τις
2363 3710 2507 3765 κατὰ
2547 3710 2646 3779 τὴν
2676 3709 2821 3775 λέξιν
2851 3710 3043 3778 ἄλογος
3081 3710 3366 3780 τυγχάνει,
3406 3710 3444 3783 ἢ

1844 3803 2203 3875 ἀδύνατος-ἢ
2244 3806 2325 3858 ὅτι
2365 3803 2434 3857 τὰ
2476 3804 2605 3875 περὶ
2639 3803 2732 3856 τοῦ
2778 3804 3031 3875 Σωτῆρος
3080 3805 3442 3875 γεγραμμένα

1846 3893 1989 3947 κατὰ
2028 3894 2088 3947 τὸ
2136 3893 2393 3965 αἰσθητὸν
2434 3894 2534 3947 οὐκ
2576 3893 2936 3965 ἀληθεύεται·
2974 3894 3008 3965 ἢ
3050 3896 3132 3949 ὅτι
3171 3896 3440 3968 μηδεμίαν

1854 3984 2175 4056 νομοθεσίαν
2215 3985 2381 4038 αὑτοῦ
2424 3987 2517 4039 καὶ
2570 3985 2788 4056 ἐντολὴν
2829 3985 3131 4053 φυλακτέον
3154 4000 3172 4018 ο
3218 3986 3438 4040 λεκτέον

1404 4125 1964 4186 INTERPBETATIO
1998 4127 2043 4182 Ν
2049 4126 2183 4184 OVA
2195 4168 2208 4182 .

222 4225 308 4282 Ne
337 4225 464 4295 quis
492 4240 620 4297 vero
651 4240 746 4297 nos
769 4226 1075 4297 suSpicetur
1101 4227 1156 4282 in
1185 4227 1438 4284 omnibus
1477 4227 1529 4281 id
1560 4224 1994 4297 dicere,'nullam
2023 4224 2312 4297 historiam
2341 4224 2933 4297 contigisse,gqunniam
2961 4223 3138 4294 aliqua
3167 4240 3275 4280 non
3305 4240 3438 4281 con-

146 4298 314 4370 tigit;
348 4294 405 4370 e_t_
434 4296 635 4370 nullam
672 4296 845 4370 legem
867 4294 952 4370 'ad
1000 4297 1253 4370 litteram;
1271 4312 1390 4370 esse
1436 4296 1781 4370 servandam,
1817 4296 2074 4365 quoniam
2121 4294 2630 4370 aliquasecundum
2660 4294 2895 4350 litteram
2925 4306 3019 4351 aut,
3053 4297 3311 4360 absurda,
3343 4307 3439 4349 aut

144 4365 519 4434 impossibilia
551 4365 825 4436 praecipit;
860 4366 943 4421 vel
979 4383 1099 4437 quae
1132 4370 1198 4421 de
1231 4367 1511 4422 Salvatore
1544 4368 1743 4433 scripta
1777 4376 1927 4425 sunt.
1960 4365 2586 4437 secundutnlitteralem
2616 4380 2833 4421 sensum
2864 4381 2967 4419 non
2997 4380 3115 4421 esse
3145 4381 3271 4420 vera
3298 4384 3312 4428 ;
3343 4377 3440 4420 aut

142 4439 366 4494 nullam
409 4438 579 4504 ipsius
609 4435 779 4505 legem
811 4446 867 4491 et
911 4435 1241 4506 praeceptum
1273 4437 1479 4492 servari
1525 4447 1797 4506 oportere,
1826 4437 2063 4489 dicimus
2094 4435 2386 4489 manifeste
2421 4436 2475 4491 in
2509 4436 2835 4505 quibusdam
2881 4436 3121 4490 historiae
3151 4437 3439 4490 veritatem

142 4509 316 4563 nobis
346 4521 632 4575 apparere,
668 4504 816 4562 verbi
851 4504 1057 4578 gratia,
1091 4504 1364 4563 Abraham
1391 4549 1405 4568 ,
1437 4504 1586 4578 Isaac
1615 4516 1671 4578 et
1701 4504 1872 4578 Jacob
1904 4520 2026 4578 cum
2062 4520 2165 4558 una
2192 4520 2290 4559 sua
2325 4504 2771 4578 unumquemque
2798 4520 2968 4578 uxore
2999 4508 3050 4559 in
3079 4506 3277 4575 duplici
3310 4522 3435 4578 spe-

142 4578 317 4634 lunca
350 4578 596 4647 sepultos
635 4592 755 4633 esse
800 4576 873 4631 in'
904 4576 1120 4633 Hebron
1158 4596 1173 4646 ;

1228 4578 1445 4633 Sichem
1481 4576 1719 4647 Josepho
1750 4577 1803 4630 in
1849 4576 2153 4646 portionem
2185 4589 2306 4631 esse
2346 4574 2666 4631 attributam
2696 4593 2710 4641 ;
2745 4574 3050 4631 Jerusalem
3088 4574 3433 4646 metropolim

200 4716 257 4749 ”
281 4715 486 4785 Philip.
521 4731 583 4780 ιι,
620 4715 743 4771 6-8.
819 4718 865 4750 ⁸³
895 4716 1051 4773 Joan.
1082 4717 1233 4780 111,6.
1311 4718 1328 4748 ¹
1361 4717 1493 4771 Luc.
1524 4733 1561 4781 1,
1594 4715 1684 4771 58.

1867 4716 1986 4771 alat.
2022 4733 2105 4783 111,
2142 4716 2228 4772 l9.
2304 4717 2323 4746 ³
2348 4715 2503 4773 Joan.
2536 4733 2577 4781 1,
2608 4717 2662 4771 5.
2741 4715 2763 4747 ⁸
2786 4716 2807 4769 l
2831 4716 2971 4771 Tim.
3009 4733 3076 4783 ιι,
3104 4716 3160 4771 5.
3230 4716 3252 4748 ⁸
3276 4715 3433 4772 Rom.

143 4802 251 4853 vn,
287 4786 382 4842 12.
434 4784 657 4841 "Joan.
696 4804 727 4841 ι
751 4829 766 4855 ,
816 4786 903 4842 18.
980 4790 1001 4819 ⁷
1029 4787 1219 4843 Matth.
1252 4804 1399 4851 xxv1,
1429 4787 1519 4841 58.
1596 4787 1617 4817 ⁸
1641 4785 1754 4842 Joat

1872 4803 1932 4852 ll,
1961 4784 2053 4844 27.

223 4926 343 4995 (ll)
382 4924 475 4979 Sic
504 4940 637 4981 mss.
672 4925 812 4979 Editi
846 4942 996 4990 vero,
1037 4927 1227 4995 faciat.

222 4995 343 5065 (12)
381 4995 458 5047 Ex
484 4995 578 5048 lib.
614 4997 711 5049 lin
740 4996 1077 5050 Matthwum.

217 5067 343 5139 (15)
381 5066 529 5119 Alias
577 5067 712 5120 venit
761 5067 919 5119 etiam
970 5077 1027 5120 ut
1064 5067 1291 5136 formam
1336 5067 1467 5120 servi
1510 5066 1743 5133 suscipe-

209 5206 352 5279 ’τίῆ
381 5206 460 5279 βπ
500 5205 593 5262 lib.
624 5223 683 5261 ιιι
716 5207 771 5261 in
804 5204 973 5274 Epist.
1007 5208 1075 5260 ad
1106 5206 1460 5279 Colossenses.

224 5274 349 5348 (15)
379 5276 507 5332 Mss.
541 5279 748 5348 nostri,
778 5280 1044 5330 omnium:
1080 5279 1172 5331 sed
1209 5276 1509 5348 legendum
1529 5274 1744 5348 videtur

143 5345 277 5404 cum
307 5345 498 5412 editis,
528 5346 820 5401 hominum.
850 5348 1053 5402 Deinde
1084 5348 1210 5402 editi
1246 5357 1301 5400 et
1343 5362 1443 5400 ms.
1478 5345 1745 5400 Sorlioni-

143 5435 270 5485 cus,
315 5421 373 5470 in
409 5418 574 5487 ipsius
604 5417 907 5471 mediatoris
934 5417 1177 5471 manibus
1204 5419 1336 5471 data
1374 5432 1485 5472 esse
1524 5417 1740 5468 dicitur.

142 5488 354 5543 Caneri
384 5504 515 5541 vero
545 5503 677 5541 mss.
704 5496 761 5541 ιιι
791 5487 843 5540 in
880 5497 1050 5542 textu.

223 5558 347 5628 (l6)
379 5556 520 5611 Editi
544 5597 558 5622 ,
587 5558 652 5610 de
682 5558 762 5611 his
792 5558 989 5624 rebus;
1033 5558 1127 5613 sed
1155 5571 1344 5614 omnes
1376 5570 1530 5621 mss.,
1561 5556 1625 5609 de
1647 5556 1743 5608 hoc

144 5631 344 5681 tribus.

220 5701 340 5770 (Π)
375 5698 531 5770 Quod
562 5714 624 5752 ea
654 5714 772 5768 qua:
807 5700 862 5752 in
897 5698 1186 5770 Scripturis
1217 5698 1539 5770 referuntur.
1582 5696 1744 5749 etiam

141 5769 444 5824 secundum
466 5769 701 5821 litteram
729 5779 877 5836 gesta
898 5772 1024 5823 sint.
1053 5769 1153 5824 Hic
1190 5770 1376 5823 titulus
1406 5781 1503 5821 nec
1527 5769 1578 5820 in
1607 5781 1739 5821 mss.

147 5853 254 5893 nec
287 5840 341 5893 in
371 5839 540 5893 editis
573 5841 864 5907 reperitur,
894 5842 989 5897 sed
1036 5841 1343 5897 addidimus
1390 5853 1421 5895 e
1461 5848 1649 5894 nostro
1676 5836 1742 5891 ad

147 5908 442 5966 meliorem
472 5908 727 5965 formam.

1776 4929 1823 4984 D
1925 4924 2287 4997 (l7‘)_llulini
2332 4926 2732 4996 interpretatio.

1924 4992 2154 5067 (18)'Ne
2195 4999 2310 5066 quis
2356 4992 2532 5049 autem
2573 4997 2868 5066 suspicetur
2921 5010 3051 5067 nos,
3101 5002 3205 5067 etc.
3243 4992 3435 5067 Graeca

1850 5064 2151 5137 httjus’loci
2181 5064 2346 5121 verba
2374 5064 2806 5137 desumpta'sunt
2833 5078 2862 5117 e
2885 5065 3063 5137 capite
3090 5064 3265 5137 primo
3298 5064 3434 5137 Phi:

1853 5133 2077 5190 loc'alice.
2109 5134 2243 5190 Vide
2274 5133 2653 5190 Praefationem
2681 5144 2879 5190 nostrre
2914 5133 3169 5188 editionis
3209 5143 3353 5187 tomo
3386 5134 3435 5185 ll

1850 5207 2149 5275 prtellxam.
2181 5206 2409 5261 articulo
2431 5208 2485 5270 4,
2506 5217 2639 5261 sect.
2678 5206 2731 5270 7,
2756 5214 2811 5258 et
2836 5202 3211 5274 Origenianor.
3247 5203 3340 5258 lib.
3366 5219 3433 5268 ιι,

1854 5286 2046 5347 quaest.
2082 5277 2171 5339 l5,
2204 5292 2349 5331 num.
2382 5276 2439 5329 4.

1923 5345 2265 5418 (l9)70mnes
2312 5360 2444 5418 mss.
2475 5344 2692 5418 nostri,
2724 5360 2902 5418 quieo
2932 5344 3213 5418 Saluatore
3235 5344 3434 5418 scripta

1851 5414 1992 5473 sunt.
2016 5414 2215 5473 Plures
2237 5417 2451 5471 codices
2488 5414 2663 5471 Graeci
2712 5414 2964 5468 similiter
3003 5414 3201 5485 habent
3239 5414 3429 5485 παρά·

1852 5488 1945 5542 sed
1983 5488 2182 5557 rectius
2212 5502 2371 5549 unus,
2402 5486 2554 5557 περί,
2582 5495 2634 5539 et
2675 5485 2806 5539 editi
2856 5499 2920 5540 ac
2955 5484 3078 5557 libri
3125 5484 3203 5538 De
3236 5484 3436 5557 princi-

1851 5558 1979 5628 piis,
2008 5558 2072 5610 de
2100 5556 2393 5612 Saluatore.
2416 5554 2582 5610 Paulo
2611 5564 2753 5628 post_
2768 5569 2901 5628 mss.
2930 5554 3177 5623 plerique
3199 5565 3254 5628 et
3276 5555 3434 5628 editi,

1853 5626 2290 5694 Respondendum
2319 5636 2393 5680 est
2418 5642 2562 5695 ergo,
2584 5637 2688 5680 etc.
2723 5626 2829 5679 Sed
2855 5641 2956 5678 vox
2980 5641 3100 5692 ergo
3128 5626 3435 5695 redundare

1851 5698 2086 5761 videtur,
2119 5709 2175 5753 et
2221 5708 2365 5752 recte
2391 5694 2663 5751 omittitur
2694 5696 2747 5748 in
2783 5711 2886 5750 ms.
2920 5696 3106 5765 Regio.
3139 5694 3259 5750 Mox
3310 5695 3436 5750 libri

1852 5766 1929 5821 De
1955 5767 2230 5837 principiis
2254 5809 2269 5828 .
2302 5769 2500 5822 servari
2526 5776 2575 5821 et
2614 5782 2764 5835 posse
2787 5776 2837 5819 et
2873 5776 3108 5833 apartere
3133 5782 3152 5829 ;
3189 5766 3285 5820 sed
3314 5770 3439 5818 om-’

1852 5852 1951 5891 nes
2010 5838 2166 5909 hujus
2216 5839 2485 5911 Apologia:
2516 5853 2684 5915 ‘mss.
2732 5846 2788 5894 et
2855 5837 2987 5893 editi
3033 5844 3093 5892 ut
3135 5837 3193 5893 in
3241 5844 3433 5893 nostro

1853 5916 2024 5963 textu.
