3878 6562
438 447 556 508 ’391

1661 437 1718 494 S.
1755 434 2086 493 PAMPHILI
2125 428 2487 492 MARTYRIS

3635 436 3737 492 592

457 570 620 625 etiam
647 563 977 623 sensibiliter
1011 561 1254 632 impleta,
1282 561 1368 615 vel
1406 571 1674 630 praecepta
1704 561 1823 627 ejus
1855 575 2039 616 secun-

2148 559 2230 612 ὅτι
2259 556 2447 626 σαφῶς
2480 555 2612 627 ἡμῖν
2645 555 3001 629 παρίσταται,
3035 554 3160 629 περί
3188 571 3350 610 τινων
3377 555 3441 608 τὸ
3466 553 3573 624 τῆς
3599 555 3740 608 ἱστο-

457 660 585 721 dum
620 658 852 712 litteram
885 670 989 710 non
1014 654 1212 708 debere
1232 652 1461 707 servari:
1496 652 1931 718 respondendum
1958 660 2043 706 est

457 749 714 818 quoniam
742 761 771 799 a
805 745 960 800 nobis
995 745 1280 800 evidenter
1311 743 1626 799 decernitur
1657 743 1708 797 in
1751 743 2041 814 quamplu-

458 839 613 893 rimis
662 836 866 892 servari
919 845 1172 907 oportere
1237 835 1484 890 historia:
1530 834 1841 890 veritatem.
1909 835 2042 902 Quis

458 929 602 984 enim
636 943 838 999 negare
877 929 1052 997 possit
1095 927 1239 994 quod
1275 926 1548 982 Abraham
1599 927 1651 980 in
1686 925 1887 995 duplici
1917 939 2042 996 spe-

456 1018 620 1074 lunca'
650 1018 894 1088 sepultus
921 1028 1005 1073 est
1038 1020 1090 1073 in
1119 1019 1322 1081 Ebron,
1353 1018 1448 1073 sed
1477 1027 1530 1073 et
1559 1016 1730 1081 Isaac,
1765 1026 1820 1071 et
1850 1015 2039 1080 Jacob,

456 1118 514 1171 et
563 1110 790 1181 singula:
843 1124 1032 1165 eorum
1066 1111 1309 1165 uxores?
1342 1110 1439 1165 Vel
1475 1111 1599 1178 quis
1645 1110 1854 1162 duhitet
1898 1108 2040 1177 quod

458 1202 700 1259 Siehima
745 1203 799 1258 in
847 1203 1148 1272 portionem
1186 1204 1311 1257 data
1356 1210 1439 1258 est
1483 1202 1684 1271 Ioseph
1709 1203 1732 1254 ’ὲ
1761 1201 1858 1257 Vel
1899 1199 2042 1269 quod

456 1295 758 1353 Jerusalem
795 1299 1110 1365 metropolis
1150 1305 1234 1353 est
1268 1295 1498 1359 iudicas,
1547 1294 1660 1367 (20)
1701 1295 1887 1364 inqua
1917 1309 2042 1348 con-

459 1395 722 1443 structum
768 1397 854 1442 est
907 1387 1163 1456 templum
1220 1388 1312 1442 Dei
1363 1402 1392 1442 a
1444 1385 1782 1441 Salomone?
1824 1394 1878 1441 et
1934 1385 2039 1440 alia

456 1481 897 1537 innumerabilia.
922 1479 1091 1534 Multo
1115 1480 1258 1535 enim
1282 1479 1433 1551 plura
1459 1488 1585 1536 sunt
1607 1495 1727 1549 quae
1745 1478 2039 1534 secundum

457 1573 744 1629 historiam
777 1589 906 1630 vera
940 1581 1064 1628 sunt
1087 1613 1103 1640 ,
1137 1588 1300 1643 quam
1329 1588 1392 1628 ea
1428 1587 1546 1643 qua:
1587 1573 1790 1626 nudum
1821 1586 2039 1627 sensum

458 1668 739 1722 continent
788 1666 1112 1736 spiritalem.
1163 1664 1276 1738 (Ἡ)
1335 1663 1473 1719 Tum
1521 1665 1714 1718 deinde
1760 1664 1884 1734 quis
1934 1680 2039 1720 non

458 1758 688 1815 aliirmet
716 1760 1029 1815 mandatum
1059 1758 1164 1813 hoc
1189 1772 1296 1828 quo
1327 1757 1670 1828 praecipitur:
1702 1757 1921 1811 Honora
1945 1775 2042 1826 pa-

459 1861 592 1906 trem
623 1863 776 1907 tuum
815 1861 861 1906 et
907 1862 1128 1905 matrem
1171 1860 1337 1916 tuam,
1382 1862 1438 1905 ut
1467 1851 1590 1905 bene
1634 1851 1702 1904 sit
1738 1851 1833 1904 tibi
1853 1851 1895 1913 ’,
1921 1850 2040 1905 sine

2147 651 2268 721 ρίας
2295 645 2435 702 εἶναι
2462 648 2677 719 ἀληθὲς,
2711 649 2787 713 ὡς
2816 651 2900 703 ὅτι
2935 646 3192 719 Ἀϐραὰμ
3220 649 3276 701 ὲν
3299 646 3378 717 τῷ
3399 645 3578 716 διπλῷ
3609 661 3740 714 σπη-

2145 742 2281 812 λαίῳ
2306 741 2479 812 ἐτάφη
2509 742 2566 794 ὲν
2594 741 2856 813 Χεϐρὼμ,
2892 740 2990 795 καὶ
3026 739 3232 804 Ἰσαὰκ,
3263 740 3359 793 καὶ
3392 738 3610 802 Ἰακὼ6,
3646 737 3741 791 καὶ

2145 834 2378 888 ἑκάστου
2410 832 2614 886 τούτων
2642 833 2740 905 μία
2769 833 2906 905 γυνή
2933 851 2946 863 ·
2981 834 3078 887 καὶ
3106 833 3190 886 ὃτι
3223 834 3442 903 Σίκημα
3475 831 3639 903 μερὶς
3659 829 3754 922 δέ·ι

2143 925 2393 996 δοταιτῷ
2441 926 2674 996 Ἰωσὴφ,
2716 927 2812 979 καὶ
2855 923 3210 995 Ἰερουσαλὴμ
3259 922 3597 996 μητρόπολίς
3628 922 3744 974 ἐστι

2144 1019 2244 1088 τῆς
2291 1015 2571 1080 Ἰουδαίας,
2603 1016 2659 1069 ἐν
2755 1015 3072 1087 ᾠκοδόμητο
3102 1013 3208 1067 ὑπὸ
3243 1013 3596 1084 Σολομῶντος
3619 1009 3746 1073 ναὸς

2145 1107 2280 1162 Θεοῦ
2307 1125 2320 1138 ο
2351 1109 2446 1162 καὶ
2493 1107 2630 1163 ἄλλα
2671 1107 2860 1179 μυρία.
2899 1105 3090 1177 Πολλῷ
3123 1106 3232 1178 γὰρ
3267 1104 3493 1159 πλείονα
3523 1104 3642 1157 ἐστι
3676 1102 3746 1155 τὰ

2144 1200 2286 1257 κατὰ
2315 1200 2413 1272 τὴν
2445 1200 2687 1272 ἱστορίαν
2715 1199 3092 1273 ἁληθευόμενα
3118 1198 3229 1253 τῶν
3247 1193 3747 1270 προσυφανθὲντων

2145 1292 2368 1365 γυμνῶν
2403 1293 2812 1364 πνευματικῶν.
2848 1292 3018 1346 Πάλιν
3051 1310 3111 1346 τε
3145 1287 3214 1346 αὖ
3256 1291 3340 1354 τίς
3365 1290 3467 1343 οὐκ
3502 1289 3572 1342 ἂν
3604 1288 3747 1339 εἴποι

2144 1384 2241 1456 τὴν
2271 1384 2541 1454 λέγουσαν
2592 1385 2832 1455 ἐντολὴν,
2872 1385 3015 1453 Τίμα
3055 1382 3162 1437 τὸν
3203 1380 3451 1450 πατέρα,
3487 1377 3590 1432 καὶ
3630 1377 3746 1446 τὴν

2138 1478 2386 1548 μητέρα,
2405 1479 2508 1534 ἵνα
2525 1473 2596 1534 εὖ
2619 1493 2717 1533 σοι
2747 1477 3012 1548 γένηται,
3037 1478 3207 1548 χωρὶς
3236 1475 3419 1545 πάσης
3442 1470 3746 1541 ἀναγωγῆς

2144 1575 2424 1647 χρησίμην
2450 1575 2737 1647 τυγχάνειν
2770 1573 2863 1627 καὶ
2906 1573 3179 1645 τηρητέαν
3217 1589 3304 1641 γε,
3348 1570 3447 1624 καὶ
3477 1567 3577 1623 τοῦ
3609 1569 3750 1621 ἀπο-

2147 1669 2332 1722 στόλου
2360 1669 2573 1723 Παύλου
2596 1668 2942 1741 χρησαμένου
2966 1666 3138 1740 ταύτῃ
3161 1665 3472 1729 αὐτολεξεί;
3497 1665 3565 1717 Τί
3592 1664 3650 1717 δὲ
3669 1662 3752 1716 δεῖ

2144 1759 2325 1828 λέγειν
2361 1761 2632 1834 περὶτοῦ,
2665 1762 2747 1814 Οὺ
2788 1760 3150 1830 μοιχεύσεις,
3182 1760 3254 1812 οὐ
3287 1759 3638 1828 φονεύσεις,
3673 1756 3749 1809 οὐ

2147 1852 2415 1922 κλέψεις,
2450 1856 2521 1908 ού
2549 1851 3176 1924 ψευδομαρτυρήσεις
3204 1851 3315 1905 Καὶ
3359 1849 3526 1904 πάλιν
3571 1850 3630 1901 ὲν
3671 1847 3751 1920 τῷ

458 1926 567 1998 ulla
616 1943 844 2013 spiritali
898 1944 1350 2012 interpretatione
1383 1942 1628 1997 suﬁicere
1658 1984 1673 2005 ,
1706 1952 1760 1997 et
1790 1955 1912 1997 esse
1943 1943 2039 1996 ob-

2147 1946 2461 2017 Εὑαγγελίῳ
2489 1945 2699 2000 ὲντολαί
2733 1946 2840 1999 εἰσι
2863 1944 3265 2015 γεγραμμέναι,
3291 1943 3353 1996 οὐ
3387 1939 3748 2012 ζητούμεναι,

458 2036 803 2091 servantibus
835 2033 1507 2090 necessariumhnaxime
1561 2049 1684 2088 cum
1732 2043 1786 2088 et
1836 2033 2037 2088 Paulus

459 2127 662 2182 eisdem
695 2128 876 2183 verbis
907 2139 1160 2196 repetens
1185 2127 1227 2158 ¹⁰
1256 2125 1659 2182 conﬁrmaverit
1679 2127 1852 2196 ipsum
1881 2141 2040 2180 man-

458 2218 665 2272 datum.
697 2218 836 2284 Quid
859 2234 991 2274 vero
1022 2227 1235 2288 oportet
1261 2217 1443 2272 dicere
1474 2218 1540 2272 de
1570 2229 1634 2271 eo
1661 2220 1804 2286 quod
1834 2217 2039 2272 dictum

458 2318 576 2364 est:
607 2309 728 2364 Non
758 2310 1102 2371 adulterabis,
1123 2325 1225 2362 non
1249 2307 1472 2370 occides,
1497 2325 1599 2362 non
1627 2308 1831 2377 furtum
1857 2308 2043 2376 facies,

459 2417 566 2456 non
597 2401 792 2470 falsum
844 2403 1196 2456 testimonium
1238 2402 1378 2456 dices
1404 2401 1444 2433 ¹¹
1471 2441 1487 2467 ,
1519 2410 1575 2456 et
1614 2411 1808 2455 caetera
1855 2401 2042 2470 hujus-

458 2493 648 2548 modi?
676 2491 796 2547 Jam
825 2509 955 2547 vero
985 2493 1050 2548 de
1084 2494 1169 2548 his
1195 2508 1316 2564 quae
1360 2494 1413 2547 in
1450 2493 1738 2565 Evangelio
1783 2495 2037 2547 mandata

2145 2037 2373 2108 πότερον
2407 2035 2578 2100 αὑτὰς
2617 2035 2760 2090 κατὰ
2798 2035 2899 2107 τὴν
2925 2035 3070 2100 λέξιν
3101 2033 3364 2106 τηρητέον
3393 2033 3427 2104 ἢ
3471 2031 3537 2086 οὔ
3558 2049 3572 2062 ·
3606 2032 3682 2097 ὡς
3715 2032 3750 2103 ἡ

2146 2128 2452 2198 φάσκουσα,
2496 2127 2636 2198 Ἐγὼ
2652 2126 2891 2199 δὲλέγω
2925 2127 3086 2197 ὑμῖν·
3120 2129 3218 2193 Ὃς
3241 2125 3351 2180 ἐὰν
3377 2121 3638 2195 ὀργισθῇ
3669 2123 3753 2190 τῷ

2146 2217 2388 2288 ἀδελφῷ
2421 2219 2628 2285 αὑτοῦ,
2677 2220 2773 2272 καὶ
2814 2214 2884 2273 τὰ
2937 2218 3096 2289 ἑξῆς·
3133 2219 3250 2284 καὶ,
3296 2216 3440 2288 Ἐγὼ
3485 2217 3558 2271 δὲ
3592 2216 3751 2287 λέγω

2146 2312 2289 2382 ὑμῖν
2311 2311 2398 2382 μὴ
2428 2313 2644 2382 ὀμόσαι
2679 2313 2853 2379 ὅλως.
2886 2311 2994 2366 Καὶ
3030 2311 3182 2384 παρὰ
3213 2310 3292 2382 τῷ
3333 2309 3651 2380 Ἀποστὸλῳ
3687 2307 3752 2362 τὸ

2149 2405 2312 2478 ῥητὸν
2340 2404 2634 2478 τηρητέονο
2667 2404 3012 2460 Νουθετεῒτε
3040 2403 3184 2472 τοὺς
3207 2403 3536 2470 ἀτάκτους,
3567 2415 3754 2470 παρα-

2139 2499 2426 2568 μυθεῖσθε
2491 2498 2634 2566 τοὺς
2704 2498 3112 2568 ὀλιγοψύχους
3137 2537 3151 2562 ,
3224 2496 3560 2565 ἀντέχεσθε
3628 2495 3754 2550 τῶν

460 2593 617 2648 sunt,
649 2600 716 2639 ne
741 2585 976 2640 dubitari
1018 2585 1230 2656 quidem
1261 2595 1438 2656 potest
1467 2587 1595 2656 quin
1625 2587 1924 2642 secundum
1952 2585 2039 2640 lit-

2147 2589 2585 2654 ἀσθενούντων,
2610 2587 3043 2660 μακροθυμεῖτε
3069 2587 3220 2660 πρὸς
3245 2587 3502 2655 πάντας.

459 2681 631 2728 teram
659 2677 1038 2740 observentur,
1071 2676 1210 2731 sicut
1234 2691 1358 2731 cum
1383 2677 1550 2732 dicit:
1585 2675 1699 2747 Ego
1757 2685 1932 2730 autem
1989 2678 2107 2732 dico
2147 2681 2287 2733 vobis
2320 2696 2423 2734 non
2452 2680 2645 2748 jurare
2670 2683 2884 2735 omnino
2924 2680 3006 2745 “;
3043 2687 3100 2735 et
3130 2694 3254 2734 cum
3288 2679 3400 2734 ait:
3433 2677 3544 2744 Qui
3572 2686 3755 2732 autem

462 2770 750 2836 inspexerit
799 2767 1072 2822 mulierem
1116 2768 1185 2822 ad
1238 2769 1713 2839 concupiscendum
1744 2785 1893 2834 eam,
1924 2770 2042 2839 jam
2081 2771 2368 2825 minitatus
2401 2781 2476 2825 est
2547 2787 2664 2849 eam
2704 2771 2756 2824 in
2833 2771 2989 2825 corde
3017 2785 3112 2824 suo
3138 2768 3226 2833 ¹³;
3259 2775 3311 2822 et
3338 2767 3482 2837 apud
3517 2763 3754 2820 Paulum

460 2859 767 2928 apostolum
839 2873 961 2930 qua:
1012 2859 1402 2930 praecipiuntur
1462 2878 1476 2914 :
1517 2860 1854 2914 Commonete
1919 2859 2032 2931 (9.2)
2071 2860 2373 2930 inquietos,
2435 2860 2784 2916 consolamini
2843 2858 3250 2931 pusillanimes,
3294 2860 3550 2914 sustinete
3598 2857 3758 2928 infir-

455 2968 594 3023 mos,
619 2954 876 3024 patientes
916 2965 1080 3009 estote
1112 2955 1180 3008 ad
1206 2971 1380 3009 omnes
1413 2954 1456 2988 “
1484 2971 1498 3020 ;
1529 2965 1584 3011 et
1615 2955 1720 3010 alia
1752 2954 2169 3025 quamplurima.
2207 2974 2229 3009 ι

1700 3081 2260 3148 INTEllPRETATIO
2297 3091 2508 3149 NOVA.

459 3224 580 3266 esse
607 3208 826 3274 Iudaeae,
861 3211 914 3265 in
949 3226 1055 3280 qua
1096 3227 1124 3264 a
1155 3210 1442 3267 Salomone
1475 3211 1800 3267 :ediﬁcatum
1831 3211 1927 3266 fuit
1963 3212 2222 3280 templum
2252 3211 2386 3278 Dei,
2420 3221 2476 3266 et
2505 3211 2609 3266 alia
2644 3219 2924 3266 sexcenta.
2955 3208 3118 3264 Multo
3143 3209 3288 3264 enim
3317 3207 3472 3278 plura
3510 3217 3641 3262 sunt
3667 3223 3754 3263 se-

457 3281 698 3353 eundum
729 3281 1013 3353 historiam
1042 3295 1166 3335 vera
1188 3321 1203 3345 ,
1234 3298 1395 3351 quam
1425 3299 1545 3353 quae
1577 3297 1726 3338 mere
1754 3283 2052 3350 Spiritualia
2085 3284 2193 3337 illis
2222 3293 2426 3337 attexta
2463 3292 2608 3336 sunt.
2643 3281 2881 3353 Rursum
2903 3281 3052 3353 quis
3100 3281 3314 3353 inﬁcias
3351 3280 3755 3353 ieritAtnanda-

466 3360 578 3404 tum
613 3351 714 3405 hoc
741 3371 754 3403 ;
779 3351 1012 3425 Honora
1047 3349 1510 3425 patrem'tuum'et
1540 3365 1757 3407 matrem
1777 3349 2202 3425 ltuam,_ut__ben_e
2233 3355 2298 3407 sit
2337 3355 2452 3419 tibi,
2485 3351 3011 3425 etiamsinealtiore
3038 3349 3566 3425 intelligentiautile
3597 3362 3752 3425 esse,

457 3434 522 3473 ac
559 3422 886 3474 servandum
911 3462 925 3487 ,
963 3423 1198 3476 maxime
1231 3437 1352 3476 cum
1387 3422 1584 3478 Paulus
1614 3419 1805 3477 iisdem
1832 3423 2016 3475 verbis
2053 3422 2180 3475 illud
2229 3423 2665 3477 commendarit?
2708 3422 2848 3486 Quid
2899 3421 3096 3475 attinet
3151 3422 3338 3476 dicere
3388 3419 3458 3473 de
3504 3419 3750 3482 caeteris,

461 3488 589 3544 Non
610 3490 974 3564 maschaberis,
1020 3507 1125 3564 non
1184 3493 1408 3560 occides,
1440 3509 1566 3564 non
1607 3494 1810 3562 furtum
1855 3493 2050 3564 facies,
2090 3508 2193 3546 non
2229 3495 2369 3548 dices
2411 3494 2606 3564 falsum
2641 3491 3037 3564 testimonium?
3098 3489 3313 3545 Rursus
3350 3491 3401 3543 in
3429 3487 3756 3564 Evangelia

455 3560 713 3633 mandata
739 3562 980 3633 qt_t_:ndam
1009 3563 1205 3633 scripta
1235 3558 1401 3626 sunt,
1419 3563 1485 3615 de
1515 3558 1714 3631 quibus
1751 3558 1865 3615 non
1886 3563 2148 3633 quaeritur
2177 3563 2294 3633 ,sint
2336 3558 2502 3618 ne'ad
2538 3563 2776 3617 litteram
2810 3561 3373 3633 observandaltccne
3418 3558 3752 3633 Cttjusmodi

460 3629 593 3683 illud
611 3638 704 3702 est
729 3627 891 3699 :Ego
920 3639 1096 3684 autem
1116 3627 1242 3702 ilico
1267 3633 1408 3686 vobis
1431 3672 1446 3696 ,
1473 3627 1765 3702 quicunque
1784 3627 1952 3685 iratus
1973 3631 2130 3700 fuerit
2157 3632 2316 3702 fratri
2340 3651 2435 3688 suo
2460 3634 2524 3696 ⁸⁸.
2554 3643 2610 3688 et
2637 3647 2761 3702 qua:
2802 3631 3221 3702 sequuntur._Et
3242 3647 3262 3702 γε
3296 3627 3410 3702 Ego
3434 3627 3556 3702 dico
3599 3628 3750 3702 vobis

459 3714 564 3753 non
590 3699 778 3774 jurare
805 3701 1074 3774 Δοηιηίηο.
1113 3700 1174 3774 Et
1227 3699 1638 3757 custodiendum
1679 3699 1765 3756 est
1804 3702 1936 3758 illud
1974 3699 2219 3772 Apostbli
2264 3721 2278 3758 :
2311 3703 2574 3774 Corripite
2614 3699 2914 3773 inquietos,
2965 3699 3311 3755 consolamini
3348 3699 3754 3770 pusillanimes,

457 3771 709 3839 suscipite
730 3771 987 3838 inﬁrmos,
1019 3771 1274 3837 patientes
1305 3781 1466 3826 estote
1493 3775 1562 3826 ad
1592 3788 1789 3828 omnes.

529 3971 990 4072 (‘35)PAHPBIDDS.
1020 3973 1112 4072 De_
1128 3974 1362 4044 Epistola
1389 3973 1543 4032 Pauli
1567 3977 1632 4032 ad
1651 3977 2044 4038 Philemonem.
2073 4009 2116 4072 ο
2149 3983 2322 4039 credit
2355 3990 2411 4037 et
2449 3981 2554 4036 hoc
2579 4021 2593 4046 ,
2645 3979 2788 4050 quod
2828 3979 3000 4034 Adam
3049 3977 3264 4047 quioetn
3308 3973 3522 4046 primus
3577 3975 3753 4031 homo

527 4065 817 4122 ORIGENES.
861 4066 974 4138 (24)
1017 4085 1036 4120 ι
1079 4068 1187 4122 Sed
1239 4078 1295 4124 et
1338 4069 1404 4124 de
1454 4070 1680 4141 singulis
1725 4084 2040 4133 sanctorum

457 4163 552 4234 qui
601 4161 656 4216 in
698 4161 982 4232 Scriptura
1024 4170 1210 4215 sancta
1256 4162 1545 4232 conscripti
1590 4174 1758 4232 sunt,
1795 4181 2040 4237 quosque

453 4253 649 4323 iustos,
680 4260 735 4306 et
758 4251 965 4307 electos
992 4248 1087 4306 Dei
1122 4265 1243 4306 esse
1277 4251 1558 4322 Scriptura
1591 4264 1847 4324 testatur,
1881 4260 2039 4316 debet

456 4359 580 4400 esse
632 4343 765 4399 ﬁdes
816 4342 884 4398 ab
936 4344 1022 4398 his
1071 4345 1161 4412 qui
1203 4343 1405 4400 salvari
1447 4347 1692 4414 cupiunt.
1741 4349 1858 4406 Non
1891 4352 2036 4407 enim

453 4443 636 4505 potest
662 4450 781 4490 esse
813 4433 1053 4504 perfecta
1084 4435 1136 4488 in
1165 4435 1333 4490 Deum
1364 4436 1521 4502 ﬁdes,
1545 4439 1648 4493 nisi
1682 4442 1804 4510 quis
1841 4444 2038 4499 habeat

455 4535 512 4584 et
545 4529 687 4582 hanc
741 4526 900 4580 ﬁdem
925 4567 942 4592 ,
989 4542 1096 4596 qua
1149 4527 1216 4583 de
1251 4528 1458 4584 sanctis
1499 4531 1643 4599 quod
1682 4535 1859 4589 sancti
1911 4543 2039 4591 sunt

454 4617 719 4674 creditur.
750 4618 903 4685 Quod
941 4629 1121 4674 autem
1171 4618 1401 4674 dicimus
1432 4620 1538 4676 tale
1571 4633 1675 4678 est.
1724 4625 1824 4692 Qui
1860 4628 2038 4681 credi-

453 4701 600 4766 derit
622 4711 676 4765 in
711 4711 903 4775 Deum,
921 4719 975 4765 et
996 4709 1245 4780 dogmata
1268 4711 1386 4781 ejus
1411 4727 1536 4767 vera
1564 4729 1687 4770 esse
1713 4721 2036 4788 susceperit,

513 4896 536 4928 ’
564 4894 734 4967 Exod.
763 4909 858 4967 ῃ.
893 4893 978 4967 l2.
1054 4875 1330 4967 ίξ-Ερὶιιξεζ
1363 4912 1440 4959 νε,
1465 4897 1522 4951 9..
1603 4899 1642 4928 “
1675 4897 1845 4954 Exod.
1875 4916 1968 4962 xx,
2005 4899 2068 4953 l3
2091 4907 2148 4954 et
2177 4913 2293 4967 seq.
2355 4895 2626 4967 “Matth.
2661 4911 2732 4967 ν,
2794 4891 2888 4967 28_.

451 4983 506 5035 γ,
537 4967 623 5023 14.
695 4966 738 4998 ¹⁸
769 4964 958 5019 Matth.
992 4979 1045 5031 v,
1071 4964 1190 5019 22(
1232 4965 1275 4997 ⁸⁸
1291 4965 1489 5022 Geues.
1527 4983 1586 5034 tt,
1620 4968 1671 5020 7.

525 5125 637 5196 (20)
669 5124 945 5196 Merlinus,
965 5124 1016 5177 in
1041 5142 1146 5196 qua
1186 5131 1527 5181 constitutum
1553 5138 1623 5181 est
1655 5128 1902 5194 templum
1929 5127 2035 5183 Do-

451 5197 605 5258 mini,
630 5207 735 5266 etc.
764 5195 868 5250 Sed
895 5211 1025 5250 mss.
1051 5195 1110 5249 ut
1137 5196 1189 5250 in
1225 5209 1369 5251 textu
1396 5217 1410 5262 ;
1440 5200 1541 5251 nisi
1571 5200 1712 5266 qttud
1753 5214 1850 5252 ms.
1879 5197 2034 5252 Mon-

2148 4075 2414 4131 formatus
2452 4080 2534 4128 est
2562 4071 2646 4139 ²⁶;
2678 4069 2852 4126 credit
2902 4076 2958 4123 et
3001 4066 3071 4122 de
3117 4067 3224 4123 Eva
3250 4107 3266 4131 ,
3316 4066 3461 4136 quod
3496 4080 3667 4121 unam
3716 4080 3750 4120 ο

2148 4166 2312 4221 costis
2339 4165 2510 4219 Adam
2545 4176 2766 4220 sumens
2791 4161 2956 4224 Deus,
2985 4158 3336 4215 :ediﬁcaverit
3357 4173 3478 4213 eam
3496 4158 3565 4212 ut
3594 4168 3753 4214 esset

2145 4257 2262 4330 ejus
2294 4255 2567 4322 mulier";
2602 4253 2771 4311 credit
2794 4252 2906 4325 (25)
2931 4261 2986 4308 et
3013 4252 3154 4323 quod
3177 4251 3324 4306 Enos
3352 4265 3483 4304 vere
3510 4252 3752 4319 speravit

2148 4351 2388 4405 invocare
2415 4365 2600 4404 nomen
2622 4347 2835 4402 Domini
2861 4345 2961 4400 Dei
2982 4344 3025 4377 ¹⁸
3053 4364 3066 4412 ;
3103 4354 3158 4399 et
3188 4343 3335 4415 quod
3362 4341 3574 4408 Enoch,
3611 4343 3753 4414 quia

2146 4444 2201 4499 in
2270 4443 2429 4498 annis
2501 4441 2750 4498 ducentis
2815 4440 3083 4511 placuerit
3155 4439 3312 4502 Deo,
3378 4448 3752 4507 posteaquam

2147 4531 2506 4587 Mathusalem
2537 4531 2724 4602 genuit
2749 4529 3042 4584 translatus
3063 4537 3147 4582 est
3170 4525 3248 4591 ¹⁹;
3275 4535 3331 4581 et
3357 4526 3426 4580 de
3454 4524 3590 4588 Noe,
3613 4525 3752 4596 quia

2147 4639 2405 4693 responsa
2454 4623 2668 4694 accepit
2720 4631 2782 4677 ut
2841 4620 3199 4676 fabricaretur
3261 4634 3413 4686 arca,
3475 4627 3529 4672 et
3591 4617 3753 4672 Solus

2145 4716 2387 4772 salvatus
2444 4722 2530 4770 est
2591 4728 2662 4769 ex
2727 4712 2967 4780 diluvio,
3031 4725 3154 4766 eum
3221 4710 3309 4765 his
3364 4708 3751 4764 tantummodo

2988 4894 3030 4925 “
3057 4894 3185 4949 ibiol.
3241 4895 3335 4950 28.
3416 4896 3462 4928 “
3493 4895 3513 4950 ἰ
3539 4895 3745 4954 Thess.

1763 4971 1804 5000 ⁸⁷
1834 4971 1962 5024 ibid.
2000 4971 2036 5023 εξ

2147 4970 2185 5026 ι.
2257 4963 2307 5000 υ
2333 4966 2531 5023 Genes.
2566 4981 2639 5032 tv,
2663 4965 2756 5020 9.6.
2832 4964 2876 4996 ¹⁹
2907 4963 3105 5022 Genes.
3131 4982 3183 5033 ν,
3214 4965 3282 5022 21
3315 4978 3372 5023 et
3403 4983 3518 5037 seq.

2144 5129 2526 5184 Philemonem.
2584 5129 2710 5186 Haec
2762 5131 2812 5185 in
2867 5129 3024 5182 libris
3078 5136 3238 5184 antea
3285 5131 3450 5187 editis
3506 5129 3746 5197 omissa,

2143 5201 2302 5278 quasi
2330 5200 2546 5278 reliqua
2583 5201 2766 5255 forent
2793 5200 2957 5254 etiam
2983 5215 3022 5278 e_
3059 5199 3196 5255 libro
3228 5213 3428 5278 quarto
3466 5199 3752 5278 Περὶ

454 5270 525 5350 με
557 5266 614 5350 S:
667 5265 944 5350 Michaelis
979 5267 1232 5322 similiter
1264 5269 1428 5324 habet
1473 5265 1729 5332 Domini,
1755 5278 1810 5326 et
1851 5266 2036 5325 Gene-
2074 5297 2115 5350 υ
2295 5309 2310 5333 ,
2344 5265 2702 5350 restituuntur
2722 5285 2807 5350 ex
2857 5271 3110 5325 omnibus
3133 5265 3292 5350 _tnss.
3333 5265 3746 5350 Deinde'edi'ti,

450 5337 682 5392 brardus
716 5337 844 5390 Deo.

524 5407 637 5476 (2i)
667 5406 865 5461 Omnes
893 5421 1024 5461 mss.
1060 5410 1265 5473 nostri,
1305 5407 1450 5462 Tunc
1487 5409 1712 5464 deinde:
1761 5423 1885 5463 mox
1923 5408 2037 5478 ple-

455 5476 653 5548 rique,
676 5493 785 5548 quo
821 5479 1056 5544 prwcipit
1096 5493 1116 5532 :
1150 5479 1278 5532 editi
1321 5481 1460 5548 quod
1476 5480 1760 5547 prwcepit:
1791 5476 2036 5533 lihri'De

451 5547 756 5614 principiis.
800 5548 939 5612 quod
986 5550 1246 5615 prtecipit.
1287 5547 1391 5604 sed
1427 5566 1557 5604 mss.
1598 5549 1952 5615 Sorbonicus,
1981 5560 2041 5603 et

456 5615 654 5694 hiantis
694 5616 752 5669 S.
785 5615 1070 5672 Michaelis
1108 5619 1160 5671 in
1190 5619 1441 5675 Periculo
1480 5621 1683 5688 maris,
1712 5635 1816 5690 quo
1848 5621 2041 5689 praeci-

454 5693 617 5752 pitur.

529 5752 788 5834 ςξξᾶλὸῖε
843 5768 991 5834 recte
1033 5755 1154 5813 libri
1203 5758 1279 5834 De
1306 5760 1617 5834 principiis.
1662 5759 1866 5834 ()mnes
1911 5773 2041 5815 vero

454 5820 911 5899 huiusdpologite
939 5841 1067 5880 mss.
1095 5837 1156 5899 _et
1189 5820 1329 5899 editi"
1355 5820 1639 5899 perperam
1661 5870 1678 5897 ,
1707 5831 1898 5898 inquit,
1927 5846 2038 5884 eos.

525 5893 637 5962 t25)
687 5893 1052 5951 Pnsupmws.
1085 5897 1158 5952 De
1199 5893 1674 5968 Epistola'Pauli'
1700 5893 1929 5968 apostoli
1968 5901 2038 5955 ad

2142 5343 2289 5395 debet
2313 5355 2423 5394 esse
2441 5342 2684 5409 quadam
2707 5341 2859 5409 ﬁdes,
2889 5350 3021 5406 etc.,
3051 5341 3145 5395 sed
3176 5356 3369 5398 omnes
3398 5358 3530 5398 mss.
3561 5346 3747 5398 nostri

2143 5412 2400 5481 omittunt
2429 5411 2692 5481 quwdam.

2214 5479 2325 5552 (25)
2359 5479 2449 5552 Ex'
2468 5482 2771 5552 Comment.
2807 5481 2858 5536 in
2894 5482 3066 5551 Epist.
3107 5483 3176 5534 ad
3203 5479 3592 5541 Philemonem.

2220 5547 2332 5624 (25⁷)
2365 5547 2437 5624 Εε
2473 5553 2614 5624 quod
2655 5551 2798 5606 Enos
2845 5547 2962 5607 vere
3004 5554 3228 5619 speravit
3266 5554 3518 5624 invocare
3545 5571 3746 5610 nomen

2142 5620 2360 5675 Domini
2405 5620 2521 5675 Dei.
2555 5621 2681 5676 Habe
2710 5624 3073 5692 praetermissa
3106 5631 3230 5676 sunt
3262 5623 3314 5675 itt
3342 5624 3526 5691 editis,
3557 5637 3611 5679 et
3645 5642 3742 5681 re-

2143 5695 2444 5766 stituuntur
2473 5707 2542 5766 ex
2587 5708 2729 5766 mss.
2775 5694 2865 5766 qui
2910 5708 3100 5747 omnes
3149 5693 3352 5766 habent
3399 5693 3581 5749 Enoch
3633 5713 3748 5766 pro

2143 5759 2308 5815 Enos.
2354 5761 2556 5816 Deinde
2604 5763 2731 5816 editi
2781 5759 2982 5818 habent
3027 5764 3308 5829 trecentis;
3360 5778 3554 5819 omnes
3597 5759 3742 5822 niss.

2141 5833 2402 5906 ducentis.
2439 5832 2606 5886 Paulo
2637 5841 2756 5901 post
2785 5833 2948 5906 iidem
2981 5834 3110 5906 editi
3161 5842 3217 5887 et
3271 5850 3376 5891 ms.
3420 5832 3643 5906 Regius,
3681 5846 3748 5892 ιι

2141 5901 2429 5970 fabricaret
2461 5917 2684 5959 arcam:
2718 5904 2814 5961 sed
2845 5905 3034 5962 caeteri
3067 5918 3199 5962 mss.
3229 5914 3292 5960 ut
3325 5907 3381 5962 in
3413 5901 3586 5964 textu.
