3878 6524
181 428 253 484 595

1389 418 1761 510 {spumata
1797 432 1937 489 eno
1972 432 2295 492 ORIGENE.

3367 444 3491 500 59"

181 544 260 619 (26)
282 547 363 617 qui
398 563 616 608 secum
643 554 863 611 arcam
886 554 1100 611 fuerant
1139 552 1369 625 ingreist
1403 562 1474 610 θ’.
1519 548 1783 607 Similiter
1810 549 1860 611 Α
1889 549 1956 604 de
1986 548 2387 605 resurrectione
2422 536 2679 621 scripsit,
2713 565 2876 622 quam
2909 566 2974 607 ex
3005 552 3217 609 cmteris
3244 554 3359 623 ejus
3391 557 3473 609 di-

182 648 219 694 et
241 639 294 692 de
331 638 686 709 Abraham,
721 646 875 715 quod
899 645 1155 703 meruerit
1178 644 1550 701 testimonium
1574 642 1697 707 Dei,
1728 650 1783 696 et

185 735 289 803 quod
318 740 654 805 susceperit
681 738 957 812 hospitio,
992 757 1114 796 cum
1140 750 1285 797 esset
1313 743 1413 797 snb
1442 741 1565 796 ilice
1603 739 1781 794 Mam-

188 831 283 893 bre,
330 838 446 885 tres
476 831 649 887 viros
676 872 696 898 ,
736 848 808 889 ex
855 834 1049 904 quibus
1080 849 1220 890 unus
1267 835 1530 890 Dominus
1566 842 1687 889 erat
1710 834 1776 886 ²¹.
1818 841 1828 851 ’

193 922 339 978 Credit
374 932 434 975 et
468 923 543 978 de
576 924 755 979 lsaae
796 925 883 982 vel
910 926 1178 996 quomodo
1208 936 1369 983 natus
1391 935 1497 991 est,
1536 926 1619 982 vel
1646 940 1779 996 quo-

197 1016 316 1071 modo
346 1014 577 1071 oblatus
614 1025 709 1073 est
759 1032 791 1072 a
840 1028 1027 1088 patre,
1080 1020 1165 1075 vel
1199 1018 1469 1089 quomodo
1518 1032 1777 1087 responsa

199 1108 266 1163 Dei
301 1106 491 1161 audire
520 1110 813 1164 meruerit
834 1111 916 1164 "z
946 1109 1038 1166 sed
1068 1117 1123 1165 et
1154 1110 1220 1165 de
1253 1108 1442 1175 Jacob,
1468 1108 1611 1180 quod
1654 1124 1775 1162 mu—
1822 1148 1825 1151 ι

200 1211 284 1255 tato
309 1200 529 1255 nomine
570 1199 759 1256 Israel
802 1216 837 1256 a
870 1202 978 1258 Deo
1016 1201 1433 1271 COgnominatus
1481 1210 1567 1255 est
1601 1199 1688 1254 ¹³ε
1726 1208 1781 1255 et

200 1291 460 1362 deﬂoyse,
498 1292 654 1360 quod
690 1307 793 1361 per
840 1292 993 1365 signa
1033 1301 1087 1348 et
1115 1292 1348 1347 virtutes
1390 1292 1779 1348 ministraverit

202 1387 282 1441 Deo
308 1384 370 1437 “.
397 1383 598 1439 Credit
622 1396 682 1439 et
724 1387 874 1455 quod
905 1385 1061 1441 Jesus
1095 1384 1241 1440 Nave
1273 1384 1562 1439 exauditus
1591 1400 1621 1438 a
1666 1385 1778 1440 Deo

200 1487 315 1531 stare
347 1475 548 1529 fecerit
583 1474 767 1531 solem
804 1490 970 1545 super
1008 1473 1266 1542 Gabaon,
1296 1484 1352 1530 et
1385 1474 1567 1530 lunam
1614 1490 1778 1544 super

197 1569 355 1622 vallem
396 1567 582 1622 lielon
609 1570 681 1619 ’⁵.
715 1568 859 1635 Quid
898 1576 1077 1623 autem
1113 1568 1402 1623 dicendum
1427 1576 1511 1623 est
1544 1567 1612 1622 de
1645 1568 1777 1623 lide-

198 1662 311 1715 libus
333 1659 648 1729 judicibus,
666 1668 723 1715 et
750 1662 820 1715 de
846 1660 931 1714 his
955 1676 1077 1730 quae
1102 1674 1199 1728 per
1228 1674 1322 1715 eos
1345 1667 1494 1729 gesta
1529 1659 1776 1714 referun-

196 1763 297 1809 tur:
327 1754 407 1807 vel
440 1753 498 1807 in
534 1751 862 1821 Regnorum
887 1752 1044 1807 libris
1066 1752 1135 1807 de
1158 1752 1433 1819 Samuele,
1467 1751 1609 1821 quod
1638 1767 1777 1808 mes-

194 1847 304 1903 sium
339 1855 595 1914 tempore
645 1846 863 1915 pluvias
896 1862 925 1901 a
972 1846 1082 1901 Deo
1110 1846 1443 1923 poposcerit,
1470 1854 1524 1901 et
1554 1861 1776 1915 accepe-

192 1940 247 1995 rit
266 1938 347 1992 "2
369 1948 424 1992 et
452 1939 528 1993 de
560 1938 739 1994 David
767 1954 931 2005 quem
954 1939 1252 2007 assumpsit
1281 1938 1542 1994 Dominus
1566 1937 1678 2010 (27)
1711 1939 1778 1993 ab

190 2033 352 2086 oribus
374 2033 443 2095 "',
474 2041 542 2087 ut
596 2041 830 2102 regeret
863 2029 1032 2086 Jacob
1061 2044 1290 2100 puerum
1320 2046 1500 2094 suum,
1531 2040 1585 2085 et
1614 2029 1778 2085 Israel

187 2123 540 2178 hereditatem
568 2138 733 2178 suam
758 2124 856 2176 ”‘?
893 2132 947 2179 et
974 2123 1038 2178 de
1072 2122 1285 2177 Nathan
1310 2123 1453 2190 quod
1487 2122 1778 2190 propheta-

182 2216 297 2270 rerit
333 2217 415 2269 '8:
461 2231 689 2270 necnon
736 2224 794 2271 et
844 2215 958 2271 Gad
991 2218 1074 2273 '9:
1117 2214 1212 2271 sed
1254 2224 1310 2269 et
1356 2214 1422 2269 de
1465 2213 1774 2283 Salomone,

178 2308 295 2376 quod
324 2308 659 2377 apparuerit
688 2308 739 2363 ei
786 2309 839 2363 in
880 2309 998 2364 visu
1044 2308 1305 2363 Dominus
1341 2307 1386 2339 ³ο
1431 2324 1446 2364 :
1478 2308 1618 2362 etde
1636 2306 1773 2372 Elia,

173 2399 292 2467 quod
329 2410 673 2471 assumptus
699 2410 790 2457 est
832 2416 929 2471 per
955 2403 1327 2457 ascensionem
1378 2401 1432 2456 in
1465 2400 1662 2455 caelum
1704 2400 1773 2466 ³⁸,

167 2488 352 2545 edectis
398 2491 518 2545 illis
552 2492 857 2557 omnibus,
897 2507 1016 2561 quae
1057 2503 1258 2563 scripta
1294 2500 1458 2561 sunt,
1501 2491 1672 2561 signis
1719 2499 1775 2546 et

162 2584 448 2653 prodigiis:
488 2584 593 2638 sed
632 2593 690 2639 et
722 2585 792 2640 de
839 2584 1034 2640 Elisaeo
1058 2626 1074 2652 ,
1131 2586 1391 2657 quoniam
1444 2601 1551 2640 non
1595 2584 1770 2641 solum

159 2677 497 2731 resuscitavit
530 2676 718 2731 lilium
746 2678 1070 2743 Sunamitis,
1102 2679 1196 2735 sed
1220 2688 1275 2733 et
1308 2665 1578 2733 mortuum
1610 2693 1772 2749 super

153 2781 255 2820 ossa
284 2784 382 2822 sua
421 2769 760 2838 projectum
798 2769 865 2822 ³¹.
897 2769 1125 2839 Oportet
1151 2785 1283 2839 ergo
1324 2785 1770 2841 unumquemque

149 2860 370 2915 ﬁdelium
409 2862 666 2917 credere
718 2871 776 2918 et
822 2864 1075 2918 omnibus
1121 2879 1241 2934 quae
1287 2864 1491 2935 scripta
1530 2873 1660 2920 sunt
1704 2865 1771 2920 de

146 2950 386 3015 Ezechia,
414 2956 577 3018 quod
612 2955 669 3009 in
708 2954 905 3009 diebus
931 2954 1047 3023 ejus
1072 2965 1380 3011 retrorsum
1428 2958 1770 3028 repedaverit

142 3044 315 3099 umbra
352 3046 507 3102 solis
536 3046 611 3099 ³³.
644 3046 747 3101 Est
778 3062 912 3117 ergo
942 3048 1075 3103 ﬁdes
1112 3056 1297 3103 nostra
1336 3050 1514 3119 primo
1548 3050 1766 3119 quidem

136 3138 369 3191 omnium
437 3139 500 3192 in
553 3139 865 3194 Dominum
927 3150 1175 3195 nostrum
1222 3139 1407 3195 Jesum
1460 3141 1762 3206 Christum,

1886 643 2057 698 versis
2097 643 2502 711 voluminibus,
2553 645 2975 714 approbabimus
3037 647 3201 702 etiam
3263 648 3314 703 in
3363 636 3465 706 hac

1882 744 2040 805 parte
2070 748 2233 803 quam
2271 734 2546 790 catholice
2574 737 2826 792 senserit.

1976 842 2139 881 PRIIA
2180 842 2469 883 RESPONSIO
2507 844 2575 883 Λῐ)
2615 842 2889 884 SEPTIMA!
2926 846 3372 888 CRlMlNATIONEI.

2484 922 2710 977 CAPUT
2747 922 2858 978 γιι.

2121 1010 2398 1079 Quomodo
2426 1015 2684 1069 sentiebat
2721 1016 2786 1070 de
2821 1020 3219 1073 resurrectione.

1954 1103 2248 1163 ORIGENES.
2323 1106 2455 1177 (29)
2514 1106 2844 1174 «Quomodo
2892 1110 3035 1163 enim
3087 1127 3193 1165 non
3251 1112 3465 1166 videtur

1884 1197 2198 1261 absurdum,
2238 1208 2293 1252 ut
2320 1200 2424 1253 hoc
2454 1214 2673 1267 corpus,
2697 1202 2839 1269 quod
2875 1216 2970 1270 pro
2994 1201 3211 1257 Christo
3244 1205 3463 1272 pertulit

1882 1278 2189 1355 cicatrices,
2242 1300 2297 1346 et
2347 1293 2554 1360 pariter
2602 1307 2726 1347 cum
2760 1293 2943 1347 anima
2984 1294 3096 1364 (50)
3130 1297 3462 1363 persecutio—

1880 1398 2010 1436 num
2043 1381 2297 1437 toleravit
2330 1397 2468 1437 saeva
2503 1392 2795 1448 tormenta,
2839 1400 3120 1441 carcerum
3159 1402 3375 1457 quoque
3401 1404 3464 1443 ac

1879 1475 2222 1530 vinculorum
2279 1486 2334 1530 et
2388 1478 2675 1531 verberum
2737 1478 3002 1547 supplicia
3060 1479 3305 1547 pertulit,
3341 1481 3465 1549 igne

1878 1566 2041 1621 etiam
2080 1566 2406 1629 cruciatum,
2445 1568 2591 1622 ferro
2642 1582 2837 1622 caesum
2878 1580 2984 1635 est,
3028 1571 3249 1640 insuper
3289 1582 3342 1626 et
3371 1573 3467 1627 be—

1879 1659 2108 1715 stiarum
2155 1667 2412 1713 cruentos
2464 1675 2716 1726 morsus,
2770 1662 2947 1716 crucis
2989 1663 3251 1732 patibula,
3294 1679 3357 1720 ac
3384 1664 3465 1720 di-

1878 1764 2035 1806 versa
2089 1766 2376 1820 ptenarum
2426 1766 2628 1821 genera
2682 1767 2997 1821 perpessum
3026 1763 3130 1818 est,
3190 1764 3462 1811 tantorum

1881 1844 2247 1899 certaminum
2293 1845 2535 1912 praemiis
2588 1843 2978 1898 defraudetur?
3031 1846 3241 1916 Quippe
3269 1849 3312 1901 si
3349 1849 3462 1903 sola

1881 1934 2088 2001 anima,
2120 1950 2240 2005 qua:
2268 1951 2373 1989 non
2413 1935 2527 1990 sola
2562 1935 2674 2005 (51)
2709 1937 3038 2003 certaverit,
3072 1946 3386 2004 coronetur,
3411 1948 3466 1995 et

1881 2027 2124 2097 corporis
2170 2027 2251 2083 sui
2288 2026 2567 2082 vasculum
2598 2028 2740 2097 quod
2772 2029 2820 2082 ei
2852 2044 2974 2083 cum
3025 2045 3221 2100 magno
3272 2031 3460 2086 labore

1880 2119 2124 2183 servivit,
2152 2118 2295 2172 nulla
2327 2119 2517 2187 agonis
2549 2135 2613 2174 ac
2640 2119 2880 2175 victoriae
2907 2121 3128 2191 praemia
3156 2137 3459 2191 consequa-

1880 2218 1987 2275 tur,
2022 2211 2292 2282 qnomodo
2324 2226 2430 2264 non
2458 2220 2647 2266 contra
2681 2226 2897 2266 omnem
2938 2214 3200 2268 rationem
3246 2214 3460 2269 videtur

1879 2312 1937 2357 ut
1970 2303 2306 2359 naturalibus
2334 2305 2484 2360 vitiis
2517 2314 2681 2374 atque
2707 2306 2963 2377 ingenitae
2994 2306 3203 2362 libidini
3234 2318 3461 2377 propter

1876 2396 2151 2451 Christum
2197 2412 2327 2450 caro
2364 2400 2645 2463 resistens,
2680 2407 2737 2453 et
2781 2399 3144 2468 virginitatem
3198 2401 3456 2456 obtinens

1875 2504 1998 2544 cum
2041 2490 2246 2560 ingenti
2286 2490 2493 2558 labore,
2542 2490 2636 2559 qui
2686 2490 3036 2547 continentiae
3074 2490 3232 2546 labor
3268 2492 3458 2561 utique

1874 2591 1968 2637 aut
1995 2582 2169 2652 major
2196 2584 2445 2651 corporis
2491 2582 2604 2654 (5‘2)
2630 2598 2794 2654 quam
2834 2584 3028 2639 anima:
3057 2593 3160 2650 est,
3190 2594 3283 2639 aut
3310 2593 3458 2641 certe

1873 2674 2158 2742 utriusque
2203 2674 2428 2743 aqualis
2457 2684 2561 2742 est,
2612 2675 2961 2745 prtemiorum
3014 2684 3257 2746 tempore
3288 2676 3467 2732 altera.

1871 2767 2018 2823 velut
2049 2768 2270 2838 indigna
2310 2767 2609 2836 rejiciatur,
2642 2769 2811 2823 altera
2853 2770 3034 2823 veniat
3061 2770 3130 2824 ad
3159 2770 3456 2825 coronam?

1871 2861 2001 2929 Quae
2034 2877 2121 2917 res
2164 2861 2283 2917 sine
2328 2862 2493 2917 dubio
2543 2872 2631 2917 aut
2675 2862 2951 2931 injustitia:
3001 2862 3231 2933 alicujus
3261 2863 3453 2933 Deum,

1869 2964 1962 3007 aut
1994 2951 2443 3021 impossibilitatis
2475 2963 2718 3006 accusat.
2755 2972 2774 3005 ι

1940 3044 2264 3100 Ρειιιδιιιιυε.
2302 3043 2396 3099 His
2429 3044 2823 3099 assertionibus
2854 3045 3120 3114 incipiens
3167 3047 3244 3100 nti
3276 3047 3342 3102 de
3370 3062 3459 3103 re-

1866 3140 2208 3205 surrectione
2247 3148 2608 3202 mortuorum,
2668 3153 2767 3206 per
2823 3147 2990 3193 totam
3030 3139 3325 3195 voluminis
3365 3140 3458 3195 sui

1809 1910 1852 1963 R

138 3239 555 3299 consequenter
586 3246 731 3287 vero
757 3232 928 3287 etiam
968 3232 1019 3286 in
1055 3248 1247 3288 omnes
1276 3242 1496 3288 sanctos
1527 3236 1763 3303 patriar—
1789 3255 1830 3313 ο
1866 3231 2066 3287 seriem
2112 3228 2537 3284 evidentissimis
2566 3229 3050 3300 approbationibus
3079 3245 3211 3285 usus
3242 3238 3347 3285 est.
3381 3234 3447 3286 in

138 3320 274 3385 cbas,
304 3322 392 3375 vel
430 3322 781 3393 prephetas,
811 3323 897 3379 vei
926 3324 1200 3394 apostolos
1229 3325 1458 3392 Christi,
1483 3340 1551 3382 eo
1574 3326 1764 3383 ordine

142 3422 240 3478 quo
263 3414 544 3482 superius
583 3414 861 3470 diximus.

196 3500 549 3561 Paupertas.
585 3504 949 3562 Sullicienter
1006 3508 1108 3563 ista
1153 3509 1217 3564 ad
1268 3510 1639 3580 probationem
1672 3526 1763 3567 ca-

145 3595 351 3651 tholicae
384 3596 515 3666 ejus
550 3597 705 3661 ﬁdei,
736 3607 794 3654 et
818 3600 1057 3669 qualiter
1079 3602 1242 3657 etiam
1278 3603 1345 3657 de
1380 3604 1495 3673 ipsa
1516 3602 1763 3676 Scriptu-

143 3701 315 3741 rarum
348 3689 599 3744 historia
634 3691 905 3756 senserit,
939 3691 1080 3747 dicta
1113 3693 1245 3748 sint.

209 3778 269 3830 Et
297 3780 577 3847 quoniam
612 3781 764 3836 inter
799 3790 1031 3837 caeteras
1055 3783 1467 3842 criminationes
1490 3785 1604 3858 (28)
1628 3800 1763 3856 quas

148 3870 190 3919 ei
236 3871 523 3938 inferunt,
560 3873 736 3928 etiam
778 3890 945 3944 quam
1006 3877 1298 3933 maximam
1332 3889 1578 3947 ponunt,
1614 3878 1758 3949 quod

154 3964 613 4019 resurrectionem
647 3966 905 4020 futuram
941 3966 1171 4038 deneget
1200 3981 1541 4027 mortuorum
1563 4012 1578 4037 ,
1614 3971 1759 4041 quod

154 4054 325 4123 utique
360 4058 612 4113 futurum
663 4059 969 4115 manifeste
1012 4062 1063 4116 in
1092 4063 1353 4119 Ecclesiis
1404 4066 1752 4136 praedicatur,

156 4156 488 4216 consequens
539 4159 627 4204 est
677 4151 853 4204 etiam
884 4152 949 4205 de
988 4153 1090 4207 hoc
1122 4154 1289 4225 ipsius
1326 4170 1425 4210 nos
1448 4157 1628 4211 verbis
1662 4170 1755 4211 ca-

154 4235 443 4295 lumniosos
460 4242 786 4305 ostendere,
814 4251 869 4295 et
902 4245 1191 4300 mendaces
1224 4248 1504 4301 evidenter
1528 4262 1756 4317 arguere

153 4339 240 4379 eos
270 4331 361 4397 qui
414 4332 584 4385 etiam
618 4332 838 4400 scripta
887 4331 951 4387 de
999 4334 1105 4389 hoc
1133 4335 1295 4390 edere
1336 4337 1597 4391 adversus
1627 4353 1749 4389 eum

150 4430 251 4471 non
298 4432 697 4491 pepercerunt.
756 4422 893 4477 Tam
931 4441 999 4481 ex
1044 4427 1177 4496 ipsis
1214 4427 1381 4495 igitur
1415 4428 1569 4483 libris
1615 4443 1752 4497 quos

213 4562 259 4593 ²⁰
290 4562 501 4644 Cenes.
544 4583 817 4644 Vi-Ylll.-
850 4570 1133 4644 “__Genes.
1170 4589 1323 4644 svnt,
1361 4574 1417 4639 2,
1447 4590 1562 4644 seq.

144 4644 337 4714 Enr-3.“
382 4639 429 4668 ³⁸
455 4637 626 4693 Jnsue
664 4638 845 4714 κάξ)
1043 4642 1089 4673 ²⁶
1118 4643 1137 4695 1
1169 4637 1440 4714 Ηρεζκιι,
1469 4637 1556 4708 Π,
1593 4645 1679 4699 18.

142 4702 185 4731 ⁸³
212 4702 258 4756 11
298 4706 438 4778 Reg.
466 4725 621 4763 xxiv.
716 4708 848 4763 ³⁸111
878 4711 1007 4781 Reg.
1060 4728 1161 4781 ιιι,
1194 4714 1249 4768 5.

1648 4560 1700 4605 ’³³
1726 4573 1922 4629 Cenes.
1960 4587 2072 4634 χιι,
2106 4586 2218 4624 xxu
2246 4580 2300 4623 et
2336 4585 2484 4622 xxw.

1778 4644 1822 4674 ³⁷
1866 4643 1881 4696 |
1928 4642 2057 4710 Reg.
2102 4657 2215 4698 XVI.
2270 4641 2354 4693 11.
2421 4639 2657 4693 "'Psal.
2691 4656 2838 4701 uxr,
2872 4640 2959 4694 71.

1328 4716 1370 4746 ³¹
1394 4716 1461 4771 ιν
1495 4715 1629 4787 Reg.
1678 4731 1739 4785 ll,
1770 4714 1903 4784 Reg.
1935 4729 2023 4778 tv,
2052 4712 2122 4767 54
2147 4752 2163 4777 ,
2192 4712 2301 4777 55;
2334 4726 2430 4764 xnt
2457 4750 2472 4775 ,
2498 4711 2588 4765 21.

1866 3322 2105 3382 secundo
2142 3336 2270 3376 vero
2308 3320 2450 3376 libro
2491 3320 2737 3391 ejusdem
2797 3321 3062 3385 materiae,
3096 3335 3218 3375 cum
3251 3322 3452 3391 praedi-

1861 3418 2032 3474 xisset
2058 3415 2171 3488 (55)
2207 3414 2333 3485 quia
2368 3414 2523 3483 quasi
2551 3414 2617 3467 ad
2641 3411 2873 3483 gentiles
2896 3411 3229 3481 loqueretur,
3263 3412 3455 3484 hujus-

1862 3510 2071 3568 cemodi
2100 3523 2256 3564 suam
2295 3506 2627 3562 sententiam
2669 3504 2990 3561 declaravit.

1934 3604 2225 3661 ORIGBNES.
2284 3599 2422 3672 ('54)
2480 3618 2497 3650 ι
2538 3598 2648 3655 Nos
2706 3614 2834 3653 vero
2878 3608 3000 3667 post
3042 3597 3449 3667 corruptionem

1866 3698 2055 3754 mundi
2084 3696 2304 3752 eosdem
2348 3694 2493 3763 ipsos
2525 3691 2737 3747 futuros
2763 3706 2886 3747 esse
2913 3692 3162 3746 homines
3192 3690 3449 3757 dicimus,

1862 3789 1993 3845 licet
2025 3801 2129 3841 non
2152 3786 2231 3838 ‘in
2264 3783 2455 3839 eodem
2508 3791 2674 3846 statu,
2723 3796 2899 3851 neque
2926 3781 2978 3834 in
3017 3780 3206 3835 iisdem
3239 3780 3451 3847 passio-

1861 3880 2044 3935 nibus.
2070 3877 2184 3932 Non
2217 3877 2360 3930 enim
2394 3875 2594 3929 iterum
2624 3889 2688 3928 ex
2715 3873 3078 3928 conventione
3106 3872 3206 3927 viri
3238 3880 3293 3926 et
3323 3886 3448 3926 mu-

1860 3974 2010 4027 lieris
2038 3980 2221 4035 erunt,
2266 3970 2385 4032 sed,
2417 3967 2565 4021 verbi
2598 3967 2798 4035 gratia,
2830 3981 2892 4019 ca
2939 3965 3081 4020 ratio
3113 3980 3235 4033 qua:
3265 3965 3448 4019 conti-

1862 4073 1957 4117 net
1984 4060 2132 4114 Panli
2166 4058 2529 4113 substantiam
2559 4056 2737 4125 (Pauli
2767 4066 2947 4110 autem
3003 4070 3144 4110 nunc
3172 4055 3293 4110 dico
3321 4069 3449 4109 cor-

1863 4151 2085 4224 poralis)
2123 4151 2271 4206 salva
2323 4161 2624 4219 permanet,
2655 4160 2711 4203 et
2740 4163 2862 4202 cum
2909 4148 3141 4203 voluerit
3184 4149 3326 4202 Deus
3358 4160 3446 4201 se-

1864 4244 2101 4298 cundum
2132 4256 2194 4297 ea
2230 4256 2350 4311 qua:
2381 4242 2523 4295 dicta
2574 4250 2724 4306 sunt,
2770 4256 2867 4310 per
2916 4251 3314 4295 sacramentum
3356 4248 3444 4293 tu-

1862 4339 2051 4392 barum
2102 4335 2154 4389 in
2192 4334 2487 4389 novissima
2521 4334 2651 4388 tuba
2707 4334 2888 4388 facere
2918 4342 2975 4385 ut
3028 4332 3224 4387 mortui
3259 4346 3445 4386 resur-

1861 4438 2013 4500 gant,
2048 4442 2142 4499 per
2180 4426 2323 4481 illam
2371 4427 2537 4495 ipsam
2570 4426 2683 4497 (53)
2715 4426 3142 4496 subsmntialem,
3172 4425 3442 4482 rationem

2563 4570 2607 4600 ³³
2644 4568 2780 4624 Gen.
2812 4585 2984 4634 χχχιι,
3018 4566 3109 4621 28.
3182 4568 3229 4599 ³³
3269 4568 3440 4624 Exod.

2563 4640 2634 4670 ..αι
2691 4656 2813 4670 Iv".
2872 4640 2927 4670 ’⁵11
3037 4640 3082 4670 28
3114 4638 3151 4670 ΙΙ
3180 4639 3293 4670 nm.
3341 4652 3416 4670 νιι

2691 4656 2838 4701 Lxxt,
2872 4640 2959 4694 71.
3037 4640 3082 4670 ²⁸
3114 4638 3152 4692 ΙΙ
3180 4639 3313 4708 Reg.
3341 4652 3440 4692 xu.

2669 4711 2712 4742 ³³
2743 4712 2805 4765 ιγ
2846 4710 2977 4779 Reg.
3014 4726 3103 4774 xx,
3141 4710 3295 4764 9-11.

210 4839 324 4907 (26)
368 4841 465 4898 Sic
496 4858 693 4920 omnes
728 4844 1044 4920 mssal-JdiIi
1088 4863 1235 4916 vero,
1265 4852 1500 4920 quicum
1530 4868 1589 4906 eo
1624 4856 1739 4914 [ηε-
1769 4853 1813 4909 1)
1842 4858 1861 4901 t
1943 4848 2056 4920 (51)
2088 4848 2255 4911 Editi,
2294 4857 2581 4901 certaverat
2608 4865 2625 4901 :
2650 4848 2839 4920 deinde
2866 4848 3278 4912 Genebrardus,
3322 4866 3441 4904 con-

138 4920 256 4961 ront
284 4928 476 4966 arcam
518 4914 797 4983 ingressi:
838 4916 1086 4973 similiter
1119 4928 1168 4973 et
1210 4914 1497 4976 Abraham.
1536 4923 1741 4979 Deinde

138 4993 265 5059 mss.
314 4985 501 5059 nostri
532 4988 818 5059 _omittunt
845 5028 861 5051 ,
906 4988 985 5059 uel
1029 4992 1289 5059 quomodo
1344 4993 1549 5047 oblatus
1585 5002 1661 5046 est
1710 5012 1742 5047 a

138 5047 297 5104 Patre
321 5068 342 5104 :
375 5055 473 5108 sed
528 5055 649 5110 haec
680 5047 906 5115 exstant
959 5058 1011 5112 in
1040 5047 1227 5116 'editis.
1277 5061 1379 5116 Ms.
1414 5062 1747 5118 Snrbonicus

134 5118 293 5175 habet
320 5124 560 5178 donatus
588 5136 664 5179 est
698 5140 802 5195 pro
828 5138 983 5182 natus
1014 5142 1109 5185 est.

197 5210 313 5283 (27)
352 5213 487 5269 Mss.
521 5216 727 5279 nostri,
756 5215 850 5269 alii
900 5220 963 5270 ab
994 5222 1253 5286 omnibus,
1287 5222 1377 5277 alii
1421 5223 1485 5278 ab
1518 5225 1743 5279 homini-

133 5278 263 5335 bus:
294 5278 400 5339 sed
440 5287 650 5340 rectius
679 5286 889 5341 habere
914 5290 1163 5345 videntur
1192 5278 1344 5358 editi,
1375 5296 1439 5347 ab
1468 5278 1673 5349 ovibus.

197 5374 418 5456 (28).lt_a
445 5393 660 5456 omnes
704 5391 843 5432 mss.
862 5382 1065 5456 _nostri.
1096 5382 1237 5437 Editi
1271 5401 1400 5439 vero
1433 5400 1738 5456 perperam,

128 5457 261 5521 quas
288 5451 339 5501 ei
371 5450 645 5516 inferunt,
676 5458 757 5503 est
802 5450 984 5521 etiam,
1014 5469 1171 5520 quant
1203 5450 1491 5510 maximam
1520 5450 1741 5521 ponunt,

126 5518 261 5593 quod
285 5518 1325 5596 resurrectionem_s_cilicet_tnortuorum
1356 5518 1600 5595 deneget:
1626 5518 1742 5596 qua?

128 5590 301 5653 utique
354 5592 550 5665 futura
610 5588 906 5665 manifeste
968 5592 1038 5665 in,
1083 5593 1335 5650 Ecclesiis
1392 5588 1737 5665 prtidicatur,

127 5668 442 5733 consequens
471 5662 648 5714 etiam
680 5667 763 5712 est
793 5659 889 5713 has
916 5676 981 5714 ex
1022 5663 1187 5729 ipsius
1216 5682 1308 5720 nos
1336 5659 1503 5722 verbis
1541 5659 1741 5723 calum;

128 5738 233 5780 mas
260 5736 569 5799 ostendere,
606 5738 727 5784 etc.

189 5820 302 5895 (29)
330 5824 408 5879 Ex
441 5826 635 5895 primo
661 5823 823 5895 libro,
845 5822 918 5878 De
948 5831 1341 5887 resurrectione.

187 5894 297 5966 (50)
336 5894 508 5965 Editi,
544 5894 1001 5966 persecutionem,
1029 5899 1183 5956 male.

1863 4935 1923 4972 ra
1948 4918 2152 4973 omnem
2205 4921 2463 4971 rationem
2495 4935 2605 4971 esse
2652 4918 2940 4974 videatur:
2995 4921 3089 4973 sed
3142 4935 3273 4974 mss.
3295 4929 3355 4973 ut
3382 4921 3437 4973 in

1854 4999 2021 5045 ιεειιι.

1925 5058 2038 5128 (52)
2086 5057 2212 5113 Mss.
2254 5060 2420 5112 nostri
2470 5058 2751 5128 omittunt,
2800 5076 2955 5126 quam
3007 5060 3222 5122 animm,
3286 5057 3434 5126 quod

1855 5127 2147 5184 reStituunt
2180 5128 2330 5181 editi.
2380 5127 2549 5181 Paulo
2593 5137 2713 5196 post
2739 5131 2868 5181 editi
2897 5130 3175 5193 omittunt,
3203 5145 3322 5196 qua:
3352 5144 3432 5184 res

1851 5201 1966 5254 sine
2003 5200 2160 5251 dubio
2183 5208 2273 5250 aut
2303 5198 2580 5268 injustitiaz
2622 5198 2861 5266 alicujus.
2886 5198 3074 5260 Deum,
3110 5208 3201 5251 aut
3234 5200 3432 5267 impos-

1848 5270 2118 5324 sibilitatis
2151 5282 2386 5330 accusat,
2417 5269 2558 5336 quod
2591 5270 2883 5321 restituunt
2904 5282 3094 5322 ontnes
3122 5285 3255 5323 mss.

1922 5338 2033 5409 (55)
2071 5338 2235 5403 Quia,
2282 5339 2627 5394 desideratur
2673 5338 2727 5391 in
2787 5339 2969 5399 editis,
3021 5348 3076 5392 et
3124 5338 3430 5394 restituitur

1847 5426 1912 5466 ex
1950 5426 2079 5463 mss.

1918 5480 2031 5549 (54)
2062 5478 2138 5531 lix
2167 5477 2305 5533 libro
2339 5495 2375 5533 ιι
2413 5479 2487 5531 De
2514 5480 2918 5535 resurrectione.

1919 5548 2034 5621 (35)
2065 5548 2225 5609 Editi,
2255 5549 2571 5604 substantia:
2602 5552 2861 5603 rationem
2892 5567 3009 5620 qua:
3039 5551 3185 5603 salva
3214 5567 3428 5618 perma-

1852 5631 1956 5683 net,
1986 5630 2042 5672 ut
2068 5621 2131 5673 de
2174 5630 2327 5672 terra:
2380 5621 2589 5687 pulvere
2618 5624 2999 5673 resuscitentur
3045 5638 3077 5673 a
3116 5624 3339 5677 mortuis
3366 5639 3432 5677 ea:

1851 5692 2091 5744 omnibus
2139 5689 2265 5766 locis
2302 5690 2357 5743 in
2411 5691 2626 5766 ιιιιὶςζιιεἶ
2673 5690 2875 5766 Deinde
2929 5690 3333 5766 Genebrardus,
3380 5702 3431 5766 ᾳ

1850 5763 2035 5813 iterum
2068 5762 2470 5815 resuscitantur.
2495 5759 2579 5812 Es;
2608 5760 2703 5813 hoc
2732 5762 2981 5822 arbitror,
3024 5772 3129 5816 etc.
3158 5761 3265 5817 Sed
3296 5759 3427 5817 tnss'.

1852 5832 2007 5955 Ill-(ill
2047 5840 2243 5904 textu,‘
2275 5832 2377 5888 nisi
2418 5832 2560 5902 quod
2608 5832 2851 5902 plerique
2899 5832 3153 5889 omittant
3196 5834 3259 5901 ii,
3303 5844 3431 5890 ante

1852 5917 1933 5955 aut
1975 5918 2052 5955 us.

1846 5917 2052 5969 qttwus.
