3866 6534
503 441 610 500 595

1705 435 1766 491 S.
1807 427 2131 490 PAMPHILI
2168 432 2528 489 MARTYRIS
3615 431 3692 487 596

505 577 626 630 quae
655 561 802 616 salva
833 570 1134 631 permanet,
1185 559 1252 614 de
1305 566 1463 612 terra:
1496 558 1719 627 pulvere
1754 557 2090 612 suscitantur
2115 561 2164 620 Α
2193 558 2278 611 dis
2320 557 2423 611 hoc
2469 553 2786 610 ostendunt.
2820 550 2927 606 Sed
2961 559 3015 605 et
3061 550 3165 606 hoc
3207 549 3319 619 ipsa
3350 547 3540 604 Domini
3565 554 3693 607 nostri

502 669 534 708 a
572 655 800 708 mortuis
853 669 918 708 ex
965 653 1218 707 omnibus
1281 650 1416 704 locis
1461 649 1495 704 ii
1543 651 1740 718 quibus
1798 649 1940 704 ratio
1992 647 2080 702 illa

494 741 822 796 substantiae
845 740 1146 810 corporalis
1194 740 1248 794 in
1285 740 1419 808 ipsis
1447 739 1770 808 corporibus
1798 753 2082 808 permane-

502 833 618 900 bat,
649 848 768 900 quae
797 833 850 886 in
882 842 1082 888 terram
1134 832 1387 902 prolapsa
1429 832 1522 888 Dei
1573 833 1853 887 voluntate
1886 833 2079 886 iterum

501 925 863 980 suscitantur.
926 924 991 980 Et
1041 925 1147 980 hoc
1199 925 1443 979 arbitror
1505 939 1754 979 asserere
1809 923 2080 978 volentem

500 1016 818 1086 Apostolum
887 1017 1092 1072 dixisse
1145 1017 1197 1070 in
1249 1017 1425 1085 prima
1485 1016 1731 1078 Epistola
1778 1017 1844 1071 ad
1891 1015 2083 1072 Corin-

504 1107 668 1171 thios,
715 1107 827 1178 (36)
881 1119 1006 1179 post
1053 1109 1414 1164 assertionem
1462 1109 1881 1165 resurrectionis
1937 1123 2083 1162 mor-

504 1209 740 1254 tuorum.
772 1197 908 1254 Nam
934 1216 1055 1254 cum
1090 1201 1466 1270 proposuisset
1495 1201 1596 1255 sibi
1626 1216 1689 1256 ea
1717 1216 1837 1270 qua:
1864 1211 2084 1270 possent

505 1292 577 1346 ab
631 1292 751 1345 aliis
803 1293 966 1359 objici
1015 1294 1083 1349 de
1137 1294 1540 1348 resurrectione
1585 1305 1948 1354 mortuorum,
2005 1292 2084 1345 sic

503 1384 581 1437 ait
613 1401 625 1436 :
662 1380 765 1437 Sed
793 1384 925 1436 dicit
950 1382 1142 1452 aliquis
1174 1399 1192 1436 :
1225 1384 1503 1450 Quomodo
1537 1395 1813 1454 resurgunt
1847 1387 2085 1439 mortui?

503 1474 622 1541 Quo
649 1485 824 1529 autem
857 1493 1072 1545 corpore
1098 1477 1350 1531 veniunt?
1379 1475 1574 1539 Stulte,
1607 1486 1660 1529 tu
1691 1477 1831 1546 quod
1855 1478 2082 1533 seminas

503 1581 611 1620 non
647 1567 959 1633 ciciﬁcatur,
1007 1566 1109 1620 nisi
1135 1567 1282 1634 prius
1321 1569 1584 1620 moriatur
1615 1582 1634 1620 :
1664 1577 1711 1621 et
1765 1571 1903 1638 quod
1926 1570 2082 1624 senti-

501 1672 621 1724 παι,
657 1674 758 1712 non
791 1673 977 1726 corpus
1002 1658 1141 1728 quod
1179 1659 1422 1728 futurum
1465 1670 1538 1714 est
1570 1660 1822 1728 seminus,
1847 1663 1937 1716 sed
1983 1677 2080 1716 nu-

502 1748 630 1804 dum
674 1766 933 1820 granum,
974 1760 1196 1820 utputa,
1239 1753 1435 1817 tritici,
1467 1765 1555 1805 aut
1599 1753 1828 1823 alicujus
1873 1765 2087 1807 caztero-

502 1857 642 1895 rum.
674 1841 816 1895 Deus
844 1852 1016 1896 autem
1051 1844 1144 1895 dat
1175 1843 1258 1897 illi
1287 1861 1477 1912 corpus
1508 1843 1556 1876 “
1575 1856 1728 1913 prout
1753 1845 1918 1899 voluit
1947 1847 2082 1916 (57).

2188 651 2314 706 Jesu
2338 648 2541 704 Christi
2572 645 2902 702 resurrectio
2955 643 3217 711 declarat,
3261 644 3352 713 qui
3385 643 3697 713 primogenitum

2188 762 2252 801 ex
2277 745 2497 799 mortuis
2532 743 2576 774 ³⁸
2610 742 2830 796 dicitur.
2868 757 2888 791 ι

2261 837 2588 890 Psupmws.
2620 832 2745 888 Post
2771 833 2906 896 haec,
2943 827 3264 901 quibusdam
3293 843 3388 900 per
3413 829 3616 884 medium
3638 829 3698 884 la-

2189 930 2296 984 tius
2321 925 2632 996 disputatis,
2667 924 2863 993 adjecit
2889 923 3051 977 etiam
3082 923 3204 976 ista.

2258 1021 2548 1074 ORlGENES.
2589 1035 2606 1067 σ
2656 1015 2810 1072 Sicut
2847 1014 2993 1068 enim
3034 1013 3152 1082 plus
3203 1011 3367 1066 habet
3391 1011 3549 1065 omnis
3577 1012 3702 1068 ratio-

2190 1109 2388 1164 nabilis
2419 1108 2598 1162 anima
2630 1107 2716 1162 his
2743 1122 2863 1176 quae
2892 1103 2978 1159 vel
3007 1103 3314 1167 crescendi,
3365 1103 3443 1158 vel
3466 1103 3699 1168 nutriendi,

2189 1203 2274 1256 vel
2303 1212 2479 1257 motus
2505 1201 2670 1256 solius
2695 1197 2930 1254 cilicium
2961 1195 3221 1251 exhibere
3253 1194 3501 1250 dicuntur
3526 1214 3538 1249 :
3569 1196 3632 1249 sic
3658 1211 3701 1249 ea

2193 1295 2332 1349 ratio
2364 1309 2487 1362 qua!
2522 1293 2576 1347 in
2627 1293 2868 1346 humano
2912 1303 3140 1356 corpore
3186 1295 3291 1354 est,
3334 1285 3495 1340 multo
3523 1286 3703 1355 amplius

2193 1383 2374 1446 habet,
2410 1396 2572 1450 quam
2617 1395 2738 1450 qua:
2765 1381 2820 1432 in
2853 1377 3080 1447 reliquis
3114 1386 3199 1432 est
3225 1377 3562 1445 corporibus,
3583 1393 3636 1431 ex
3659 1394 3703 1434 eo

2192 1477 2333 1546 quod
2365 1474 2475 1546 (4t)
2503 1475 2664 1528 etiam
2701 1487 2823 1527 cum
2868 1479 3187 1539 corruptum
3235 1469 3397 1523 fuerit
3439 1484 3614 1538 corpus
3634 1469 3706 1524 hu-

2193 1584 2435 1632 manum,
2485 1565 2780 1620 subsistere
2829 1578 3044 1617 rursum
3083 1572 3264 1632 potest
3294 1561 3388 1616 Dei
3423 1562 3601 1616 virtute
3621 1577 3705 1616 ser-

2193 1669 2376 1713 vatum
2407 1667 2465 1713 et
2508 1655 2843 1711 custoditum
2891 1668 3062 1723 usque
3104 1657 3172 1708 ad
3216 1652 3608 1708 resurrectionis
3627 1667 3706 1706 sua

2194 1761 2425 1819 tempus.
2455 1747 2607 1815 Quod
2639 1756 2822 1801 autem
2866 1747 3180 1815 ubicunque
3231 1743 3395 1798 fuerit
3423 1743 3704 1808 restituatur,

2195 1844 2248 1896 id
2294 1851 2379 1897 est
2413 1841 2527 1913 (49.)
2579 1841 2647 1896 ab
2681 1839 2830 1908 omni
2884 1843 2937 1894 in
2971 1854 3078 1909 quo
3115 1837 3354 1906 jacuerit
3402 1837 3530 1901 loco,
3575 1837 3630 1890 ita
3651 1837 3706 1889 ait

503 1933 639 1987 Cum
680 1933 826 1987 enim
875 1932 1165 1988 manifeste
1196 1935 1528 1990 ostendisset
1581 1937 1705 2005 quia
1752 1939 1948 2000 mortui
2002 1953 2088 1993 re-
2121 1930 2162 1984 Β
2191 1933 2429 1989 Joannes
2455 1933 2505 1986 in
2532 1931 2887 1987 Revelatione
2910 1945 3006 1986 sua
3043 1947 3054 1984 :
3084 1927 3153 1982 Et
3189 1927 3421 1983 reddidit
3449 1942 3580 1981 mare
3611 1942 3707 1980 mor-

505 2033 761 2095 surgunt,
795 2035 848 2080 et
882 2035 1091 2080 certum
1125 2036 1271 2080 esset
1297 2027 1440 2096 quod
1473 2027 1724 2083 Salvator
1751 2040 1935 2085 noster
1966 2046 2087 2086 cum

503 2115 626 2186 ipso
657 2132 888 2187 corpore
922 2119 1224 2173 resurrexit
1258 2120 1403 2188 quod
1440 2130 1757 2190 susceperat
1788 2137 1856 2177 ex
1897 2121 2084 2184 Maria,

504 2223 611 2264 non
646 2219 824 2264 autem
859 2211 996 2265 satis
1025 2211 1230 2264 clarum
1264 2219 1412 2266 esset
1441 2213 1714 2281 quomodo
1750 2225 2089 2269 resurrectu-

501 2297 547 2353 ri
572 2309 756 2354 essent
778 2301 982 2365 caeteri,
1009 2299 1092 2355 vel
1121 2299 1282 2370 quale
1311 2315 1512 2372 corpus
1543 2304 1778 2358 habituri
1815 2321 1826 2357 :
1863 2320 2086 2376 compa-

502 2399 593 2446 rat
642 2393 1101 2448 resurrectionem
1138 2393 1442 2450 seminibus
1495 2411 1614 2464 quae
1651 2397 1992 2452 seminantur
2034 2398 2089 2452 in

505 2492 733 2548 terram,
765 2494 980 2554 utputa,
1015 2500 1185 2554 grano
1222 2486 1509 2552 frumenti,
1555 2491 1698 2558 quod
1726 2504 1846 2543 cum
1875 2491 2089 2544 cecide-

503 2574 579 2628 rit
609 2573 662 2627 in
691 2584 914 2640 terram,
956 2578 1326 2646 corrumpitur
1358 2593 1373 2631 :
1407 2579 1501 2633 sed
1555 2579 1781 2634 rationis
1809 2578 1953 2634 illius
1979 2581 2090 2634 vir-

504 2672 594 2717 tus
617 2661 729 2734 (58)
754 2677 873 2732 qua:
904 2673 987 2719 est
1025 2664 1190 2720 insita
1236 2667 1292 2720 in
1325 2666 1675 2722 interioribus
1723 2667 1843 2737 ejus
1879 2669 2087 2722 medul-

503 2751 594 2818 lis,
649 2753 764 2824 ipsa
795 2755 1026 2811 rationis
1051 2757 1228 2812 virtus
1261 2767 1541 2828 assumpta
1591 2759 1931 2829 adjacentem
1984 2761 2088 2816 sibi

503 2854 731 2912 terram,
767 2846 852 2902 vel
901 2862 1054 2918 aqua:
1084 2849 1392 2915 humorem,
1446 2850 1540 2905 sed
1575 2860 1631 2906 et
1663 2851 1808 2905 aeris
1847 2850 2088 2906 circum-

505 2947 742 2994 stantem
799 2941 1155 3010 temperiem,
1217 2942 1414 2998 caloris
1470 2957 1687 3013 quoque
1731 2944 2086 3000 sullicientem

505 3033 778 3102 recipiens
824 3033 1092 3098 fomitem,
1123 3033 1234 3105 (39)
1266 3049 1363 3103 per
1391 3034 1628 3090 divinam
1680 3038 1978 3105 potentiam
2033 3041 2087 3094 in

505 3139 704 3192 corpus
729 3125 892 3180 culmi
927 3127 1008 3180 vel
1045 3127 1209 3194 spica:
1234 3130 1556 3198 consurgit;
1606 3139 1661 3184 et
1695 3131 1798 3185 hoc
1824 3139 1910 3186 est
1944 3133 2088 3197 quod

506 3212 680 3267 dicit:
716 3212 793 3267 Tu
827 3215 970 3285 quod
999 3217 1226 3272 seminus
1273 3233 1376 3270 non
1428 3218 1743 3287 viviﬁcatur,
1801 3221 1903 3274 nisi
1939 3222 2088 3289 prius

2193 2038 2308 2080 tuos
2340 2041 2468 2096 quos
2495 2024 2713 2078 habebat
2745 2023 2800 2078 in
2846 2039 2924 2088 se,
2968 2033 3018 2077 et
3062 2037 3204 2076 mors
3230 2031 3278 2075 et
3307 2021 3504 2089 inferas
3525 2018 3707 2073 reddide-

2195 2129 2316 2172 runt
2345 2130 2580 2172 mortuos
2605 2132 2726 2170 suos
2749 2117 2840 2187 qui
2869 2123 3019 2170 erant
3052 2114 3108 2168 in
3133 2113 3208 2168 eis
3243 2113 3312 2169 ³⁸.
3337 2111 3494 2167 Forte
3518 2111 3652 2177 enim,
3669 2119 3708 2164 ut

2190 2224 2288 2280 ego
2330 2219 2480 2280 puto,
2531 2222 2682 2263 mare
2721 2207 2812 2272 hic
2854 2220 2952 2276 pro
2984 2205 3208 2261 humido
3261 2205 3412 2260 omni
3441 2203 3707 2274 appellatum

2190 2312 2276 2357 est
2298 2301 2593 2366 elemento;
2649 2281 2776 2370 (45)
2810 2297 2969 2352 interi
3019 2308 3204 2352 autem
3251 2311 3354 2366 pro
3399 2310 3548 2362 aere;
3601 2307 3708 2347 mors

2190 2406 2320 2448 vero
2347 2407 2446 2461 pro
2475 2389 2642 2446 te'rra.
2680 2389 2846 2456 Quasi
2887 2387 3180 2458 quamdam
3217 2401 3456 2456 namque
3493 2386 3710 2454 cognatio-

2193 2499 2314 2540 nem
2348 2485 2432 2539 his
2486 2483 2626 2538 inter
2655 2495 2714 2536 se
2757 2481 2990 2536 invicem
3040 2479 3391 2546 habentibus,
3439 2492 3611 2546 corpus
3646 2490 3710 2530 no-

2190 2587 2361 2632 strum
2416 2577 2680 2646 pulverem
2725 2575 2908 2629 mortis
2935 2574 2978 2606 ⁸⁷
3012 2583 3172 2630 vocat
3215 2572 3514 2642 Scriptura,
3547 2571 3616 2624 vel
3636 2579 3710 2622 ter-

2193 2687 2307 2723 ram
2349 2670 2417 2735 ³⁸,
2473 2669 2556 2724 vel
2607 2649 2796 2738 corpus
2847 2668 3034 2722 mortis
3065 2667 3131 2722 ³⁸.
3185 2664 3332 2721 Sane
3390 2663 3554 2734 qualis
3593 2660 3712 2715 fuerit

2193 2763 2616 2833 uniuscujusque
2649 2760 2987 2832 praeparatio'
3015 2760 3068 2814 in
3109 2759 3214 2814 hac
3251 2760 3385 2826 vita,
3429 2756 3542 2812 talis
3576 2755 3658 2809 erit
3675 2761 3712 2806 et

2194 2853 2526 2909 resurrectio
2573 2853 2710 2923 ejus.
2747 2851 2851 2920 Qui
2878 2850 2992 2922 (44)
3021 2851 3235 2906 beatius
3287 2850 3378 2904 hic
3405 2845 3598 2909 vixerit,
3629 2855 3713 2898 cor-

2191 2963 2294 3017 pus
2317 2947 2435 3016 ejus
2487 2948 2540 3002 in
2593 2947 2999 3002 resurreCtione
3032 2943 3306 3001 diviniore
3355 2939 3617 3011 splendore
3642 2931 3712 2988 lul-

2193 3041 2358 3110 gebit,
2394 3049 2449 3095 et
2483 3049 2608 3111 apta
2645 3040 2694 3094 ei
2729 3040 2941 3094 mansio
2986 3039 3276 3093 beatorum
3331 3035 3582 3088 tribuetur
3608 3030 3713 3081 Ioco-

2196 3147 2336 3188 rum.
2375 3130 2511 3185 l‘luic
2543 3145 2670 3186 vero
2709 3130 2803 3200 qui
2840 3130 2893 3184 in
2936 3128 3143 3183 malitia
3193 3122 3530 3192 consumpsit
3557 3129 3712 3186 tempus

2193 3225 2294 3280 sibi
2329 3225 2452 3278 vita:
2499 3222 2786 3293 praesentis
2839 3221 3128 3284 indultum,
3173 3217 3283 3272 tale
3333 3214 3539 3269 dabitur
3569 3219 3714 3274 corpus

505 3307 770 3360 moriatur
797 3325 815 3362 :
843 3319 892 3362 et
920 3311 1060 3379 quod
1102 3310 1354 3375 seminas,
1385 3325 1488 3363 non
1530 3285 1718 3380 corpus
1768 3315 1906 3382 quod
1939 3285 2089 3382 'futu-
2117 3285 2160 3342 θ
2196 3318 2337 3386 quod
2364 3285 2614 3370 sullicere
2647 3323 2702 3370 et
2727 3315 3024 3384 perdurare
3054 3310 3166 3382 (45)
3204 3303 3568 3364 tantummodo
3592 3298 3714 3373 possit

507 3415 625 3454 rum
663 3411 738 3453 est
766 3401 1015 3454 seminus.
1068 3401 1211 3471 Ergo
1263 3403 1364 3456 hoc
1396 3400 1507 3472 (40)
1545 3403 1688 3471 quod
1733 3405 1880 3458 cadit
1924 3415 1981 3459 ut
2005 3421 2090 3461 se-

507 3507 632 3546 men
673 3491 728 3545 in
766 3500 966 3546 terram
1017 3508 1216 3562 corpus
1271 3502 1543 3557 nostrum,
1593 3506 1966 3565 comparatum
2007 3509 2090 3555 est

507 3597 678 3653 grano
705 3581 979 3638 frumenti.
1021 3603 1039 3635 ι

580 3674 907 3730 Pupatws.
941 3677 1008 3730 Et
1038 3677 1263 3732 assertis
1293 3678 1378 3733 bis
1413 3692 1509 3746 per
1552 3677 1924 3748 hujuscemodi
1959 3697 2089 3738 con-

508 3768 872 3834 sequentiam,
901 3777 1022 3838 post
1053 3784 1224 3838 pauca
1261 3770 1412 3825 addit
1443 3771 1606 3825 etiam
1639 3771 1775 3825 haec.

579 3858 871 3917 Ontcstvus.
908 3880 928 3914 ‹
965 3861 1117 3928 Quod
1164 3872 1344 3918 autem
1392 3865 1569 3918 omnis
1599 3864 1690 3918 illa
1746 3870 2092 3935 repromissio

508 3954 929 4009 resurrectionis
961 3964 1299 4010 mortuorum
1343 3955 1412 4010 de
1452 3955 1558 4010 hoc
1590 3970 1821 4026 corpore
1849 3959 1922 4012 sit
1948 3961 2090 4029 quod

508 4052 780 4098 mortuum
810 4043 1154 4116 relinquitur,
1185 4056 1389 4102 sanctae
1426 4046 1723 4116 Scriptura:
1755 4050 1938 4104 multis
1973 4066 2091 4106 mo-

580 4157 682 4231 st!
709 4158 834 4231 Cor.
856 4176 959 4231 ἓν,
989 4160 1177 4216 55-58.
1254 4162 1298 4193 ³⁸
1320 4161 1528 4216 Coloss.
1563 4180 1597 4224 ι,
1632 4161 1735 4228 i8;
1765 4163 1990 4229 Apocal.
2030 4182 2068 4231 l,
2100 4167 2155 4223 5.

508 4242 589 4294 Ill,
619 4227 707 4284 l9.
786 4230 829 4262 ’9
855 4228 1013 4285 Itoni.
1049 4247 1142 4298 vu,
1169 4232 1262 4288 ει.
1339 4232 1384 4263 ⁴⁰
1415 4233 1433 4286 l
1465 4232 1591 4288 Cor.
1626 4227 1727 4298 xv,
1749 4227 1839 4287 59.

583 4342 696 4413 (36)
742 4345 906 4412 Editi,
950 4346 1080 4401 Post
1114 4350 1452 4403 assertionem
1497 4351 1634 4403 enim
1693 4349 2092 4403 resurrectionis

507 4423 859 4496 mortuorum,
900 4434 1019 4496 cum
1043 4421 1422 4486 proposuisset,
1449 4431 1555 4496 etc.
1596 4418 1799 4496 Omnes
1834 4434 1965 4473 mss.
1992 4436 2090 4472 no-

509 4487 900 4558 stri_omi_ttunt
923 4488 1085 4551 enim,
1117 4500 1240 4558 post
1277 4491 1622 4543 assertionem
1648 4503 1667 4542 :
1708 4491 1801 4544 sed
1827 4505 1952 4543 mox
1986 4503 2086 4542 ms.

512 4552 848 4626 _S_orb0nicus
888 4556 1071 4620 habet,
1117 4552 1276 4612 'Nam
1319 4577 1436 4612 cum
1484 4561 1859 4626 proposuisset.
1906 4560 2088 4614 Codex

2197 3411 2250 3464 in
2279 3408 2472 3479 ptenis.
2525 3406 2594 3462 Et
2638 3407 2876 3462 arbitror
2925 3405 3068 3474 quod
3104 3403 3246 3458 hanc
3288 3397 3620 3456 ditiereutiam
3652 3407 3716 3444 vo-

2195 3503 2311 3556 lens
2357 3501 2649 3556 ostendere
2698 3498 2896 3553 Paulus
2935 3495 3248 3566 apostolus,
3295 3493 3425 3548 dicit
3456 3509 3467 3543 :
3497 3490 3602 3542 Alia
3629 3498 3715 3539 caro

2198 3593 2530 3656 animalium,
2567 3591 2673 3645 alia
2703 3589 2994 3652 volucrum,
3027 3587 3135 3641 alia
3156 3586 3380 3655 piscium
3405 3582 3471 3646 ⁸ο,
3495 3587 3544 3634 et
3569 3585 3716 3632 cetera

2192 3700 2313 3754 qua:
2341 3684 2680 3740 enumeravit
2725 3680 3038 3750 Apostolus.
3091 3679 3197 3735 Sed
3241 3677 3389 3731 sicut
3418 3687 3517 3727 non
3555 3675 3623 3724 est
3648 3679 3716 3734 pn-

2192 3777 2416 3831 tandum
2450 3775 2592 3844 quod
2621 3774 2937 3828 animalium
2969 3785 3168 3842 corpus
3200 3778 3520 3838 accepturus
3545 3762 3606 3819 sit
3627 3770 3716 3828 pec-

2193 3881 2366 3931 cator,
2398 3865 2514 3937 (46)
2550 3875 2646 3921 aut
2692 3865 2952 3928 volucris,
3004 3873 3099 3917 aut
3146 3860 3416 3932 piscium;
3469 3857 3543 3912 sic
3587 3859 3717 3918 neque

2195 3960 2350 4023 solis,
2381 3970 2473 4014 aut
2505 3960 2668 4023 lunae,
2711 3967 2805 4012 aut
2832 3955 3116 4013 stellarum
3167 3952 3494 4024 sperandum
3521 3957 3592 4002 est
3614 3941 3716 3998 scci-

2195 4067 2327 4121 pere
2357 4067 2449 4108 eos
2493 4051 2583 4122 qui
2631 4058 2922 4116 resurgunt
2972 4050 3026 4103 in
3080 4047 3353 4114 gloriam:
3411 4041 3500 4098 sed
3535 4029 3718 4102 exempli

2248 4167 2540 4237 “Appeal.
2572 4181 2665 4232 xx,
2727 4164 2814 4219 15.
2927 4163 2972 4194 ³⁷
3022 4161 3164 4218 Psal.
3224 4176 3344 4226 xxi,
3393 4155 3475 4212 l6.
3562 4147 3716 4204 "Gen.

2201 4364 2292 4416 per
2354 4347 2658 4416 hujusmodi
2704 4353 3162 4416 consequentiam,
3187 4352 3302 4412 post
3358 4357 3522 4410 pauca
3557 4325 3718 4390 addidi‘

2193 4413 2349 4472 etiam
2378 4413 2510 4470 hinc.
2541 4417 2648 4471 Sed
2681 4413 2879 4470 omnes
2897 4431 3031 4470 mss.
3068 4423 3123 4466 ut
3151 4413 3202 4466 in
3231 4423 3406 4467 textu.

2167 4535 2183 4559 π,
2266 4487 2379 4559 (41)
2415 4489 2488 4540 Ita
2521 4503 2651 4559 mss.
2686 4487 2880 4559 nostri.
2910 4485 3052 4559 Editi
3086 4499 3214 4538 vero
3243 4497 3544 4553 perperam,
3579 4477 3719 4559 etiam:

2193 4563 2240 4612 si
2273 4555 2581 4624 corruptum
2614 4557 2772 4625 fuerit
2811 4571 2973 4626 genus
3001 4555 3291 4607 humanum
3409 4556 3718 4606 conservatum

507 4621 884 4700 Vallis-Clarae
908 4665 924 4691 ,
957 4626 1076 4700 Qui
1120 4645 1240 4700 eum
1289 4621 1686 4700 proposuisset;
1721 4630 1901 4683 cazteri
1954 4643 2084 4682 mss.
2121 4627 2238 4700 σει
2269 4621 2624 4700 custoditum,
2653 4640 2758 4681 etc.

509 4694 767 4763 omittunt
801 4693 966 4758 Nam,
997 4697 1079 4750 vel
1112 4697 1238 4763 Qui.
1266 4693 1470 4753 Deinde
1496 4714 1626 4753 mss.
1659 4699 1992 4754 Sorbonicus
2035 4709 2088 4752 et

509 4761 792 4839 MontisAS.
823 4761 1144 4839 Michaelis,
1172 4767 1274 4822 Sed
1299 4770 1437 4823 dicet
1470 4770 1682 4839 aliquis.
1713 4769 1905 4824 Castori
1937 4784 2085 4836 vero,

507 4843 565 4888 et
595 4835 724 4888 editi
755 4843 813 4888 ut
839 4835 890 4888 in
921 4846 1092 4889 textu.

582 4903 814 4980 (57)_lta
861 4921 991 4980 mss.
1027 4907 1271 4980 plerique
1302 4927 1314 4962 :
1343 4918 1398 4964 et
1445 4910 1516 4963 ita
1563 4909 1849 4980 legendum
1875 4909 2092 4964 videtur

504 4976 662 5051 juxta
685 4974 904 5051 Grazcos
928 4974 1222 5051 Scripturae
1249 4994 1418 5051 sacra:
1444 4974 1682 5044 codices,
1709 4996 1940 5051 quorum
1975 4981 2088 5048 ple-

509 5045 670 5118 rique
700 5045 898 5118 habent
928 5046 1199 5118 ijOélrjcrs.
1237 5047 1430 5104 Caneri
1457 5067 1588 5106 mss.
1632 5061 1688 5104 et
1715 5045 1842 5104 editi
1871 5068 1885 5115 ;
1935 5045 2091 5118 prout

509 5116 643 5176 vult,
675 5117 746 5170 al.
777 5115 964 5172 Griece
993 5115 1154 5171 θέλὲι.
1190 5117 1313 5173 Mox
1361 5123 1525 5186 editi,
1561 5121 1695 5175 Cum
1732 5123 1871 5174 enim
1915 5115 2089 5173 mani-

513 5185 861 5260 festissime...
888 5199 933 5242 et
961 5199 1161 5260 certum
1183 5199 1316 5244 esset
1345 5185 1541 5260 quia...
1573 5207 1690 5244 cum
1738 5192 1849 5257 ipso
1877 5206 2091 5258 corpore

511 5259 904 5323 resurrexisset,
933 5270 1040 5312 etc.
1073 5259 1178 5314 Sed
1207 5259 1398 5316 omnes
1429 5279 1560 5316 mss.
1589 5273 1645 5316 ut
1673 5261 1728 5314 in
1763 5270 1936 5314 textu.

582 5325 696 5399 (38)
736 5327 887 5394 Quaa,
929 5330 1200 5384 omittitur
1251 5333 1304 5386 in
1353 5333 1536 5399 editis,
1583 5343 1638 5388 et
1689 5331 1992 5387 restituitur
2025 5346 2091 5386 ex

509 5398 762 5453 Omnibus
795 5415 924 5456 mss.

583 5466 696 5544 (59)
738 5469 902 5544 βαίη,
958 5487 1052 5538 per
1101 5471 1333 5525 diuinam
1383 5474 1672 5544 potentiam
1729 5483 2093 5544 cooperantem

511 5538 672 5588 culmi
697 5539 775 5591 vel
807 5541 964 5614 spica:
992 5554 1335 5612 consurgunt.
1381 5538 1480 5598 Ms.
1524 5543 1760 5614 Regius,
1817 5538 1911 5614 per
1960 5543 2096 5614 divi-

511 5621 636 5685 nam
662 5611 946 5675 potentiam
975 5611 1344 5685 corpusculum
1372 5619 1452 5668 vel
1477 5611 1634 5680 spica}
1660 5613 1950 5680 consurgit.
1981 5613 2096 5667 Ca:-

515 5683 616 5727 teri
646 5692 777 5730 mss.
809 5691 958 5734 recte
983 5691 1042 5734 ut
1079 5683 1130 5734 in
1171 5695 1356 5737 nostro
1391 5694 1562 5738 textu.

521 5813 532 5822 .
585 5744 700 5813 (40)
734 5747 825 5802 Sic
857 5765 961 5803 ms.
1009 5766 1166 5805 unus.
1205 5754 1399 5808 Caeteri
1439 5769 1569 5808 vero
1599 5770 1755 5816 mss.,
1783 5752 1924 5822 quod
1949 5753 2094 5805 cadit

513 5829 573 5867 tn
599 5830 774 5873 semen
801 5833 988 5888 corpus
1020 5832 1278 5878 nostrum.
1313 5824 1480 5889 Editi,
1515 5825 1657 5890 quod
1708 5827 1847 5877 cadit
1877 5825 1931 5876 in
1989 5834 2095 5876 ter-

514 5902 629 5947 ram
653 5901 841 5965 corpus
895 5900 1154 5948 nostrum.
1207 5893 1406 5953 Deinde
1461 5896 1613 5960 editi,
1674 5893 1740 5949 Et
1773 5895 1986 5950 assertis
2012 5894 2092 5951 his

2265 4699 2376 4772 (4⁸2)
2423 4687 2614 4772 Εάίιίξ
2669 4701 2734 4751 ab
2783 4699 2924 4754 omni
2972 4697 3088 4751 loco
3135 4696 3188 4750 in
3236 4707 3539 4766 quocunque
3580 4687 3716 4757 fuerit.

2195 4768 2322 4824 MSS.
2358 4768 2413 4821 iit
2443 4769 2494 4821 in
2524 4778 2693 4824 textu.

2265 4840 2380 4910 (43)
2420 4841 2714 4907 Perperam
2759 4837 2914 4903 editi,
2967 4837 3204 4906 infernus
3259 4845 3430 4910 autem
3473 4847 3560 4902 pro
3591 4837 3718 4910 ,σατις

2193 4908 2334 4964 mors
2361 4908 2480 4963 vero
2528 4925 2621 4977 pro
2666 4917 2850 4962 terra:
2885 4911 3038 4976 quasi
3085 4908 3371 4976 quamdam
3411 4908 3716 4977 cognatique!!!

2197 4979 2290 5051 [aL
2326 4968 2718 5050 cogitationem]
2764 4981 2848 5032 Itis
2893 4968 3121 5051 interse
3176 4979 3397 5051 invicem
3444 4968 3715 5051 habentibus.

2195 5047 2404 5117 Corpus
2419 5051 2556 5104 enim
2587 5047 2849 5116 puluerem
2895 5049 3106 5116 mortis,
3155 5058 3263 5102 etc.
3295 5047 3400 5102 Sed
3425 5055 3597 5101 omnes
3620 5048 3716 5091 mss.

2196 5123 2366 5175 nostri
2405 5131 2462 5175 ut
2497 5120 2549 5172 iu
2579 5129 2748 5172 textu.

2267 5193 2379 5264 (44)
2417 5191 2583 5256 Editi,
2635 5189 2843 5245 beatus.
2893 5189 3084 5244 Melius
3133 5203 3262 5244 mss.
3326 5187 3493 5242 nostri
3551 5189 3718 5238 omnes,

2197 5261 2414 5316 beatius.
3623 5320 3633 5324 -
3685 5314 3694 5324 .

2267 5333 2379 5403 (45)
2410 5331 2795 5385 Tantummodo
2833 5330 3105 5386 omittitur
3138 5333 3191 5388 in
3239 5329 3418 5394 editis,
3447 5337 3496 5382 et
3526 5320 3719 5378 restitui-

2197 5415 2286 5458 tur
2306 5420 2371 5456 ex
2399 5419 2528 5456 mss.

2268 5474 2380 5542 (46)
2420 5474 2582 5534 Editi,
2609 5481 2702 5524 aut
2742 5475 3032 5539 volucrum,
3076 5483 3166 5526 aut
3205 5467 3556 5539 piscium:sic
3596 5467 3720 5542 πςιμις

2197 5532 2471 5608 δοι’ἱδ,ἀιιι
2515 5532 2677 5607 lunte,
2711 5554 2804 5596 aut
2846 5532 3122 5598 stellarum
3173 5532 3398 5610 formam
3451 5532 3717 5610 sperandum

2197 5625 2272 5686 est
2297 5615 2530 5680 accipere
2559 5631 2645 5667 eos
2676 5613 2766 5680 qui
2814 5627 3079 5686 resurgent
3117 5608 3181 5665 ini
3208 5613 3375 5681 gloria
3407 5625 3424 5663 .‘
3444 5608 3539 5686 sed

2196 5684 2269 5752 pli
2316 5677 2478 5736 causa
2523 5686 2663 5736 dicta
2688 5677 2803 5738 lucc
2857 5686 2922 5736 ab
2963 5677 3240 5753 'Apostola',
3275 5690 3382 5738 elc.
3441 5677 3718 5754 Sed-onme

2199 5739 2331 5807 'mss.
2366 5764 2423 5808 ut
2463 5754 2516 5807 in
2543 5763 2727 5808 nostro
2757 5763 2929 5821 textu,
2977 5739 3077 5809 nisi
3111 5739 3255 5822 quod
3309 5767 3411 5807 ms.
3449 5746 3623 5815 Regius
3643 5739 3716 5822 ita;

2200 5823 2362 5887 beat,
2399 5833 2490 5876 aut
2539 5824 2812 5877 stellarum
2837 5816 3155 5892 sperandum
3188 5833 3262 5878 est
3306 5822 3528 5894 accipere
3552 5825 3626 5869 eos
3649 5816 3715 5876 (1⁸⁸

2202 5895 2597 5952 resurrectionis
2623 5893 2846 5966 gloriam
2879 5897 3170 5954 attendunt.
3272 5897 3281 5900 ’
