3866 6562
236 420 346 478 597

1350 475 1355 479 .
1430 427 1774 486 APOLOGIA
1810 427 1948 484 PRO
1986 428 2305 484 ORIGENE.

235 542 418 609 gratia
447 541 592 597 dicta
627 557 746 599 esse
772 545 888 599 haec
929 542 999 599 ab
1025 543 1287 614 Apostolo
1321 547 1664 601 sentiendum
1716 557 1821 609 est,
1852 554 1897 608 Α
1928 547 2244 602 adversario
2283 553 2503 616 possent
2544 544 2830 599 adversum
2862 544 3162 601 contrarias
3206 553 3370 616 atque
3398 548 3502 601 ini-

233 643 303 689 lst
333 635 649 705 designetur
674 651 772 706 per
819 640 937 694 haec
994 639 1137 708 quod
1166 640 1259 693 alii
1317 653 1416 708 pro
1467 640 1677 695 meritis
1707 644 1821 696 suis

232 723 679 783 honorabiliores
725 738 781 783 et
828 729 1095 786 clariores
1125 740 1306 796 erunt,
1340 732 1582 786 beatiora
1608 747 1822 801 quoque

234 819 553 875 habitacula
584 824 830 889 sortituri
864 840 881 877 :
911 823 1141 879 aliorum
1170 840 1299 881 vero
1329 825 1740 896 indignissimus
1766 836 1820 882 et

228 911 644 978 abiectissimus
672 929 772 983 pro
808 926 1084 983 gestorum
1110 918 1318 972 scelere
1363 917 1470 989 erit
1495 926 1688 982 status,
1724 918 1818 988 qui

230 1003 407 1058 etiam
434 1006 601 1061 mutis
635 1006 961 1063 animalibus
997 1009 1192 1080 dignus
1219 1011 1287 1065 sit
1313 1012 1639 1079 comparari.
1683 1029 1704 1063 ι

306 1094 638 1152 ΡΑινιιιιυε.
667 1096 847 1154 Pauca
890 1100 1005 1155 haec
1033 1104 1100 1155 ad
1144 1101 1512 1157 testimonium
1548 1106 1815 1160 traximus

224 1190 302 1242 e'x
340 1189 527 1244 multis
555 1197 611 1244 et
655 1189 954 1247 innumeris
978 1207 1097 1262 qua:
1145 1208 1241 1262 per
1270 1190 1637 1262 hujuscemodi
1684 1211 1812 1252 sen-

224 1294 357 1334 sum
410 1282 462 1334 in
492 1282 621 1350 ipsis
669 1281 822 1338 libris
882 1299 1019 1352 quos
1070 1283 1143 1339 De
1194 1286 1574 1341 resurrectione
1600 1287 1810 1354 scribit,

222 1374 501 1442 exposuit.
527 1372 644 1429 Non
677 1385 857 1430 autem
884 1376 1098 1432 videtur
1123 1376 1417 1433 absurdum
1455 1379 1522 1433 ad
1553 1380 1811 1450 majorem

223 1461 663 1518 satisfactionem
686 1465 851 1520 etiam
884 1466 951 1521 de
971 1466 1199 1537 reliquis
1227 1467 1343 1536 ejus
1365 1468 1518 1524 libris
1540 1484 1811 1525 consonas

222 1555 321 1610 his
356 1555 441 1610 vel
488 1569 694 1625 paucas
747 1556 1006 1616 adhibere
1059 1560 1379 1614 sententias.
1426 1559 1483 1614 lu
1548 1562 1807 1617 vicesimo

218 1646 405 1717 igitur
453 1656 509 1704 et
553 1659 745 1706 octavo
792 1649 934 1706 libro
983 1652 1047 1705 de
1102 1653 1237 1707 lsaia
1282 1655 1540 1723 propheta
1568 1696 1584 1721 ,
1618 1655 1683 1709 de
1717 1656 1807 1710 illo

213 1737 470 1808 capitulo
495 1741 763 1806 scribens,
805 1741 861 1796 in
913 1756 1024 1812 quo
1052 1744 1252 1798 dicitur
1286 1760 1300 1795 :
1336 1742 1806 1800 Resuscitabuntur

212 1830 445 1899 mortui,
488 1841 536 1885 et
576 1844 851 1901 resurgent
878 1834 935 1888 lii
958 1835 1048 1906 qui
1076 1836 1130 1890 in
1173 1838 1427 1906 sepulcris
1464 1848 1583 1893 sunt
1607 1838 1683 1907 ";
1726 1839 1799 1895 ita

287 2035 580 2095 OanENES.
645 2038 759 2110 (47)
806 2038 1038 2097 «Melius
1097 2052 1181 2097 est
1234 2056 1364 2115 ergo
1412 2044 1601 2101 dicere
1653 2046 1797 2116 quod

207 2140 409 2183 omnes
452 2128 669 2198 quidem
707 2146 1052 2201 resurgemus
1082 2133 1152 2201 δ’,
1190 2142 1247 2188 ut
1286 2146 1343 2190 et
1388 2135 1538 2207 impii
1578 2138 1797 2192 veniant

210 2217 271 2271 in
317 2218 469 2274 illum
509 2219 684 2275 locum
721 2222 808 2278 tibi
832 2222 989 2280 ﬂetus
1018 2234 1104 2280 est
1133 2235 1187 2281 et
1219 2227 1421 2282 stridor
1448 2229 1689 2284 dentium
1725 2230 1791 2295 ",

206 2308 331 2379 (48)
362 2318 417 2366 et
446 2311 534 2367 ubi
575 2312 709 2382 justi
742 2315 1003 2384 recipient
1048 2318 1422 2388 unusquisque
1468 2320 1522 2373 in
1566 2335 1666 2376 suo
1696 2337 1791 2375 or-

202 2402 342 2457 dine
373 2404 667 2459 secundum
720 2408 973 2462 meritum
1021 2408 1287 2464 bonorum
1335 2421 1610 2481 gestorum
1666 2427 1793 2469 suo-

202 2509 355 2559 rum,
401 2510 525 2549 cum
577 2496 1061 2554 trausformabitur
1108 2516 1305 2569 corpus
1350 2504 1673 2560 humilitatis
1695 2520 1791 2561 eo-

200 2601 358 2651 rum,
394 2597 452 2640 ut
497 2587 570 2642 sit
602 2588 881 2646 conforme
940 2594 1187 2661 corporis
1235 2594 1420 2665 gloria
1463 2595 1781 2651 Christi“:

198 2674 500 2755 (49)(1υοά
544 2680 873 2737 seminatum
925 2686 1145 2753 quidem
1186 2697 1272 2742 est
1316 2687 1371 2741 in
1415 2690 1787 2760 corruptione,

194 2779 392 2837 surget
418 2785 546 2825 vero
581 2772 636 2826 in
669 2773 1078 2845 incorruptione
1106 2796 1120 2831 :
1147 2778 1291 2848 quod
1334 2781 1660 2836 seminatum
1705 2792 1789 2839 est

196 2859 257 2914 in
301 2860 621 2929 ignominia,
668 2875 856 2936 surget
899 2867 953 2921 in
993 2868 1210 2938 gloria:
1260 2873 1402 2940 quod
1457 2876 1783 2931 seminatum

192 2961 287 3008 est
315 2952 371 3005 in
399 2953 737 3021 infirmitate,
767 2970 954 3028 surget
986 2960 1040 3015 in
1074 2961 1279 3019 virtute
1307 2964 1376 3032 ",
1423 2970 1783 3023 resurrectio-

192 3047 287 3102 nis
334 3046 543 3103 scilicet
583 3058 825 3121 tempore
853 3068 869 3106 :
898 3061 953 3106 et
994 3056 1137 3124 quod
1176 3057 1502 3113 seminatum
1535 3068 1620 3114 est
1661 3075 1783 3115 cor-

190 3152 307 3208 pus
356 3139 612 3205 animale,
656 3152 841 3213 surget
870 3154 1050 3199 autem
1081 3162 1279 3217 corpus
1326 3150 1593 3218 spiritale.
1631 3151 1780 3207 Licet

190 3245 334 3299 ergo
376 3246 565 3287 omnes
600 3246 905 3305 resurgant,
958 3248 1013 3292 et
1052 3241 1415 3311 unusquisque
1457 3243 1511 3296 in
1552 3260 1647 3298 suo
1687 3260 1779 3298 or-

187 3324 327 3378 dine
358 3324 406 3355 “
431 3338 699 3397 resurgat,
736 3331 1192 3388 considerandum
1221 3343 1304 3390 est
1333 3345 1512 3391 tamen
1557 3346 1780 3409 pr0pter

186 3412 352 3470 illum
379 3431 685 3473 sermonem
716 3418 943 3476 Joannis
965 3462 981 3489 ,
1015 3439 1174 3495 quem
1210 3426 1261 3481 in
1296 3426 1651 3486 Revelatione
1680 3447 1777 3487 sua

186 3506 331 3562 dicit
362 3523 376 3559 :
415 3506 613 3564 Beatus
634 3512 723 3580 qui
752 3513 907 3567 habet
942 3527 1143 3581 partem
1172 3518 1227 3572 in
1269 3523 1646 3577 resurrectione
1668 3510 1778 3593 pri-

184 3615 304 3665 ma,
342 3600 398 3654 in
435 3600 534 3654 hoc
566 3605 804 3656 secunda
836 3620 978 3659 mors
1019 3622 1122 3661 non
1148 3609 1303 3663 habet
1342 3621 1651 3679 potestatem
1679 3616 1724 3646 "
1759 3632 1772 3668 :

184 3708 264 3747 ne
291 3692 434 3748 forte
467 3694 631 3750 dividi
665 3697 834 3765 possit
860 3699 1039 3754 omnis
1091 3702 1511 3759 resurrectionis
1541 3706 1681 3760 ratio
1721 3706 1774 3760 in

182 3783 333 3839 duas
359 3794 543 3853 partes
569 3804 583 3839 :
612 3786 663 3840 id
692 3797 778 3843 est
829 3788 881 3842 in
914 3803 1009 3845 eos
1030 3791 1124 3859 qui
1146 3792 1393 3849 salvandi
1421 3807 1551 3851 sunt
1573 3798 1771 3866 justos,

184 3885 246 3929 et
278 3876 531 3931 etiamin
560 3892 654 3933 eos
683 3881 775 3947 qui
813 3883 1093 3936 cruciandi
1148 3897 1277 3940 sunt
1316 3898 1633 3957 peccatores
1668 3909 1683 3945 :
1717 3902 1773 3946 ut

178 3969 263 4024 sit
293 3984 400 4022 una
453 3969 669 4038 quidem
707 3972 998 4039 honorum,
1037 3990 1156 4044 quae
1187 3977 1391 4033 dicitur
1430 3983 1642 4050 prima;
1681 3984 1771 4038 illa

178 4073 322 4114 vero
352 4075 472 4129 quae
500 4068 588 4115 est
617 4061 963 4130 miserorum,
996 4068 1231 4122 secunda
1258 4068 1472 4125 dicatur
1497 4090 1510 4125 :
1544 4083 1595 4128 et
1622 4074 1769 4131 illam

178 4153 410 4222 quidem
462 4153 518 4208 in
565 4157 821 4211 omnibus
862 4172 987 4212 esse
1036 4174 1249 4228 puram,
1300 4161 1551 4230 hilarem,
1607 4168 1770 4224 totius

174 4246 408 4316 plenam
442 4246 676 4315 lzetitiae;
709 4248 855 4302 illam
890 4265 1024 4303 vero
1066 4250 1290 4306 alteram
1325 4261 1489 4308 totam
1533 4259 1764 4327 tristem,

176 4347 359 4393 lotam
401 4341 657 4395 maeroris
686 4341 921 4410 plenam.
969 4350 1024 4396 et
1065 4344 1277 4399 actibus
1329 4361 1393 4400 ac
1427 4347 1546 4402 vita:
1578 4364 1766 4406 eorum

175 4430 408 4501 dignam
443 4431 532 4500 qui
568 4431 621 4486 in
670 4433 921 4502 praesenti
955 4435 1062 4488 vita
1116 4434 1210 4490 Dei
1247 4440 1495 4493 mandata
1523 4448 1766 4497 contem-

174 4523 420 4592 pserint,
449 4529 503 4577 ct
524 4521 717 4590 judicii
743 4522 861 4594 ejus
891 4524 1087 4580 timore
1120 4526 1390 4598 neglecto,
1437 4534 1764 4605 semetipsos

178 4613 515 4669 tradiderint
545 4615 601 4669 in
655 4616 1027 4683 operationem
1082 4619 1248 4674 totius
1309 4621 1668 4681 immunditiaa
1702 4637 1757 4682 et

1902 4627 2094 4684 sthanc
2105 4631 2336 4699 speciem
2349 4644 2468 4697 quae
2481 4644 2622 4684 nunc

173 4705 449 4771 avaritiae,
477 4721 577 4763 nec
600 4722 660 4763 se
693 4722 1000 4778 praeparare
1031 4713 1209 4767 conati
1244 4713 1371 4781 sint,
1412 4726 1468 4771 ut
1504 4719 1759 4776 resistere

245 4893 296 4928 δ’
326 4894 430 4949 lsa.
452 4908 599 4959 xxw,
618 4894 705 4950 19.
784 4896 827 4926 ἰ’
856 4896 870 4949 l
896 4895 1022 4951 Cor.
1048 4912 1133 4954 xv.
1158 4894 1244 4948 51.

172 4963 219 4997 ⁵⁷
247 4965 427 5035 Apoc.
454 4982 548 5031 xx,
582 4966 635 5021 6.
709 4966 755 4999 ⁸⁸
784 4967 805 5020 ι
836 4967 964 5024 Cor.
992 4983 1081 5035 xv,
1108 4967 1201 5021 41.

244 5108 368 5177 (-57)
407 5109 485 5164 Ex
514 5110 611 5165 lib.
642 5127 817 5167 xxviii
848 5113 905 5166 in
932 5111 1157 5167 Isaiam.

243 5179 362 5253 (48)
388 5179 633 5253 Editi,“
647 5181 779 5251 justi
807 5183 893 5235 ubi
919 5184 1190 5249 recipiant,
1218 5189 1322 5236 etc.

246 5249 367 5325 (49)
395 5249 468 5303 Ita
494 5249 735 5306 editiiAt
772 5269 904 5307 mss.
939 5254 1145 5325 nostri,
1168 5253 1307 5325 quod
1336 5252 1625 5325 seminatur
1642 5252 1759 5321 qui-

168 5322 294 5378 dem
342 5322 400 5373 in
436 5325 797 5388 corruptione,
845 5324 1012 5392 surgit
1064 5324 1117 5375 in
1173 5324 1651 5392 incorruptione
1711 5331 1760 5374 et

173 5393 315 5462 quod
346 5392 665 5462 seminatum
693 5403 770 5446 est
797 5390 1051 5459 animale,
1079 5400 1258 5460 surget
1287 5404 1462 5446 autem
1492 5390 1587 5462 [aL
1610 5393 1762 5446 deest

149 5457 377 5577 ﬁnalem]
405 5476 592 5529 corpus
614 5463 873 5529 spiritale.

246 5530 365 5577 (5Ιῆ
402 5530 567 5577 Etlili-
600 5534 845 5577 similiter

246 5530 367 5601 (50)
402 5530 568 5597 Editi,
600 5534 845 5587 similiter
889 5542 938 5587 et
989 5534 1043 5586 in
1072 5532 1273 5586 multis.
1313 5532 1420 5587 Sed
1448 5546 1577 5585 mss.
1612 5542 1670 5587 ut
1705 5533 1758 5587 in

169 5613 349 5660 textu.
417 5602 753 5659 Sorbonicus
808 5614 986 5658 tamen
1046 5606 1247 5657 omittit
1306 5613 1361 5658 et
1403 5602 1673 5668 similiter,
1707 5611 1761 5658 et

166 5676 330 5730 sicut.

104 5733 130 5744 ”
194 5815 207 5826 ι
242 5741 517 5826 (51)]ζξ.
566 5743 899 5826 Sorhonicus
932 5743 1154 5826 omittit,
1183 5759 1360 5826 tneque
1403 5744 1454 5798 in
1502 5743 1755 5826 sepulcris

172 5812 421 5883 depositi.
454 5813 557 5870 Ms.
579 5813 949 5880 Corheiensis,
993 5814 1154 5869 hodie
1182 5815 1241 5871 S.
1274 5812 1537 5868 ‘Germani
1571 5829 1600 5867 a
1628 5812 1756 5869 Pra-

174 5886 243 5945 tis
273 5886 478 5954 habet,
531 5885 622 5957 qui
653 5901 979 5958 nequaquam
1008 5895 1129 5942 sunt
1180 5884 1463 5956 sepultura:
1494 5885 1749 5953 mandati,

1323 4894 1370 4926 ’⁸³
1401 4894 1531 4950 Luc.
1563 4912 1678 4958 xm.
1704 4898 1796 4955 28.

1275 4964 1321 4997 δ’
1353 4966 1485 5019 ibid.
1513 4967 1585 5020 42
1623 4983 1736 5037 seq.
1814 4969 1860 5001 ³⁰
1888 4969 2018 5025 ibid.
2048 4964 2137 5023 45.

1929 636 2097 691 micas
2125 638 2361 692 humano
2405 637 2588 707 generi
2639 645 2954 707 potestates.
3002 637 3264 708 Sepulcra
3318 649 3498 695 autem

1927 739 2264 784 mortuorum
2288 730 2340 783 in
2368 731 2474 784 hoc
2502 728 2645 795 loco,
2676 727 2789 800 (50)
2814 729 2955 785 sicut
2977 739 3032 784 et
3057 731 3109 784 in
3137 731 3321 785 multis
3353 731 3497 798 aliis,

1922 823 2219 877 secundum
2259 820 2558 876 certiorem
2601 821 3150 896 Scripturzesensum
3186 824 3499 893 accipienda

1921 923 2070 980 sunt,
2097 929 2204 971 non
2236 929 2298 969 ea
2325 915 2498 969 solum
2524 913 2668 983 quae
2689 914 2757 968 ad
2806 913 3199 982 depositionem
3243 917 3498 971 humano-

1919 1022 2040 1062 rum
2063 1021 2352 1076 corporum
2377 1006 2629 1058 videntur
2654 1019 2778 1059 esse
2797 1016 3133 1067 constructa.
3161 1006 3243 1061 vel
3270 1008 3321 1060 iu
3346 1008 3494 1064 saxis

1917 1099 2125 1164 excisa,
2171 1108 2265 1152 aut
2297 1098 2350 1152 in
2387 1105 2586 1151 terram
2616 1095 2852 1162 defossa,
2898 1097 2995 1151 sed
3028 1097 3204 1152 omnis
3260 1098 3411 1154 locus
3437 1098 3490 1153 in

1918 1203 2243 1261 quocunque
2280 1189 2369 1243 vel
2394 1188 2667 1256 integrum
2699 1187 2994 1242 humanum
3029 1203 3248 1256 corpus,
3294 1189 3381 1244 vel
3422 1202 3492 1245 ex

1912 1293 2068 1355 parte
2097 1282 2277 1352 aliqua
2322 1281 2500 1352 jacet;
2552 1280 2765 1334 etiamsi
2830 1281 3049 1333 accidat
3084 1288 3141 1333 ut
3170 1295 3339 1334 unum
3363 1296 3490 1335 cor-

1913 1391 2015 1447 pus
2043 1390 2140 1445 per
2184 1373 2304 1428 loca
2356 1373 2523 1428 multa
2556 1374 2862 1442 dispersum
2909 1372 3002 1437 sit,
3046 1373 3337 1427 absurdum
3379 1385 3487 1428 non

1911 1468 2013 1523 erit
2040 1467 2222 1522 omnia
2280 1480 2341 1520 ea
2390 1465 2506 1521 loca
2540 1466 2594 1519 in
2647 1464 2843 1534 quibus
2871 1479 2999 1533 pars
3030 1464 3209 1535 aliqua
3241 1466 3489 1534 corporis

1902 1559 2068 1630 jacet,
2095 1558 2344 1627 sepulcra
2379 1558 2626 1626 corporis
2654 1557 2771 1627 ejus
2829 1557 2957 1611 dici.
2993 1555 3051 1611 Si
3080 1557 3224 1623 enim
3263 1572 3371 1624 non
3409 1558 3485 1612 ita

1909 1653 2236 1722 accipiamus
2273 1665 2557 1720 resurgere
2586 1651 2653 1705 de
2675 1649 2941 1720 sepulcris
2980 1649 3105 1725 suis
3151 1658 3367 1705 mortuo
3404 1650 3484 1704 di-

1906 1745 2037 1799 vina
2063 1745 2283 1809 virtute,
2315 1743 2406 1812 qui
2450 1756 2794 1811 nequaquam
2837 1751 2965 1796 sunt
2992 1741 3285 1812 sepulturae
3326 1756 3480 1795 man-

1909 1836 2040 1901 dati,
2072 1835 2182 1907 (51)
2217 1849 2393 1904 neque
2424 1835 2477 1888 in
2504 1834 2770 1909 sepulcris
2806 1834 3058 1901 depositi,
3087 1834 3180 1888 sed
3209 1834 3323 1890 sive
3348 1849 3482 1888 nau-

1829 1907 1873 1962 Β
1901 1928 2111 2001 fragiis,
2142 1928 2257 1983 sive
2284 1928 2337 1982 in
2360 1927 2594 1983 desertis
2619 1907 2892 1995 aliquibus
2943 1926 3180 1980 defuncti
3213 1933 3339 1980 sunt
3395 1926 3477 1981 lo-

1900 2022 2001 2089 cis,
2054 2021 2127 2075 ita
2154 2029 2214 2075 ut
2242 2021 2537 2090 sepulturae
2592 2019 2839 2073 mandari
2874 2033 2980 2072 non
3033 2018 3329 2088 potuerint,
3368 2033 3477 2073 non

1897 2113 2222 2169 videbuntur
2257 2111 2605 2167 annumerari
2650 2112 2791 2166 inter
2829 2126 2922 2165 eos
2944 2110 3036 2181 qui
3085 2110 3152 2167 de
3208 2108 3475 2180 sepulcris

1895 2205 2252 2263 resuscitandi
2285 2204 2561 2261 dicuntur.
2597 2202 2752 2271 Quod
2782 2203 2971 2273 utique
3005 2201 3155 2258 valde
3177 2201 3473 2260 absurdum

1894 2308 1996 2357 est.
2030 2317 2051 2352 ι

1963 2392 2287 2447 PAMPHILUS.
2336 2389 2696 2445 Nihilominus
2744 2389 2799 2443 in
2845 2402 2911 2443 eo
2958 2389 3076 2457 ipso
3112 2387 3273 2455 libro,
3306 2386 3473 2442 inter-

1886 2484 2047 2556 jectis
2075 2483 2425 2554 quibusdam,
2454 2481 2584 2536 dicit
2618 2496 2634 2535 :

1961 2576 2254 2632 ORIGENES.
2286 2594 2305 2627 ι
2346 2574 2479 2629 Cum
2507 2589 2639 2643 ergo
2669 2572 2868 2629 Paulus
2904 2572 3118 2639 scribit,
3154 2573 3298 2643 quod
3332 2572 3466 2626 sicut

1886 2670 2040 2727 stella
2081 2674 2145 2723 ab
2172 2667 2324 2722 stella
2356 2667 2536 2732 dillert
2564 2667 2621 2719 in
2644 2666 2835 2733 gloria,
2858 2665 2931 2719 ita
2958 2665 3054 2718 erit
3087 2674 3135 2719 et
3158 2666 3466 2718 resurrectio

1886 2772 2215 2817 mortuorum
2243 2760 2288 2791 "5
2317 2775 2331 2811 :
2360 2768 2415 2814 et
2456 2756 2596 2828 quod
2650 2758 2780 2812 dicit
2808 2774 2821 2809 :
2852 2755 3161 2812 Seminatur
3196 2758 3253 2810 in
3285 2773 3467 2809 corru-

1883 2857 2085 2925 ptione,
2130 2854 2297 2924 surgit
2342 2853 2397 2906 in
2433 2851 2829 2920 incorruptione
2862 2849 2930 2915 ‘9,
2956 2860 3010 2904 et
3052 2858 3248 2905 caetera
3288 2847 3467 2917 hujus-

1885 2948 2026 3003 modi
2059 2964 2076 3003 :
2109 2944 2397 3000 manifeste
2438 2944 2552 2998 haec
2577 2943 2644 2997 de
2693 2942 2811 2998 solo
2837 2957 3065 3013 corpore
3100 2942 3313 2998 scribit.
3346 2938 3464 2995 Non

1882 3041 2025 3095 enim
2054 3038 2234 3093 anima
2263 3036 2530 3092 seminata
2562 3042 2646 3088 est
2681 3032 2734 3086 in
2769 3034 3141 3104 corruptione,
3170 3045 3264 3088 aut
3311 3034 3364 3087 in
3389 3035 3464 3087 in-

1883 3132 2158 3196 ﬁrmitate,
2200 3139 2294 3185 aut
2330 3129 2383 3182 in
2414 3124 2726 3198 ignominia.
2778 3124 3021 3197 Denique
3050 3126 3334 3182 evidenter
3362 3126 3458 3179 ad-

1879 3225 2058 3297 juegit
2089 3223 2175 3277 his
2202 3220 2475 3283 omnibus,
2508 3228 2561 3272 et
2594 3217 2725 3272 dicit
2749 3234 2763 3271 :
2792 3216 3097 3271 Seminatur
3120 3233 3311 3286 corpus
3337 3218 3458 3270 ani-

1806 3289 1849 3347 δ
1879 3289 2023 3373 male
2050 3318 2130 3383 ⁸ος
2170 3325 2227 3370 ut
2275 3330 2342 3371 ne
2382 3314 2504 3383 quis
2553 3322 2770 3382 putaret
2803 3312 3037 3366 animum
3070 3326 3194 3365 esse
3227 3325 3345 3380 quae
3372 3325 3461 3364 se~

1881 3413 2121 3466 minatur
2158 3409 2211 3464 in
2258 3407 2630 3476 corruptione,
2674 3406 2759 3461 vel
2810 3406 2865 3460 in
2907 3403 3229 3475 ignominia,
3270 3403 3353 3458 vel
3400 3402 3460 3458 in

1880 3499 2213 3555 inﬁrmitate.
2260 3516 2280 3550 ι

1948 3590 2277 3645 PAMPHILUS.
2328 3587 2453 3643 Haac
2486 3587 2702 3656 quidem
2752 3600 2821 3641 ex
2867 3584 2949 3640 his
2998 3582 3155 3639 libris
3180 3580 3291 3653 (52)
3318 3594 3456 3652 quos

1876 3684 1931 3740 in
1961 3684 2177 3739 Esaiam
2204 3683 2446 3752 scripsit.
2493 3679 2610 3734 Non
2652 3677 3054 3748 praeteribimus
3101 3691 3232 3730 vero
3281 3690 3456 3743 neque

1876 3777 2025 3831 illum
2054 3776 2228 3830 locum
2251 3790 2410 3844 quem
2436 3775 2501 3828 de
2526 3774 2704 3843 primo
2731 3771 2937 3841 psalmo
2971 3768 3247 3833 disseruit,
3277 3770 3327 3822 in
3348 3780 3458 3837 quo

1875 3870 2037 3923 etiam
2067 3870 2131 3922 de
2157 3866 2559 3923 resurrectione
2589 3867 2660 3918 ita
2690 3860 2908 3932 scripsit
2934 3879 2948 3915 :

2769 3976 2881 4049 (55)
2911 3978 3119 4048 Ὥσπερ
3150 3976 3207 4029 δὲ
3233 3976 3296 4029 τὸ
3317 3972 3455 4039 εἶδός

2695 4076 2810 4126 ἐστι
2865 4074 3026 4145 μέχρι
3057 4072 3151 4125 τοῦ
3197 4070 3452 4142 πέρατος,

2694 4166 2798 4220 κᾶν
2821 4168 2869 4219 οἱ
2892 4166 3236 4237 χαρακτῆρες
3255 4166 3453 4219 δοκῶσι

2689 4257 2887 4329 πολλὴν
2918 4258 3060 4329 ἔχειν
3077 4256 3448 4330 παραλλαγήψ

2690 4351 2863 4415 οὕτως
2887 4352 3105 4423 νοητέον
3120 4354 3214 4405 καὶ
3243 4352 3335 4406 ἐπὶ
3356 4350 3461 4421 τοῦ

2693 4446 2960 4518 παρόντος
2989 4485 3003 4509 ,
3068 4439 3208 4509 εἶδος
3252 4445 3451 4500 ταυτὸν

2693 4537 2829 4594 εἶναι
2873 4540 2950 4611 τῷ
2979 4540 3264 4611 μέλλοντι,
3296 4540 3449 4593 πλείὲ

2698 4651 2830 4705 στης
2869 4636 3001 4703 ὅσης
3047 4634 3312 4706 ὲσομένης
3349 4635 3448 4705 τῆς

2691 4721 2783 4777 ἐπὶ
2840 4720 3055 4777 κάλλιον
3120 4721 3444 4793 μεταϐολῆς.

1943 3982 2170 4039 ΟιυοΕΝ.
2226 4002 2244 4034 ι
2286 3983 2439 4036 Sicut
2478 3981 2622 4035 enim

1872 4082 2059 4135 eadem
2113 4078 2168 4131 in
2208 4077 2365 4132 nobis
2411 4077 2623 4144 species

1871 4183 2156 4243 permanet
2185 4173 2253 4226 ab
2281 4169 2504 4225 infantia
2532 4184 2621 4223 us-

1870 4279 1975 4335 que
2004 4265 2073 4318 ad
2110 4273 2465 4325 senectutem,
2494 4261 2620 4314 licet

1869 4355 2212 4410 characteres
2264 4353 2484 4409 multam
2538 4352 2620 4405 vi-

1868 4451 2058 4512 deatur
2084 4448 2511 4503 immutationem
2537 4462 2621 4503 re-

1867 4538 2067 4606 cipere,
2103 4540 2175 4593 ita
2213 4538 2622 4608 intelligendum

1865 4730 1947 4776 est
1982 4725 2036 4775 in
2081 4722 2254 4787 nobis,
2285 4722 2455 4791 ipsam
2488 4736 2612 4789 per-

1891 4894 2179 4979 ffPhilipp.
2210 4901 2395 4965 "1,21.
2471 4901 2553 4955 “l
2577 4901 2702 4964 Cor.
2734 4925 2822 4975 xv,
2846 4909 2917 4963 42
2955 4924 3069 4979 seq.
3133 4911 3180 4944 ⁸⁸
3204 4909 3332 4964 ibid.
3354 4908 3444 4962 25.

1863 5130 1958 5168 nec
2005 5117 2061 5169 in
2092 5116 2650 5193 sepulcris_mandati.
2706 5120 2807 5177 Ms.
2860 5122 3080 5193 Regius,
3116 5122 3205 5192 qui
3253 5136 3446 5193 nequa-

1862 5201 2020 5261 quam
2055 5196 2176 5239 sunt
2226 5189 2513 5261 sepultura:
2542 5207 2632 5244 nec
2660 5193 2715 5245 in
2762 5189 3011 5261 sepulcris
3042 5189 3303 5247 mandati.
3328 5189 3443 5246 Sed

1864 5256 1993 5309 editi
2024 5266 2079 5327 et
2109 5272 2237 5311 mss.
2266 5259 2473 5327 aliquot
2502 5262 2703 5317 rectius
2732 5273 2787 5316 ut
2815 5256 2872 5315 in
2900 5273 3070 5317 textu.

1938 5326 2051 5399 (52)
2084 5328 2246 5394 Editi,
2292 5346 2421 5397 quos
2464 5331 2517 5383 in
2568 5329 2774 5385 Isaiam
2815 5334 3065 5386 scribit...
3098 5332 3161 5384 de
3205 5346 3444 5384 resurre-

1864 5397 2039 5470 ctione
2080 5400 2154 5470 i_ta
2178 5400 2381 5470 scribit.
2414 5400 2518 5454 Sed
2548 5416 2680 5456 mss.
2708 5404 3017 5470 utrobique,
3047 5401 3275 5467 scripsit.

1938 5469 2051 5538 (55)
2080 5468 2157 5521 Ex
2177 5468 2735 5542 Commenuinpsalm.
2762 5468 3093 5542 ι,5.’Ὠσπερ
3107 5472 3174 5524 δὲ
3198 5470 3267 5523 τὸ
3283 5472 3447 5539 εἶδός

1866 5537 2039 5613 aliaet,
2082 5550 2190 5613 etc.
2232 5538 2419 5613 Graeca
2464 5540 2623 5613 hujus
2676 5542 2778 5596 loci
2835 5545 2995 5597 verba
3043 5537 3259 5597 essunt
3300 5537 3443 5613 apud

1866 5608 2248 5681 Epiphanium,
2299 5611 2489 5665 haeres.
2520 5611 2607 5675 64,
2629 5627 2749 5680 cap.
2784 5613 2868 5668 14.
2912 5613 3041 5669 Vide
3082 5614 3136 5667 in
3174 5608 3443 5681 psalnium

1863 5680 2118 5800 grimum,
2146 5689 2345 5735 nostrae
2382 5681 2540 5751 hujus
2563 5683 2812 5739 editionis
2836 5694 2963 5739 tom.
2995 5682 3129 5745 XIII,
3167 5680 3290 5753 pag.
3312 5684 3442 5740 500.

1915 5749 1999 5800 ide
2022 5751 2183 5800 etiam
2225 5750 2593 5800 Oriaenianor-
2632 5753 2722 5800 lii)-
2778 5769 2840 5800 ιι-
2888 5763 3079 5800 animat-
3107 5755 3159 5800 9-
3201 5769 3352 5800 num-
3382 5752 3440 5800 7-

1915 5749 1999 5826 ide
2022 5751 2195 5826 etiam
2225 5749 2593 5826 Origenianor.
2631 5753 2722 5809 lib.
2778 5769 2841 5821 ιι,
2888 5763 3079 5826 quast.
3107 5749 3353 5821 9,'num.
3382 5752 3441 5823 7,

1865 5820 1953 5876 ubi
1983 5821 2289 5895 haecetiam
2317 5820 2643 5882 referuntur.

3402 429 3506 488 593
3603 468 3613 479 .
