3866 6522
426 389 532 450 599

429 519 740 562 mansuram
788 504 950 559 etiam
999 504 1051 558 in
1095 503 1182 558 fu-

429 609 574 665 turo,
606 598 836 667 plurima
875 606 1049 652 tamen
1086 597 1185 650 itit-

429 692 730 746 mutatione
788 691 841 744 in
883 689 1077 744 melius
1130 699 1186 743 et

429 784 718 855 gloriosius
748 782 906 837 facta.
951 780 1186 836 Necesse

428 889 512 936 est
539 880 681 934 enim
708 880 945 932 animam
964 879 1015 933 in
1049 878 1184 933 locis

429 976 712 1046 corporeis
735 975 1072 1030 habitantem
1106 975 1182 1027 uti

429 1069 753 1138 corporibus
818 1066 1012 1121 talibus
1065 1081 1184 1134 quze

430 1173 552 1234 apta
565 1163 672 1218 sint
686 1163 976 1218 hislocisin
991 1162 1185 1231 quibus

430 1258 598 1327 tleg'l.
621 1256 686 1310 Et
714 1256 872 1315 sicut,
890 1255 1038 1310 verbi
1065 1269 1186 1307 catt-

431 1365 514 1412 sa,
549 1350 591 1404 si
627 1349 678 1402 in
707 1349 864 1417 aquis
895 1348 1059 1402 maris
1090 1362 1187 1401 nos

429 1443 698 1507 habitare,
735 1440 818 1496 vel
855 1442 1050 1508 degere
1087 1455 1182 1508 po-

429 1545 646 1600 sceret,
698 1533 817 1588 sine
873 1533 1033 1587 dubio
1088 1548 1186 1604 pro

432 1627 724 1682 habitaculi
779 1628 1039 1696 qualitate
1094 1641 1189 1680 ue-

432 1720 732 1774 cessarium
785 1721 1059 1774 videretur
1086 1719 1184 1771 ha-

433 1816 566 1870 bere
613 1815 772 1870 talem
805 1813 1050 1881 corporis
1082 1822 1187 1867 sta-

432 1916 568 1972 tum,
603 1915 658 1961 et
704 1906 1182 1976 compositionem,

433 2001 646 2069 qualem
704 1999 904 2054 habent
938 1998 1025 2051 illa
1071 1997 1185 2050 ani-

434 2091 594 2145 malia
647 2105 766 2160 qua:
813 2091 864 2143 in
915 2089 1070 2159 aquis
1104 2089 1186 2142 vi-

431 2195 604 2240 vunt:
641 2187 710 2240 ita
743 2201 882 2240 nunc
920 2200 1042 2241 cum
1077 2199 1184 2240 cte-

432 2280 607 2335 lorum
649 2278 1015 2334 habitaculum
1066 2292 1191 2348 pro-

433 2381 702 2446 mittatur,
722 2383 1018 2435 secundum
1041 2379 1187 2435 loco-

1626 389 1684 448 S.
1726 387 2051 448 PAMPHILI
2093 385 2453 442 MARTYRIS

3587 391 3685 446 ωο

1271 505 1590 575 Ἀναγκαῖον
1602 506 1711 578 γὰρ
1725 505 1822 578 τὴν
1837 503 2011 575 ψυχὴν

2189 501 2480 556 Οιιιρειςεε.
2503 499 2616 572 (55)
2657 515 2676 548 ι
2703 497 2963 553 Dominus
2995 497 3151 555 Iesus
3169 499 3417 559 Christus
3461 504 3580 562 hac
3610 507 3690 562 di-

1257 603 1314 654 ὲν
1341 601 1526 665 τόποις
1553 603 1884 672 σωματικοῖς
1906 601 2010 653 ὐπ-

1258 695 1424 766 άρχου
1435 712 1532 748 σαν
1559 735 1573 759 ,
1711 693 2012 764 κεχρῆσθαι

1261 786 1474 858 σώμασι
1509 788 1862 859 καταλλήλας
1901 791 2013 852 τοῖς

1253 884 1452 948 τόποις.
1486 885 1596 938 Καὶ
1625 885 1811 957 ὥσπερ
1840 887 1897 937 ἐν
1921 885 2015 939 θα-

1254 979 1426 1051 λάσσῃ
1460 978 1558 1051 ζῇν
1589 981 1736 1050 ἡμᾶς
1762 979 2015 1050 ἐνύδρους

1254 1072 1579 1142 γενομένους
1603 1074 1650 1124 εἰ
1667 1072 1855 1143 ἐχρῆν,
1881 1071 2016 1124 πάν-

1254 1179 1362 1225 τως
1395 1161 1460 1215 ἂν
1494 1161 1598 1215 ἔδει
1628 1160 2014 1233 παραπλησίαν

1255 1256 1400 1327 ἔχειν
1413 1257 1506 1308 καὶ
1520 1256 1618 1327 τὴν
1632 1254 1797 1324 ἄλλην
1819 1253 2015 1324 ἰχθύων

1257 1354 1622 1406 κατάστασιν
1670 1350 1842 1414 οὕτως
1886 1348 2015 1420 μέλε

1258 1446 1448 1508 λοντας
1478 1445 1834 1515 κληρονομεῖν
1865 1442 2018 1512 βασι-

1258 1540 1406 1593 λείαν
1435 1537 1700 1609 οὐρανῶν,
1722 1537 1815 1590 καὶ
1844 1538 1902 1590 ἐν
1930 1536 2018 1590 τό-

1260 1651 1381 1696 ποις
1403 1632 1751 1702 διαφέρουσιν
1777 1629 2016 1694 ἔσεσθαι,

1258 1728 1553 1794 ἀναγκαῖον
1578 1722 1810 1795 χρῆσθαι
1833 1721 2020 1793 σώμα-

1261 1837 1312 1872 σι
1345 1819 1755 1888 πνευματικοῖς,
1781 1815 1900 1884 οὐχὶ
1925 1816 2016 1868 τοῦ

1258 1911 1431 1974 εἴδους
1456 1908 1548 1962 τοῦ
1584 1907 1850 1979 προτέρου
1873 1907 2015 1976 ἁφα-

1261 2005 1560 2076 νιζομένου,
1595 2002 1701 2055 κᾶν
1729 2001 1819 2054 ἐπὶ
1850 2000 1910 2053 τὸ
1933 2001 2017 2053 ὲν-

1259 2099 1435 2165 Saga-.3
1445 2092 1534 2170 ρὸν
1554 2095 1775 2165 γένηται
1803 2093 2013 2164 αὐτοῦὴ

1259 2185 1748 2265 τροπή.”Ωσπερῆν
1763 2189 1824 2241 τὸ
1841 2186 2012 2259 Ἰησοῦ

1262 2283 1436 2350 εἶδος,
1475 2284 1569 2338 καὶ
1609 2281 1887 2344 Μωῦσέως
1922 2280 2016 2334 καὶ

1273 2379 1474 2442 Ἠλίου,
1505 2379 1602 2448 οὐχ
1633 2375 1818 2448 ἕτερον
1851 2375 1909 2426 ὲν
1948 2375 2014 2446 τῆ

425 2463 554 2529 ἓιιηι
585 2475 809 2546 gloriam
851 2489 1189 2544 consequens
1265 2468 1707 2544 μεταμορφώσει,
1731 2467 1898 2538 παρ’ὃ
1924 2461 2012 2536 ἦν.

433 2578 518 2623 est
557 2569 822 2638 aptandas
863 2583 986 2622 esse
1033 2569 1193 2620 etiam
1225 2580 1508 2633 corporum
1542 2562 1857 2633 qualitates.
1907 2559 2015 2613 Nec

436 2660 558 2714 ideo
601 2669 780 2714 tamen
812 2663 966 2731 prior
1001 2659 1116 2713 hare
1151 2658 1361 2726 species
1393 2655 1868 2721 exterminabitur,
1895 2652 2016 2705 licet

435 2749 728 2820 gloriosior
757 2748 875 2818 ejus
909 2748 1099 2804 elIecta
1147 2749 1219 2803 sit
1271 2746 1623 2817 permutatio.
1668 2744 1823 2799 Sicut
1869 2741 2014 2796 enim

436 2843 607 2912 ipsius
635 2842 844 2898 Domini
877 2840 1034 2906 Jesu,
1063 2841 1145 2896 vel
1175 2841 1367 2912 Moysi,
1393 2839 1477 2894 vel
1502 2839 1630 2892 Elia:
1664 2836 1873 2907 species
1901 2834 2014 2907 (54)

439 2952 542 2988 non
572 2943 688 2989 erat
711 2935 814 2988 alia
842 2936 894 2989 in
936 2933 1436 2999 transformatione,
1479 2947 1640 3002 quam
1678 2929 1857 2984 fuerat
1889 2937 2016 2982 ante

439 3027 1002 3091 transformationem,
1033 3028 1106 3081 ita
1139 3042 1245 3082 non
1270 3026 1376 3081 erit
1413 3025 1520 3080 alia
1554 3031 1866 3079 sanctorum
1896 3035 2018 3090 spec

437 3121 568 3187 cies,
600 3119 812 3176 etiamsi
870 3119 1042 3176 multo
1078 3119 1368 3192 gloriosior
1400 3119 1514 3172 liat.
1551 3136 1570 3170 ι

1001 3277 1254 3320 INTERPB.
1288 3277 1448 3318 NOVA.

513 3376 586 3426 Ac
610 3374 1052 3444 quemadmodum
1099 3377 1294 3442 species
1320 3376 1436 3444 ipsa
1471 3373 1540 3444 ad
1571 3373 1817 3426 ultimum
1855 3388 2018 3442 usque

441 3442 630 3497 eadem
660 3453 760 3506 est,
788 3446 885 3497 etsi
914 3447 1094 3514 ingens
1132 3442 1470 3514 prapriarum
1501 3442 1816 3511 formarum,
1838 3513 1842 3514 ν
1865 3455 2018 3495 nota-

443 3530 664 3582 rumque
710 3514 950 3567 rideatur
972 3513 1082 3569 esse
1106 3515 1386 3568 diversitas
1420 3530 1438 3567 :
1461 3516 1534 3566 ita
1563 3522 1614 3566 et
1647 3515 1701 3566 in
1725 3529 1784 3566 eo
1812 3513 1875 3565 de
1915 3529 2018 3580 quo

443 3584 672 3652 agimus,
708 3583 1104 3654 intelligendum
1158 3594 1233 3637 est
1273 3594 1582 3652 prwsentem
1614 3584 1850 3648 corporis
1901 3599 2018 3650 spe-

442 3655 572 3705 ciem
612 3656 851 3706 eamdem
883 3671 993 3707 esse
1047 3670 1164 3707 cum
1215 3654 1397 3720 futura
1429 3670 1442 3706 :
1474 3669 1592 3706 cum
1623 3668 1683 3706 eo
1715 3664 1911 3712 tamen.
1961 3662 2018 3704 ut

441 3723 766 3776 incredibilis
791 3723 845 3776 in
865 3725 1052 3776 melius
1076 3726 1142 3777 sit
1173 3724 1358 3792 futura
1386 3723 1630 3776 mutatio.
1669 3721 1897 3776 Necesse
1941 3733 2018 3777 est

441 3793 581 3846 enim
613 3795 850 3846 animam
873 3797 1137 3860 corporeis
1171 3797 1223 3847 in
1252 3795 1382 3847 locis
1411 3793 1691 3846 luerentem
1734 3803 2016 3846 consenta-

443 3865 552 3915 neis
593 3863 690 3916 sibi
738 3863 816 3916 uti
868 3866 1202 3934 corporibus.
1237 3863 1403 3928 Atque
1433 3873 1489 3916 ut
1531 3864 1574 3916 si
1617 3865 1670 3916 in
1705 3863 2018 3932 aquatilium

442 3945 689 3986 naturam
719 3949 994 3988 conversos
1022 3937 1183 3988 vitam
1217 3935 1271 3987 in
1304 3935 1438 3987 mari
1468 3950 1560 3986 nos
1590 3935 1776 4002 degere
1807 3942 2015 3999 aperte-

443 4013 542 4068 ret,
565 4006 920 4058 necessarium
947 4006 1083 4074 [oret
1113 4022 1205 4059 nos
1232 4005 1342 4056 alia
1375 4021 1652 4070 corporum
1685 4005 2017 4058 constitutio-

442 4089 526 4134 ne.
545 4075 870 4144 pisciumque
903 4075 1066 4128 simili
1090 4093 1199 4130 esse
1222 4076 1468 4142 prteditos
1499 4090 1517 4138 ,'
1560 4075 1632 4126 ita
1661 4075 1749 4142 qui
1771 4075 2018 4126 caelorum

441 4144 590 4212 regni
629 4145 989 4198 ha'reditatem
1017 4147 1215 4199 adituri
1242 4155 1384 4209 sunt,
1412 4163 1472 4198 ac
1496 4147 1711 4198 diversis
1729 4145 1782 4196 in
1807 4144 2017 4197 sedibus

443 4214 762 4278 habitaturi,
793 4217 1058 4280 spiritalia
1085 4233 1287 4284 quoque
1316 4233 1536 4284 corpora
1561 4217 1782 4268 habeant
1814 4231 2018 4267 necesse

441 4295 518 4355 est
545 4303 563 4341 :
591 4301 690 4337 non
721 4287 859 4354 quod
891 4289 1038 4352 prior
1070 4291 1436 4355 cxstinguatur
1459 4287 1677 4354 species,
1723 4285 1928 4355 tametsi
1962 4287 2018 4338 in

441 4352 708 4427 illustrius
733 4352 1013 4424 iquiddam
1063 4352 1450 4427 gloriosiusque
1484 4352 1778 4427 imutetur.‘
1823 4354 2018 4416 Quem-

444 4423 727 4496 admodum
758 4423 908 4488 Jesu,
945 4443 1007 4478 ac
1037 4423 1260 4496 Moysis,
1299 4439 1345 4478 et
1363 4423 1500 4480 Elia:
1536 4427 1731 4485 species
1763 4425 1814 4476 in
1843 4436 2018 4476 trans-

443 4494 760 4557 formatione
791 4511 894 4548 non
922 4498 1030 4550 alia
1081 4494 1240 4565 quam
1276 4514 1394 4568 qua:
1421 4497 1572 4549 initio
1600 4509 1737 4559 erat,
1789 4496 2014 4548 exstitit.

2115 595 2213 659 cit,
2240 593 2356 665 (56)
2383 593 2537 664 cujus
2568 593 2800 664 primum
2823 607 2952 647 caro
2981 595 3253 661 requievit
3277 597 3328 651 in
3360 611 3480 666 spe.
3507 599 3691 656 Cruci-

2115 687 2257 742 lixus
2288 687 2435 741 enim
2463 695 2571 751 est,
2608 683 3005 755 primogenitus
3030 699 3097 738 ex
3133 688 3362 743 mortuis
3391 690 3607 757 lactus;
3638 703 3692 748 et

2115 788 2238 849 post
2291 778 2746 833 resurrectionem
2775 786 3090 845 assumptus
3130 777 3186 832 in
3233 780 3462 844 ctelum,
3510 797 3689 836 secum

2117 880 2390 925 terrenum
2409 885 2608 940 corpus
2627 869 2826 932 evexit,
2844 870 2914 923 ita
2939 879 2997 922 ut
3019 877 3356 926 terrerentur
3371 881 3424 927 et
3443 871 3695 944 obstupe-

2116 972 2334 1018 soerent
2363 963 2596 1018 virtutes
2623 963 2878 1018 cmlestes
2923 964 3175 1020 videntes
3220 980 3440 1021 carnem
3473 966 3593 1036 (57)
3617 981 3694 1024 as.

2116 1054 2432 1108 cendentem
2465 1053 2516 1108 in
2557 1053 2778 1107 caelum.
2812 1053 2887 1109 De
2926 1054 3042 1108 Elia
3078 1055 3229 1110 enim
3273 1057 3547 1124 scriptum
3597 1068 3695 1120 est,

2117 1147 2240 1216 quia
2263 1145 2418 1216 quasi
2451 1146 2504 1198 in
2536 1144 2730 1201 caelum
2750 1155 3060 1216 assumptus
3089 1156 3174 1201 est
3198 1147 3276 1202 ’ἐ
3305 1157 3361 1202 et
3390 1147 3460 1202 de
3489 1147 3695 1217 Enocb,

2117 1239 2242 1308 quia
2277 1238 2574 1292 translatus
2608 1249 2694 1292 est
2722 1237 2769 1269 ⁸³
2801 1255 2814 1292 :
2850 1252 2954 1293 non
2996 1247 3174 1292 tamen
3218 1239 3423 1293 dictum
3463 1249 3549 1295 est
3580 1242 3696 1310 quia

2117 1327 2364 1383 ascendit
2413 1328 2467 1382 in
2498 1327 2716 1383 caelum.
2765 1326 3080 1383 Oll'endatur
3109 1329 3199 1398 qni
3249 1327 3364 1382 vult
3395 1344 3466 1383 ex
3517 1339 3699 1384 nostro

2120 1435 2374 1478 sermone
2406 1437 2419 1473 :
2454 1435 2556 1490 ego
2599 1430 2776 1475 autem
2807 1435 2931 1474 cum
2978 1421 3125 1474 onmi
3175 1420 3371 1476 ﬁducia
3407 1435 3696 1489 assevero,

2119 1514 2241 1584 quia
2279 1514 2420 1570 sicut
2473 1513 2870 1584 primogenitns
2920 1529 2987 1568 ex
3038 1513 3270 1568 mortuis
3304 1524 3388 1569 est
3422 1513 3696 1582 Christus,

2122 1604 2194 1658 ita
2229 1605 2436 1673 primus
2463 1619 2684 1659 carnem
2721 1606 2901 1659 evexit
2933 1603 2999 1658 ad
3059 1603 3287 1658 coelum.
3323 1604 3580 1672 Denique
3611 1619 3693 1658 no-

2120 1697 2286 1750 vitate
2318 1697 2432 1766 ipsa
2457 1706 2832 1764 perterrentur
2867 1695 3116 1751 caelestes
3149 1696 3400 1760 virtutes,
3443 1695 3562 1765 (58)
3580 1697 3694 1764 quia

2121 1790 2263 1858 quod
2300 1804 2578 1858 nunquam
2624 1799 2750 1844 ante
2782 1789 3053 1852 viderant,
3107 1804 3253 1842 nunc
3287 1787 3557 1843 videbant
3584 1803 3698 1841 car-

2049 1861 2090 1914 Β
2126 1897 2246 1935 nem
2285 1882 2596 1937 ascendisse
2647 1889 2698 1935 in
2751 1882 2994 1936 caelum:
3029 1890 3084 1936 et
3129 1893 3411 1952 propterea
3473 1884 3694 1938 dicunt:

2125 1973 2256 2040 Quis
2284 1983 2358 2027 est
2379 1975 2476 2027 iste
2505 1974 2594 2044 qui
2615 1975 2755 2028 venit
2786 1990 2850 2028 ex
2876 1973 3067 2039 Edam,
3096 1974 3149 2028 id
3179 1983 3264 2029 est
3293 1989 3322 2027 a
3377 1973 3693 2045 terrigenis?

2124 2064 2305 2120 Rubor
2339 2067 2759 2121 vestimentorum
2815 2083 2932 2136 ejus
2986 2082 3050 2120 ea:
3105 2064 3274 2119 Bosor
3309 2065 3379 2120 “.
3435 2063 3693 2121 Videbam

2123 2160 2266 2213 enim
2304 2160 2356 2212 in
2409 2175 2636 2226 corpore
2685 2159 2804 2227 ejus
2831 2159 3058 2230 vestigia
3093 2159 3376 2214 vulnerum
3403 2174 3476 2215 ex
3516 2160 3692 2225 Bosor,

2125 2251 2178 2306 id
2214 2259 2316 2316 est,
2357 2252 2408 2305 in
2439 2265 2604 2306 carne
2628 2260 2899 2320 suscepta.
2931 2269 2952 2305 s

2194 2387 2523 2444 Ρευιιιιιιιυς.
2547 2388 2613 2443 Ει
2642 2398 2762 2457 post
2790 2402 2992 2458 pauca:

2194 2504 2484 2559 Ontcssss.
2529 2522 2547 2555 ‹
2597 2502 2722 2558 l-lzrc
2749 2511 2974 2573 propter
3001 2501 3133 2556 illud
3161 2502 3304 2572 quod
3335 2502 3551 2558 dictum
3603 2509 3699 2566 est,

2124 2597 2377 2664 quoniam
2407 2613 2532 2649 caro
2558 2612 2672 2650 mea
2706 2597 2986 2668 requiescet
3017 2597 3070 2648 in
3119 2612 3208 2664 spe
3229 2596 3297 2648 ”.
3328 2594 3386 2648 In
3424 2610 3534 2663 qua
3567 2593 3704 2664 spe?

2125 2686 2241 2742 Non
2273 2689 2445 2742 solum
2471 2689 2599 2759 quia
2640 2702 2704 2742 ex
2744 2688 2975 2742 mortuis
3030 2687 3269 2758 resurgit
3313 2685 3534 2759 (parum
3561 2683 3704 2739 enim

2127 2780 2229 2835 hoc
2259 2781 2388 2849 εει),
2431 2781 2523 2834 sed
2561 2781 2615 2833 in
2661 2794 2728 2834 ea
2757 2793 2851 2850 spe
2885 2781 3200 2850 requiescit,
3245 2779 3394 2850 quod
3427 2786 3705 2846 assumpta

2125 2877 2210 2926 est
2235 2871 2288 2924 in
2333 2870 2551 2926 caelum.
2585 2890 2604 2924 ι

2200 3005 2538 3063 ΡΑιιιιιιιιυε.
2571 3007 2711 3074 Quid
2765 3007 2868 3064 hoc
2921 3007 3232 3064 evidentius
3283 3017 3340 3063 et
3386 3007 3596 3062 clarius
3645 3003 3706 3063 ab

2125 3101 2310 3169 aliquo
2349 3102 2452 3156 dici
2501 3110 2676 3172 potest
2701 3102 2764 3156 de
2780 3101 3179 3156 resurrectione
3199 3098 3404 3164 carnis,
3435 3114 3605 3168 quam
3628 3113 3708 3152 as-

2048 3227 2090 3286 c
2125 3194 2371 3262 signavit
2399 3209 2506 3249 non
2530 3194 2705 3249 solum
2743 3201 3168 3248 resurrecturam
3189 3205 3219 3244 a
3237 3189 3497 3254 mortuis,
3525 3203 3706 3244 verum

2127 3286 2292 3340 etiam
2335 3286 2388 3339 in
2421 3285 2614 3348 cmlos.
2665 3285 2710 3340 si
2759 3300 2865 3354 qua
2913 3294 3094 3338 tamen
3128 3283 3180 3337 id
3235 3282 3529 3345 meruerit,
3562 3295 3708 3335 assu—

2127 3381 2405 3444 mendam,
2445 3390 2758 3434 secuturam
2805 3377 3016 3434 scilicet
3041 3391 3167 3432 eum
3193 3375 3289 3446 qtti
3317 3375 3709 3446 primogenitus

2125 3490 2192 3528 ex
2229 3472 2456 3527 mortuis
2481 3471 2675 3534 factus,
2729 3470 2936 3539 primus
2971 3470 3024 3524 in
3055 3468 3259 3524 coelum
3298 3476 3560 3522 naturam
3588 3482 3705 3522 car-

2127 3567 2210 3622 nis
2239 3563 2487 3619 invexit?
2518 3562 2657 3630 Quid
2700 3571 2876 3616 tamen
2911 3563 2963 3615 in
3011 3570 3208 3616 octavo
3237 3557 3458 3614 decimo
3504 3557 3707 3627 psalmo

2125 3669 2404 3725 exponens
2438 3653 2588 3706 illum
2614 3650 2945 3706 versiculum
2977 3666 2990 3702 :
3024 3648 3093 3703 In
3115 3648 3228 3704 sole
3256 3649 3436 3718 posuit
3462 3648 3709 3702 taberna-

2128 3747 2302 3800 culum
2325 3759 2476 3797 suum
2501 3743 2570 3809 '°,
2611 3741 2868 3806 senserit,
2901 3741 3210 3796 audiamus.

2196 3855 2488 3911 ORIGENES.
2528 3853 2640 3926 (59)
2676 3872 2694 3905 t
2731 3854 2868 3920 Quid
2898 3861 2980 3907 est
3018 3852 3162 3922 quod
3194 3851 3364 3906 divit:
3394 3850 3464 3905 In
3493 3852 3710 3920 solepo-

2125 3950 2233 4004 suit
2274 3945 2675 4002 tabernaculum
2707 3962 2864 3998 suum
2891 3946 2914 3999 Ξ)
2939 3944 3166 4011 Quidam
3207 3943 3427 4013 quidem
3461 3944 3709 3997 dicebant

2126 4039 2270 4110 quod
2300 4037 2556 4092 Salvator
2587 4044 2775 4090 noster
2803 4035 3104 4091 ascendens
3135 4049 3166 4089 e
3199 4036 3363 4090 terris
3399 4035 3458 4088 in
3489 4037 3705 4100 caelum,

2129 4143 2184 4186 et
2220 4145 2420 4200 corpus
2453 4144 2612 4182 suum
2651 4141 2956 4192 assumens,
2989 4126 3235 4195 pervenit
3264 4140 3436 4195 usque
3478 4127 3550 4181 ad
3589 4141 3707 4180 eum

2128 4219 2392 4276 circulum
2442 4219 2535 4289 qui
2589 4217 2720 4274 solis
2751 4233 2886 4272 zona
2918 4217 3247 4284 nominatur,
3281 4227 3336 4271 et
3381 4218 3485 4284 ibi,
3534 4219 3704 4283 aiunt,

2128 4311 2308 4381 posuit
2340 4294 2748 4364 tabernaculum
2777 4309 3028 4378 corporis
3070 4307 3153 4362 sui
3189 4323 3200 4360 :
3239 4323 3346 4362 non
3382 4310 3535 4363 enim
3574 4308 3706 4362 ultra

2129 4413 2250 4457 erat
2283 4400 2544 4472 possibile
2580 4401 2632 4454 id
2663 4400 2937 4469 progredi.
2970 4399 3078 4454 Sed
3111 4400 3225 4454 haec
3253 4399 3326 4454 illi
3352 4400 3426 4454 ita
3447 4403 3706 4464 sentiunt,

2130 4511 2232 4567 pro
2279 4511 2344 4550 eo
2371 4497 2516 4564 quod
2559 4494 2878 4565 allegoriam
2914 4493 3106 4548 nolunt
3136 4495 3190 4549 in
3217 4494 3500 4564 Scriptura
3537 4497 3708 4550 divina

514 4581 842 4640 Psurnth.
873 4584 980 4640 Sed
1013 4597 1065 4642 et
1101 4591 1151 4641 in
1180 4589 1370 4657 quinto
1389 4587 1603 4643 decimo
1623 4586 1830 4655 psalmo
1853 4601 2021 4655 expo-
2053 4605 2097 4660 ι)
2132 4589 2378 4657 recipere
2412 4604 2429 4641 :
2469 4595 2523 4640 et
2553 4587 2675 4641 ideo
2706 4602 2854 4654 purae
2899 4585 3143 4641 historiae
3189 4587 3592 4655 deservientes,
3618 4591 3710 4643 huc

443 4689 578 4728 nens
630 4676 779 4731 illntn
834 4679 1161 4735 versiculum
1204 4702 1216 4736 :
1253 4682 1474 4748 Insuper
1503 4691 1548 4735 et
1583 4697 1711 4733 caro
1769 4696 1884 4734 mea
1934 4696 2020 4734 re-

443 4767 670 4834 quiescet
695 4770 750 4824 in
782 4787 870 4839 spe
898 4773 942 4804 ἰ
979 4788 990 4822 :
1028 4774 1093 4827 de
1118 4788 1283 4829 carne
1317 4773 1530 4826 Domini
1555 4773 1669 4828 haec
1696 4773 1803 4827 ait:

514 4918 556 4949 ⁸⁸
586 4915 732 4988 Psal.
777 4937 866 4988 xv,
899 4921 952 4980 9,

447 5005 604 5052 xvttt,
638 4987 693 5042 6.

1061 4922 1106 4952 δ’
1140 4918 1206 4974 ιν
1246 4918 1378 4988 Reg.
1417 4935 1478 4985 tt,
1512 4919 1598 4973 ll.

517 5133 631 5203 (54)
656 5129 1154 5203 Mss.Corbeiensi_s
1183 5136 1236 5182 et
1262 5127 1464 5203 Regius
1488 5141 1774 5203 perperam
1801 5125 2022 5191 habent,

446 5198 550 5255 non
575 5198 689 5256 erat
723 5202 848 5254 talis
880 5202 935 5254 in
960 5198 1452 5264 transformatione,
1489 5199 1664 5270 qualis
1686 5199 1884 5266 fuerat,
1912 5207 2017 5254 etc.

445 5273 550 5326 Sed
578 5273 754 5326 caeteri
789 5286 922 5326 mss.
949 5281 1003 5324 et
1028 5271 1156 5323 editi
1184 5277 1329 5323 recte
1368 5278 1424 5322 ut
1458 5271 1509 5322 in
1549 5279 1718 5323 textu.

517 5343 629 5414 (55)
757 5341 1049 5414 Comment.
1076 5339 1129 5414 in
1170 5340 1358 5408 psalm.
1397 5355 1487 5403 xv,

517 5405 629 5483 (56)
673 5413 836 5477 Editi,
857 5411 1008 5479 cujus
1041 5405 1208 5477 primo
1235 5425 1360 5464 caro
1393 5409 1638 5483 requievit
1673 5409 1727 5462 in
1757 5425 1864 5477 spe.
1889 5405 2028 5461 Cru-

445 5479 637 5549 ciﬁxu’s
661 5484 796 5537 enini
841 5483 1244 5550 primogenitus,
1275 5490 1382 5534 etc.
1429 5479 1534 5534 Sed
1575 5495 1770 5533 omnes
1809 5494 1941 5532 mss.
1972 5489 2031 5534 nt

449 5553 503 5604 in
553 5564 738 5606 nostro
787 5562 960 5607 textu.
997 5552 1165 5605 Paulo
1194 5561 1313 5620 post
1346 5565 1479 5604 mss.
1519 5550 1852 5605 Sorboniens
1883 5558 1939 5602 ct
1967 5552 2028 5602 S.

449 5621 728 5676 Michaelis
764 5622 818 5676 in
853 5621 1104 5676 Pcricnlo
1135 5619 1306 5675 maris
1331 5659 1347 5684 ,
1377 5631 1423 5673 et
1449 5631 1559 5686 post
1593 5619 2028 5674 resurrectionem

450 5703 752 5759 assumptus
787 5693 843 5745 in
889 5692 1042 5746 cwlos
1089 5691 1358 5755 ctelomm,
1406 5707 1578 5744 secum
1605 5703 1890 5752 terrenum,
1919 5700 2024 5744 etc.

451 5763 643 5816 Creten
681 5777 809 5815 vero
839 5777 968 5817 mss.
995 5761 1198 5815 habent
1231 5761 1569 5830 simpliciter,
1599 5761 1655 5814 in
1683 5761 1891 5826 cadum,
1921 5775 2026 5814 non

452 5833 506 5884 in
537 5832 689 5884 calas
719 5832 988 5888 caelorum.

524 5899 637 5974 (57)
673 5900 872 5958 Omnes
901 5915 1032 5963 mss.
1076 5902 1455 5959 ascendentem.
1496 5901 1656 5971 Editi,
1702 5900 2013 5956 ascendisse.

1699 4918 1746 4949 ⁸³
1790 4916 1986 4973 chcs.
2031 4934 2088 4984 v,
2122 4916 2214 4971 24.

2127 4681 2362 4752 jusmodi
2393 4679 2602 4734 l‘abnlas
2649 4689 2706 4734 et
2755 4680 3007 4749 ligmenta
3054 4690 3404 4751 componunt.
3438 4680 3554 4736 Nos
3589 4695 3709 4737 vero

2135 4772 2498 4842 deprecamur
2541 4770 2990 4839 omnipotentiatu
3046 4772 3162 4834 Dei,
3219 4783 3277 4826 ut
3333 4789 3433 4828 nos
3463 4774 3708 4846 dignetur

2924 4915 2969 4946 "
2997 4913 3140 4969 Psal.
3174 4929 3267 4980 xv,
3302 4913 3357 4968 9.

2318 4915 2363 4947 5‘
2413 4915 2514 4970 Isa.
2563 4928 2716 4978 unt,
2750 4914 2800 4967 1.
2924 4915 2969 4946 ⁸⁸
2997 4914 3140 4969 Psal.
3174 4929 3267 4978 xv,
3302 4914 3357 4968 9.
3499 4917 3548 4948 "
3574 4915 3708 4971 Psal.

2139 5128 2278 5199 lnl'ra
2313 5145 2443 5184 mss.
2487 5128 2671 5198 plures
2695 5143 3000 5198 perperam,
3033 5125 3290 5182 Ostendat
3325 5126 3420 5199 Lai.
3461 5126 3708 5183 Ostendi»

2128 5198 2238 5268 tur]
2262 5201 2351 5268 qui
2381 5200 2506 5261 vult,
2532 5211 2639 5256 etc.

2659 5270 2784 5339 quia
2815 5269 3082 5337 quondam
3100 5267 3418 5341 aliquidtale
3444 5284 3702 5332 nunquam

2134 5339 2399 5406 uiderant,
2429 5343 2566 5395 sicut
2595 5357 2732 5393 nunc
2760 5342 2970 5407 quando
3006 5339 3243 5392 uidebant
3274 5355 3490 5392 carnem
3532 5355 3700 5392 ascen-

2134 5414 2256 5466 dere
2299 5417 2350 5463 in
2396 5413 2649 5467 emtum...
2686 5411 2816 5474 Quis
2864 5419 2940 5461 est
2994 5410 3087 5461 iste
3115 5411 3204 5476 qui
3243 5411 3376 5462 renit
3408 5412 3472 5463 de
3501 5407 3705 5462 Edom.’

2136 5482 2522 5537 Genebrardns
2550 5521 2566 5546 ,
2615 5484 2741 5550 quia
2787 5480 2926 5550 quod
2971 5479 3543 5550 nunquamriderent,
3571 5489 3699 5542 ante,

2134 5569 2272 5606 nunc
2310 5554 2520 5606 tandem
2550 5549 3031 5605 videbant'carnem
3058 5549 3358 5604 ascendisse
3381 5553 3434 5602 in
3453 5549 3699 5604 celum...

2135 5622 2265 5689 Quis
2298 5634 2373 5676 est
2418 5625 2515 5675 iste
2556 5623 2645 5692 qtti
2669 5621 2804 5673 venit
2847 5620 2912 5672 de
2944 5619 3158 5692 Edoni?
3189 5618 3294 5674 Sed
3329 5635 3523 5674 omnes
3575 5634 3696 5671 mss.

2136 5687 2193 5746 ut
2225 5694 2278 5746 in
2315 5705 2503 5754 textu;
2543 5687 2647 5745 nisi
2674 5691 2818 5760 quod
2859 5705 2997 5744 unus
3031 5687 3250 5754 habeat,
3303 5705 3447 5745 nunc
3500 5692 3696 5746 rideant

2134 5779 2232 5834 pro
2270 5780 2409 5834 nunc
2432 5763 2696 5834 videbant.

2204 5833 2316 5909 (59)
2357 5837 2433 5890 Ex
2465 5831 2758 5888 Comment.
2790 5830 2843 5886 in
2877 5830 3013 5902 psal.
3045 5845 3201 5900 xvut,
3229 5829 3283 5885 6.
