3866 6546
155 397 252 453 601

1333 401 1678 459 APOLOGIA
1717 400 1855 458 ιηῑο
1895 400 2056 457 ORlG
2065 401 2148 454 EN
2157 402 2216 454 Ε..

3320 399 3427 456 603

159 521 376 588 audire,
411 531 467 578 et
507 533 716 580 secreta
753 524 911 580 nobis
951 524 1211 593 spiritalis
1258 526 1630 594 intelligentia:
1660 527 1745 580 di-
1775 530 1822 586 Α
1855 527 2172 581 memoriam
2210 525 2505 594 recipiens,
2551 537 2780 593 quorum
2816 523 2868 578 in
2902 538 2961 578 se
2989 522 3141 594 signa
3172 521 3421 592 quaedam

162 623 365 682 gnetur
393 617 630 684 aperire.
665 614 820 682 Quod
861 631 990 686 ergo
1019 632 1051 671 a
1093 618 1252 672 nobis
1290 620 1523 673 sentitur
1563 619 1614 672 in
1641 618 1745 672 hoc

164 705 312 774 loco,
362 708 464 762 hoc
511 717 616 773 est,
664 706 730 761 In
774 711 886 762 sole
926 710 1098 778 posuit
1129 710 1527 764 tabernaculum
1560 726 1738 774 suum,

161 813 356 865 quaero
389 798 518 868 quid
564 799 636 853 sit
683 799 1092 855 tabernaculum
1139 800 1368 868 Christi,
1418 808 1475 856 et
1507 816 1629 870 qua:
1675 801 1745 856 sit

167 890 438 946 habitatio
465 892 518 945 in
551 907 658 962 qua
715 893 1121 950 tabernaculum
1165 895 1370 949 Christi
1425 894 1741 950 collocatur.

163 981 446 1038 Ilabitatio
495 983 824 1038 tabernaculi
873 984 1078 1040 Christi
1113 985 1193 1040 sol
1235 1001 1354 1042 esse
1385 986 1604 1042 dicitur.
1640 987 1746 1042 Ta-

163 1073 529 1128 bernaculum
570 1090 700 1129 vero
730 1074 934 1130 Christi
969 1075 1271 1131 Ecclesiam
1315 1093 1439 1132 esse
1478 1077 1741 1148 intelligo.

163 1163 354 1221 Solem
391 1177 569 1220 autem
599 1182 759 1236 quem
790 1167 956 1221 alium
991 1169 1194 1222 sentire
1227 1169 1429 1234 debeo,
1467 1168 1571 1224 nisi
1614 1170 1742 1224 illud

157 1259 344 1311 lumen
369 1274 568 1324 verum,
599 1259 736 1329 quod
783 1259 1050 1312 illuminat
1098 1277 1304 1314 omnem
1365 1262 1628 1316 hominem
1661 1280 1747 1317 ve—

159 1350 399 1404 nientem
423 1351 476 1404 in
505 1352 645 1404 hunc
667 1352 918 1404 mundum
934 1351 1020 1406 '7?
1060 1352 1234 1420 Ipsum
1263 1353 1418 1409 video
1467 1354 1658 1420 solem,
1680 1356 1748 1412 de

158 1456 275 1511 quo
296 1440 502 1494 dictum
523 1451 606 1496 est
637 1456 652 1494 :
680 1440 819 1505 Quia
847 1443 1149 1496 timentibus
1178 1444 1293 1512 (60)
1325 1462 1511 1499 nomen
1532 1445 1744 1499 Domini

156 1534 372 1586 orietur
394 1531 491 1587 Sol
511 1532 765 1602 justititc,
786 1543 836 1587 et
864 1533 1068 1588 sanitas
1098 1535 1155 1588 in
1185 1536 1285 1590 alis
1313 1536 1430 1605 ejus
1451 1535 1518 1590 ⁸⁸.
1545 1536 1602 1590 In
1631 1535 1745 1590 sole

157 1639 295 1697 ergo
326 1625 507 1695 posuit
531 1625 936 1680 tabernaculum
996 1642 1176 1691 suum,
1209 1628 1262 1683 id
1302 1637 1386 1683 est
1417 1629 1470 1683 in
1501 1627 1627 1684 Sole
1650 1627 1745 1696 ju-

159 1716 336 1768 stitia:
360 1715 658 1770 Ecclesiam
685 1731 840 1770 suam
893 1716 1200 1772 collocavit.
1232 1717 1287 1771 ln
1314 1717 1406 1772 illo
1433 1718 1576 1772 enim
1631 1718 1744 1773 sole

155 1807 410 1864 Ecclesia
459 1809 723 1865 collocata
775 1820 882 1875 est,
942 1809 1034 1879 qui
1093 1810 1239 1867 diem
1277 1820 1543 1866 mternum
1589 1810 1739 1877 facit,

153 1903 306 1957 sicut
341 1903 545 1957 dictum
580 1911 663 1958 est
698 1922 710 1958 :
742 1901 860 1957 Erit
899 1905 994 1958 tibi
1026 1904 1282 1960 Dominus
1319 1904 1413 1960 lux
1443 1916 1660 1973 (eterna,
1693 1916 1740 1962 et

153 1993 304 2048 Deus
338 1993 510 2062 gloria
547 2002 639 2046 tua
658 1993 728 2047 ⁸³.
769 2012 789 2046 ι

228 2085 571 2141 Purmws.
630 2086 970 2142 Erubescant
1011 2089 1174 2149 etiam
1220 2089 1294 2144 illi
1325 2089 1415 2160 qui
1446 2099 1502 2146 et
1528 2090 1630 2147 hoc
1676 2090 1745 2148 de

150 2195 275 2250 ipso
311 2195 424 2233 non
455 2178 840 2232 dubitaverunt
879 2181 1213 2235 concinnare
1265 2183 1578 2251 ﬁgmentum
1607 2182 1741 2254 (6l),

151 2287 265 2343 quo
297 2271 549 2326 dicereut
582 2269 710 2340 quia
746 2287 944 2340 corpus
974 2273 1057 2327 vel
1087 2289 1304 2328 carnem
1333 2276 1536 2331 Christi
1571 2291 1745 2345 usque

151 2363 222 2416 ad
271 2361 453 2417 solem
514 2361 647 2416 dicit
687 2373 955 2429 evectam,
1009 2375 1064 2420 et
1111 2365 1184 2419 ibi
1233 2381 1356 2422 esse
1403 2366 1739 2422 derelictam.

152 2451 270 2508 Hoc
302 2454 452 2508 enim
486 2453 576 2509 ille
627 2455 695 2508 ab
748 2453 868 2510 aliis
911 2456 1140 2525 dictum,
1171 2472 1280 2512 non
1341 2468 1491 2514 recte
1537 2460 1742 2514 dictum

150 2564 279 2604 esse
322 2547 592 2603 confutat.
629 2547 736 2604 Sed
764 2551 1122 2606 ostenderunt
1172 2567 1233 2607 se
1281 2568 1349 2608 ne
1382 2554 1495 2609 haec
1524 2555 1741 2624 quidem

153 2643 468 2714 intelligere
498 2643 746 2712 potuisse
801 2645 1199 2700 obtrectatores
1244 2644 1360 2714 ejus
1390 2662 1509 2716 quae
1540 2647 1626 2703 ille
1674 2648 1742 2703 ab

148 2740 282 2794 aliis
319 2753 429 2793 non
451 2747 596 2793 recte
625 2740 770 2794 dicta
796 2740 1066 2808 coarguit,
1102 2750 1155 2795 et
1184 2757 1304 2810 quae
1332 2751 1458 2796 sunt
1487 2757 1606 2812 qua:
1629 2743 1741 2812 ipsa

150 2835 477 2889 conﬁrmat.
493 2833 628 2886 Tum
649 2832 846 2886 deinde
877 2835 1041 2887 etiam
1069 2833 1147 2887 illi
1175 2834 1560 2904 impudentiam
1590 2851 1741 2890 suam

148 2925 476 2987 retundant,
508 2925 602 2994 qui
623 2926 810 2980 dicunt
831 2940 955 2980 cum
986 2941 1185 2996 corpus
1214 2927 1432 2996 quidem
1454 2943 1742 2999 resurgere

151 3017 436 3079 cooliteri,
463 3032 685 3073 carnem
712 3033 846 3072 vero
873 3035 1099 3089 negare.
1157 3019 1417 3074 Desinant
1453 3021 1743 3089 aliquando

150 3122 178 3160 a
215 3107 560 3174 maledictis,
604 3111 852 3166 videntes
895 3127 1020 3166 eum
1049 3127 1266 3166 carnem
1307 3111 1462 3167 Verbi
1492 3114 1584 3168 Dei
1615 3130 1739 3169 cum

1849 634 1912 673 ac
1943 619 2166 686 formas,
2195 634 2314 672 cum
2335 625 2606 688 peccaret,
2623 625 2991 686 expresserat,
3008 627 3063 672 et
3087 616 3423 686 singulorum

1848 721 2122 782 gestorum
2155 725 2377 764 suorum
2397 724 2517 777 qua:
2535 707 2619 763 vel
2643 708 2785 764 {cede
2806 709 2892 763 vel
2916 709 3141 777 turpiter
3161 717 3424 777 gesserat,

1848 802 1934 856 vel
1965 803 2130 855 etiam
2180 802 2345 870 impie
2384 800 2759 864 commiserat,
2816 799 3097 855 historiam
3130 800 3423 868 quamdam

1849 894 2118 948 scelerum
2149 909 2370 948 suorum
2422 905 2548 947 ante
2585 892 2773 946 oculos
2817 907 2944 946 suos
2977 891 3184 946 videbit
3212 891 3423 958 exposi-

1851 994 1982 1038 tam.
2003 981 2156 1038 Tunc
2176 992 2232 1037 et
2266 984 2378 1052 ipsa
2404 982 2761 1040 conscientia.
2788 981 3022 1050 propriis
3052 981 3290 1034 stimulis
3313 981 3427 1050 agi-

1849 1084 1996 1130 tatur
2023 1085 2184 1144 atque
2205 1075 2608 1146 compungitur,
2629 1083 2683 1128 et
2713 1073 2828 1127 suis
2854 1072 2970 1140 ipsa
2997 1070 3230 1125 elﬁcitur
3263 1087 3428 1127 accu-

1851 1172 2043 1235 satrix,
2071 1181 2126 1226 et
2158 1172 2330 1226 testis.
2367 1169 2519 1238 Quod
2548 1169 2620 1224 ita
2649 1169 2888 1224 sensisse
2915 1169 3080 1223 etiam
3117 1169 3421 1236 apostolum

1855 1266 2077 1320 Paulum
2108 1275 2258 1335 puto,
2286 1279 2408 1318 cum
2449 1264 2626 1318 dicit:
2665 1261 2818 1316 Inter
2860 1278 2916 1315 se
2961 1262 3178 1314 invicem
3225 1261 3427 1330 cogita-

1855 1358 2092 1410 tionibus
2127 1355 2522 1416 accusantibus,
2559 1365 2650 1409 aut
2700 1355 2860 1409 etiam
2904 1353 3328 1422 defendentibus,
3373 1353 3428 1406 in

1850 1451 1954 1512 die,
1983 1464 2100 1501 cum
2122 1448 2388 1516 judicabit
2415 1446 2554 1500 Deus
2579 1445 2784 1500 occulta
2811 1446 3101 1506 hominum,
3141 1444 3428 1498 secundum

1850 1537 2195 1609 Evangelium
2223 1555 2415 1601 meum,
2452 1554 2543 1604 per
2558 1536 2740 1591 Iesum
2764 1535 3032 1590 Christum
3046 1535 3112 1589 θο.
3145 1553 3164 1586 ι

1919 1630 2245 1685 PAMPHILUS.
2281 1630 2386 1684 Sed
2410 1638 2464 1685 et
2493 1630 2546 1683 in
2585 1628 2936 1698 sequentibus
2963 1643 3181 1682 rursum
3212 1627 3280 1682 de
3302 1641 3427 1697 pec-

1847 1731 2095 1777 catorum
2132 1719 2308 1790 poenis
2343 1721 2446 1774 hoc
2469 1721 2630 1775 modo
2654 1719 2843 1776 scribit
2877 1737 2892 1773 :

1923 1812 2214 1868 Omoenss.
2262 1831 2280 1861 s
2324 1809 2490 1864 Multa
2521 1821 2650 1865 sunt
2710 1820 2893 1864 autem
2950 1826 3071 1880 quae
3101 1825 3200 1866 nos
3237 1810 3424 1871 latent,

1849 1920 1969 1975 quae
1998 1905 2074 1959 illi
2102 1905 2201 1961 Soli
2228 1905 2442 1975 cognita
2460 1911 2588 1958 sunt
2614 1905 2710 1973 qui
2735 1911 2820 1958 est
2850 1905 3094 1958 medicus
3124 1905 3426 1957 animarum

1846 2007 2178 2054 nostrarum.
2218 1995 2274 2051 Si
2311 1997 2454 2050 enim
2491 1995 2559 2050 ad
2590 1995 2840 2064 corporis
2885 1996 3176 2048 sanitatem
3211 2009 3310 2064 pro
3343 1994 3430 2048 his

1847 2097 1996 2150 vitiis
2018 2111 2138 2167 qum
2164 2110 2262 2165 per
2290 2109 2472 2150 escam
2518 2103 2820 2164 potumque
2851 2091 3190 2159 collegimus,
3234 2107 3428 2166 necet

1846 2189 2048 2242 sariam
2084 2187 2348 2241 habemus
2406 2186 2680 2241 interdum
2723 2184 3043 2239 austerioris
3095 2199 3158 2238 ac
3212 2185 3424 2240 morda-

1845 2282 2008 2335 cioris
2067 2279 2449 2334 medicamenti
2485 2292 2713 2333 curam:
2745 2292 3136 2346 nonnunquam
3187 2291 3340 2339 vero,
3381 2285 3426 2332 st

1846 2375 1896 2430 id
1935 2375 2050 2429 vitii
2086 2373 2324 2442 qualitas
2377 2372 2786 2442 depoposcerit,
2829 2372 3008 2441 rigore
3056 2370 3188 2426 ferri
3238 2380 3294 2424 et
3343 2384 3428 2424 se-

1844 2468 2040 2522 etionis
2066 2467 2360 2537 asperitate
2387 2466 2690 2536 indigemus
2720 2482 2735 2519 :
2770 2465 2913 2535 quod
2937 2465 2980 2518 si
3014 2473 3068 2518 et
3098 2465 3213 2517 hcce
3241 2478 3430 2531 super-

1844 2576 2062 2630 gressus
2090 2559 2251 2614 fuerit
2281 2558 2453 2613 morbi
2494 2559 2707 2622 modus,
2732 2559 2798 2610 ad
2826 2556 3070 2610 ultimum
3105 2565 3426 2624 conceptum

1843 2654 2033 2707 vitium
2093 2653 2232 2723 ignis
2292 2650 2520 2706 exurit:
2558 2657 2764 2718 quanto
2794 2647 2968 2719 magis
3019 2646 3426 2716 intelligendum

1843 2756 1946 2808 est,
1983 2745 2252 2800 medicum
2273 2753 2516 2798 nostrum
2547 2741 2716 2797 Deum
2746 2746 3018 2795 volentem
3052 2740 3265 2793 diluere
3296 2739 3428 2793 vitia

1845 2841 2144 2893 animarum
2179 2847 2494 2892 nostrarum
2547 2836 2686 2906 (65),
2725 2849 2844 2904 qum
2882 2849 2948 2888 ex
2978 2843 3324 2903 peccatorum
3375 2843 3429 2887 et

1844 2933 2110 2986 scelerum
2161 2929 2484 3004 diversitate
2535 2927 2910 2997 collegerant,
2980 2927 3054 2979 uti
3120 2923 3426 2990 hujusmodi

1842 3022 2146 3093 poenalibus
2176 3022 2347 3086 curis,
2388 3021 2610 3089 insuper
2653 3020 2818 3074 etiam
2863 3018 3000 3087 ignis
3065 3016 3266 3070 inferre
3302 3031 3430 3085 sup-

1843 3117 2060 3186 plicium
2088 3114 2172 3168 his
2203 3115 2295 3184 qui
2327 3113 2614 3168 sanitatem
2648 3111 2845 3165 animae
2873 3109 3269 3178 perdiderunt?
3301 3128 3318 3159 ι

149 3201 274 3269 ipso
309 3198 494 3257 Verbo
521 3202 632 3257 Deo
664 3202 716 3256 in
755 3203 918 3270 ccelo,
948 3219 1055 3274 quo
1087 3204 1320 3259 Verbum
1357 3207 1626 3272 ascendit,
1648 3207 1738 3262 im~

1914 3213 2242 3265 PAMPBILUS.
2300 3207 2410 3280 (64)
2469 3206 2601 3262 ltem
2635 3212 2761 3275 post
2814 3219 2985 3274 pauca
3017 3203 3223 3257 addidit
3265 3202 3428 3256 etiam

144 3305 381 3360 ponere.

218 3382 329 3436 llis
351 3383 638 3456 coniungit
673 3387 742 3441 de
771 3387 1053 3458 suppliciis
1082 3398 1452 3457 peccatorum,
1483 3405 1604 3460 quae
1642 3406 1741 3444 nos

144 3489 376 3543 quoque
430 3487 839 3546 consequenter
868 3481 936 3534 ad
967 3495 1028 3533 ea
1051 3495 1172 3550 qum
1207 3496 1370 3550 supra
1418 3483 1562 3534 dicta
1591 3491 1738 3546 sunt,

143 3565 560 3635 conjungimus,
599 3569 856 3638 quoniam
880 3570 938 3625 in
957 3572 1147 3627 ordine
1167 3572 1608 3628 criminationum
1635 3574 1740 3628 iSte

143 3656 340 3712 fuerat
373 3659 508 3714 ordo
545 3660 811 3730 digestus.

745 3751 980 3810 CAPUT
1009 3753 1139 3811 Vill.

216 3860 445 3903 ιιι-τελλ
477 3861 763 3903 RESPONSIO
800 3864 870 3904 AD
910 3864 1176 3904 SEPTIMA)!
1219 3866 1665 3908 CRIIHNATIONEI.

625 3940 697 3993 De
729 3941 893 4008 pomis
919 3953 1278 4008 peccatorum.

471 4029 572 4103 (Ex
597 4030 734 4086 libro
769 4032 1012 4087 secundo
1036 4033 1173 4101 Περὶ
1201 4033 1444 4106 ἀρχῶν.)

210 4125 523 4182 mussans.
559 4123 672 4196 (62)
708 4142 726 4175 ‹
762 4123 875 4193 Ego
920 4125 1162 4179 arbitror
1189 4130 1332 4196 quod
1363 4130 1504 4185 sicut
1532 4128 1586 4183 in
1619 4144 1743 4186 cor-

145 4233 280 4287 pore
342 4233 484 4272 esca:
541 4216 898 4281 abundantia,
947 4223 1011 4282 et
1057 4217 1314 4284 qualitas,
1371 4229 1425 4274 et
1464 4221 1741 4290 quantitas

145 4314 253 4367 cibi
299 4309 606 4373 contraria,
662 4308 844 4364 febres
908 4319 1152 4380 generat,
1198 4319 1252 4364 et
1299 4310 1478 4366 l'ebres
1534 4313 1739 4369 diversi

145 4403 232 4459 vel
297 4402 475 4467 modi,
530 4400 615 4455 vel
661 4402 942 4469 temporis,
999 4403 1295 4457 secundum
1347 4419 1466 4458 eam
1530 4421 1745 4462 mensu-

145 4514 266 4552 ram
329 4511 438 4566 qua
492 4495 849 4562 intemperies
907 4494 1133 4549 collecta
1179 4497 1466 4550 materiam
1500 4499 1742 4570 suggerit

1848 3306 1960 3359 hiPC
1995 3321 2009 3357 :

1918 3390 2256 3448 ORIGENES.‘
2287 3389 2550 3457 Quoniam
2587 3399 2767 3444 autem
2826 3384 3233 3458 pernecessaria
3265 3397 3430 3453 paena

1847 3497 1928 3541 est
1959 3502 2019 3541 ea
2045 3502 2164 3555 qua:
2192 3500 2287 3554 per
2311 3485 2491 3552 ignem
2517 3482 2710 3538 referri
2735 3483 2954 3545 dicitur,
3001 3481 3168 3534 lsaias
3199 3478 3428 3539 docens,

1847 3581 1914 3634 de
1940 3578 2104 3633 Israel
2130 3577 2348 3648 quidem
2395 3577 2472 3631 sic
2505 3575 2672 3630 dicit:
2711 3575 2900 3629 Abluet
2941 3573 3198 3626 Dominus
3247 3570 3430 3625 sordes

1846 3671 2079 3739 ﬁliorum
2107 3685 2170 3722 ac
2192 3668 2430 3738 filiarum
2455 3667 2606 3728 Sion.
2650 3678 2698 3721 et
2727 3665 3034 3735 sanguinem
3068 3661 3377 3731 expurgabit
3403 3677 3431 3714 e

1847 3763 2018 3816 medio
2046 3765 2277 3831 ipsorum
2300 3761 2490 3827 spiritu
2505 3759 2766 3828 jutliciiet
2813 3758 3010 3821 spiritu
3040 3755 3338 3809 adustionis
3362 3753 3429 3807 ⁶¹.

1848 3854 1923 3910 De
1949 3853 2218 3910 Chaldaeis
2241 3862 2420 3906 autem
2459 3853 2542 3906 sic
2568 3852 2699 3906 dicit
2725 3867 2740 3904 :
2767 3850 2943 3904 IIabes
2977 3849 3228 3902 carbones
3271 3848 3428 3915 ignis,

1846 3949 2048 4003 sedebis
2069 3962 2327 4015 supereos
2353 3961 2370 3998 :
2393 3945 2447 3997 hi
2469 3955 2620 3998 erunt
2648 3943 2743 3996 tibi
2770 3943 3040 4012 adjutorio
3055 3941 3119 3992 θ’.
3140 3939 3198 3991 Et
3227 3939 3277 3990 iu
3308 3936 3431 3989 aliis

1848 4041 1979 4096 dicit
2009 4059 2022 4093 :
2051 4037 2409 4106 Sanctiﬁcabit
2435 4053 2520 4088 eos
2547 4035 2804 4088 Dominus
2836 4037 2887 4086 in
2912 4035 3030 4103 igne
3053 4030 3257 4084 ardenti
3274 4029 3338 4080 ⁸³.
3369 4027 3429 4080 Et

1849 4133 1902 4189 in
1937 4132 2200 4186 Malachia
2245 4131 2507 4199 propheta
2545 4129 2676 4184 dicit
2707 4145 2719 4179 :
2755 4127 2957 4182 Sedens
2991 4124 3249 4178 Dominus
3302 4135 3430 4173 con-

1847 4226 1997 4296 ﬂabit
2057 4225 2194 4277 sicut
2245 4239 2434 4276 aurum
2483 4232 2530 4274 et
2586 4227 2862 4290 argentum
2915 4218 3166 4285 populant
3237 4227 3425 4274 suum,

1849 4317 2098 4387 con/labit
2136 4325 2182 4369 et
2225 4314 2466 4385 purgabit
2491 4329 2614 4379 eos,
2666 4322 2713 4366 et
2757 4311 2938 4381 [undet
2985 4318 3238 4377 purgatos
3289 4305 3431 4374 ﬁlios

1847 4409 1990 4465 Juda
2016 4408 2083 4462 “.
2126 4427 2143 4459 ι

1919 4501 2248 4558 Paurmws.
2298 4499 2425 4555 Haec
2472 4497 2689 4568 quidem
2736 4511 2804 4551 ex
2847 4495 3003 4550 libris
3031 4493 3168 4562 Περὶ
3206 4490 3428 4562 ἀρχῶν.

145 4606 210 4646 ac
233 4589 488 4644 fomitem
519 4587 750 4642 [ebrium
789 4605 801 4640 :
845 4603 966 4657 qua:
1015 4587 1259 4642 materiae
1286 4589 1520 4659 qualitas
1559 4607 1626 4646 ex
1662 4593 1744 4647 di-
1775 4587 1820 4644 D
1851 4597 2272 4653 lnnuu’terabilia
2304 4610 2434 4651 vero
2465 4592 2710 4663 dispersa
2759 4600 2888 4646 sunt
2917 4605 3015 4660 per
3042 4603 3234 4642 omnes
3267 4587 3434 4641 libros

147 4697 319 4738 versa
352 4680 679 4750 intemperie
709 4689 1062 4750 congregata,
1117 4695 1283 4735 causa
1321 4683 1404 4736 vel
1438 4684 1743 4740 acerbioris

145 4774 356 4836 morbi,
388 4772 474 4828 vel
535 4772 847 4842 prolixioris
885 4771 1102 4826 exsistit
1155 4788 1170 4825 :
1232 4772 1306 4825 ita
1352 4763 1558 4839 anima,
1619 4789 1742 4829 cum

150 4865 570 4942 multitudinem
599 4865 866 4919 malorum
900 4878 1127 4933 operum
1169 4871 1224 4917 et
1256 4865 1651 4919 abundantiam
1689 4867 1742 4921 in

144 4959 652 5030 secongregaverit
699 4967 1069 5028 peccatorum.
1125 4957 1464 5028 Competenti
1502 4969 1746 5030 tempore

141 5054 335 5108 omnis
366 5051 457 5106 illa
488 5053 752 5106 malorum
782 5050 1132 5123 congregatio
1163 5051 1469 5107 concitatur
1499 5052 1566 5107 ad
1611 5068 1742 5121 sup-

146 5146 401 5213 plicium,
440 5153 602 5213 atque
647 5143 1017 5198 inﬂammatur
1059 5146 1125 5197 ad
1173 5157 1400 5214 poenas:
1429 5158 1550 5198 cum
1587 5159 1741 5200 mens

147 5238 266 5306 ipsa
305 5236 393 5290 vel
427 5237 762 5290 conscientia
800 5252 892 5302 per
921 5235 1165 5289 divinam
1191 5236 1446 5288 virtutem
1478 5237 1657 5290 omnia
1685 5237 1738 5291 in

215 5333 264 5365 ⁸⁷
293 5331 456 5387 Joan.
497 5349 538 5392 ι.
574 5333 627 5388 9.
705 5333 751 5364 ⁸⁸
782 5333 1012 5387 blalacb.
1039 5348 1112 5394 tv,
1148 5331 1206 5389 Ξ.

147 5403 192 5434 ⁸³
223 5403 335 5456 Isa.
368 5420 424 5467 χ,
461 5404 550 5461 l7.
623 5403 667 5436 “
704 5403 928 5459 Malach.
969 5419 1050 5466 Ill,
1079 5402 1133 5457 5.

218 5499 344 5582 (ϐψ
386 5499 470 5582 Ita
510 5514 872 5582 omnesms's.
894 5499 1045 5582 .Ed'iti
1079 5512 1261 5582 vero...
1298 5513 1484 5582 nomen
1513 5516 1685 5555 meum
1714 5517 1736 5568 ;

145 5581 202 5624 ct
230 5567 412 5628 infra.
447 5569 509 5623 In
532 5570 624 5623 illo
644 5572 780 5625 enim
811 5570 934 5625 Sole
951 5569 1182 5638 justitia:
1213 5567 1474 5632 Ecclesia,
1503 5582 1609 5625 etc.

222 5640 346 5709 (6!)
382 5641 557 5704 Editi,
585 5644 722 5710 quod
747 5641 941 5694 dixerit
973 5654 1162 5703 corpus
1185 5638 1262 5710 uel
1297 5654 1508 5710 carnem
1545 5639 1741 5697 Christi

148 5707 427 5779 usquead
445 5707 608 5764 solem
630 5722 832 5764 vectam
865 5711 960 5783 [aL
994 5707 1232 5779 vectari],
1249 5720 1355 5764 etc.
1390 5707 1590 5772 Omnes
1615 5727 1742 5770 vero

153 5799 293 5837 mss.
331 5791 390 5834 ut
425 5783 477 5835 in
499 5793 690 5836 nostro
722 5792 891 5838 textu.

224 5851 346 5926 (63)
371 5852 460 5926 _Ex
489 5851 588 5907 lib.
619 5867 655 5906 ιι
693 5851 766 5907 De
797 5853 1047 5923 princip.,
1069 5869 1188 5926 cap.
1214 5851 1302 5922 lt),
1335 5868 1482 5910 num.
1502 5854 1557 5913 4.

227 5923 348 5994 (63)
370 5923 511 5994 Lege
539 5932 714 5978 caute.

1295 5331 1341 5363 ”
1372 5329 1478 5386 Isa.
1513 5348 1606 5400 Ls,
1639 5335 1726 5391 19.
1802 5339 1846 5371 ⁸ο
1880 5338 2036 5394 Rom.
2074 5353 2133 5402 Il,
2163 5335 2251 5400 15,
2287 5333 2376 5388 16.

1850 4689 1968 4756 ejus
1998 4687 2318 4744 assertionis
2363 4686 2523 4753 hujus
2573 4682 2906 4743 testimonia,
2951 4694 3071 4748 qua!
3107 4693 3204 4732 nos
3253 4677 3435 4729 studio

1851 4783 2132 4838 brevitatis
2159 4779 2486 4842 omittimus,
2516 4783 3010 4832 commemorantes
3028 4772 3092 4825 de
3118 4773 3204 4824 his
3234 4769 3434 4821 solum-

1852 4877 2032 4940 modo,
2067 4889 2188 4944 quaz
2239 4873 2291 4928 in
2324 4883 2478 4926 sexto
2507 4869 2715 4942 psalmo
2754 4867 2820 4922 de
2856 4865 2959 4920 hoc
2987 4866 3104 4933 ipso
3145 4875 3432 4931 ptenarum

1852 4982 2049 5039 genere
2071 4965 2388 5036 disputavit.

1921 5059 2211 5116 Omomes.
2243 5056 2334 5130 (65
2399 5073 2418 5106 ι
2454 5051 2717 5109 Possibile
2745 5059 2830 5106 est
2875 5048 3221 5104 considerare
3247 5060 3313 5098 cx
3346 5043 3431 5096 his

1856 5152 2091 5205 maxime
2119 5148 2401 5202 doloribus
2431 5160 2569 5215 quos
2604 5143 2658 5198 in
2693 5143 2795 5197 hoc
2831 5153 3062 5208 corpore
3097 5136 3256 5206 positi
3307 5148 3433 5187 seu-

1857 5243 2040 5304 timus,
2072 5240 2162 5308 qui
2217 5236 2470 5306 quamvis
2521 5233 2696 5304 magni
2731 5232 2865 5295 sint,
2900 5229 3080 5284 brevis
3128 5237 3276 5281 certe
3306 5233 3430 5278 sunt

2453 5331 2496 5363 ⁶¹
2530 5331 2634 5386 Isa.
2666 5345 2739 5396 Iv,
2776 5329 2830 5384 4.
2910 5327 2954 5357 ⁶²
2999 5325 3099 5380 Isa.
3137 5337 3306 5388 xnvu,
3342 5320 3427 5374 li.

1919 5502 2033 5572 (Gl)
2064 5500 2155 5554 Sic
2182 5512 2370 5572 omnes
2399 5509 2530 5572 mss.
2565 5491 2761 5572 nostri.
2793 5489 2989 5572 Verum
3023 5486 3153 5572 editi
3181 5527 3194 5548 ,
3223 5483 3430 5572 Etlpost

1845 5551 2256 5643 paitca’tiddidit
2293 5569 2449 5643 etiam
2492 5566 2589 5619 hoc
2617 5563 2711 5637 [aL
2763 5560 3033 5640 omittitur
3083 5559 3242 5612 etiam
3283 5551 3428 5643 hoc].

1847 5629 2141 5701 bBlGENES.
2175 5637 2449 5704 Quomodo
2471 5629 2647 5689 autem
2668 5629 3060 5704 pernecessaria
3083 5643 3234 5704 paena
3259 5634 3332 5704 est
3365 5639 3429 5704 ea

1847 5694 2319 5786 gilii'pifsgnem
2348 5707 2506 5775 infert
2559 5694 2718 5770 Deus,
2737 5703 2912 5758 Isaias
2954 5694 3147 5755 docens
3167 5698 3232 5752 de
3254 5694 3430 5750 Israel

1848 5784 2222 5856 qui_tlem_dicit.

1927 5849 2033 5923 (65)
2062 5853 2138 5908 Ex
2165 5851 2456 5908 Comment.
2491 5848 2548 5905 in
2571 5845 2708 5916 psal.
2743 5859 2816 5901 vr.
