3866 6510
512 396 621 455 603

519 516 803 586 temporis,
837 528 935 583 pro
969 527 1036 569 eo
1069 513 1213 582 quod
1251 511 1296 566 si
1327 512 1490 583 paulo
1526 514 1966 570 vehementiores
2011 530 2108 569 ex-

521 608 789 669 stiterint,
846 605 1105 660 continuo
1157 605 1322 659 etiam
1379 605 1507 659 vita:
1567 605 1796 661 celerem
1852 604 2095 659 inferunt

527 698 709 752 finem.
743 697 985 766 Denique
1035 697 1215 763 multi,
1252 697 1297 751 si
1326 711 1413 750 res
1444 698 1774 765 poposcerit,
1809 712 1906 766 pro
1937 697 2102 766 pieta-

521 790 595 844 tis
622 788 961 843 confessione
995 790 1045 842 in
1081 788 1212 857 ipsis
1246 789 1529 843 tormentis
1555 787 1786 840 animam
1820 787 1935 857 (66)
1975 787 2099 841 red-

524 880 659 935 dunt
691 898 704 934 :
737 880 826 933 alii
876 894 1009 933 vero
1042 881 1093 933 in
1150 881 1268 947 ipso
1315 878 1426 947 jam
1479 892 1695 932 corona:
1745 878 1891 931 aditu
1940 876 2099 944 positi

523 974 790 1043 denegant
817 972 998 1035 fidem,
1033 986 1194 1039 qnam
1228 985 1400 1038 usque
1432 970 1498 1023 ad
1530 982 1757 1024 mortem
1802 984 2098 1039 proposue-

524 1075 645 1121 rant
676 1052 946 1120 conﬁteri.
985 1066 1051 1119 Et
1078 1067 1181 1121 hoc
1215 1080 1320 1119 non
1358 1066 1544 1139 utigue
1594 1063 1953 1117 diminutione
1983 1077 2104 1132 pro-

524 1159 682 1228 positi
710 1159 1012 1227 patiuntur.
1041 1159 1134 1212 sed
1161 1158 1209 1210 vi
1251 1157 1455 1211 doloris
1492 1156 1657 1211 nimia
1707 1168 1763 1209 et
1801 1154 1912 1227 (67)
1955 1156 2099 1209 into-

524 1248 741 1303 lerahili
775 1250 1037 1317 superati.
1070 1248 1128 1302 Si
1154 1263 1284 1317 ergo
1312 1248 1364 1302 in
1405 1249 1508 1301 hac
1551 1248 1802 1316 praesenti
1832 1247 1939 1299 vita
1990 1256 2097 1299 tam

529 1340 899 1395 intolerabiles
920 1349 1044 1394 sunt
1062 1354 1347 1409 ptenarunt
1373 1340 1612 1403 dolores,
1648 1337 1776 1407 quid
1798 1336 2096 1407 putandum

526 1441 613 1488 est
648 1442 773 1487 tunc
802 1447 923 1486 eum
959 1448 1064 1486 non
1114 1432 1228 1500 jam
1270 1433 1547 1487 crassiore
1590 1431 1769 1485 anima
1814 1439 1993 1484 utetur
2024 1430 2101 1483 in-

529 1529 830 1594 dunrento;
872 1527 967 1582 sed
992 1542 1115 1582 eum
1154 1527 1203 1581 id
1255 1525 1502 1595 spiritale
1534 1523 1782 1579 eﬂectum
1809 1538 1876 1578 ex
1918 1538 2099 1578 resur-

530 1619 777 1674 rectione
825 1620 1067 1687 recipiet,
1127 1627 1182 1672 et
1227 1633 1294 1672 eo
1343 1616 1721 1671 vehementius
1748 1615 1955 1683 utique,
1992 1628 2099 1684 quo

531 1708 784 1763 subtilius
811 1717 913 1771 est,
942 1710 1142 1762 sentiet
1177 1707 1284 1760 vim
1316 1705 1561 1761 doloris?
1589 1705 1725 1760 Puto
1778 1705 1923 1759 enim
1956 1704 2098 1773 quod

528 1807 728 1869 quanta
755 1799 1056 1853 differentia
1088 1798 1242 1853 estin
1273 1797 1523 1868 praesenti
1545 1796 1739 1851 saeculo
1758 1796 1954 1851 nudum
1978 1811 2099 1850 ver-

530 1891 713 1945 berari
741 1905 903 1958 quam
938 1889 1229 1955 vestitum,
1281 1888 1350 1942 ad
1390 1887 1831 1958 persentiendum
1885 1886 2097 1942 scilicet

527 1985 865 2048 cruciatum,
918 1998 983 2037 eo
1035 1982 1178 2053 quod
1227 1982 1602 2036 vehementius
1660 1982 1860 2036 nudum
1900 1996 2098 2051 corpus

531 2074 780 2129 crucient
819 2074 1049 2128 verbera
1089 2087 1251 2141 quam
1288 2070 1546 2125 vestitum
1585 2089 1598 2125 :
1632 2080 1833 2124 tantam
1860 2082 1989 2140 puto
2015 2070 2099 2124 fu-

532 2172 709 2219 turam
735 2162 1093 2219 ditlerentiam
1122 2163 1345 2228 doloris,
1398 2178 1521 2219 eum
1548 2177 1747 2232 corpus
1778 2164 2096 2231 humanum,

531 2253 910 2308 crassitudinis
950 2252 1107 2321 hujus
1149 2252 1464 2307 indumento
1524 2253 1791 2322 deposito,
1824 2254 1972 2307 velut
1997 2268 2100 2307 nu-

535 2345 661 2399 dum
694 2344 925 2410 coeperit
951 2344 1225 2398 sustinere
1256 2351 1547 2396 tormenta.
1582 2360 1602 2393 ι

602 2436 938 2491 Purmws.
972 2433 1231 2489 Suﬂicere
1255 2434 1491 2488 arbitror
1510 2433 1674 2488 etiam
1703 2434 1770 2488 ad
1800 2433 1960 2501 hujus
1990 2432 2100 2489 cri-

534 2528 851 2583 minationis
892 2526 1216 2582 calumniam
1261 2526 1712 2596 propulsandam,
1771 2540 1937 2593 pauca
1988 2526 2103 2579 haec

535 2617 605 2671 de
630 2616 746 2685 ejus
779 2614 933 2670 libris
967 2615 1273 2669 testimonia
1307 2615 1616 2685 protulisse,
1662 2630 1783 2683 qua:
1820 2615 2101 2670 innumera

532 2704 762 2774 sparsim
794 2718 894 2773 per
942 2700 1111 2757 lihro's
1140 2701 1257 2770 ejus
1289 2702 1636 2758 manifestum
1681 2713 1766 2756 est
1810 2702 2101 2758 contineri.

606 2795 759 2852 Nunc
786 2796 852 2851 ad
884 2811 947 2851 ea
980 2796 1142 2849 etiam
1190 2811 1284 2864 per
1313 2811 1411 2851 nos
1445 2796 1591 2865 ipsos
1634 2794 2100 2866 respondebimus,

536 2900 658 2956 quae
686 2886 734 2940 ei
768 2886 836 2941 de
874 2888 1058 2941 anima
1099 2888 1387 2957 objiciunt,
1424 2886 1478 2941 id
1518 2887 1772 2956 estquod
1802 2896 1928 2942 ante
1986 2902 2106 2943 cor-

537 2992 639 3046 pus
672 2993 792 3032 eam
839 2976 1037 3032 factam
1074 2978 1224 3033 dicat
1270 2978 1559 3035 exsistere.
1618 2978 1808 3034 Sciens
1876 2994 2108 3050 namque

534 3070 698 3123 etiam
728 3070 868 3124 istud
890 3070 1082 3139 dogma
1116 3070 1185 3124 de
1218 3070 1398 3125 anima
1432 3085 1537 3124 non
1572 3080 1758 3139 aperte
1795 3086 1967 3141 neque
1989 3087 2105 3124 ma-

535 3161 736 3215 nifeste
779 3162 968 3215 haberi
1018 3162 1071 3215 in
1103 3160 1455 3215 ecclesiastica
1497 3163 1889 3230 prtedicatione,
1933 3162 2106 3218 sicubi

537 3254 879 3307 occasionem
909 3252 1145 3321 aliquam
1179 3252 1261 3306 vel
1292 3253 1663 3323 suspicionem
1697 3256 1877 3324 potius
1915 3256 2101 3325 dispu-

542 3343 689 3397 tandi
726 3343 775 3397 ei
830 3343 1127 3412 Scriptura:
1157 3359 1339 3399 sermo
1376 3345 1669 3414 suggessit,
1710 3345 2005 3401 discutiens
2051 3357 2106 3402 et

538 3444 881 3504 pertractans
920 3450 984 3487 ea
1015 3449 1136 3503 quae
1188 3436 1371 3490 sensui
1416 3436 1534 3505 ejus
1585 3447 1963 3504 occurrerant,
1992 3438 2102 3494 dis-

539 3527 814 3580 cernenda
873 3526 991 3580 hmc
1046 3525 1353 3594 legentibus
1397 3529 1645 3597 exposuit
1691 3536 1745 3582 et
1790 3529 2103 3598 probanda,

542 3632 649 3671 non
684 3615 972 3671 manifesto
995 3617 1266 3686 dogmate,
1301 3616 1412 3688 (68)
1438 3619 1520 3672 vel
1551 3618 1953 3687 Scripturarum
1983 3637 2106 3677 sen-

539 3708 765 3761 tentiam
797 3722 955 3762 suam
992 3708 1319 3763 auctoritate
1362 3709 1647 3774 dellniens,
1701 3709 2021 3780 frequenter
2052 3724 2107 3769 et

542 3799 670 3854 illttd
700 3800 904 3854 addens
936 3819 948 3854 :
1006 3818 1026 3851 ‹
1072 3800 1129 3854 Si
1166 3810 1344 3854 tamen
1371 3800 1571 3855 habere
1601 3802 1816 3857 videtur
1848 3814 1941 3857 aut
1978 3820 2105 3874 pro-

538 3891 697 3946 batur
723 3890 927 3960 aliquid
950 3891 1354 3960 consequentia:
1379 3906 1556 3947 sermo
1586 3892 1629 3947 is
1651 3907 1811 3961 quem
1836 3894 1900 3949 de
1925 3897 2104 3952 anima

536 3984 918 4038 tractavimus.
956 4002 975 4035 s
1024 3982 1265 4051 Denique
1315 3983 1366 4035 in
1409 3992 1516 4036 tam
1571 3984 1755 4038 multis
1782 3996 1834 4039 et
1863 3996 1969 4040 tam
2020 3988 2105 4042 di-

536 4073 712 4129 versis
756 4076 875 4144 ejus
921 4074 1075 4127 libris
1123 4089 1390 4141 nusquam
1442 4075 1665 4129 omnino
1713 4076 1988 4132 invenitur
2039 4079 2107 4134 ab

536 4178 606 4218 eo
640 4164 779 4218 liber
824 4164 1042 4233 proprie
1100 4163 1172 4217 De
1204 4165 1384 4216 anima
1416 4165 1785 4233 conscriptus,
1831 4168 1969 4222 sicut
2007 4170 2104 4223 ha-

536 4252 629 4309 bet
659 4254 739 4308 vel
768 4253 843 4306 De
875 4255 1148 4324 martyrio,
1189 4255 1274 4307 vel
1316 4253 1391 4307 De
1414 4255 1668 4322 oratione,
1703 4257 1788 4310 vel
1831 4257 1908 4311 De
1933 4276 2107 4312 resur-

537 4347 789 4401 rectione.
820 4343 1093 4414 Nusquam
1120 4360 1341 4414 prorsus
1371 4345 1566 4399 librum
1591 4350 1808 4417 proprie
1838 4350 1904 4404 de
1920 4351 2100 4406 anima

538 4438 797 4507 scriptum
842 4436 1053 4505 edidit;
1104 4439 1199 4491 sed
1235 4439 1286 4491 in
1343 4439 1572 4493 diversis
1623 4440 1778 4506 locis,
1832 4442 1974 4497 sicut
2008 4459 2103 4499 su-

539 4528 721 4601 perius
755 4526 1009 4591 diximus,
1047 4528 1385 4582 incurrentes
1413 4529 1514 4584 sibi
1551 4530 1833 4599 opiniones
1866 4548 1930 4587 ex
1966 4534 2106 4590 Scri-

536 4595 711 4691 ptum
763 4618 876 4689 (69)
915 4619 1293 4674 occasionibus
1338 4595 1683 4676 disserebat:
1733 4624 1877 4692 quod
1923 4626 2101 4695 potius
2137 4595 2181 4649 Β

610 4716 656 4748 ⁸⁸
696 4714 804 4768 Tit.
847 4729 935 4778 ιιι,
974 4713 1060 4766 tl.

612 4811 724 4882 (66)
759 4810 933 4875 Editi,
970 4810 1433 4882 reddunt;omnes
1467 4826 1593 4866 mss.
1626 4814 1833 4880 nostri,
1862 4818 2105 4872 reddide-

540 4880 683 4937 runt.
716 4881 837 4935 Mox
867 4896 991 4935 mss.
1016 4880 1193 4948 plures
1211 4896 1521 4949 perperam,
1549 4884 1604 4936 in
1634 4884 1744 4950 ipso
1767 4885 1874 4947 iam
1898 4904 2105 4942 corona:

540 4956 689 5006 aditu
712 4952 968 5019 propositi
996 4954 1252 5019 denegant
1281 4951 1437 5017 ﬁdem
1465 4969 1484 5007 :
1519 4952 1614 5006 sed
1643 4963 1790 5009 recte
1831 4958 2012 5011 caeteri
2053 4966 2109 5012 et

541 5024 670 5077 editi
704 5023 902 5076 habent
940 5022 1116 5086 positi,
1146 5037 1243 5089 pro
1275 5022 1545 5087 propositi.

614 5094 727 5163 (67)
763 5091 926 5163 Editi,
951 5090 1290 5163 insuperabili
1316 5093 1568 5156 superati.
1593 5091 1712 5146 Mox
1740 5091 2015 5157 Merlinus,
2045 5095 2109 5150 Si

541 5161 758 5235 099....
795 5161 1149 5235 intolerabiles
1200 5170 1321 5213 sunt
1378 5175 1647 5235 poenarum
1701 5163 1931 5229 dolores,
1984 5166 2107 5235 quid

542 5230 836 5301 putandum
867 5241 940 5283 est
976 5247 1089 5301 cum
1112 5230 1226 5298 jam
1250 5231 1497 5301 crassiori
1522 5234 1700 5284 anima
1741 5235 1906 5286 utitur
1950 5230 2109 5287 indu-

546 5299 741 5364 mento,
772 5301 859 5355 sed
886 5309 995 5353 tum
1026 5299 1082 5351 id
1110 5299 1482 5369 spirituale....
1507 5318 1607 5369 quo
1653 5303 1899 5358 subtilius
1924 5306 2108 5358 sentiet

547 5372 650 5425 vim
681 5370 899 5425 doloris.
948 5369 1352 5430 Geuehrardus,
1397 5368 1455 5423 Si
1503 5368 1714 5437 ergo....
1756 5372 2109 5427 intolerabiles

546 5449 666 5493 sunt
707 5456 975 5506 pomorum
1015 5440 1255 5502 dolores,
1298 5456 1415 5491 cum
1457 5441 1576 5509 jam
1628 5443 1878 5496 crassiori
1932 5444 2110 5496 anima

550 5510 719 5580 utitur
748 5510 1073 5580 indumento,
1116 5509 1241 5577 quid
1270 5516 1563 5575 putandum
1601 5520 1676 5564 est
1723 5528 1839 5564 cum
1872 5511 1924 5564 id
1962 5513 2114 5580 spiri-

550 5576 747 5648 talem.
767 5595 869 5648 quo
895 5576 1138 5631 subtilius
1167 5580 1354 5632 sentiet
1382 5580 1481 5634 vim
1511 5579 1729 5633 doloris.
1757 5581 1865 5635 Sed
1898 5576 2028 5636 mss.
2055 5590 2115 5635 ut

552 5646 607 5698 in
640 5646 814 5708 textu,
849 5648 951 5702 nisi
983 5648 1125 5717 quod
1154 5648 1398 5719 plerique
1430 5650 1616 5703 itidem
1655 5651 1891 5706 habeant
1946 5652 2115 5705 utitur

552 5729 650 5784 pro
671 5726 855 5769 utetur.

628 5784 741 5854 (68)
776 5785 901 5839 Mss.
934 5785 1206 5854 plerique,
1234 5795 1290 5839 et
1329 5784 1662 5842 Genebrardi
1691 5791 1877 5854 editio,
1914 5788 1991 5842 vel
2024 5790 2111 5841 ab-

554 5866 723 5927 rupta:
746 5857 1011 5912 sententia:
1043 5859 1353 5912 auctoritate
1372 5856 1643 5926 deﬁniens.
1672 5857 1926 5916 Merlinus
1952 5874 2100 5927 vero,

1712 394 1767 454 Β.
1804 393 2131 451 PAMPHILI
2169 391 2521 448 MARTYRIS

3623 398 3702 453 6οι

2135 518 2181 572 Α
2208 512 2430 566 maximi
2475 509 2613 580 signi
2668 508 2992 564 reverentiae
3036 506 3156 579 ejus
3189 522 3251 564 ac
3284 508 3484 564 timoris
3517 512 3561 565 in
3603 505 3703 570 diri.

2205 604 2287 658 nis
2315 602 2658 669 dogmatibus
2689 615 2811 656 esse
2837 601 3082 664 deberet,
3115 601 3255 668 quod
3280 601 3413 656 tanti
3443 618 3608 659 sensus
3627 608 3700 671 vir,

2202 703 2258 747 et
2292 703 2453 747 tantae
2483 692 2801 763 prudentiae,
2836 706 2958 746 eum
2993 691 3179 759 utique
3210 692 3462 762 magister
3483 705 3606 748 esset
3628 696 3703 752 Ee-

2204 786 2407 849 clesiae,
2446 794 2502 840 et
2537 794 2681 839 tanta
2708 786 2776 838 ab
2805 798 2870 838 eo
2897 784 3040 838 dicta
3081 784 3466 847 scriberentur,
3500 785 3594 856 (70)
3627 803 3704 842 non

2202 880 2289 926 est
2337 886 2503 926 ausus
2533 872 2585 925 id
2617 872 2718 926 sibi
2762 871 3108 926 auctoritatis
3137 884 3435 931 assumere,
3462 882 3514 925 ut
3539 876 3705 941 proprie

2204 966 2284 1022 De
2308 970 2486 1021 anima
2512 965 2711 1019 librum
2744 964 2925 1019 ederet
2953 963 3234 1032 scriptum.
3264 960 3455 1016 Procul
3473 965 3612 1019 dubio
3626 970 3706 1021 hac

2202 1056 2513 1111 observatio
2542 1053 2663 1121 ejus
2691 1054 2823 1108 illud
2856 1054 3080 1116 indicat,
3111 1053 3250 1119 quod
3284 1052 3419 1108 nihil
3446 1054 3708 1111 audebattle

2202 1148 2306 1202 hac
2330 1160 2389 1203 re
2416 1145 2703 1203 manifesto
2740 1147 2990 1215 dogmate
3019 1144 3366 1200 conﬁrmare.

2276 1238 2514 1306 Denique
2546 1237 2598 1291 in
2642 1251 2708 1291 eo
2733 1235 2872 1289 libro
2902 1248 3062 1318 quem
3095 1232 3149 1286 in
3202 1232 3491 1301 Epistolam
3521 1231 3706 1303 Apostoli

2202 1330 2270 1385 ad
2300 1330 2479 1384 Titum
2512 1328 2723 1393 scribit,
2759 1326 3069 1380 haereticum
3098 1324 3434 1391 describens,
3474 1332 3524 1378 et
3561 1324 3707 1379 anime

2202 1424 2405 1479 faciens
2438 1423 2790 1485 mentionem,
2822 1421 2940 1474 haec
2967 1419 3098 1473 dicit
3130 1437 3144 1474 :

2803 1510 3033 1567 CAPUT
3077 1510 3166 1565 IX.

2423 1621 2709 1663 BBSPONSIO
2742 1624 2809 1661 AD
2832 1619 3078 1660 οετληιι
3112 1614 3547 1658 οιιιιιιΝΑτιοκιι.

2827 1696 2903 1751 De
2935 1698 3135 1749 anima.

2272 1792 2557 1849 ORIGENES.
2592 1792 2705 1863 (7t)
2738 1808 2757 1842 ι
2794 1791 2933 1844 Sunt
2962 1802 3094 1843 vero
3141 1796 3196 1841 et
3246 1784 3353 1839 alia
3389 1783 3609 1855 quaedam
3644 1782 3710 1837 dt»

2129 1863 2173 1918 Β
2211 1894 2417 1956 gntata,
2448 1899 2572 1953 quae
2607 1884 2660 1937 in
2686 1880 3003 1951 apostolicis
3029 1877 3408 1935 traditionibus
3438 1892 3535 1931 non
3558 1872 3709 1929 haben-

2206 1985 2317 2040 tur,
2360 1975 2426 2030 de
2480 1975 2683 2044 quibus
2728 1973 2977 2043 requires
3028 1970 3074 2025 si
3131 1977 3349 2040 oportet
3392 1983 3481 2023 eos
3521 1968 3598 2036 qui
3629 1964 3706 2035 (τε)

2204 2068 2485 2138 quodlibet
2514 2068 2580 2122 de
2615 2066 2701 2122 his
2739 2065 2983 2121 sentiunt
3018 2063 3099 2117 vel
3145 2070 3502 2132 pertractant,
3548 2058 3706 2114 hereti-

2204 2173 2301 2214 cos
2367 2157 2670 2229 putandos,
2715 2166 2928 2228 utputa,
2998 2155 3150 2210 verbi
3201 2167 3369 2209 causa
3422 2154 3647 2216 dixerim,
3678 2149 3708 2204 ἐ

2207 2250 2330 2321 quis
2361 2250 2628 2305 rationem
2673 2249 2926 2304 humana!
2978 2246 3178 2301 animae
3227 2244 3500 2314 inquirat,
3541 2258 3638 2297 cum
3667 2242 3710 2296 de

2204 2357 2267 2396 ea
2301 2356 2479 2410 neque
2523 2341 2667 2411 quod
2696 2356 2763 2395 ex
2794 2338 3019 2394 seminis
3043 2338 3270 2393 traduce
3316 2336 3552 2397 ducatur,
3582 2349 3710 2402 neque

2207 2434 2351 2503 quod
2386 2432 2758 2489 bonorabilior
2790 2441 2844 2487 et
2872 2430 3152 2500 antiquior
3186 2443 3476 2499 corporum
3515 2440 3712 2495 compage

2211 2528 2315 2591 sit,
2351 2525 2633 2581 tradiderit
2682 2524 3061 2579 Ecclesia‘stica
3120 2524 3325 2595 regula.
3376 2520 3585 2588 Propter
3611 2518 3711 2587 quod

2211 2618 2365 2673 multi
2400 2633 2502 2673 nec
2548 2617 3009 2687 comprehendere
3054 2622 3355 2686 potuerunt
3395 2611 3602 2683 qualiter
3626 2624 3712 2664 sen-

2214 2709 2302 2764 tiri
2331 2689 2610 2779 oporteret
2649 2708 2716 2762 de
2759 2707 2953 2761 anima:
3002 2707 3259 2762 ratione:
3313 2705 3409 2762 sed
3453 2713 3506 2760 et
3544 2702 3619 2773 qui
3645 2699 3713 2754 sli-

2210 2802 2337 2871 quid
2375 2801 2584 2857 sentire
2612 2800 2699 2855 vel
2728 2800 2996 2855 disserere
3029 2798 3141 2869 (73)
3167 2798 3268 2854 visi
3301 2806 3447 2864 sunt,
3481 2811 3509 2850 a
3544 2790 3714 2849 nonnul-

2211 2892 2278 2947 lis
2327 2894 2380 2947 in
2428 2892 2735 2961 suspicione
2778 2890 3047 2946 habentur
3092 2891 3241 2945 velut
3291 2889 3431 2945 novi-
3456 2885 3629 2957 aliquid
3653 2884 3712 2938 in-
3806 2924 3807 2929 η

2216 2982 2587 3044 troducentes,
2629 3001 2649 3035 ι

2282 3070 2609 3127 Ρικριιιιυε.
2647 3070 2857 3126 Deinde
2878 3080 3000 3141 post
3033 3085 3204 3141 pauca
3237 3070 3318 3124 ait
3345 3090 3358 3125 :

2284 3162 2572 3218 URIGBNES.
2606 3180 2625 3214 ι
2667 3162 2771 3218 Sed
2805 3171 2860 3218 et
2895 3173 2948 3216 tu
2970 3163 3083 3233 ipse
3127 3162 3266 3232 apud
3300 3160 3613 3230 temetipsum
3635 3156 3711 3209 dis-

2212 3256 2427 3310 cutiens
2498 3254 2782 3309 considera
2850 3254 2898 3309 si
2946 3262 3159 3323 Oportet
3222 3268 3350 3308 eum
3399 3252 3488 3323 qui
3535 3248 3715 3320 quolibet

2212 3346 2373 3402 modo
2404 3347 2469 3401 de
2495 3346 2579 3401 bis
2611 3347 2871 3417 opinatur
2898 3346 2986 3400 vel
3021 3344 3366 3409 haereticum,
3406 3344 3487 3398 vel
3516 3339 3713 3397 ecclesir

2212 3436 2409 3490 sticum
2443 3445 2645 3490 temere
2674 3436 2913 3500 definiri,
2944 3447 3037 3490 aut
3066 3436 3113 3490 si
3157 3450 3265 3490 non
3300 3444 3386 3491 est
3414 3431 3712 3505 periculosum

2213 3516 2277 3581 (Ιέ
2307 3541 2373 3582 eo
2407 3528 2782 3596 pronuntiare,
2826 3528 3081 3596 quoniam
3121 3536 3177 3583 et
3224 3527 3345 3598 ipse
3391 3540 3631 3597 perversa:
3666 3520 3713 3573 sit

2212 3628 2265 3675 et
2287 3631 2499 3691 peccet,
2524 3628 2579 3674 et
2605 3621 2675 3674 sit
2704 3637 2735 3673 a
2763 3622 3036 3689 semetipso
3073 3620 3361 3675 damnatus
3387 3621 3461 3673 ηε
3495 3616 3588 3686 (π)
3610 3612 3715 3683 quod

2213 3713 2279 3767 de
2310 3710 2577 3765 haereticis
2609 3710 2827 3774 dicitur,
2852 3712 2895 3765 si
2924 3711 3047 3778 quis
3081 3709 3222 3765 forte
3245 3725 3316 3765 ex
3359 3710 3443 3764 his
3471 3721 3577 3776 quae
3598 3713 3712 3770 supra

2212 3803 2469 3868 diximus,
2500 3802 2796 3871 quamlibet
2817 3801 3127 3872 opinionem
3151 3802 3281 3856 licet
3308 3816 3494 3855 novam
3511 3808 3555 3852 et
3576 3804 3715 3865 qum

2213 3880 2458 3965 plurimis
2500 3897 2864 3965 peregrinam,
2911 3895 3159 3948 videatur
3206 3894 3478 3948 inducere.
3506 3908 3523 3941 ι

2289 3986 2618 4041 PAMPHILUS.
2651 3984 2776 4040 Haec
2805 3987 3027 4054 quidem
3064 3986 3176 4053 ipse
3225 3984 3281 4038 in
3328 3999 3393 4038 eo
3430 3982 3557 4035 libro
3598 3987 3714 4046 quem

2220 4092 2384 4146 supra
2442 4078 2678 4132 diximus
2711 4075 2923 4131 scribit.
2984 4074 3093 4130 Nos
3141 4090 3272 4128 vero
3323 4075 3407 4129 bis
3441 4069 3716 4139 adiungimus

2215 4170 2376 4222 etiam
2429 4168 2529 4223 ista
2574 4182 2693 4239 quae
2749 4168 2901 4222 nobis
2940 4169 3051 4236 ipsa
3087 4168 3316 4235 aequitas
3359 4166 3558 4220 videtur
3592 4173 3716 4229 espo-

2219 4275 2393 4316 scere.
2428 4259 2482 4315 Si
2527 4259 2812 4314 manifeste
2851 4257 3095 4313 Ecclesia
3144 4258 3383 4313 traderet
3415 4256 3491 4311 vel
3514 4252 3715 4325 praedica-

2218 4363 2297 4408 ret
2318 4352 2601 4433 gontraria
2631 4352 2718 4406 his
2742 4367 2860 4421 qua:
2892 4350 2983 4404 ille
3028 4352 3221 4414 sensit,
3264 4350 3384 4405 sine
3431 4349 3575 4404 dubio
3612 4341 3716 4396 velut

2212 4446 2517 4501 contrarius
2590 4453 2645 4499 et
2675 4445 2938 4499 resistens
2980 4441 3202 4497 statutis
3245 4440 3609 4497 ecclesiasticis
3633 4448 3713 4488 tne-

2214 4542 2317 4593 rito
2347 4538 2676 4608 culparetur.
2717 4536 2871 4591 Nunc
2904 4551 3035 4591 vero
3061 4551 3182 4589 cum
3214 4534 3498 4590 diversitas
3525 4532 3584 4585 sit
3608 4522 3715 4596 apud

2210 4644 2398 4685 omnes
2429 4630 2856 4694 ecclesiasticos,
2886 4636 2940 4685 et
2967 4629 3060 4683 alii
3085 4627 3188 4682 alia
3221 4628 3288 4682 de
3317 4628 3489 4682 anima
3515 4620 3714 4679 sentiat“,

2209 4830 2258 4875 et
2323 4820 2545 4884 abrupta
2595 4819 2908 4872 auctoritate
2951 4816 3226 4884 deﬁniens.
3266 4816 3394 4870 Mss.
3444 4806 3714 4884 Sorbonjctts

2211 4900 2263 4943 et
2293 4890 2352 4945 S.
2383 4876 2660 4944 Michaelis
2689 4889 2740 4941 in
2768 4876 3214 4950 Periculo'maris,
3246 4886 3323 4939 vel
3359 4884 3451 4957 [aL
3477 4879 3576 4957 sed]
3608 4876 3713 4957 Sari:

2211 4969 2487 5030 pturarum
2516 4958 2825 5012 sententiam
2865 4971 3015 5009 suam
3053 4950 3379 5010 auctoritate.
3395 4954 3653 5025 definiens:
3675 4950 3713 4995 ei

2215 5032 2289 5085 ita
2325 5030 2608 5095 legendum
2648 5029 2876 5081 videtur.
2978 5096 2988 5099 Α
3222 5095 3235 5099 _
3316 5096 3345 5099 Α
3485 5089 3606 5099 -η,

2288 5091 2404 5171 (69)
2430 5100 2630 5155 Omnes
2661 5112 2793 5152 mss.
2822 5096 3030 5162 nostri,
3060 5095 3441 5151 occasionibus.
3485 5091 3626 5151 Editi,
3647 5097 3712 5136 οσ-

2218 5187 2445 5225 castane.

2287 5220 2589 5312 '(v7'0‘)il3diti,
2623 5253 2726 5312 non
2752 5253 2912 5312 ausus
2944 5235 3190 5312 sit._Mss.
3219 5246 3293 5312 ttt_
3320 5236 3371 5312 in
3405 5241 3561 5312 textu.
3587 5220 3711 5280 Paulo

2216 5304 2336 5379 post
2368 5304 2497 5363 editi
2531 5307 2786 5379 omittunt
2815 5305 3212 5379 Apostg‘ligpost
3238 5304 3544 5379 Egistolam.

2286 5378 2396 5446 (71)
2432 5379 2509 5432 Ex
2550 5373 2837 5431 Comment.
2862 5373 2932 5428 'in
2976 5373 3143 5444 Epist.
3176 5378 3244 5429 ad
3280 5375 3468 5429 Titum.

2288 5380 2368 5446 (71
2432 5379 2509 5432 Ex
2550 5378 2837 5431 Comment.
2879 5378 2932 5428 in
2976 5378 3143 5444 Epist.
3176 5378 3244 5429 ad
3280 5378 3468 5429 Titum.

2288 5378 2400 5519 (72;
2440 5448 2534 5503 Sic
2569 5460 2697 5501 mss.
2733 5446 2875 5500 Editi
2906 5458 3055 5511 vero,
3093 5446 3553 5513 quomodolibet....
3578 5442 3707 5489 esst-

2217 5520 2353 5571 mine
2385 5519 2639 5571 traducis.

2291 5587 2404 5658 (73)
2441 5587 2583 5658 _Editi
2604 5626 2619 5651 ,
2643 5586 2745 5658 nis_i
2770 5593 2927 5658 sunt;
2956 5599 3084 5640 mss.
3117 5586 3308 5650 nostri,
3344 5583 3436 5639 visi
3460 5587 3585 5658 sunt.

2292 5648 2406 5727 (74)
2437 5656 2513 5711 Ita
2542 5648 2674 5712 mss.
2709 5656 2846 5727 Editi
2882 5648 3063 5709 autem
3096 5648 3399 5727 perperam,
3431 5648 3555 5727 (μιοβ

2222 5719 2355 5782 licus
2388 5719 2586 5781 dicitur
2764 5726 2881 5782 licet
2920 5719 3290 5795 nonnunquam
3329 5719 3553 5796 plurimis
3591 5719 3708 5783 ρσε·

2214 5800 2440 5868 grinam,
2468 5805 2574 5854 etc.
