3866 6524
203 427 319 488 605

1413 439 1758 498 APOLOGIA
1795 441 1934 500 PRO
1973 444 2294 504 ORIGENE.

3383 455 3488 512 606

203 557 263 603 et
291 564 490 609 omnes
521 552 757 622 diversa,
787 559 1062 627 quomodo
1092 560 1180 616 hic
1215 561 1390 632 magis
1415 579 1577 632 quam
1610 566 1792 619 caeteri
1824 571 1868 626 A
1900 579 2128 640 peccat;
2180 572 2404 642 insuper
2445 573 2610 628 etiam
2663 575 2806 645 quod
2849 581 2905 630 et
2953 574 3136 643 ptenis
3164 576 3168 582 '
3195 575 3474 631 subdeuda

202 641 546 702 incusandus
587 657 693 715 est,
742 652 978 708 maxime
1025 669 1148 709 cum
1205 671 1266 711 ea
1323 673 1444 726 qua:
1497 674 1526 711 a
1573 657 1796 727 reliquis

207 733 578 803 aﬂirmantur,
613 739 726 810 (75)
757 743 930 797 multo
962 746 1133 813 magis
1176 757 1230 802 et
1277 750 1514 805 absurda
1568 751 1794 808 videan-

202 837 318 892 tur,
360 840 413 882 et
442 832 544 885 sibi
593 833 709 902 ipsa
741 837 1065 891 contraria?
1097 838 1326 906 Quidam
1373 843 1516 898 enim
1560 845 1791 914 opinan-

200 930 294 971 tur
327 923 648 990 praaparatis
689 925 800 992 jam
843 926 897 981 in
941 940 1133 986 ventre
1181 933 1467 988 mulierum
1520 935 1792 993 deforma-

201 1011 389 1081 tisque
439 1016 787 1084 corporibus,
820 1028 948 1076 tunc
976 1023 1042 1076 ad
1083 1038 1322 1092 praesens
1348 1029 1527 1084 creari
1554 1031 1787 1099 animas,

196 1112 258 1156 et
291 1105 461 1159 inseri
493 1106 934 1177 deformatojam
965 1115 1204 1185 corpori.
1240 1115 1366 1172 Haec
1395 1135 1524 1174 vero
1549 1124 1791 1176 sentien-

198 1203 308 1262 tes,
364 1211 563 1266 praeter
612 1201 715 1258 hoc
766 1205 911 1272 quod
963 1206 1280 1264 manifestas
1320 1212 1669 1280 probationes
1721 1231 1785 1272 ex

196 1292 419 1343 sanctis
466 1289 768 1360 Scripturis
813 1297 1072 1354 adbibere
1123 1316 1234 1356 non
1287 1315 1537 1371 possunt,
1570 1306 1790 1378 insuper

192 1380 372 1434 etiam
422 1382 745 1452 injustitiam
798 1390 1204 1459 quodammodo
1257 1395 1566 1453 Conditoris
1621 1415 1785 1457 accu-

193 1483 352 1538 sant,
379 1476 522 1542 quod
551 1494 657 1533 non
699 1482 983 1550 aequaliter
1025 1485 1140 1558 (76)
1193 1501 1386 1544 omnes
1433 1500 1694 1558 utantur,
1734 1495 1786 1549 id

190 1574 323 1631 est,
368 1583 550 1636 aequas
592 1571 714 1627 vitae
762 1578 1203 1636 conversationes
1246 1581 1452 1637 tribuat
1509 1588 1783 1642 omnibus.

193 1657 405 1714 Statim
436 1662 579 1716 enim
611 1673 670 1718 ut
697 1676 880 1722 creata
925 1668 1088 1725 fuerit
1114 1674 1316 1740 anima,
1347 1690 1472 1731 cum
1514 1678 1649 1733 nihil
1680 1680 1785 1733 uti-

187 1765 307 1820 que
351 1753 526 1809 adhuc
556 1756 608 1810 in
639 1771 697 1810 se
725 1759 896 1828 culpa:
930 1764 1285 1833 commiserit,
1322 1768 1584 1824 inseritur
1612 1771 1782 1826 inter-

188 1843 353 1909 dum,
388 1845 431 1898 si
462 1847 531 1900 ita
575 1849 838 1905 acciderit
874 1867 1020 1909 cmco
1044 1861 1280 1926 corpori,
1309 1859 1390 1915 vel
1417 1861 1552 1916 alias
1580 1863 1775 1919 debili:

1898 663 1969 718 sit
2008 678 2105 732 pro
2145 664 2412 732 peccato?
2455 664 2568 735 (81)
2616 663 2723 720 Sed
2761 675 2815 721 et
2866 665 2997 721 illud
3036 681 3099 722 se
3142 666 3323 737 (quod
3362 682 3484 737 per-

1897 756 2188 810 absurdum
2215 759 2334 825 est)
2374 759 2658 812 incurrere
2691 772 2802 812 non
2843 758 3050 824 vident,
3090 760 3216 827 quia
3257 775 3478 815 necesse

1894 857 1976 901 est
2005 862 2123 902 eam
2151 849 2311 902 simul
2337 863 2459 903 cum
2487 864 2718 919 corpore
2747 850 2907 916 mori,
2935 860 2990 906 et
3013 865 3139 906 esse
3163 851 3474 915 mortalem,

1894 935 1937 990 si
1971 935 2129 989 simul
2175 951 2297 990 cum
2346 952 2576 1007 corpore
2615 938 2699 992 vel
2745 939 3042 1004 seminata,
3090 941 3171 994 vel
3205 943 3477 1004 formata,

1891 1029 1974 1083 vel
2011 1040 2136 1083 nata
2174 1040 2278 1086 est.
2320 1031 2457 1084 Tum
2488 1032 2683 1087 deinde
2727 1032 2802 1087 illi
2841 1033 2932 1102 qui
2964 1051 3124 1088 unam
3153 1037 3372 1104 quidem
3408 1051 3473 1090 ex

1892 1119 2055 1174 nullis
2096 1121 2474 1178 substantibus
2503 1138 2531 1176 a
2565 1123 2673 1178 Deo
2709 1123 2916 1178 factam
2960 1139 3079 1180 esse
3125 1126 3314 1180 dicunt
3353 1127 3478 1181 ani--

1892 1226 2059 1274 mam,
2098 1211 2150 1265 id
2185 1225 2272 1266 est
2329 1212 2473 1267 illam
2508 1229 2628 1284 quze
2665 1218 2839 1285 prima
2877 1216 3020 1270 facta
3058 1228 3138 1271 est
3172 1218 3223 1272 in
3265 1219 3476 1284 Adam,

1891 1313 1946 1359 et
1971 1319 2039 1359 ex
2072 1320 2132 1360 ea
2159 1305 2273 1373 jam
2308 1308 2551 1361 omnium
2599 1309 2879 1363 hominum
2921 1310 3134 1363 animas
3172 1312 3473 1376 exsistere,

1890 1404 1946 1450 et
1983 1398 2283 1452 secundum
2323 1399 2663 1467 corporalem
2702 1401 2821 1456 sine
2868 1400 3030 1456 dubio
3064 1402 3469 1458 successionem

1889 1485 2004 1556 (82)
2041 1486 2324 1542 traducem
2360 1504 2576 1558 quoque
2617 1489 2732 1544 ﬁeri
2770 1491 3114 1560 animarum,
3163 1493 3327 1547 etiam
3370 1494 3472 1563 ipsi

1888 1576 2017 1646 quid
2059 1577 2205 1632 aliud
2237 1579 2562 1645 ostendunt,
2600 1581 2704 1636 nisi
2753 1582 2964 1638 animas
3000 1598 3120 1638 esse
3161 1583 3476 1638 mortales?

1889 1669 1946 1721 Si
1976 1668 2119 1738 enim
2149 1669 2563 1726 sicutanimalia
2591 1682 2789 1728 caetera
2815 1689 2880 1728 ex
2905 1675 3022 1730 solo
3045 1678 3252 1731 semine
3285 1677 3472 1731 oriun-

1888 1769 1993 1825 tur,
2026 1761 2100 1816 ita
2126 1761 2290 1816 etiam
2322 1763 2390 1818 de
2421 1765 2734 1821 hominibus
2759 1769 3080 1834 sentiamus,
3113 1781 3172 1824 ut
3200 1785 3322 1824 cum
3354 1786 3473 1826 cor-

1886 1871 2016 1926 pore
2047 1857 2209 1911 simul
2251 1858 2302 1912 in
2338 1859 2528 1915 eodem
2577 1861 2787 1917 semine
2835 1863 3000 1917 etiam
3059 1867 3238 1917 anima
3273 1865 3472 1920 diﬁ‘un-

189 1934 322 1990 ali:e
364 1951 494 1992 vero
530 1941 679 1996 sanis
703 1945 1026 2013 corporibus
1072 1959 1125 2004 et
1176 1951 1549 2008 ﬁrmioribus:
1582 1966 1635 2010 et
1663 1956 1782 2011 aliis
1820 1935 1856 1985 η
1885 1948 2064 2011 dam":
2109 1946 2241 2016 (ιυῙά
2287 1947 2521 2004 ἀίεῖῐηυε
2559 1950 2624 2005 de
2671 1950 2757 2006 his
2793 1953 2885 2022 (illi
2940 1937 3470 2022 imperfccu'adhuc

189 2026 423 2096 quidem
473 2030 700 2086 multum
738 2035 860 2089 vita
905 2047 1119 2108 tempus
1171 2042 1444 2110 tribuitur,
1485 2046 1606 2102 aliis
1649 2063 1780 2104 vero

184 2119 583 2176 brevissimum
617 2139 632 2176 :
681 2125 756 2181 ita
791 2136 847 2181 ut
895 2129 1168 2186 interdum
1198 2133 1358 2188 simul
1388 2147 1445 2190 ut
1480 2145 1620 2192 nata:
1661 2140 1780 2196 foe-

186 2209 327 2273 rint,
383 2213 744 2271 exturbentur
787 2232 818 2273 e
863 2235 1134 2290 corpore:
1177 2231 1231 2278 et
1277 2227 1396 2280 aliae
1443 2230 1661 2298 quidem
1712 2233 1778 2288 ad

184 2307 672 2362 conversationem
721 2323 990 2381 agrestem
1039 2318 1330 2384 quamdam
1377 2330 1433 2375 et
1469 2323 1776 2390 barbaram,

184 2395 307 2466 (77)
338 2405 394 2450 et
426 2398 516 2452 ubi
559 2416 625 2455 ex
669 2402 813 2456 nulla
862 2405 996 2460 nihil
1029 2407 1251 2465 humani
1286 2421 1378 2465 aut
1421 2413 1632 2471 honesti
1673 2427 1776 2482 est,

185 2493 247 2538 et
277 2501 449 2556 super
491 2491 672 2545 omnia
721 2493 811 2547 ubi
845 2505 1086 2563 paternae
1129 2503 1536 2571 superstitionis
1581 2506 1777 2575 impie-

181 2587 274 2631 tas
308 2578 540 2646 obtinet,
589 2582 940 2654 diriguntur:
987 2589 1109 2645 aliae
1157 2607 1286 2648 vero
1334 2595 1401 2648 ad
1434 2596 1580 2652 viros
1610 2597 1778 2653 hone-

181 2673 330 2732 stos,
363 2670 595 2733 sobrios,
630 2672 925 2740 humanos,
977 2679 1068 2733 ubi
1117 2690 1171 2734 et
1204 2681 1564 2739 humanarum
1595 2687 1776 2758 legum

183 2759 506 2816 abservatio
533 2763 719 2834 viget:
766 2767 1040 2828 interdum
1088 2774 1253 2828 etiam
1285 2777 1351 2830 ad
1403 2790 1660 2848 parentes
1692 2796 1775 2836 re-

182 2849 438 2922 ligiosos,
469 2853 556 2910 ubi
584 2856 838 2915 educatio
888 2862 1083 2918 nobilis
1115 2878 1168 2920 et
1194 2867 1443 2936 honesta,
1475 2872 1564 2926 ubi
1612 2873 1774 2926 etiam

179 2944 431 2998 eruditio
461 2949 829 3018 rationabilis,
862 2957 1328 3016 transmittuntur.
1353 2961 1635 3028 Quomodo
1662 2966 1773 3040 (78)

179 3035 361 3106 igitur
403 3049 708 3096 assertores
749 3059 941 3098 eorum
989 3047 1042 3102 in
1079 3049 1275 3105 talibus
1310 3052 1548 3108 divinam
1581 3035 1777 3112 Provi;

177 3129 435 3185 dentiam
470 3142 616 3188 recte
642 3136 825 3190 omnia
856 3138 1282 3207 dispensantem,
1327 3154 1382 3198 et
1423 3160 1577 3216 arqua
1623 3147 1775 3205 lance

174 3225 588 3293 moderantem,
640 3239 896 3299 tanquam
940 3231 1068 3287 boui
1117 3244 1171 3289 et
1197 3236 1326 3304 justi
1375 3237 1470 3292 Dei
1520 3251 1775 3309 poterunt

176 3316 514 3386 assignare?
555 3317 673 3379 Jam
713 3337 843 3378 vero
893 3325 971 3379 illi
1021 3327 1114 3394 qui
1165 3342 1230 3382 ex
1287 3331 1512 3386 traduce
1561 3334 1774 3391 animas

176 3411 382 3465 venire
434 3410 733 3478 aﬁirmant,
783 3425 837 3470 et
885 3417 1045 3471 simul
1093 3433 1213 3473 cum
1255 3425 1521 3492 corporali
1563 3441 1656 3481 eas
1691 3442 1779 3482 se-

177 3503 339 3558 mine
369 3505 627 3560 seminari
660 3525 674 3560 :
713 3508 980 3576 siquidem
1017 3509 1100 3580 (ut
1136 3513 1356 3580 quidam
1406 3517 1645 3586 ipsorum
1693 3519 1775 3574 af.

173 3595 412 3650 ﬁrmare
446 3597 643 3669 solent)
673 3598 784 3668 (79)
820 3617 926 3656 non
973 3602 1119 3658 aliud
1152 3605 1344 3660 dicunt
1388 3611 1626 3663 animam
1655 3626 1776 3666 esse

172 3705 353 3759 quam
408 3690 828 3746 iusuﬁlationem
884 3694 1123 3764 Spiritus
1175 3697 1314 3764 Dei,
1371 3701 1515 3754 illam
1566 3704 1776 3760 scilicet

171 3796 353 3852 quam
384 3782 544 3836 initio
589 3784 814 3840 factura:
847 3787 1032 3841 mundi
1064 3787 1212 3844 Deus
1241 3789 1442 3845 dicitur
1472 3793 1776 3851 insulilasse

171 3874 236 3928 in
264 3870 444 3924 Adam
480 3871 545 3939 “,
580 3872 697 3943 (80)
734 3875 801 3929 de
849 3875 964 3943 ipsa
1009 3875 1101 3929 Dei
1149 3891 1268 3932 esse
1308 3893 1427 3932 eam
1467 3879 1770 3936 substantia

171 3964 543 4035 proﬁtentes:
589 3965 862 4033 quomodo
902 3981 1009 4019 non
1046 3975 1102 4020 et
1142 3966 1228 4020 isti
1261 3967 1590 4022 videbuntur
1629 3985 1768 4040 quo-

170 4056 476 4112 dammodo
526 4056 640 4110 haec
685 4066 881 4126 praeter
923 4056 1222 4126 Scripturae
1276 4060 1548 4130 regulam,
1590 4071 1644 4115 et
1690 4077 1773 4119 ra-

169 4149 390 4204 tionem
432 4147 656 4216 pietatis
701 4163 970 4214 asserere,
1014 4151 1160 4218 quod
1204 4151 1504 4207 substantia
1547 4152 1640 4208 Dei
1686 4164 1772 4210 est

167 4257 300 4312 quae
343 4251 558 4310 peccat,
603 4242 647 4296 si
687 4241 868 4298 anima
913 4256 1034 4311 quae
1069 4241 1136 4297 de
1179 4242 1484 4298 substantia
1531 4243 1626 4299 Dei
1661 4254 1767 4313 est,

253 4380 302 4412 “
341 4379 480 4435 Gen.
512 4396 574 4445 ll,
599 4380 650 4435 7.

1884 2047 1938 2092 et
1993 2038 2059 2092 de
2120 2049 2314 2096 ventre
2387 2041 2565 2099 aborsi
2609 2054 2762 2111 sunt,
2841 2055 2895 2100 et
2945 2047 3036 2116 qui
3084 2063 3472 2119 nonnunquam

1883 2130 2049 2184 etiam
2070 2141 2361 2202 antequam
2379 2134 2726 2191 vasculorum
2746 2139 3078 2194 naturalium
3113 2143 3472 2212 receptaculis

1883 2226 2089 2279 semina
2133 2227 2242 2281 sint
2297 2239 2574 2300 suscepta,
2627 2230 2969 2300 depereunt?
3003 2234 3057 2288 In
3102 2236 3299 2305 quibus
3350 2237 3468 2292 sine

1883 2316 2050 2370 dubio
2081 2316 2424 2386 invenietur,
2469 2324 2612 2390 quod
2655 2323 2818 2377 simul
2856 2325 3020 2379 etiam
3073 2326 3177 2381 illae
3218 2343 3339 2396 quae
3373 2344 3469 2382 na-

1883 2408 2040 2463 turali
2105 2411 2314 2465 ratione
2363 2413 2666 2469 semiuibus
2717 2417 2938 2473 insertae
2986 2419 3200 2473 inerant
3246 2421 3466 2490 animm,

1880 2501 2166 2556 exstinctae
2208 2503 2317 2556 sint
2365 2503 2568 2572 pariter
2613 2513 2670 2559 et
2716 2518 3011 2577 corruptae.
3070 2507 3196 2563 Sive
3236 2524 3367 2581 ergo
3399 2526 3468 2566 ex

1882 2594 2252 2650 insumatione
2298 2595 2391 2650 Dei
2427 2597 2566 2661 sint,
2609 2599 2726 2653 sive
2752 2600 2820 2654 ab
2851 2616 2958 2655 una
3009 2601 3097 2655 illa
3140 2618 3262 2671 quae
3291 2604 3469 2673 prima

1881 2685 2025 2742 facta
2054 2697 2157 2752 est,
2189 2690 2507 2745 necessario
2531 2691 2692 2745 simul
2722 2709 2846 2747 cum
2878 2694 3202 2763 corporibus
3227 2711 3468 2750 corrum-

1877 2791 2104 2852 pcntur,
2131 2782 2175 2837 si
2202 2782 2451 2839 eamdem
2483 2800 2606 2840 cum
2637 2786 2964 2855 corporibus
3002 2787 3165 2841 etiam
3199 2789 3464 2859 originem

1882 2881 2107 2926 sumunt
2139 2875 2439 2928 secundum
2471 2875 2718 2944 ipsorum
2749 2878 3041 2932 rationem.
3073 2878 3180 2932 Aut
3211 2881 3356 2934 enim
3391 2883 3469 2936 ni-

1877 2964 1953 3018 hil
1980 2964 2204 3018 omuino
2227 2981 2290 3018 ex
2315 2966 2628 3021 rationabili
2653 2976 2814 3035 atque
2839 2968 3133 3024 immortali
3154 2971 3333 3025 anima
3353 2973 3464 3043 (85)

1878 3055 2234 3124 participavit
2269 3055 2400 3110 illud
2432 3057 2574 3126 quod
2619 3057 2802 3113 adhuc
2836 3059 2889 3113 in
2929 3069 3117 3114 ventre
3148 3071 3464 3132 corruptum

1877 3155 2000 3212 est;
2042 3157 2096 3201 et
2135 3147 2348 3215 repulsa
2382 3147 2473 3202 illa
2530 3149 2667 3203 ratio
2718 3159 2800 3205 est
2831 3165 2952 3220 qua:
2982 3150 3214 3207 allirmat
3244 3169 3364 3208 eam
3413 3157 3466 3209 iu

1880 3239 2104 3294 seminis
2138 3240 2364 3295 traduce
2394 3241 2553 3295 simul
2585 3257 2704 3296 cum
2737 3243 3063 3312 corporibus
3097 3246 3419 3300 seminatam
3449 3265 3462 3301 :

1878 3338 1970 3381 aut
2002 3330 2046 3383 si
2078 3329 2400 3400 participat,
2433 3332 2727 3386 necessitas
2759 3333 3006 3388 imminet
3035 3336 3280 3390 conﬁteri
3315 3353 3461 3392 mor-

1879 3421 2041 3474 talem
2074 3437 2195 3478 esse
2233 3423 2512 3477 animam:
2551 3424 2694 3492 quod
2728 3424 2861 3480 ﬁdes
2904 3427 3090 3496 utique
3133 3438 3320 3482 nostra
3359 3445 3464 3484 non

1874 3514 2088 3583 recipit.
2126 3515 2518 3598 Verumtamen
2552 3521 2682 3584 qUId
2736 3529 2820 3574 est
2857 3523 3002 3590 quod
3039 3536 3104 3575 ex
3143 3521 3228 3575 his
3280 3521 3462 3576 omni-

1875 3605 1976 3660 bus
2001 3607 2215 3662 ostendi
2244 3609 2540 3664 volumus?
2570 3610 2701 3664 illud
2729 3612 2999 3681 profecto,
3029 3615 3172 3682 quod
3201 3613 3341 3668 sicut
3369 3629 3464 3668 eos

1874 3695 1967 3765 qui
2010 3714 2171 3752 uuam
2207 3699 2508 3768 quamlibet
2559 3703 2628 3755 de
2675 3703 2761 3756 his
2799 3719 2936 3773 quas
2983 3719 3148 3773 supra
3202 3705 3462 3772 exposui-

1875 3805 2019 3850 mus,
2058 3791 2371 3859 Opinionem
2404 3808 2590 3848 veram
2632 3806 2861 3863 putant,
2917 3812 3023 3850 non
3066 3808 3212 3852 recta
3248 3799 3458 3853 ratione

1878 3878 2166 3935 hereticos
2196 3883 2316 3950 quis
2356 3884 2614 3953 appellat,
2651 3901 2750 3954 pro
2785 3901 2850 3940 eo
2884 3889 3029 3957 quod
3069 3903 3244 3957 neque
3279 3905 3343 3943 ex
3375 3891 3458 3945 di-

1880 3971 2022 4024 vinis
2051 3970 2352 4041 Scripturis
2387 3975 2521 4028 certi
2558 3976 2763 4046 aliquid
2809 3979 2874 4032 de
2926 3978 3010 4032 bis
3045 3980 3130 4034 vel
3174 3981 3462 4036 manifeste

1878 4063 2077 4116 dictum
2118 4080 2237 4120 esse
2285 4066 2568 4134 videatur,
2621 4085 2796 4139 neque
2840 4071 2892 4124 in
2944 4071 3328 4128 Prwdicatione
3378 4091 3462 4128 ec-

1877 4153 2172 4209 clesiastica
2219 4156 2532 4212 contineri:
2583 4161 2654 4214 ita
2693 4176 2866 4230 neque
2917 4163 3060 4217 hunc
3104 4164 3284 4218 virum
3338 4165 3452 4219 cul~

1875 4248 1989 4317 pari
2035 4249 2241 4319 justum
2289 4259 2393 4318 est,
2425 4251 2785 4308 disserentem
2819 4255 2962 4324 quod
2997 4257 3101 4313 sibi
3138 4257 3312 4314 visum
3343 4268 3456 4328 est,

247 4523 363 4605 (75)
401 4523 586 4603 Ειιὶιῑ,⁶
610 4523 791 4605 multo
819 4525 989 4594 magis
1030 4526 1138 4605 sint
1176 4535 1223 4578 et
1269 4527 1630 4605 absurda_,_et
1670 4529 1770 4605 sibi
1802 4511 1845 4567 θ
1874 4527 2317 4605 A_dmouitione_m
2362 4537 2600 4585 nostram
2653 4531 2705 4585 in
2760 4531 2899 4586 hanc
2937 4531 3202 4602 Pamphili
3257 4533 3457 4605 Apolo-

165 4595 304 4668 r_psis
346 4593 645 4668 contraria.
672 4593 802 4668 _Sed_
839 4593 970 4648 mss.
999 4606 1076 4668 qut
1121 4596 1174 4649 in
1225 4605 1418 4668 textu;
1467 4599 1569 4653 nisi
1622 4600 1765 4668 quod

168 4664 521 4738 Sorbonicus
575 4674 630 4719 et
672 4663 873 4736 Regius
925 4666 1156 4720 habeant
1183 4666 1309 4736 ,ρει
1367 4669 1467 4722 sibi
1506 4670 1608 4738 ipsi
1641 4663 1768 4724 con-

164 4736 369 4790 traria.

246 4804 366 4871 (76)
420 4804 610 4858 Omnes
661 4815 902 4858 utantur.
962 4804 1090 4862 Haec
1153 4807 1260 4863 duo
1299 4808 1462 4863 verba
1500 4812 1765 4867 omittun-

167 4885 265 4948 tur
300 4877 356 4929 in
402 4875 696 4948 editis,_et
740 4875 1106 4948 restituuntur
1146 4879 1198 4931 in
1239 4894 1396 4945 mss.,
1435 4883 1524 4948 qui
1562 4897 1624 4936 ea
1653 4884 1768 4938 col-

167 4947 364 5002 locant
395 4956 516 5015 post
547 4946 745 4999 tribuat
781 4946 1057 5012 omnibus;
1101 4949 1193 5003 sed
1233 4946 1546 5005 collocanda
1585 4954 1768 5007 viden-

167 5029 263 5070 tur
294 5028 433 5070 ante
461 5017 514 5069 id
542 5027 638 5070 est.
674 5015 813 5069 Infra
845 5032 974 5070 mss.
1009 5019 1227 5084 quidam
1261 5022 1523 5075 mendose
1550 5023 1756 5086 ferunt,

167 5087 251 5141 vel
281 5087 410 5139 alite
445 5087 624 5142 debili.
665 5087 784 5140 Mox
816 5089 1055 5152 pessime
1095 5089 1256 5153 editi,
1299 5091 1422 5145 alia:
1455 5109 1573 5146 ver-
1619 5096 1764 5148 sanis

164 5158 512 5221 corporibus,
547 5167 594 5210 et
639 5157 760 5210 alia:
805 5157 1213 5222 inﬁrmioribus.

239 5226 360 5298 (77)
396 5225 488 5282 Sic
519 5243 711 5281 omnes
751 5241 880 5281 mss.
912 5227 1052 5282 Editi
1088 5246 1242 5293 vero,
1283 5241 1334 5284 et
1371 5234 1458 5286 ubi
1489 5252 1540 5288 ut
1598 5233 1632 5285 il
1669 5234 1764 5286 Itu-

165 5298 323 5370 ιηαηὶ
355 5308 452 5350 aut
499 5299 700 5352 honesti
735 5307 845 5362 est,
892 5309 940 5352 et
981 5317 1139 5370 super
1171 5304 1349 5356 omnia
1393 5306 1480 5358 ubi
1519 5319 1761 5370 paterna:

164 5369 550 5431 institutionis,
583 5378 690 5422 etc.

238 5439 362 5510 (78)
396 5437 596 5510 Igitur.
627 5438 910 5497 Omittitur
958 5441 1011 5494 in
1072 5443 1324 5498 omnibus
1368 5459 1500 5499 mss.
1534 5446 1758 5510 nostris,

165 5509 265 5584 sed
299 5519 485 5563 exStat
534 5509 586 5562 in
634 5511 829 5584 editis,
872 5512 966 5584 qui
1013 5513 1171 5584 paulo
1198 5525 1316 5582 post
1347 5529 1630 5584 perperam
1672 5519 1761 5570 ha-

165 5579 347 5651 bent,
375 5589 627 5651 tanquam
659 5580 845 5634 bonum
873 5579 921 5636 et
939 5579 1074 5651 justi
1110 5579 1230 5650 Dei,
1255 5579 1362 5639 etc:

239 5647 360 5721 (79)
399 5647 523 5721 Non
550 5650 699 5702 aliud
733 5647 1073 5713 dicunt,'etc.
1105 5652 1183 5708 Ex
1217 5647 1303 5709 his
1343 5655 1523 5710 verbis
1560 5655 1756 5712 Hiero-

168 5720 368 5792 nyiuus
420 5720 514 5772 lib.
555 5736 586 5774 ιι
617 5723 867 5792 adversus
905 5722 1154 5788 Rufinum
1199 5727 1418 5780 videtur
1467 5741 1757 5782 accusasse

171 5791 469 5861 Drigeuetn
506 5791 687 5861 quasi;
711 5792 910 5847 dixerit
962 5793 1224 5861 Spiritum
1265 5807 1511 5852 sanctum
1545 5812 1648 5852 non
1690 5800 1757 5853 de

168 5863 363 5917 eadem
407 5859 589 5917 Patris
650 5859 880 5934 Filiique
931 5859 1051 5920 esse
1103 5865 1428 5922 substantia.
1480 5866 1588 5923 Sed
1639 5869 1756 5926 vide

1906 4600 2033 4659 iam,
2067 4615 2214 4654 num.
2252 4600 2303 4655 7.

1871 4615 2033 4668 grani,
2067 4615 2214 4654 num.
2254 4615 2303 4655 't.

1904 4741 1909 4742 γ
1943 4669 2056 4740 (80)
2096 4669 2224 4725 Mss.
2254 4672 2520 4741 plerique,
2550 4673 2614 4726 de
2647 4675 2765 4742 ipsa
2799 4672 2895 4726 Dei
2927 4689 3036 4727 esse
3064 4690 3178 4727 eam
3210 4675 3453 4730 substan-

1871 4741 2000 4792 tiam
2034 4742 2360 4808 pro/itentes,
2391 4743 2553 4798 male.

1942 4808 2050 4882 (8i)
2097 4809 2173 4864 lta
2206 4827 2396 4868 omnes
2440 4829 2569 4869 mss.
2621 4814 2814 4868 nostri.
2861 4815 2930 4867 At
2969 4830 3098 4869 vero
3142 4814 3302 4877 editi,
3347 4815 3454 4870 Sed

1868 4890 1916 4934 et
1944 4881 2079 4933 illud
2117 4883 2256 4949 quod
2302 4885 2541 4952 sequitur
2576 4887 2748 4954 (quod
2791 4886 3172 4952 perabsurdum
3211 4892 3321 4954 est)
3373 4887 3455 4939 in-

1869 4967 2081 5005 currere
2114 4969 2216 5005 non
2246 4955 2534 5019 praevident
2705 4971 2768 5008 ex
2793 4956 2952 5009 nullis
2985 4956 3386 5010 subsistentibus
3427 4974 3458 5009 a

1869 5019 1978 5074 Deo
2017 5021 2215 5088 factam
2245 5039 2376 5084 esse,
2419 5033 2527 5078 etc.

1939 5090 2052 5161 (82)
2100 5091 2228 5145 Mss.
2263 5097 2432 5148 nostri
2475 5111 2668 5149 omnes
2704 5095 2928 5161 habent,
2955 5097 3012 5150 in
3044 5097 3339 5150 traducem.
3373 5094 3454 5149 lu-

1868 5159 1950 5214 fra
1991 5159 2158 5224 editi,
2194 5165 2320 5230 quid
2356 5165 2591 5219 dicemus
2617 5185 2637 5221 :
2680 5181 2799 5219 mox
2835 5159 2964 5220 mss.
3007 5165 3340 5221 Sorbonicus
3389 5177 3446 5220 et

1869 5231 1927 5285 S.
1968 5232 2282 5290 Michaelis.
2327 5238 2391 5287 de
2441 5236 2521 5288 Itis
2557 5238 2647 5304 qui
2696 5235 2959 5303 interfecti
3007 5238 3221 5290 adhuc:
3266 5247 3450 5307 postea

1867 5318 2057 5357 Ornnes
2083 5318 2236 5375 mss.,
2264 5314 2310 5357 et
2337 5308 2477 5374 quod
2504 5323 2877 5374 nonnunquam
2907 5308 3064 5360 etiam
3090 5308 3252 5375 (editi
3281 5308 3448 5360 omit-

1870 5383 1988 5446 tunt
2024 5371 2216 5446 etiam)
2253 5371 2534 5446 antequam
2564 5371 2918 5440 vasculorum,
2973 5371 3230 5432 etc.‘Sed
3279 5377 3453 5446 legen-

1867 5445 1991 5497 dum
2033 5443 2244 5497 videtur
2280 5457 2338 5498 ut
2378 5445 2430 5498 in
2477 5455 2663 5500 nostro
2704 5456 2876 5500 textu.

1939 5513 2052 5582 (85)
2097 5513 2264 5582 Editi,
2298 5516 2639 5582 participabit
2686 5518 2737 5569 id
2790 5518 2935 5586 quod
2966 5518 3139 5572 adhuc
3183 5521 3240 5572 in
3275 5526 3447 5573 ventre

1864 5596 2127 5659 receptum
2154 5593 2253 5647 est,
2291 5596 2343 5659 et
2371 5587 2576 5659 repulsa
2596 5598 2670 5659 est
2705 5586 2802 5659 illa
2823 5590 2969 5659 ratio
3000 5606 3138 5659 qute,
3173 5602 3281 5644 etc.
3313 5588 3443 5642 Mss.

1865 5655 2200 5728 Sorbonicus
2225 5665 2280 5710 et
2311 5656 2370 5710 S.
2405 5655 2682 5711 Michaelis
2714 5658 2766 5710 in
2818 5655 3065 5714 Periculo
3104 5661 3292 5724 maris,
3321 5674 3450 5728 par-

1861 5726 2096 5801 ticipaui!
2133 5725 2189 5777 id
2236 5728 2386 5801 quod
2439 5728 2610 5801 adhuc
2652 5729 2705 5782 in
2754 5739 2938 5801 ventre
2970 5741 3216 5801 corrupto
3266 5725 3363 5791 est,
3398 5737 3452 5781 et

1863 5797 2073 5869 repulsa
2112 5805 2187 5849 est
2228 5797 2323 5850 illa
2368 5797 2506 5852 ratio
2554 5814 2703 5869 quis,
2749 5810 2854 5858 etc.
2901 5799 3096 5859 Cameri
3130 5797 3270 5859 vero
3311 5813 3447 5857 mss.

1868 5867 2013 5922 utin
2061 5876 2248 5923 nostro
2295 5877 2464 5926 textu.
