3866 6526
434 410 535 467 607

1673 404 1732 461 S.
1771 404 2103 462 PAMPHILI
2142 401 2502 462 MAR'tYRIS

435 529 673 586 maxime
702 543 828 586 cum
857 528 990 585 illud
1029 527 1305 599 praecipue
1337 527 1650 585 servaverit
1675 530 1818 598 quod
1843 528 1901 585 in
1922 529 2027 586 Ec-
2053 532 2102 590 A
2127 526 2411 584 contrario
2442 524 2551 582 dici
2578 530 2856 595 poterunt,
2885 521 3233 606 disputentur
3260 536 3278 576 :
3324 529 3382 578 et
3414 521 3557 579 hanc
3588 538 3703 579 esse

437 623 603 677 clesia
666 622 733 678 de
781 622 976 677 animae
1031 621 1380 677 confessione
1432 621 1644 677 servari
1693 621 2023 678 omnimodis

439 713 625 777 debet,
655 711 708 767 id
743 721 827 765 est
877 727 946 768 ne
975 712 1230 768 diversas
1260 724 1488 767 naturas
1515 725 1636 767 esse
1668 712 1877 768 diceret
1907 712 2025 767 ani-

443 822 701 862 marum:
744 807 990 876 qninimo
1019 816 1073 861 et
1120 806 1371 862 dicentes
1411 807 1731 879 redarguit,
1762 816 1818 863 et
1856 807 2024 863 velte-

445 896 613 951 menti
636 898 943 952 assertione
963 897 1260 952 convincit.
1294 895 1412 966 Ipse
1435 908 1616 954 autem
1642 898 1845 954 fatetur
1864 898 2025 955 unius

440 988 760 1044 Substantia:
799 1004 993 1045 omnes
1042 1004 1163 1044 esse
1208 990 1443 1054 animas,
1496 1000 1553 1044 et
1586 990 1929 1047 immortales
1959 1006 2025 1047 ac

442 1078 824 1141 rationabiles,
858 1079 1013 1134 liberi
1052 1080 1267 1136 arbitrii
1299 1098 1366 1137 ac
1400 1082 1739 1138 voluntatis:
1764 1083 2025 1151 judican-

442 1170 539 1226 das
561 1187 777 1241 quoque
799 1188 924 1228 esse
949 1188 1046 1243 pro
1079 1174 1162 1229 liis
1188 1188 1308 1243 quae
1340 1174 1392 1228 in
1426 1175 1529 1230 hac
1559 1175 1670 1230 vita
1701 1182 2024 1245 gesserunt:

440 1278 563 1318 esse
592 1273 775 1320 tamen
810 1280 905 1320 eas
943 1265 1119 1321 factas
1152 1281 1181 1320 a
1238 1267 1368 1333 Deo,
1400 1268 1489 1337 qui
1532 1269 1789 1323 universa
1823 1266 2030 1322 creavit

440 1364 497 1410 et
525 1355 789 1411 condidit.
821 1357 1049 1424 Quando
1081 1370 1263 1415 autem
1292 1360 1454 1416 factae
1496 1360 1627 1425 sint,
1664 1360 1793 1415 olim
1844 1360 2027 1424 simul,

441 1458 540 1500 aut
590 1462 732 1502 nunc
767 1461 864 1518 per
910 1449 1157 1519 singulos
1198 1450 1545 1523 nascentium
1571 1491 1588 1516 ,
1626 1449 1757 1521 quid
1802 1449 2029 1521 periculi

439 1547 527 1593 est
553 1538 785 1592 alterum
834 1553 866 1594 e
897 1539 1108 1596 duobus
1133 1542 1393 1610 opinari?
1440 1540 1551 1613 (84)
1596 1541 1704 1597 Sed
1752 1541 1911 1598 aliter
1940 1557 2029 1597 re-

444 1628 714 1697 spondere
753 1629 1013 1697 possibile
1046 1638 1151 1696 est,
1184 1640 1245 1685 ut
1286 1632 1467 1687 omnis
1514 1633 1731 1702 penitus
1778 1631 2030 1702 culpandi

444 1716 625 1770 aditus
648 1717 995 1774 excludatur.
1024 1717 1178 1774 Sicut
1218 1720 1365 1774 enim
1403 1720 1472 1777 de
1504 1721 1869 1777 luminaribus
1907 1722 2032 1778 ωεξΙί

444 1808 661 1864 diversa
697 1810 919 1879 singuli,
970 1812 1133 1867 etiam
1185 1813 1289 1882 ipsi
1340 1814 1433 1882 qui
1470 1823 1601 1869 sunt
1647 1814 1702 1868 in
1739 1812 2029 1882 Ecclesiis,

2126 627 2302 675 artem
2336 617 2647 688 disputandi
2697 631 2806 671 non
2840 615 3209 680 advertentcs,
3252 613 3519 685 objiciunt
3563 614 3706 671 cide

2125 711 2231 767 hoc
2273 710 2545 780 dogmate,
2576 707 2723 779 quod
2751 707 2906 777 quasi
2946 706 3062 777 ipse
3097 705 3335 762 senserit
3376 721 3440 762 ea
3474 721 3597 776 quae
3641 722 3705 761 es

2127 801 2474 859 adversantis
2499 816 2731 873 persona
2767 799 3047 859 disseruit.
3083 798 3328 868 Denique
3354 797 3502 870 quod
3529 798 3709 854 discu-

2129 896 2296 952 tiendi
2332 895 2450 951 haec
2480 902 2535 951 et
2582 909 2690 951 non
2731 893 3087 950 conﬁrmandi
3122 892 3325 949 dixerit
3376 907 3571 957 causa,
3602 893 3710 961 ipse

2127 1004 2224 1060 per
2260 1003 2325 1044 ea
2358 1002 2480 1058 quae
2526 996 2649 1057 post
2684 995 2979 1041 tractatum
3014 984 3093 1043 rei
3131 985 3305 1055 ipsius
3353 984 3579 1056 adjecit,
3620 998 3709 1040 os-

2130 1078 2304 1135 tendit
2351 1079 2458 1133 ltoc
2501 1078 2665 1134 modo
2705 1077 2936 1133 dicens:

2200 1173 2491 1230 ORIGBNES.
2535 1171 2648 1243 (88)
2684 1191 2703 1225 t
2741 1171 2850 1227 Sed
2882 1170 3020 1233 lucc,
3067 1178 3329 1240 quantum
3362 1168 3431 1223 ad
3463 1183 3568 1223 nos
3587 1182 3711 1239 per-

2132 1266 2303 1333 tinet,
2344 1281 2450 1322 non
2505 1266 2614 1322 sint
2664 1264 2956 1335 dogmata;
3006 1262 3100 1319 sed
3137 1261 3501 1318 discussionis
3543 1262 3711 1331 gratia

2131 1360 2277 1415 dicta
2315 1359 2446 1423 sint,
2482 1366 2538 1413 et
2565 1356 2914 1426 abjiciantur.
2948 1356 3054 1414 Pro
3101 1370 3167 1412 eo
3201 1364 3379 1410 autem
3416 1354 3542 1410 solo
3576 1354 3711 1409 dicta

2130 1462 2278 1517 sunt,
2302 1465 2370 1506 ne
2395 1450 2647 1505 videatur
2667 1449 2900 1521 quaestio
2929 1458 3097 1514 mota,
3123 1463 3226 1503 non
3252 1462 3373 1504 esse
3397 1448 3706 1502 discussa»

2202 1545 2539 1603 PAMPHILUS.
2573 1544 2681 1601 Sed
2711 1543 2827 1600 haec
2866 1542 2921 1598 in
2956 1557 3021 1600 eo
3054 1542 3175 1598 loco
3221 1543 3383 1608 dixit,
3424 1540 3483 1596 in
3522 1555 3634 1611 quo
3657 1544 3713 1597 de

2133 1635 2421 1691 animabus
2447 1634 2772 1693 animalium
2806 1633 3141 1705 requirebat,
3171 1632 3284 1703 (89)
3309 1646 3415 1687 nou
3446 1630 3517 1688 de
3551 1641 3714 1688 trans-

2133 1728 2436 1785 mutatione
2485 1728 2819 1785 animarum.
2873 1726 2953 1783 De
3014 1726 3318 1783 animarum
3369 1739 3505 1780 vero
3551 1733 3713 1781 trans-

2137 1822 2443 1877 mutatione
2491 1820 2545 1876 in
2588 1820 2823 1891 septimo
2856 1818 2999 1876 libro
3045 1819 3101 1875 in
3152 1817 3505 1889 Euangeliuns
3537 1833 3714 1872 secun-

447 1903 736 1968 seutiuut;
785 1902 905 1958 aliis
948 1903 1169 1973 quidem
1223 1904 1580 1973 opinantibus
1617 1919 1740 1961 esse
1777 1906 2031 1961 animau-
2062 1886 2107 1943 Β
2135 1916 2260 1970 dum
2293 1912 2608 1969 Hau/imum
2646 1886 2723 1969 ita
2757 1912 2954 1970 scribit
2995 1926 3012 1967 :

444 1996 546 2059 tia,
609 2004 665 2050 et
712 1996 1123 2051 rationabilium
1174 1997 1575 2066 animantium;
1613 1998 1737 2054 aliis
1777 2013 1909 2054 vero
1935 2014 2035 2069 pu-

452 2084 695 2140 tantibus
723 2086 868 2155 quod
921 2086 1323 2143 irrationabilia
1373 2091 1506 2155 sint,
1562 2091 1671 2146 imo
1712 2105 1846 2147 vero
1889 2091 2034 2162 quod

445 2190 553 2230 non
596 2179 772 2231 solum
806 2176 1013 2242 anima,
1066 2176 1162 2233 sed
1211 2186 1266 2232 et
1313 2178 1461 2233 omni
1495 2193 1657 2235 sensu
1695 2178 1912 2249 penitus
1935 2192 2032 2234 ca-

444 2273 636 2331 reant,
672 2274 729 2321 et
758 2266 872 2321 sola
904 2268 1023 2322 sine
1064 2268 1260 2338 spiritu
1305 2284 1372 2325 ac
1419 2285 1582 2329 sensu
1620 2271 1729 2325 sint
1759 2283 2029 2341 corpora:

444 2373 605 2415 nemo
634 2368 816 2415 tamen
845 2360 1044 2416 merito
1083 2360 1316 2417 alterum
1344 2376 1536 2416 eorum
1569 2363 1660 2433 qui
1691 2362 1809 2419 haec
1848 2363 1921 2417 ita
1952 2362 2034 2417 di-

442 2464 604 2507 verse
641 2454 905 2519 sentiunt,
939 2454 1259 2510 haireticum
1295 2455 1528 2520 dixerit,
1566 2464 1853 2524 propterea
1888 2456 2033 2525 quod

444 2557 552 2596 non
584 2553 775 2612 aperte
808 2545 875 2598 de
919 2544 1008 2601 his
1057 2546 1316 2600 traditum
1350 2555 1437 2602 est
1489 2545 1603 2617 (85)
1645 2547 1699 2601 in
1733 2547 2032 2615 apostolica

443 2636 829 2706 praedicatione
858 2655 871 2691 :
910 2639 984 2693 ita
1027 2638 1194 2693 etiam
1221 2653 1319 2695 eos
1351 2639 1443 2710 qui
1480 2640 1546 2694 de
1584 2640 1826 2695 humana
1854 2639 2033 2695 anima

443 2729 715 2796 dubitant,
757 2741 812 2785 et
837 2732 904 2787 de
935 2731 1089 2786 initio
1118 2732 1235 2803 ejus
1274 2731 1355 2788 vel
1395 2732 1608 2803 origine
1653 2732 1868 2789 diversa
1904 2732 2028 2802 opi-

445 2830 666 2888 nantur,
710 2837 816 2877 non
849 2831 933 2878 est
963 2832 1172 2878 rectum
1199 2823 1484 2879 hzereticos
1507 2823 1887 2894 pronuntiare,
1918 2839 2034 2878 ma-

443 2912 590 2967 xime
623 2928 747 2967 cum
784 2912 838 2968 iu
880 2913 1105 2983 reliquis
1148 2913 1543 2971 ecclesiasticas
1573 2915 1841 2971 doctrina:
1874 2929 2036 2986 regu-

444 3001 514 3057 lis
544 3003 686 3072 quod
723 3015 928 3060 rectum
958 3018 1043 3061 eSt
1070 3014 1126 3062 et
1146 3006 1475 3063 catholicum
1509 3014 1753 3063 teneant.

517 3090 822 3152 Novissima
858 3097 1170 3154 criminatio
1198 3106 1284 3155 est
1311 3097 1422 3170 (86)
1462 3097 2031 3171 μετενσωματώσεως,

443 3186 546 3244 hoc
575 3198 661 3244 est
707 3190 1186 3245 transmutationis
1216 3191 1550 3245 animarum.
1579 3192 1660 3246 Ad
1696 3190 1866 3262 quod,
1887 3191 2034 3245 sicut

2754 2002 2985 2061 CAPUT
3024 2004 3095 2061 X.

2382 2113 2670 2156 BISPONSIO
2705 2113 2775 2154 ΔΙ)
2812 2113 2993 2163 NONA)!
3029 2111 3485 2154 CRIMINATIOSEI.

2507 2190 2585 2248 De
2606 2190 3049 2247 transmutatione
3070 2191 3393 2244 animarum.

2206 2283 2501 2343 Ontcsnss.
2546 2304 2568 2336 ι
2601 2284 2715 2356 (90)
2746 2283 2976 2351 Quidam
2997 2282 3214 2353 quidem
3235 2281 3348 2354 (9i)
3372 2281 3589 2352 opinati
3608 2290 3718 2338 sunt

2137 2389 2205 2429 ex
2237 2389 2304 2430 eo
2337 2373 2484 2445 quod
2512 2373 2715 2430 dictum
2739 2381 2825 2430 est
2860 2387 2875 2427 :
2907 2371 3027 2442 Ipse
3052 2381 3129 2427 est
3159 2369 3310 2427 Elius
3334 2374 3427 2443 qui
3477 2382 3720 2427 venturus

2134 2475 2213 2520 est
2240 2465 2284 2497 "
2311 2481 2328 2523 :
2351 2466 2590 2520 animam
2620 2464 2755 2521 Elite
2802 2466 3047 2521 eamdem
3078 2463 3246 2520 fuisse
3276 2478 3438 2534 quam
3480 2462 3718 2522 Joannis.

2135 2554 2291 2623 Quod
2323 2556 2469 2611 enim
2495 2557 2634 2611 dixit
2673 2575 2688 2613 :
2717 2545 2841 2625 Ipse
2859 2566 2935 2611 est
2964 2554 3140 2623 Elius,
3188 2571 3297 2611 nou
3335 2555 3403 2609 ad
3434 2555 3607 2623 aliud,
3635 2556 3719 2611 sed

2135 2644 2204 2699 ad
2231 2643 2472 2699 animam
2507 2643 2858 2700 referendum
2916 2652 3202 2714 putarunt,
3233 2652 3288 2701 et
3335 2660 3403 2699 ex
3443 2645 3555 2701 hoc
3596 2660 3720 2716 pene

2134 2736 2250 2793 solo
2272 2752 2528 2794 sermone
2567 2737 2766 2808 dogma
2814 2737 3233 2793 introduxerunt
3294 2730 3719 2811 μέτενσωματὼ-

2137 2843 2298 2892 σεως,
2321 2827 2373 2882 id
2403 2838 2508 2891 est,
2537 2826 3014 2883 transmutationis
3032 2827 3360 2894 animarum,
3385 2830 3548 2899 quasi
3567 2828 3717 2884 etiam

2136 2915 2254 2986 ipso
2281 2915 2385 2970 hoc
2407 2913 2536 2972 Jesu
2575 2917 2958 2972 conﬁrmante.
3008 2916 3116 2972 Sed
3143 2921 3462 2988 dportuerat
3510 2920 3720 2984 intueri,

2136 3005 2263 3075 quia
2285 3004 2331 3059 si
2368 3004 2473 3060 hoc
2504 3020 2696 3060 verum
2720 3015 2889 3075 esset,
2927 3005 2982 3061 in
3032 3007 3219 3063 multis
3241 3008 3434 3079 utique
3490 3010 3720 3080 prophe-

2137 3104 2317 3150 tarum
2380 3096 2470 3152 vel
2527 3094 2950 3169 Evangeliorum
3005 3099 3223 3170 scriptis
3285 3100 3469 3157 simile
3526 3101 3719 3173 aliquid

2138 3187 2373 3243 inveniri
2392 3188 2633 3244 deberet.
2658 3189 2794 3244 Tum
2820 3191 3013 3247 deinde
3041 3192 3207 3247 etiam
3262 3193 3353 3249 ille
3407 3209 3596 3251 sermo
3636 3199 3720 3266 qui

444 3281 498 3335 in
524 3281 735 3337 caeteris
763 3280 1013 3345 fecimus,
1057 3282 1230 3351 ipsius
1267 3284 1361 3354 qui
1395 3292 1686 3338 accusatur
1714 3259 2028 3351 vresponde-
2059 3259 2101 3316 θ
2138 3280 2267 3335 huic
2290 3280 2628 3350 adjungitur,
2662 3278 2903 3338 osi‘endit
2956 3259 3724 3355 secretioremquemdamm

445 3372 624 3428 bimus
664 3373 884 3428 verbis:
928 3372 1062 3430 illud
1114 3375 1293 3444 primo
1344 3375 1757 3445 pernecessario
1792 3388 2033 3429 commo-

445 3473 653 3528 nentes,
683 3465 812 3535 quia
836 3473 1189 3521 accusatores
1213 3463 1329 3533 ejus
1366 3480 1473 3521 nou
1511 3466 1876 3537 iutelligeutes
1905 3480 2034 3536 qua-

444 3553 575 3609 liter
622 3557 693 3611 ab
731 3571 799 3612 eo
837 3558 906 3612 de
941 3557 1042 3612 ista
1098 3559 1403 3627 quaestione
1449 3566 1739 3613 tractaturus
1789 3556 1894 3623 sit,
1947 3555 2033 3611 vel

448 3648 593 3718 quod
629 3650 767 3703 ratio
793 3648 1180 3718 disputationis
1211 3650 1283 3703 ita
1314 3664 1375 3704 se
1411 3649 1635 3713 habent,
1673 3647 1786 3721 (87)
1819 3657 1876 3702 ut
1922 3664 2030 3704 non

447 3754 668 3810 semper
705 3739 817 3797 sola
844 3741 992 3796 velut
1038 3756 1106 3797 ex
1148 3756 1381 3812 persona
1427 3740 1773 3812 pronuntiari
1818 3741 2035 3796 videan-

449 3841 536 3887 tur
564 3848 685 3904 quze
723 3834 1001 3899 dicuntur,
1050 3834 1145 3890 sed
1192 3833 1464 3889 interdum
1509 3835 1678 3888 etiam
1725 3848 1789 3889 ea
1839 3848 1960 3903 qua:
2003 3849 2034 3889 e

518 4010 561 4042 ⁸⁷
586 4011 781 4067 Matth.
812 4029 888 4080 sl,
925 4012 1013 4068 14.
1092 4013 1137 4048 ⁸⁸
1169 4014 1299 4071 ibid.
1332 4014 1420 4073 15.

519 4214 633 4290 (84)
676 4218 806 4274 Mss.
847 4220 1065 4290 quidam
1090 4262 1105 4283 ,
1151 4218 1259 4275 Sed
1295 4220 1451 4274 aliter
1482 4218 1792 4287 respondere
1840 4219 2028 4287 impos-

449 4288 598 4341 sibile
633 4299 729 4342 est.
776 4288 967 4343 Cmtcri
1014 4306 1141 4346 vero
1189 4306 1319 4345 mss.
1367 4302 1424 4345 et
1468 4291 1598 4345 editi
1639 4300 1697 4345 ut
1738 4293 1792 4344 in
1839 4298 2026 4359 textu,

450 4359 552 4411 nisi
592 4360 734 4425 quod
780 4361 909 4413 editi
952 4362 1209 4414 ouiittaut
1245 4360 1422 4414 aliter.

526 4428 657 4501 (85)
680 4429 805 4482 Mss.
837 4431 965 4495 duo,
1001 4430 1201 4501 Regius
1225 4432 1434 4485 scilicet
1474 4438 1528 4485 et
1562 4429 1935 4493 Corbeiensis,
1974 4431 2029 4486 in

452 4498 741 4564 apostolica
784 4498 1108 4555 traditione}
1153 4501 1342 4556 caeteri
1398 4515 1532 4557 mss.
1589 4510 1646 4554 ct
1684 4503 1817 4556 editi
1867 4514 1927 4557 ut
1972 4501 2027 4555 in

452 4579 640 4623 liOSll‘O
680 4579 848 4623 ΙΕΧΗΙ.

2138 3387 2398 3429 arcanum
2428 3389 2649 3430 sensum
2677 3375 2729 3429 in
2758 3375 2843 3433 bis
2891 3391 3014 3446 quas
3038 3378 3186 3432 dicta
3248 3388 3378 3435 sunt
3437 3381 3723 3450 requiren-

2140 3464 2289 3530 dum,
2312 3467 2485 3536 magis
2514 3466 2628 3538 (92)
2651 3482 2815 3538 quam
2843 3483 2906 3523 ea
2927 3484 3046 3539 quae
3086 3470 3160 3525 illi
3200 3471 3507 3528 secundum
3541 3472 3725 3529 littera

2140 3559 2308 3615 solius
2339 3557 2752 3630 intelligentiam
2801 3571 3179 3631 susceperunt.
3209 3577 3332 3618 cum
3387 3564 3528 3619 dicit
3563 3580 3578 3616 :
3625 3564 3725 3631 Qui

2140 3652 2289 3708 habet
2327 3668 2482 3708 aures
2506 3654 2781 3717 audiendi,
2801 3655 2986 3708 audiat
3016 3654 3082 3708 ⁸⁸.
3111 3655 3436 3711 Addendum
3464 3666 3653 3713 autem
3677 3666 3726 3713 et

2141 3744 2295 3809 illud,
2329 3745 2379 3800 id
2410 3754 2516 3811 est,
2558 3747 2685 3816 quia
2722 3746 2767 3802 si
2798 3763 2896 3817 pro
2929 3748 3186 3818 peccatis,
3237 3749 3539 3804 secundum
3590 3750 3727 3820 quod

2144 3833 2245 3905 ipsi
2271 3835 2538 3905 sentiunt,
2568 3838 2955 3894 transmutatio
2989 3837 3085 3893 liat
3127 3838 3461 3905 animarum,
3512 3851 3727 3912 propter

2133 4216 2359 4287 epistola
2378 4216 2460 4287 ad
2503 4216 2759 4272 Avitum:
2784 4216 2866 4270 Ad
2887 4226 3176 4271 extremum
3203 4232 3267 4270 ne
3289 4226 3567 4271 teneretur
3582 4215 3721 4286 (Ori-

2169 4286 2332 4361 eues)
2366 4286 2708 4358 Pythagorici
2740 4288 3005 4361 dogmatis
3032 4304 3152 4361 reus
3175 4288 3268 4357 qui
3294 4290 3488 4361 asserit
3522 4305 3719 4361 μετεμ-

2147 4356 2379 4429 taxum
2404 4356 2522 4426 post
2548 4356 2670 4429 tam
2723 4356 3008 4429 nefandam
3052 4358 3469 4429 disputationem
3503 4356 3612 4427 qua
3650 4356 3719 4414 te-

2135 4426 2292 4483 acra
2311 4431 2545 4483 animum
2562 4427 2875 4482 vulneravit.
2898 4446 2916 4477 t
2935 4426 3084 4493 Ηιτε,
3103 4428 3294 4496 inquit,
3309 4427 3473 4497 juxta
3493 4426 3721 4483 nostrain

2136 4502 2479 4557 sententiam.
2518 4514 2621 4552 non
2663 4500 2769 4551 sint
2808 4497 3080 4567 dogmata,
3120 4502 3210 4552 sed
3251 4500 3478 4568 quaesita
3520 4508 3720 4552 tantum

2140 4577 2297 4637 atque
2337 4570 2597 4637 projecta,
2625 4584 2689 4621 ne
2712 4570 2920 4635 penitus
2959 4568 3161 4621 intacta
3199 4568 3527 4623 viderentur.
3562 4588 3582 4621 ι

527 4638 640 4707 (86)
684 4639 757 4692 ita
796 4655 988 4695 omnes
1027 4656 1159 4699 mss.
1191 4649 1247 4695 et
1286 4639 1624 4696 Genebrardi
1670 4641 1858 4696 editio.
1895 4641 2032 4696 Mer—
2066 4643 2108 4698 ι)
2206 4638 2321 4710 (89)
2347 4639 2487 4693 Editi
2526 4648 2646 4710 post
2679 4639 2797 4710 haec
2828 4637 3015 4710 verba,
3044 4654 3153 4710 non
3181 4640 3245 4692 de
3277 4639 3718 4710 transmutatione

452 4707 596 4790 linus
649 4724 813 4791 vero,
859 4710 1367 4783 μεταμορφώσεως,
1412 4714 1510 4765 hoc
1560 4720 1635 4765 est
1677 4713 2031 4782 transforma-

451 4791 606 4834 ttOms
640 4796 962 4834 antmarunt.

382 4912 389 4915 1
524 4842 635 4919 (B7)
672 4849 813 4906 Editi
838 4891 853 4915 ,
891 4860 949 4906 ut
988 4870 1092 4907 non
1133 4870 1337 4918 semper
1378 4852 1517 4907 velut
1551 4868 1616 4907 ex
1659 4868 1764 4906 una
1809 4869 2035 4921 persona

451 4921 793 4975 pronuntiari
963 4925 1052 4977 sed
1091 4925 1359 4983 interdum
1387 4925 1545 4993 etiam
1579 4940 1640 4977 ea
1671 4939 1789 4993 qurc
1817 4933 2037 4978 contra-

454 5007 535 5045 ria
581 4992 686 5045 dici
712 5002 1021 5061 potuerunt,
1052 4995 1405 5062 disputentur.
1445 4992 1575 5047 Mss.
1608 4992 1806 5056 uestri,
1840 5003 1896 5047 ut
1931 5010 2035 5049 non

450 5078 656 5135 semper
682 5066 799 5135 sola
831 5062 997 5133 (mss.
1043 5065 1418 5135 Sorbonicus,
1475 5062 1686 5135 omnia)
1730 5063 1867 5118 velut
1913 5080 2037 5131 pro-

452 5134 690 5185 nuntiari
719 5171 830 5191 .....
861 5137 953 5189 sed
986 5134 1251 5190 interdum
1282 5136 1441 5187 etiam
1477 5151 1539 5188 ca
1567 5134 1686 5202 quia
1710 5150 1737 5188 e
1763 5135 2035 5189 contrario

452 5204 560 5283 dici
595 5214 860 5276 poterunt,
894 5206 1251 5276 disputentur.
1283 5205 1392 5261 Sed
1415 5207 1704 5277 legendum
1736 5205 1955 5260 videtur
1976 5215 2035 5259 ut

451 5288 507 5327 lii
556 5284 729 5327 textu.

523 5342 649 5417 (88)"
676 5343 806 5399 Vide
846 5355 1002 5402 notas
1032 5346 1126 5402 lib.
1158 5364 1170 5401 ι
1198 5346 1273 5402 De
1304 5347 1554 5417 princip.,
1583 5360 1705 5416 cap.
1743 5345 1798 5414 8,
1831 5353 1955 5417 not.
1977 5345 2029 5399 i.

451 5408 581 5486 Haec
615 5408 867 5486 Origenis
907 5419 1070 5473 verba
1112 5408 1356 5473 addenda
1402 5408 1549 5476 suitt'
1577 5408 1797 5473 iu'tine
1840 5416 2035 5485 capitis

450 5484 507 5557 ὅ,
549 5484 674 5539 libri
703 5484 743 5551 ιζ
783 5487 858 5540 De
904 5489 1205 5557 principiis,
1239 5489 1327 5543 ubi
1364 5490 1693 5544 omittuntur
1728 5496 1783 5542 et
1812 5484 2033 5553 ubi’pro

454 5553 538 5625 his
569 5558 849 5611 transtulit
888 5553 1148 5614 Rufinus:
1188 5553 1334 5625 Quas
1364 5576 1459 5613 nos
1487 5576 1591 5613 non
1610 5560 1780 5613 solum
1806 5574 1909 5612 non
1936 5573 2032 5611 su-

450 5624 727 5701 scipimus,
769 5628 859 5681 sed
885 5638 934 5680 et
963 5645 1140 5701 omnes
1167 5630 1264 5684 has
1280 5630 1606 5701 assertiones
1636 5644 1819 5683 eorum
1849 5641 2034 5701 contra

450 5693 609 5770 [idem
632 5705 879 5770 nostram
898 5699 1167 5770 uenientes
1204 5700 1502 5769 refutamus
1535 5710 1690 5770 atque
1718 5698 2028 5770 respicimus.

463 5760 591 5815 Vide
625 5763 1049 5822 Observationes
1084 5760 1302 5825 nostras
1342 5770 1395 5823 in
1417 5771 1562 5824 hunc
1580 5760 1883 5830 locum,'et
1906 5768 2034 5820 Ori-

450 5833 728 5907 genianor.
762 5835 856 5889 lib.
890 5852 947 5903 ιι,
980 5850 1172 5907 ψιωει.
1206 5840 1262 5901 6,
1300 5854 1451 5893 num.
1490 5840 1670 5900 17,18
1707 5849 1761 5894 et
1781 5838 1869 5893 19.
1910 5836 2034 5893 Ilacc

450 5906 636 5960 calum
690 5905 939 5976 Origeuis
975 5905 1149 5981 verba
1212 5910 1301 5977 sic,
1342 5911 1510 5966 refert
1564 5909 1927 5981 Hieronymus
1978 5909 2029 5964 in

2139 4707 2461 4779 animarum,
2493 4709 2646 4779 quasi
2692 4709 2745 4762 in
2789 4708 2941 4762 titulo
2981 4709 3367 4779 mox_ltabcnt,
3408 4707 3479 4763 In
3507 4712 3719 4779 septimo

2139 4781 2274 4835 libro
2305 4781 2359 4832 in
2387 4776 2731 4847 Evangelium
2765 4779 3057 4832 secundant
3087 4777 3399 4833 Mattlueum
3434 4781 3512 4832 ita
3544 4776 3715 4834 scribit

2137 4851 2200 4905 de
2243 4851 2688 4904 transmutatione
2725 4850 3048 4902 animarum.
3096 4849 3203 4904 Sed
3246 4864 3382 4902 mss.
3429 4859 3491 4902 ut
3535 4851 3592 4903 in
3629 4864 3717 4903 uo-

2138 4933 2250 4976 stro
2269 4930 2440 4985 textu,
2465 4919 2566 4974 nisi
2592 4919 2736 4988 quod
2760 4919 2979 4988 quidam
3005 4920 3261 4974 omittaut
3283 4935 3425 4984 rero,
3453 4931 3513 4973 et
3537 4933 3716 4976 ornues

2138 4992 2399 5057 habeant,
2443 4993 2498 5045 in
2547 4988 2872 5059 Evangelia;
2917 4990 3013 5045 sed
3071 4990 3423 5046 scribendum
3465 4991 3716 5045 duximus

2136 5077 2260 5117 cum
2292 5063 2477 5127 editis,
2512 5059 2567 5113 in
2616 5059 2983 5130 Euangelium.
3024 5059 3227 5116 Deinde
3280 5060 3502 5115 titulum
3551 5062 3712 5130 linus,

2140 5131 2424 5199 Responsio
2480 5132 2550 5184 ad
2596 5127 2793 5184 nonam
2837 5130 3285 5185 criminationem.
3329 5129 3502 5197 Caput
3535 5128 3615 5195 Χ,
3649 5127 3715 5182 De

2139 5202 2577 5257 transmutatione
2632 5203 2979 5267 animarum,
3038 5203 3104 5256 de
3157 5210 3348 5255 nostro
3416 5203 3717 5256 addidimus

2137 5276 2204 5327 ad
2239 5273 2524 5327 clariorem
2554 5270 2715 5325 libelli
2742 5272 3069 5327 divisionem
3102 5289 3117 5326 :
3151 5287 3252 5327 nec
3290 5271 3438 5326 enim
3475 5272 3533 5325 in
3561 5271 3708 5327 editis

2138 5357 2241 5398 nec
2288 5344 2339 5396 iu
2381 5358 2510 5396 mss.
2557 5349 2853 5410 comparet.

2230 5413 2321 5483 90)
2344 5412 2423 5468 Ex
2452 5413 2547 5469 lib.
2572 5427 2649 5466 vu
2680 5410 2971 5467 Comment.
2994 5412 3050 5467 in
3073 5411 3406 5468 Matthtetun.

2230 5415 2321 5483 90)
2344 5415 2423 5468 Ex
2452 5415 2547 5469 lib.
2572 5427 2649 5466 vu
2680 5415 2971 5467 Comment.
2994 5415 3050 5467 in
3073 5415 3406 5468 Matthteum.

2206 5415 2321 5555 (91)
2352 5485 2430 5538 lta
2464 5497 2664 5555 omnes
2685 5497 2818 5537 mss.
2849 5483 3044 5538 nostri.
3088 5484 3227 5538 Editi
3253 5493 3438 5555 autem
3457 5520 3476 5547 ,
3501 5482 3709 5551 opinan-

2134 5551 2287 5609 tur...
2304 5551 2550 5609 animam
2578 5551 2715 5608 Elite
2741 5556 2977 5608 eamdem
2999 5569 3109 5609 esse
3129 5569 3249 5623 quin
3270 5552 3523 5619 Joannis,
3558 5562 3660 5623 etc.

2207 5624 2320 5697 (92)
2349 5624 2515 5690 Editi,
2541 5638 2702 5697 quam
2729 5625 2869 5692 quod
2893 5624 3012 5697 illi;
3042 5634 3097 5679 et
3140 5622 3301 5697 paulo
3322 5633 3470 5697 post,
3510 5622 3709 5677 Adden-

2135 5693 2261 5749 dunt
2295 5693 2471 5749 autem
2496 5693 2704 5765 et'illud
2738 5704 2835 5758 est,
2860 5696 3009 5765 quia,
3036 5705 3144 5750 etc.
3166 5693 3293 5748 Mss.
3320 5693 3701 5765 plures,_quant

2134 5781 2253 5846 qua:
2284 5766 2367 5818 illi
2392 5767 2516 5833 (tus.
2553 5762 2911 5846 .Remigii,
2943 5782 3101 5846 quam
3129 5780 3280 5846 quem
3305 5762 3703 5846 illi).....4ddeu-

2135 5838 2262 5889 dum
2289 5847 2461 5889 autem
2495 5846 2542 5890 et
2576 5834 2712 5888 illud
2740 5845 2838 5900 est,
2872 5833 3020 5906 quia,
3055 5833 3165 5893 etc.
3223 5833 3330 5892 Sed
3381 5834 3577 5891 melius
3613 5843 3705 5887 ms.

2139 5906 2473 5963 Sorbonicus
2509 5914 2566 5963 ut
2599 5906 2650 5961 in
2691 5913 2867 5961 textu.
