3878 6520
456 384 555 442 6H

1696 385 1754 440 S.
1795 379 2122 438 PAMPHILI
2159 378 2520 436 MARTYRIS

3616 383 3721 439 612

521 504 848 560 Ριιιιιιιιιιιε.
877 501 1180 567 Doeodem,
1217 515 1285 556 ex
1307 501 1471 558 tertio
1505 498 1718 556 decimo
1777 499 1918 554 libro
1966 513 2035 553 ex
2079 493 2372 566 Evangelia
2394 493 2676 548 secundum
2707 493 3042 552 Matthwum.

521 621 657 692 (96‘)
675 620 964 676 Onioeuss.
996 616 1107 689 (9:)
1145 634 1165 669 ι
1195 615 1252 672 ln
1275 617 1362 672 his
1391 616 1680 684 Elias,non
1701 615 1881 670 anima
1913 613 2041 670 Elia:
2067 598 2117 655 A

449 713 554 768 dici
580 712 711 768 mihi
742 712 978 776 videtur,
1011 710 1090 763 uti
1127 724 1193 764 ne
1223 709 1569 764 ineurramus
1592 709 1646 763 in
1677 709 1872 777 dogma
1893 706 2030 762 alie-

451 819 580 857 num
611 803 679 856 ab
708 801 947 856 Ecclesia
981 799 1074 854 Dei
1113 801 1179 855 de
1211 798 1663 854 transmutatione
1700 799 2026 861 animarum,

449 895 592 962 quod
625 907 723 947 nec
743 893 810 946 ab
833 891 1093 960 apostolis
1125 888 1383 943 traditum
1411 897 1516 952 est,
1545 902 1645 942 nec
1695 901 1924 957 usquam
1975 887 2029 940 in

449 983 748 1054 Scripturis
770 993 988 1038 cautum
1015 993 1118 1038 est.
1150 982 1498 1038 Contrarium
1533 994 1768 1051 namque
1811 987 1897 1034 est
1942 979 2028 1033 his

2228 609 2314 661 Ἐν
2347 608 2554 672 τούτοις
2587 608 2792 676 Ἠλίας,
2815 612 2959 682 οὑχὴ
2977 610 3124 683 ψυχὴ
3146 612 3295 667 δοκεῖ
3329 630 3420 684 μοι
3441 613 3723 684 λέγεσθαι,

2134 698 2221 753 ἵνα
2259 697 2334 769 μὴ
2372 697 2631 768 ἐμπίπτω
2675 700 2755 763 εἰς
2806 701 2866 753 τὸ
2920 700 3200 771 ἀλλότριον
3255 703 3354 773 τῆς
3395 704 3727 775 Ἐκκλησίας

2129 790 2223 844 τοῦ
2256 789 2393 844 Θεοῦ
2433 791 2561 860 περὶ
2610 790 2708 861 τῆς
2771 791 3318 863 μετενσωματώσεως
3346 796 3550 868 δόγμα,
3600 797 3726 851 οὔτε

2131 880 2560 952 παραδιδόμενον
2589 880 2694 934 ὑπὸ
2720 881 2828 934 τῶν
2852 881 3197 949 ἀποστόλων,
3225 884 3350 938 οὔτε
3390 887 3726 958 ἐμφαινόμε-

2130 973 2220 1028 νόν
2247 989 2350 1026 που
2373 973 2483 1026 τῶν
2515 972 2749 1045 Γραφῶν
2767 989 2781 1002 ⁸
2817 975 2913 1028 καὶ
2941 976 3051 1049 γὰρ
3071 979 3310 1033 ἐναντίον
3342 979 3461 1032 ἐστὶ
3481 980 3561 1050 τῷ
3580 1019 3598 1043 ,
3649 982 3726 1036 Τὰ

445 1090 569 1145 quae
599 1076 739 1129 dicta
771 1081 896 1128 sunt
931 1073 998 1127 ab
1027 1073 1284 1140 Apostolo
1311 1091 1324 1126 :
1363 1071 1625 1136 Quoniam
1644 1084 1762 1138 qua:
1789 1068 2021 1122 uidentur

2131 1069 2475 1137 βλεπόμενα
2498 1069 2834 1138 πρόσκαιρα
2860 1067 3037 1135 εἶναι,
3098 1071 3192 1125 καὶ
3235 1071 3551 1127 συντέλειαν
3603 1073 3724 1125 πεί-

445 1167 758 1236 temporalia
783 1175 901 1220 sunt
926 1167 1007 1234 ⁷⁵,
1030 1165 1156 1236 ξ(98)
1195 1174 1248 1219 et
1275 1167 1362 1220 ubi
1403 1174 1486 1221 est
1516 1166 1621 1220 hoc
1646 1163 1788 1232 quod
1840 1175 2028 1217 omnes

445 1262 746 1332 Scriptura:
778 1259 1276 1328 conlirmant,quod
1304 1273 1540 1329 praesens
1561 1257 1816 1313 saeculum
1844 1255 2028 1309 ﬁnien-

445 1354 573 1408 dum
594 1363 678 1408 est
708 1354 773 1406 ⁷⁸.
805 1352 911 1408 Sed
942 1368 1039 1406 nec
1066 1352 1194 1406 illud
1233 1350 1430 1420 poterit
1453 1360 1600 1404 stare
1623 1349 1767 1418 quod
1819 1348 2024 1402 dictum

445 1454 530 1499 est
565 1463 580 1498 :
611 1444 810 1498 Caelum
838 1455 884 1498 et
909 1455 1050 1499 terra
1080 1443 1377 1497 transibunt
1404 1443 1451 1474 ⁷⁷
1479 1458 1494 1506 ;
1524 1456 1698 1511 neque
1727 1441 1856 1496 illud
1880 1441 2025 1512 quod

444 1535 580 1590 dicit
606 1535 895 1605 Apostolus
926 1553 938 1588 :
969 1536 1238 1590 Transibit
1258 1536 1398 1590 enim
1423 1535 1636 1590 habitus
1662 1535 1822 1605 hujus
1871 1551 2026 1590 mun-

443 1628 498 1681 di
518 1629 564 1660 ⁷⁸
595 1645 609 1693 ;
640 1638 693 1682 et
717 1627 847 1682 illud
876 1642 890 1680 :
930 1627 1058 1682 Caeli
1084 1629 1330 1696 peribunt
1351 1629 1420 1693 ⁷⁸,
1443 1636 1500 1682 et
1531 1641 1592 1682 ea
1627 1642 1746 1698 qua:
1786 1642 2024 1697 sequun-

442 1725 554 1773 tur.
608 1715 666 1770 Si
691 1717 835 1770 enim
866 1721 882 1788 (
909 1725 968 1771 ut
1010 1718 1163 1771 aiunt
1213 1727 1465 1773 auctores
1511 1717 1673 1787 hujus
1719 1718 2020 1790 dogmatis)

441 1822 604 1862 nemo
631 1816 806 1875 potest
844 1808 897 1861 in
936 1807 988 1862 id
1024 1807 1242 1861 initium
1268 1808 1506 1871 restitui,
1536 1807 1682 1878 quod
1721 1809 1896 1877 primo
1923 1807 2021 1863 fuit

443 1896 514 1952 ab
548 1897 703 1952 initio
727 1897 909 1951 mundi
951 1911 1126 1965 usque
1155 1898 1220 1950 ad
1255 1898 1437 1966 ﬁnem,
1493 1914 1599 1969 qua
1627 1914 1692 1953 ex
1724 1914 1885 1954 causa
1920 1899 2022 1953 im-

445 1988 642 2043 mutari
675 1989 913 2042 animam
954 1989 1040 2042 vel
1087 1989 1375 2044 transferri
1431 1991 1672 2046 secundo
1718 1991 1804 2046 vel
1861 1993 2021 2047 tertio

439 2093 576 2149 opus
607 2088 714 2148 cst,
740 2080 824 2134 vel
877 2079 1228 2150 frequenter?
1287 2081 1401 2137 Hoc
1435 2083 1581 2137 enim
1641 2083 1803 2138 modo
1868 2083 2020 2138 reddi

441 2173 640 2229 delicta
697 2173 1122 2244 uniuscujusque
1184 2174 1495 2244 perhibent,
1532 2185 1586 2230 et
1619 2189 1807 2245 poenas
1851 2175 1946 2243 lui,
1976 2177 2021 2232 si

447 2265 503 2320 in
540 2266 752 2321 diversa
779 2280 1011 2336 corpora
1042 2265 1382 2335 frequentius
1411 2265 1522 2339 (99)
1557 2267 2018 2324 transmittantur.

439 2357 594 2425 Quod
626 2357 814 2427 utique
846 2354 1120 2427 superﬂuo
1146 2356 1272 2422 ﬁet,
1315 2357 1358 2412 si
1393 2357 1516 2413 ﬁnis
1547 2357 1726 2413 nullus
1773 2359 2024 2414 emenda-

442 2450 610 2508 tionis
640 2457 915 2516 occurrat,
944 2465 1047 2505 nec
1079 2449 1186 2504 erit
1213 2465 1449 2518 unquam
1467 2451 1685 2520 quando
1707 2465 1812 2506 non
1840 2452 2021 2506 anima

441 2543 828 2598 transferatur.
859 2541 928 2595 Et
953 2542 998 2596 si
1032 2555 1247 2609 semper
1277 2557 1375 2611 pro
1391 2541 1608 2597 delictis
1645 2543 1930 2599 animabus
1953 2545 2021 2599 ad

444 2646 675 2702 corpora
703 2633 913 2687 diversa
933 2632 1265 2686 redeundum
1283 2643 1385 2699 est,
1413 2632 1535 2702 quis
1557 2649 1792 2703 unquam
1819 2635 2022 2690 mundo

441 2723 658 2777 dabitur
684 2723 828 2788 linis,
863 2731 922 2776 ut
953 2721 1241 2792 impleatur
1269 2722 1401 2776 illud
1449 2723 1594 2792 quod
1654 2724 1856 2779 dictum
1884 2736 1970 2782 est
2003 2743 2017 2779 :

441 2810 642 2866 Caelum
671 2820 716 2866 et
741 2821 882 2865 terra
904 2812 1203 2865 transibunt
1225 2810 1310 2863 8°?
1342 2809 1495 2876 Quod
1523 2810 1635 2865 etsi
1664 2811 2018 2878 concedatur,

442 2905 590 2960 verbi
622 2905 824 2975 gratia.
853 2912 914 2957 ut
942 2905 1014 2959 sit
1037 2903 1234 2972 aliquis
1258 2904 1374 2958 sine
1405 2911 1630 2969 peccato
1652 2941 1667 2966 ,
1714 2917 1876 2972 quem
1902 2903 2018 2974 jam

441 3005 549 3045 non
609 2990 680 3044 sit
733 3003 953 3044 necesse
1009 2987 1212 3042 revolvi
1265 2986 1319 3040 in
1379 3001 1596 3053 corpus,
1631 2984 1708 3057 (l)
1743 3001 1840 3056 per
1890 2997 2022 3057 quot

439 3090 688 3151 tempora
717 3081 1033 3152 putabimus
1054 3079 1284 3133 inveniri
1317 3093 1479 3131 unam
1514 3077 1747 3134 fortasse
1776 3079 1866 3132 vix
1898 3079 2020 3132 ani-

443 3188 587 3228 mam
615 3189 736 3244 qua:
767 3174 982 3242 penitus
1015 3187 1146 3242 pura
1187 3172 1279 3232 sit,
1317 3185 1417 3226 nec
1445 3171 1844 3240 permutatione
1898 3185 2021 3226 cor-

440 3266 590 3337 poris
613 3265 889 3337 indigeat?
917 3263 1070 3332 Quod
1095 3273 1151 3320 et
1181 3265 1356 3335 ipsum
1381 3265 1426 3320 si
1491 3263 1844 3327 concedatur,
1897 3280 2020 3318 rur-

441 3372 562 3414 sum
595 3359 932 3414 contrarium
962 3373 1123 3412 suum
1157 3358 1352 3428 dogma
1385 3355 1638 3411 efﬁcitur.
1663 3355 1720 3410 Si
1743 3356 1888 3410 enim
1920 3357 2019 3411 de-

441 3466 565 3506 mus
619 3465 821 3519 paucas
847 3465 1089 3520 quasque
1119 3450 1332 3504 animas
1369 3463 1468 3518 per
1506 3449 1750 3520 singulos
1779 3449 1845 3502 ad
1890 3464 2018 3518 per-

438 3541 732 3598 fectionem
763 3556 921 3610 posse
955 3541 1212 3606 restitui,
1247 3540 1320 3594 ita
1379 3550 1440 3594 ut
1482 3539 1622 3594 ultra
1671 3541 1724 3593 in
1788 3553 2019 3608 corpora

438 3637 630 3691 venire
651 3650 758 3691 non
794 3637 1092 3703 indigeant,
1127 3648 1352 3689 necesse
1381 3642 1466 3688 est
1499 3633 1652 3702 (licet
1679 3647 1773 3704 per
1810 3635 2017 3690 inﬁnita

437 3731 638 3786 saecula
683 3737 737 3782 et
790 3727 1057 3781 immensa
1114 3724 1383 3796 tempora)
1439 3724 1666 3795 singulis
1716 3724 2017 3795 quibusque

439 3819 724 3876 animabus
755 3819 821 3875 ad
855 3817 1248 3889 perfectionem
1298 3817 1594 3883 restitutis,
1644 3832 1862 3872 cessare
1900 3818 2011 3886 jam

2131 1158 2319 1212 σεσθαι
2345 1157 2436 1211 τὸν
2469 1158 2642 1212 αἰῶνα
2676 1160 2864 1213 τοῦτον
2883 1177 2898 1192 ·
2935 1161 3072 1215 ἀλλά
3104 1162 3200 1214 καὶ
3241 1161 3320 1233 τῷ
3362 1163 3727 1235 πληρωθῆναι

2127 1248 2187 1302 τὸ
2207 1289 2222 1313 ,
2265 1248 2318 1301 Ὁ
2347 1250 2608 1318 οὐρανὸς
2637 1250 2740 1305 καὶ
2768 1250 2806 1318 ἡ
2831 1251 2906 1321 τῆ
2942 1253 3420 1322 παρελεύσονται
3437 1271 3450 1284 ·
3493 1254 3593 1308 καὶ
3629 1255 3691 1308 τὸ
3708 1294 3726 1319 ,

2127 1340 2386 1412 Παράγει
2416 1342 2528 1412 γὰρ
2552 1343 2617 1397 τὸ
2647 1342 2856 1414 σχῆμα
2889 1344 2996 1399 τοῦ
3041 1347 3279 1416 κόσμου
3323 1347 3546 1401 τούτου
3568 1363 3582 1376 ·
3629 1348 3731 1402 καὶ

2126 1432 2222 1500 τὸ,
2267 1436 2333 1486 Ol
2367 1434 2609 1503 οὐρανοὶ
2651 1435 3039 1502 ἀπολοῦνται,
3073 1438 3339 1509 μετὰτῶν
3365 1438 3495 1510 ἑξῆς
3547 1439 3726 1510 αὐτῷ.

2126 1525 2333 1596 Είγάρ,
2367 1524 2488 1578 καθ’
2521 1525 2795 1590 ὑπόθεσιν,
2823 1525 2902 1590 δὶς
2935 1526 3155 1582 δύναται
3179 1527 3238 1582 ὲν
3282 1531 3348 1600 τῇ
3400 1528 3496 1583 ἀπ’

2129 1617 2292 1690 μέχρι
2348 1617 2661 1682 συντελείας
2709 1618 2807 1672 τοῦ
2859 1619 3063 1690 κόσμου
3109 1621 3444 1675 καταστάσει
3489 1623 3524 1693 ὴ
3584 1622 3732 1695 αὐτὴ

2125 1705 2270 1778 ψυχὴ
2302 1707 2359 1760 ὲν
2398 1705 2477 1777 τῷ
2505 1705 2739 1778 σώματι,
2762 1705 2830 1760 δι’
2880 1708 3062 1763 αἰτίαν
3089 1709 3154 1780 ἢν
3181 1709 3248 1764 ἃν
3282 1709 3495 1778 γένοιτο
3529 1712 3590 1764 ὲν
3635 1713 3732 1765 αὐ-

2123 1797 2232 1868 τῷ;
2265 1799 2334 1850 Ἦ
2369 1797 2438 1850 δι’
2469 1797 2745 1868 ἁμαρτίαν
2773 1797 3042 1868 γενομένη
3068 1797 3148 1862 δἰς
3177 1800 3234 1852 ὲν
3269 1799 3510 1870 σώματι,
3537 1800 3631 1854 διὰ
3671 1803 3730 1855 τί

2123 1891 2244 1963 οὐχὶ
2277 1891 2370 1944 καὶ
2391 1891 2532 1962 τρὶς,
2557 1892 2650 1945 καὶ⁸
2680 1890 2971 1954 πλεονάκις
2999 1889 3148 1945 ἔσται
3175 1893 3234 1946 ὲν
3267 1893 3416 1963 αὑτῷ
3436 1931 3452 1957 ,
3487 1893 3600 1946 τῶν
3638 1893 3732 1948 διά

2127 1981 2219 2036 τὸν
2249 1982 2363 2054 βίον
2395 1983 2582 2036 τοῦτον
2607 1983 2701 2036 καὶ
2735 1981 2804 2036 τὰ
2843 1983 3210 2056 ἡμαρτημένα
3253 1985 3312 2036 ὲν
3362 1984 3517 2056 αὺτῷ
3565 1984 3731 2039 κολά-

2131 2092 2268 2129 σεων
2287 2075 2462 2147 τούτῳ
2494 2076 2980 2148 ἀποδοθησομένων
3032 2077 3177 2148 μόνῳ
3214 2076 3292 2148 τῷ
3341 2079 3533 2150 τρόπῳ
3584 2081 3732 2134 κατά

2127 2165 2226 2237 τὴν
2256 2169 2787 2240 μετενσωμάτωσιν;
2818 2168 2996 2241 Ὅπερ
3019 2170 3112 2222 ἐὰν
3136 2169 3196 2234 ἐξ
3218 2170 3542 2235 ἀκολουθίας
3571 2171 3728 2242 δοθῇ,

2129 2258 2229 2310 οὐκ
2256 2257 2410 2312 ἔσται
2437 2259 2580 2330 τάχα
2619 2261 2708 2314 ὅτε
2753 2261 2902 2334 ψυχὴ
2939 2263 3000 2341 οὐ
3063 2263 3725 2334 μετενσωματωθήσεται.

2143 2348 2254 2402 Ἀεὶ
2289 2351 2398 2422 γὰρ
2427 2350 2516 2404 διὰ
2543 2352 2613 2406 τὰ
2676 2353 2918 2424 πρότερα
2977 2354 3348 2426 ἁμαρτήματα
3385 2353 3729 2427 ὲπιδημήσει

2128 2442 2205 2515 τῷ
2232 2442 2466 2516 σώματι,
2499 2447 2593 2500 καὶ
2621 2445 2795 2510 οὕτως
2819 2448 2917 2517 οὐχ
2942 2447 3051 2512 ἕξει
3094 2447 3279 2520 χώραν
3307 2448 3341 2518 ή
3372 2447 3728 2519 τοῦδ’κόσμου

2128 2537 2292 2626 φορᾶς,
2315 2538 2437 2592 καθ’
2465 2540 2529 2611 ἣν
2558 2543 2591 2592 ό
2621 2540 2875 2608 οὐρανὸς
2899 2543 2995 2595 καὶ
3023 2541 3061 2608 ἡ
3093 2540 3170 2613 γῆ
3219 2543 3726 2610 παρελεύσονται.

2130 2629 2249 2683 Ἷνα
2270 2629 2347 2696 δὲ,
2383 2628 2525 2682 κατά
2547 2628 2644 2701 τὴν
2679 2629 2934 2683 ὑπόθεσιν
2967 2631 3194 2702 ταύτην,
3221 2631 3441 2685 δίδωται
3475 2632 3573 2686 τὸν
3596 2632 3730 2686 πάν·

2126 2737 2192 2792 τη
2215 2721 2600 2793 ἀναμάρτητον
2639 2722 2836 2792 μηκέτι
2885 2722 3038 2792 ἥξειν
3078 2725 3158 2788 είς
3197 2724 3256 2777 τὸ
3315 2723 3404 2778 διὰ
3452 2725 3728 2793 γενέσεως

2128 2813 2308 2886 σῶμα,
2328 2813 2415 2867 διὰ
2449 2814 2630 2868 πόσων
2662 2815 2868 2887 χρόνων
2891 2817 2991 2869 οἴει
3023 2816 3150 2887 μίαν
3173 2817 3510 2887 εὑρήσεσθαι
3544 2818 3726 2890 πάντη

2127 2905 2542 2978 καθαρεύσασαν
2563 2906 2761 2978 ψυχὴν,
2793 2907 2887 2961 καὶ
2931 2909 3006 2980 μὴ
3048 2907 3308 2979 δεομένην
3367 2927 3728 2983 μετενσωμα-

2126 2997 2373 3064 τώσεως;
2403 2999 2594 3069 Ὅμως
2618 3000 2676 3054 δὲ
2709 3002 2802 3054 καὶ
2818 3001 2992 3064 οὕτως
3031 3003 3158 3072 μιᾶς
3193 3020 3346 3065 τινος.
3360 3004 3451 3058 ἀεὶ
3506 3007 3574 3059 ἐκ
3626 3005 3722 3059 τοῦ

2127 3090 2434 3161 ὡρισμένου
2487 3091 2597 3144 τῶν
2634 3091 2824 3163 ψυχῶν
2860 3091 3098 3164 ἀριθμοῦ
3153 3092 3585 3167 μεθισταμένης,
3625 3097 3724 3151 καὶ

2130 3182 2325 3255 μηκέτι
2349 3184 2429 3247 είς
2459 3182 2620 3254 σῶμα
2657 3184 2978 3255 ἐρχομένης,
3025 3183 3291 3255 ἐπιλείψει
3340 3187 3476 3240 ποτὲ
3523 3188 3603 3252 ὡς
3638 3189 3728 3244 διά

2126 3292 2287 3328 τινων
2315 3274 2557 3346 ὡσπερεὶ
2592 3275 2835 3347 ἀπείρων
2868 3275 3130 3348 χρόνωνή
3171 3277 3407 3347 γένεσις,
3442 3282 3727 3352 καταντή-

2130 3383 2320 3430 σαντος
2345 3364 2438 3418 τοῦ
2468 3366 2674 3437 κόσμου
2696 3367 2788 3420 ἐπί
2819 3385 2941 3421 τινα
2976 3368 3092 3432 ἕνα,
3123 3368 3156 3439 ἢ
3185 3369 3466 3441 δεύτερον,
3498 3373 3533 3445 ἢ
3560 3373 3728 3445 ὀλίγῳ

2127 3459 2360 3524 πλείους,
2389 3459 2507 3530 μεθ’
2533 3459 2628 3523 οὓς
2650 3462 2745 3514 καὶ
2792 3461 2986 3526 αὐτοὺς
3010 3461 3417 3528 τελειωθέντας,
3441 3466 3473 3518 ὁ
3517 3465 3728 3536 κόσμος

2125 3549 2488 3622 φθαρήσεται,
2516 3551 2904 3606 ἐπιλειπόντων
2929 3552 3037 3616 τῶν
3077 3554 3158 3617 είς
3197 3553 3356 3625 σῶμα
3381 3555 3722 3628 ἐρχομένων·

2121 3642 2260 3713 ὅπερ
2279 3642 2380 3697 οὐκ
2409 3641 2636 3714 ἀρέσκει
2665 3647 2731 3715 τῇ
2758 3644 2948 3715 Γραφῇ
2971 3661 2985 3675 ·
3017 3644 3222 3715 πλῆθος
3250 3645 3358 3718 γὰρ
3381 3641 3526 3700 οἶδεν
3550 3650 3726 3722 ἀμαρ-

2121 3731 2308 3785 τωλῶν
2335 3733 2394 3784 ὲν
2423 3732 2501 3802 τῷ
2532 3733 2708 3804 χρόνῳ
2747 3734 2847 3805 τῆς
2889 3732 2985 3786 τοῦ
3035 3735 3244 3804 κόσμου
3296 3735 3537 3807 φθορᾶς·
3587 3738 3726 3810 ὅπερ

2121 3823 2237 3876 ἐστὶ
2265 3823 2423 3893 δῆλον
2449 3824 2935 3896 συνεξεταζομένου
2961 3824 3083 3893 τοῦ,
3105 3826 3279 3896 Πλὴν
3296 3827 3500 3882 ἐλθὼν
3531 3831 3567 3884 ὀ
3591 3831 3724 3897 Υἱὸς

1673 3912 2239 3972 INTERPRETATIO
2279 3917 2537 3976 HUETII.

509 4009 570 4065 In
593 4010 680 4065 bis
704 4025 800 4094 per
825 4011 995 4067 Eliam
1025 4025 1141 4094 non
1165 4009 1297 4094 mihi
1321 4011 1540 4065 videtur
1567 4011 1750 4094 anima
1781 4011 2201 4094 signiﬁcari._ne
2223 4013 2432 4070 fortein
2461 4016 2698 4094 alienam
2729 4015 2797 4071 ab
2830 4015 3068 4094 Ecclesia
3093 4016 3198 4094 Dei
3219 4016 3285 4070 de
3328 4016 3664 4094 migratione
3678 4033 3726 4094 _e

442 4096 680 4156 corpore
705 4081 758 4156 in
787 4097 984 4156 corpus
1014 4083 1377 4156 _sententiam,
1407 4083 1679 4156 neque‘ab
1706 4081 1970 4150 apostolis
2005 4085 2297 4156 traditam,
2339 4101 2514 4154 neque
2561 4087 2777 4156 uspiam
2831 4089 2884 4141 in
2935 4086 3229 4156 Scripturis
3254 4081 3530 4155 prolatam
3582 4090 3724 4144 inci-

437 4155 606 4225 dam:
642 4153 767 4206 huic
791 4155 936 4206 enim
960 4153 1281 4225 adversatur
1315 4152 1456 4221 quod
1488 4153 1753 4225 scriptum
1803 4162 1918 4225 est,
1955 4154 2158 4208 caduca
2192 4170 2252 4209 ea
2286 4169 2412 4210 esse
2429 4152 2560 4225 qua:
2591 4152 2878 4218 videntur.
2920 4169 2974 4213 et
3019 4152 3458 4211 consummatum
3508 4158 3577 4212 iri
3614 4174 3724 4213 saa-

437 4223 624 4298 culum
680 4225 885 4298 hocce;
914 4223 1043 4298 quin
1074 4232 1140 4298 et
1167 4237 1355 4276 eorum
1401 4222 1699 4298 peractiuni
1742 4239 1756 4274 :
1789 4222 1988 4277 (Icelum
2019 4233 2066 4276 et
2090 4235 2232 4298 terra
2272 4222 2576 4298 transibunt
2609 4242 2628 4290 ;
2666 4236 2721 4282 et
2773 4243 2786 4278 :
2835 4225 3088 4298 Praeterit
3148 4227 3286 4280 enim
3317 4227 3501 4296 ﬁgura
3557 4230 3722 4298 hujus

439 4293 677 4366 mundi;
699 4302 754 4346 et
787 4311 800 4346 :
846 4292 974 4346 Caeli
1009 4293 1252 4366 peribant
1279 4333 1294 4357 ,
1341 4307 1462 4346 cum
1506 4292 1572 4346 iis
1605 4307 1733 4366 quae
1763 4303 2099 4366 sequuntur.
2132 4294 2268 4348 Nam
2291 4295 2360 4359 si,
2393 4305 2452 4350 ut
2489 4297 2541 4351 id
2578 4313 2864 4365 ponamus,
2894 4297 2947 4351 in
2998 4311 3064 4350 eo
3109 4313 3288 4350 rerum
3317 4292 3466 4351 statu
3515 4292 3722 4366 qui'ab

439 4363 594 4416 initio
615 4365 681 4416 ad
707 4363 1228 4436 consummationem
1261 4377 1428 4430 usque
1453 4363 1637 4416 mundi
1665 4363 1953 4436 obtinebit,
1981 4365 2183 4436 eadem
2205 4366 2388 4418 anima
2433 4367 2516 4422 bis
2539 4363 2738 4436 corpus
2767 4367 2950 4421 subire
2972 4377 3171 4436 potest,
3227 4363 3596 4436 ecquamnam
3649 4369 3723 4424 ob

440 4447 662 4506 causam
690 4433 890 4506 subibit
920 4430 1086 4506 illud?
1115 4432 1171 4485 Si
1203 4442 1423 4500 propter
1447 4446 1734 4506 peccatum
1771 4433 1856 4486 bis
1885 4447 2082 4506 corpus
2109 4435 2272 4506 subit,
2299 4451 2397 4490 cur
2424 4452 2528 4491 non
2566 4430 2672 4499 ter,
2710 4447 2763 4490 et
2792 4430 2990 4506 saepius
3017 4437 3240 4499 subibit,
3299 4430 3425 4490 cum
3455 4454 3557 4506 per
3615 4442 3722 4492 mi-

440 4503 1110 4578 grationeiqsolummodo
1134 4517 1164 4556 e
1188 4505 1498 4578 corporein
1525 4517 1748 4578 corpus,
1785 4515 1883 4557 nec
1914 4503 2020 4556 alia
2047 4505 2240 4570 quavis
2276 4506 2489 4561 ratione
2519 4507 2644 4578 vita
2658 4509 2796 4572 haec,
2825 4503 2885 4560 in
2907 4522 3080 4575 eaque
3105 4508 3343 4560 admissa
3372 4503 3587 4576 flagitia
3621 4525 3722 4578 pu—

438 4571 662 4648 niantur:
679 4573 702 4624 ?
725 4571 876 4648 Quod
898 4573 953 4648 si
983 4589 1048 4626 ex
1077 4573 1546 4648 consequentibus
1605 4573 1769 4648 fuerit
1799 4587 2142 4648 concessum,
2175 4591 2454 4645 nunquam
2491 4592 2596 4648 non
2623 4577 2854 4631 fortasse
2887 4571 3068 4648 anima
3093 4592 3124 4648 e
3155 4591 3387 4646 corpore
3435 4571 3490 4631 ἰῖι
3517 4571 3722 4648 corpus

439 4642 865 4715 transmigrabit.
895 4643 1122 4715 semper
1145 4644 1286 4715 enim
1319 4654 1539 4712 propter
1567 4645 1749 4709 priora
1778 4643 2006 4715 crimina
2041 4643 2094 4715 ξι)
2143 4642 2373 4714 corpore
2398 4647 2713 4702 versabitur
2741 4688 2758 4713 ,
2785 4658 2949 4715 atque
2977 4647 3050 4700 ita
3101 4642 3276 4701 locum
3327 4662 3437 4701 non
3493 4642 3722 4705 habebit

437 4714 608 4788 motio
643 4712 731 4766 illa
760 4714 968 4788 mundi,
1004 4727 1123 4788 qua
1167 4713 1352 4765 coelum
1393 4725 1441 4765 ei
1473 4725 1630 4788 _terra
1685 4714 2003 4788 transibunt.
2042 4712 2111 4766 Ut
2137 4712 2316 4768 autem
2340 4712 2874 4788 concedatur-Juxta
2899 4719 3037 4772 hanc
3066 4718 3418 4788 positionem.
3463 4735 3594 4773 eum
3624 4719 3716 4787 qui

440 4781 639 4836 nullius
663 4784 868 4858 peccati
898 4799 1024 4858 reus
1047 4785 1172 4845 erit,
1206 4798 1312 4836 non
1334 4782 1574 4858 _amp|ius
1606 4793 1916 4858 pet-ortum
1947 4784 2228 4858 inucorpus
2257 4785 2558 4858 rediturum
2587 4805 2601 4851 ;
2629 4781 2845 4841 an'toto
2869 4781 3175 4855 temporum
3208 4787 3447 4858 decursu
3482 4781 3720 4858 reperiri

435 4867 601 4920 posse
624 4853 904 4927 existimas
939 4855 1175 4907 animam
1200 4853 1378 4907 ortinis
1404 4868 1592 4927 puram
1617 4853 1792 4927 labis:
1827 4868 1926 4906 nec
1963 4852 2207 4909 ullius'in
2246 4855 2392 4927 aliud
2449 4872 2648 4925 corpus
2693 4852 3035 4927 migration'is
3081 4858 3377 4925 egentem?
3430 4852 3722 4913 Verumta-

439 4939 561 4997 men
587 4932 640 4977 et
657 4925 737 4997 sic
758 4924 941 4997 aliqua
971 4938 1185 4993 semper
1213 4937 1279 4977 ex
1306 4924 1571 4992 prazlinito
1595 4925 1899 4997 animarum
1929 4937 2158 4997 numero
2192 4925 2516 4997 excedente,
2548 4924 2648 4982 nec
2666 4924 2896 4996 amplius
2926 4924 3188 4981 redeunte
3227 4928 3277 4980 in
3310 4942 3542 4997 corpus,
3565 4942 3722 4984 ortus

438 4993 752 5068 aliquando,
776 5005 900 5068 post
919 4995 1412 5068 _immens_umeputa
1447 5003 1679 5068 tempus,
1705 4993 1940 5068 desinet,
1988 4994 2215 5068 redacto
2245 4994 2461 5068 scilicet
2485 4997 2551 5051 ad
2579 4993 2774 5068 unum.—
2798 4998 2885 5051 vel
2926 4999 3180 5061 alterum,
3206 4998 3292 5052 vel
3319 4993 3489 5067 paulo
3525 4993 3720 5068 plures

436 5065 659 5128 mundo,
695 5065 891 5137 quibus
914 5063 1023 5130 iam
1047 5064 1438 5134 perfectionem
1465 5064 1698 5137 adeptis,
1719 5063 1960 5137 mundus
1988 5064 2258 5137 interibit,
2301 5065 2682 5137 deficientibus
2711 5069 2805 5136 qui
2834 5069 2889 5121 in
2940 5082 3140 5136 corpus
3187 5063 3354 5131 eant';
3377 5063 3718 5137 quod-Scri-

435 5141 607 5207 pturaa
635 5135 857 5207 minime
883 5133 1309 5207 consentaneum
1334 5142 1449 5198 est;
1477 5133 1885 5207 multitudinem
1918 5133 2187 5207 siquidem
2213 5148 2562 5207 peccatorum
2589 5133 3014 5207 futuramwnovit
3039 5133 3056 5200 ξ
3109 5153 3218 5206 quo
3250 5133 3500 5207 tempore
3544 5140 3720 5194 inter-

434 5204 534 5257 ibit
559 5205 791 5258 mundus
821 5226 832 5259 :
859 5207 1002 5273 quod
1035 5221 1102 5258 ex
1127 5204 1211 5259 his
1235 5212 1444 5259 attente
1473 5203 1835 5258 consideratis
1853 5205 2200 5273 perspicuum
2226 5214 2309 5260 est
2341 5221 2354 5256 :
2401 5204 2775 5261 Verumtamen
2809 5205 2857 5260 F
2861 5207 2985 5262 ilius
3013 5203 3244 5262 hominis
3267 5203 3483 5264 veniens
3503 5250 3518 5276 ,
3557 5219 3717 5279 putas

493 5341 539 5374 ⁷⁸
569 5342 609 5396 ll
627 5341 752 5398 Cor.
787 5358 861 5408 iv,
889 5343 976 5399 18.
1019 5341 1066 5373 ⁷⁸
1092 5341 1284 5397 Matth.
1317 5340 1544 5408 xm,59.
1587 5341 1632 5376 ⁷⁷
1657 5339 1846 5396 Matth.
1869 5355 2017 5408 xxrv,

2167 5341 2248 5395 ⁷⁸1
2265 5343 2390 5398 Cor.
2412 5359 2510 5410 vit,
2541 5344 2632 5398 3i.
2671 5343 2717 5376 "°
2754 5342 2900 5401 Psal.
2925 5360 3000 5410 cr,
3025 5343 3116 5398 27.
3171 5343 3218 5376 ⁸⁸
3236 5343 3427 5400 Matth.
3447 5345 3713 5414 xxiv,55.

2045 5459 2090 5514 D
2123 5468 2180 5512 ut
2204 5459 2255 5512 in
2289 5469 2462 5516 textu.

2215 5529 2305 5600 99)
2341 5532 2414 5586 lta
2446 5547 2577 5587 mss.
2619 5531 2761 5586 Editi
2794 5544 2943 5599 vero,
2965 5539 3403 5586 transmutantur.

2217 5598 2440 5668 1)_Alias
2471 5617 2779 5672 perperam,
2812 5618 2907 5668 per
2931 5598 3085 5672 quod
3117 5617 3212 5669 per
3238 5598 3714 5672 tenipora.lPaulo

2119 5682 2242 5741 post
2265 5673 2419 5733 editi,
2449 5671 2663 5726 rursum
2697 5688 2793 5726 suo
2821 5671 3052 5741 dogmati
3083 5672 3409 5741 contrarium
3463 5671 3709 5741 dﬁcitur.

2118 5739 2177 5794 Si
2209 5745 2346 5794 enim
2371 5744 2622 5797 demus...
2655 5759 2748 5810 per
2775 5739 3014 5809 singulas
3039 5743 3107 5794 ad
3137 5739 3521 5808 perfectionem
3561 5755 3712 5804 posse

2117 5811 2340 5878 restitui,
2368 5813 2659 5868 utultraiu
2691 5827 2938 5880 corpora,
2971 5822 3076 5869 etc.
3117 5812 3241 5866 Mss.
3303 5821 3489 5865 autem
3546 5819 3606 5865 ut
3656 5811 3711 5863 in

2114 5888 2284 5938 textu.

505 5459 642 5529 (96')
684 5459 867 5514 Ruﬁni
897 5460 1294 5528 interpretatio.

501 5531 614 5601 (97)
649 5531 724 5584 Ex
745 5532 836 5585 lib.
876 5546 972 5601 sui
1007 5529 1281 5585 Comment
1304 5568 1319 5584 .
1350 5531 1403 5585 in
1425 5528 1758 5594 Matthwum,
1783 5545 1934 5601 num.
1959 5528 2007 5601 Ι,

435 5599 527 5653 Sic
561 5599 664 5671 nis.
693 5616 848 5655 unus.
883 5600 957 5653 Ita
983 5603 1142 5656 etiam
1177 5616 1306 5656 mss.
1337 5601 1582 5671 plerique
1621 5610 1677 5655 et
1715 5600 1868 5664 editi,
1907 5600 2010 5652 nisi

432 5670 575 5737 quod
598 5671 850 5724 omittattt
880 5672 1004 5724 dici.
1033 5671 1164 5725 Mss.
1217 5670 1350 5725 vero
1397 5671 1742 5724 Corbeiensis
1795 5678 1850 5723 et
1904 5671 2009 5723 Re-

433 5740 574 5805 gius,
607 5739 840 5794 Joannes
865 5739 1036 5802 Elias,
1080 5758 1184 5794 non
1229 5743 1406 5793 anima
1434 5740 1566 5793 Elia:
1595 5741 1738 5807 ,mihi
1781 5739 2004 5793 videtur.

509 5807 622 5879 (98)
656 5810 896 5872 Editi,Et
929 5811 1016 5862 ubi
1041 5824 1160 5863 sunt
1188 5827 1305 5879 qua:
1330 5826 1504 5864 omnes
1533 5809 1842 5877 Scripturw.
1875 5819 2004 5872 οπο..

436 5894 558 5934 cum
591 5889 786 5948 prncto
817 5881 1256 5949 interrogationis
1282 5883 1334 5936 in
1365 5882 1491 5936 ﬁne.
1529 5882 1637 5936 Sed
1659 5894 1850 5937 omnes
1873 5895 2003 5936 mss.
