3866 6540
167 431 278 488 613

1383 426 1730 484 APOLOGIA
1764 425 1903 482 PRO
1942 425 2266 485 ORIGENE.

3341 436 3446 491 6H

156 548 275 603 τοῦ
310 548 646 618 ἀνᾶρώπου,
677 546 923 617 εὑρήσει
950 547 1062 616 τὴν
1089 547 1299 601 πίστιν
1323 545 1421 599 ἐπὶ
1450 544 1559 614 τῆς
1608 545 1720 615 γῆς

1862 559 2017 599 usum
2051 559 2360 617 corporum,
2394 554 2446 601 et
2475 561 2571 616 per
2590 545 2694 603 hoc
2723 547 2884 604 ﬁnem
2909 550 3166 606 mundum
3200 552 3446 622 recipere

152 639 238 702 ὡς
274 639 513 712 εὕρομεν
574 637 726 710 παρὰ
769 639 848 709 τῷ
891 638 1160 709 Ματθαίῳ
1217 635 1391 700 οὕτως
1426 635 1751 710 εἰρημένον·

154 730 394 799 Ὠσπερ
422 731 492 785 δὲ
526 734 586 785 at
636 729 846 800 ἡμέραι
895 729 1007 783 τοῦ
1055 729 1185 782 Νῶε
1204 768 1220 792 ,
1276 728 1465 794 οὕτως
1517 727 1689 781 ἔσται
1715 728 1755 790 ἡ

150 826 467 893 παρουσία
493 824 602 879 τοῦ
632 824 768 878 Υιοῦ
807 822 910 877 τοῦ
940 822 1274 891 ἀνθρώπου.

148 919 436 975 indicatur
462 921 606 990 quod
670 922 724 974 in
782 919 1076 988 Evangelio
1134 919 1398 988 scriptum
1427 925 1572 973 est:

1863 651 1928 692 ac
1951 636 2171 692 resolvi.
2195 635 2312 691 Non
2343 646 2522 692 tamen
2554 640 2627 694 ita
2671 641 2888 695 videtur
2931 652 3132 697 sancta:
3192 643 3445 714 Scriptu-

1864 743 1958 792 rae,
1981 743 2104 799 quae
2135 728 2266 783 dicit
2298 730 2700 786 multitudinem
2753 735 3088 800 peccantium
3133 736 3446 804 relinquen-

1867 820 1986 875 dam
2011 836 2133 876 esse
2164 820 2218 875 in
2253 821 2359 878 [ine
2389 822 2591 876 saeculi.
2623 823 2775 890 Quod
2801 840 2867 878 ex
2903 841 2968 879 eo
3001 827 3444 881 manifestissime

1647 917 2016 971 Verumtamen
2073 929 2228 984 putas
2287 918 2494 971 ueniens
2532 916 2705 972 Filius
2749 919 2975 972 hominis
3015 921 3233 975 inveniet
3285 919 3444 988 ﬁdem

146 1027 317 1082 super
339 1024 533 1068 terram
559 1012 646 1066 ⁸ίῖ
677 1011 830 1068 Sicut
857 1013 994 1066 enim
1014 1011 1072 1064 in
1093 1009 1280 1064 diebus
1309 1009 1447 1072 Noe,
1466 1010 1543 1062 ita
1568 1009 1671 1062 erit
1697 1017 1743 1061 et
1782 1008 2034 1061 aduentus
2062 1005 2189 1060 Filii
2219 1007 2446 1060 hominis
2475 1007 2554 1059 ³³2
2585 1026 2603 1058 ι

1395 1121 1959 1181 INTERPRETATIO
1996 1123 2257 1180 HUETll.

146 1224 386 1279 inveniet
417 1223 574 1289 ﬁdem
603 1222 657 1275 in
688 1223 881 1276 terra?
932 1231 986 1276 et
1030 1220 1487 1289 quemadmodum
1532 1217 1673 1288 apud
1703 1216 2013 1271 Matthteum
2056 1220 2130 1272 ita
2158 1231 2477 1287 expressum
2517 1217 2827 1275 invenimus
2873 1235 2888 1274 :

145 1297 342 1350 diebus
376 1290 512 1358 Noe,
540 1293 618 1346 ita
639 1293 735 1346 erit
757 1303 802 1346 et
836 1291 1089 1345 adventus
1118 1290 1252 1345 Filii
1289 1291 1540 1346 hominis.

2962 1221 3107 1277 Sicut
3151 1234 3324 1279 autem
3378 1227 3435 1281 in

223 1438 558 1494 Ριιιιιιιιιιυε.
586 1436 661 1508 (~2)
688 1437 751 1490 Et
774 1445 1126 1506 posteaquam
1153 1435 1218 1490 de
1240 1433 1538 1505 Scripturis
1566 1431 1731 1488 multa
1745 1433 2034 1500 disseruit,
2064 1433 2179 1501 ipse
2193 1431 2304 1501 jam
2330 1447 2482 1488 suam
2511 1434 2838 1490 sententiain
2859 1434 2962 1490 hoc
2985 1437 3146 1492 modo
3168 1438 3429 1495 declarat.

224 1553 425 1605 Ἔσται
453 1547 510 1605 δὲ
526 1552 638 1610 τοῖς
662 1550 782 1603 τότε
807 1551 840 1621 ἡ
862 1550 968 1603 τῶν
992 1549 1406 1622 ἁμαρτημάτων
1440 1549 1746 1622 εἴσπραξις,

140 1643 252 1696 οὐκ
299 1645 361 1696 ὲν
420 1641 941 1714 μετενσωματώσει’
982 1643 1030 1694 εὶ
1070 1641 1181 1714 γὰρ
1229 1642 1308 1696 ἔτι
1348 1643 1748 1715 ἁμαρτάνοντες

143 1735 698 1808 παραλαμϐάνονται,
749 1737 868 1807 ἤτοι
899 1735 1043 1807 ἄλλῳ
1093 1735 1282 1807 τρόπῳ
1315 1734 1588 1800 κολάσεως
1612 1734 1749 1805 μετὰ

1927 1547 2029 1619 (2')
2057 1547 2348 1604 Ontcstvss.
2379 1549 2458 1620 (3)
2491 1567 2510 1601 ι
2549 1550 2667 1604 Erit
2699 1560 2876 1606 autem
2903 1552 2987 1607 his
3003 1553 3093 1621 qui
3124 1563 3250 1610 tunc
3279 1565 3442 1611 erunt

1858 1638 2209 1709 vittdicta,(6)
2249 1654 2355 1693 non
2385 1654 2451 1695 ex
2478 1641 2930 1697 transmutatione
2955 1645 3258 1700 animarum
3287 1663 3308 1700 τ
3331 1662 3439 1704 ιιοιι

1854 1728 1996 1783 enim
2026 1729 2138 1798 jam
2160 1729 2226 1783 ad
2252 1731 2585 1799 peccandum
2614 1731 2765 1787 locus
2803 1733 3054 1789 eritzsed
3091 1736 3192 1789 alia
3237 1753 3440 1807 genera

140 1827 314 1882 τοῦτο
345 1827 790 1899 κολασθήσονται,
823 1829 916 1881 καὶ
957 1826 1099 1881 κατά
1135 1826 1293 1880 τοῦτο
1319 1828 1437 1898 ἦτοι
1473 1826 1566 1880 δύο
1593 1827 1737 1881 τόποι

1854 1829 2007 1877 erunt
2057 1837 2251 1892 pinum.
2286 1823 2697 1880 Transmutatio
2729 1841 2964 1895 namque
3004 1843 3289 1898 corporum
3316 1845 3437 1900 pte-

143 1922 432 1976 κολάσεων
469 1919 682 1974 ἔσονται
705 1919 982 1989 γενικοί·ό
1013 1919 1112 1990 μὲν
1138 1921 1195 1972 ὲν
1225 1919 1742 1992 μετενσωματώσεισ

137 2015 172 2066 ὁ
195 2013 258 2066 δὲ
285 2011 395 2076 ἔξω
432 2011 524 2065 τοῦ
557 2010 798 2066 τοιούτου
838 2009 1120 2081 σώματος·
1159 2011 1255 2066 καὶ
1303 2011 1610 2081 λεγέτωσαν
1647 2011 1748 2076 τὰς

138 2104 362 2158 τούτων
395 2103 603 2168 αἰτίας,
633 2105 726 2156 καὶ
766 2102 1030 2175 διαφοράς
1054 2119 1067 2132 “
1100 2103 1134 2173 ἢ
1183 2104 1243 2156 οὑ
1296 2103 1744 2176 κολασθήσονται,

139 2195 223 2261 ὡς
254 2196 325 2250 ἀθ
336 2198 471 2269 ρόως
497 2195 860 2258 ἀποϐαλόντες
885 2193 952 2247 τὰ
976 2196 1346 2267 ἁμαρτήματα
1376 2198 1422 2248 οἱ
1452 2196 1544 2248 ἐπὶ
1566 2212 1748 2249 συντε-

139 2290 271 2361 λείᾳ
297 2288 750 2358 καταλειφθέντες
779 2307 792 2320 ·
833 2289 888 2360 ἢ,
925 2289 1062 2361 (ξπερ
1103 2287 1330 2358 βέλτιον,
1361 2283 1440 2352 εἷς
1479 2289 1593 2341 ἐστι
1617 2288 1747 2359 τρό-

296 2350 573 2444 κολάσεως
617 2350 743 2443 τοῖς-
775 2350 1152 2450 ἡμαρτηκόσιν
1191 2378 1250 2429 ὲν
1294 2350 1526 2448 σώματι,
1557 2377 1617 2430 τὸ
1643 2350 1748 2441 ἐξω

139 2472 318 2528 αὐτοῦ
345 2472 446 2542 τῆς
483 2471 872 2534 καταστάσεως
900 2469 993 2523 τοῦ
1030 2469 1145 2540 βίου
1177 2468 1367 2522 τούτου
1394 2469 1454 2521 τὸ
1486 2468 1747 2536 καταξίαν

135 2565 258 2620 τῶν
311 2561 718 2634 ἡμαρτημένων
771 2562 964 2616 παθεῖν
992 2579 1004 2591 ·
1042 2561 1272 2614 ἕκαστον
1313 2560 1370 2614 δὲ
1418 2561 1622 2615 τούτων
1670 2560 1748 2632 τῷ

137 2658 346 2729 ὲνορᾷν
387 2653 672 2724 δυναμένῳ
710 2657 820 2718 τοῖς
858 2653 1176 2726 πράγμασιν
1214 2652 1603 2724 ἀνατρεπτικόν
1632 2655 1747 2707 ἐστι

136 2744 842 2819 τῆςμετενσωματώσεως.
880 2746 942 2798 Εἰ
986 2744 1042 2798 δὲ
1062 2743 1372 2812 ἀναγκαίως
1402 2745 1452 2797 οἱ
1480 2745 1580 2816 τὴν
1622 2763 1748 2817 μετ-

137 2836 540 2909 ενσωμάτωσιν
570 2837 880 2905 εἰσάγοντες
913 2835 1194 2908 Ἕλληνες,
1242 2835 1317 2899 ὡς
1345 2836 1614 2890 ἀκόλουθα
1652 2839 1748 2892 αὺ-

137 2932 262 2996 τοῖς
284 2930 550 2994 τιθέντες,
584 2929 706 2983 οὐδὲ
737 2929 1054 3002 φθείρεσθαι
1087 2929 1366 3001 βούλονται
1395 2929 1487 2984 τὸν
1521 2930 1745 3002 κόσμον,

136 3025 269 3096 ὥρα
310 3025 406 3076 καὶ
457 3022 681 3086 τούτους
720 3022 1147 3093 ἀντιϐλέψειν-τας
1199 3025 1320 3087 ταῖς
1359 3022 1746 3092 ὲκεραινούσαις

135 3115 398 3186 Γραφαῖς
428 3113 802 3186 φθαρήσεσθαι
830 3114 920 3168 τὸν
959 3115 1193 3185 κόσμον,
1239 3114 1273 3186 ἢ
1311 3113 1608 3184 ἀπιστῆσαι
1649 3114 1747 3167 αὺ-

1849 1931 1971 1969 nam
2003 1930 2110 1969 non
2139 1914 2300 1970 faciet
2325 1925 2695 1986 peccatorum,
2723 1919 2793 1973 ita
2832 1931 2889 1973 ut
2917 1919 3061 1973 nulla
3097 1922 3440 1979 extrinsecus

1847 2013 2104 2080 putentur
2140 2007 2328 2064 inferri
2365 2010 2632 2080 supplicia
2656 2050 2671 2074 ,
2700 2014 2832 2079 quin
2866 2012 3046 2080 potius
3072 2021 3154 2066 est
3185 2021 3435 2082 peccato-

1850 2102 2000 2153 ribus
2033 2115 2317 2169 paanarum
2345 2101 2559 2167 modus,
2592 2100 2642 2154 id
2673 2109 2758 2154 est
2788 2110 2848 2154 ut
2883 2117 2980 2170 pro
3014 2102 3098 2156 his
3134 2101 3210 2173 (5)
3238 2118 3357 2173 quae
3385 2103 3439 2160 itt

1848 2190 1951 2246 hoc
1979 2191 2176 2246 mundo
2206 2198 2512 2262 gesserunt,
2557 2208 2771 2262 pmttam
2803 2195 3068 2263 recipiant
3091 2194 3435 2251 delictorum.

1848 2281 2192 2338 Manifestum
2217 2293 2395 2338 tamen
2423 2293 2503 2339 est
2525 2285 2668 2354 quod
2702 2285 2818 2340 isne
2842 2286 3065 2358 singula:
3094 2288 3332 2343 rationes
3353 2288 3437 2345 his

1848 2374 1937 2445 qui
1971 2382 2195 2442 possunt
2220 2375 2296 2430 rei
2326 2378 2772 2446 consequentiam
2802 2378 3094 2447 diligenter
3123 2380 3432 2448 advertere,

1849 2469 2138 2524 contrariae
2175 2477 2302 2522 sunt
2349 2468 2477 2523 huic
2507 2470 2744 2540 dogmati
2785 2486 2894 2540 quo
2925 2470 3282 2540 perhibentur
3313 2473 3435 2525 aui-

1849 2573 1949 2613 mte
1986 2559 2362 2614 transmutari.
2401 2559 2552 2626 Quod
2597 2561 2640 2615 si
2672 2563 2950 2632 gentilium
2989 2573 3242 2616 auctores
3283 2562 3436 2632 sequi

1848 2649 2032 2705 volunt
2057 2652 2149 2719 qui
2174 2651 2484 2718 opinionem
2514 2651 2668 2706 istam
2692 2669 2756 2707 ex
2789 2653 3177 2723 principiorum
3207 2668 3432 2708 suorum

1849 2743 2237 2813 consequentia
2265 2745 2534 2813 persecuti
2559 2756 2706 2811 sunt,
2725 2746 2968 2801 dicentes
2991 2761 3116 2803 cum
3147 2747 3259 2802 haec
3283 2749 3437 2813 (iant,

1847 2833 1968 2890 sine
1999 2834 2162 2890 dubio
2210 2851 2487 2907 nunquam
2552 2839 2814 2892 mundum
2871 2839 3034 2893 istum
3070 2855 3229 2908 posse
3255 2838 3436 2908 ﬁniri,

1847 2942 2190 2999 consequens
2221 2937 2307 2984 est
2331 2944 2424 2985 eos
2447 2930 2524 3001 (6)
2563 2931 2656 3001 qui
2702 2931 2816 2986 inec
2848 2932 3112 2996 sentiunt,
3139 2931 3441 3002 Scriptura:

1850 3026 2054 3073 nostrae
2107 3034 2214 3073 non
2264 3021 2526 3084 credere,
2558 3036 2680 3090 qua:
2720 3021 3165 3076 manifestissime
3197 3036 3439 3091 pronun-

1850 3111 1951 3165 tiat
1974 3109 2138 3166 ﬁnem
2167 3113 2353 3166 mundi
2390 3111 2654 3176 futurum,
2685 3122 2742 3166 et
2764 3127 2868 3167 non
2905 3112 3198 3181 exquirere
3221 3112 3274 3166 in
3307 3112 3440 3181 ipsis

136 3179 294 3271 ταῖς,
325 3207 356 3276 ἢ
401 3179 768 3278 εὗρεσιλογεϊν
807 3206 934 3278 περὶ
985 3179 1291 3278 διηγήσεως
1320 3204 1430 3258 τῶν
1462 3179 1603 3257 κατὰ
1644 3203 1737 3274 τὴν

1854 3202 2155 3274 Scripturis
2190 3204 2582 3274 expositiones,
2611 3205 2726 3259 sive
2758 3203 3092 3258 assertiones
3141 3204 3352 3273 ineptas
3381 3212 3438 3258 et

138 3297 486 3364 συντέλειαν,
522 3298 658 3370 ὅπερ
715 3297 816 3352 κᾶν
848 3297 1142 3368 βούλωνται
1184 3298 1431 3368 ποιῆσαι,
1481 3298 1541 3351 οὐ
1585 3296 1743 3369 δυνή-

139 3407 358 3446 σονται.

1849 3293 2329 3366 inconsequentes,
2361 3312 2426 3352 ex
2459 3298 2658 3367 quibus
2687 3297 2833 3352 nullo
2865 3309 3067 3367 genere
3087 3282 3301 3352 ostendi
3340 3311 3413 3365 po

1845 3395 1949 3444 test
1990 3389 2133 3460 quod
2185 3391 2482 3445 secundum
2542 3389 2856 3461 Scripturas
2905 3399 3122 3446 nostras
3153 3404 3436 3460 nunquam

1840 3481 2023 3536 saeculi
2067 3481 2193 3536 linis
2242 3481 2458 3537 futurus
2503 3482 2593 3537 sit.
2636 3501 2654 3534 ι

1395 3595 1961 3652 INTERPRETATIO
2002 3595 2262 3652 HUETII.

213 3694 528 3750 Punientur
558 3703 737 3748 autem
765 3677 956 3749 eorum
981 3693 1324 3763 peccataqui
1351 3701 1477 3744 tunc
1501 3702 1660 3746 erunt
1695 3730 1708 3754 ,
1735 3704 1840 3744 uon
1869 3704 1966 3760 per
1994 3690 2372 3760 migrationem
2407 3705 2437 3745 e
2460 3706 2688 3761 corpore
2720 3692 2772 3746 in
2804 3708 3001 3763 corpus
3043 3711 3058 3748 :
3091 3710 3214 3750 nam
3259 3697 3305 3750 si
3342 3697 3411 3751 ad

139 3767 255 3822 huc
282 3774 577 3834 peccantes
608 3761 1222 3835 deprehettduutitr,_vel
1252 3761 1379 3815 alio
1414 3775 1594 3835 pinnae
1640 3775 1839 3830 genere
1872 3771 2062 3835 postea
2115 3763 2546 3835 punienturtac
2590 3765 2707 3817 duae
2749 3761 2976 3832 proinde
3016 3766 3300 3835 generales
3333 3781 3438 3835 pu-

141 3831 335 3891 niendi
375 3837 620 3890 rationes
651 3831 848 3899 erunt;
890 3833 979 3886 illa
1008 3831 1224 3902 quidem
1259 3847 1357 3901 per
1385 3831 1674 3903 transitum
1700 3846 1730 3885 e
1761 3845 1992 3903 corpore
2024 3831 2077 3885 in
2129 3846 2328 3901 corpus
2366 3847 2380 3896 ;
2417 3833 2506 3886 illa
2531 3849 2660 3888 vero
2690 3831 2844 3888 extra
2897 3831 3065 3889 hocc'e
3104 3852 3300 3903 corpus
3320 3831 3348 3901 ς’
3371 3852 3438 3892 ac

141 3909 370 3961 illarum
404 3921 602 3961 causas
628 3916 683 3960 et
729 3903 1074 3976 dill‘erentias
1135 3912 1479 3976 exponant:
1517 3902 1605 3976 vel
1647 3916 1754 3954 non
1795 3902 2130 3976 punientur,
2181 3903 2336 3970 quasi
2381 3915 2603 3972 peccata
2653 3920 2747 3957 sua
2797 3906 3082 3960 confestim
3133 3902 3440 3976 ‘alijecerint

142 3978 241 4047 qui
279 3978 335 4030 in
377 3977 847 4030 consummatione
872 3970 1489 4047 iuerintdepreltensi;
1524 3970 1807 4047 χοι-«ιιιοά
1867 3972 2058 4047 melius
2085 3981 2344 4047 es‘t._uua
2382 3970 2598 4026 tantum
2648 3976 2859 4028 ratione
2893 3970 3221 4042 plectuntur;
3257 3978 3346 4045 qtti
3379 3977 3433 4030 itt

142 4041 383 4117 corpore
415 4055 801 4117 peccaverunt,
836 4057 1030 4114 poenas
1064 4043 1316 4117 videlicet
1340 4052 1496 4097 extra
1524 4041 1761 4117 illud,__et
1787 4049 1960 4117 extra
1981 4043 2108 4117 vitae
2140 4041 2299 4117 huius
2342 4050 2541 4117 statum
2573 4059 2638 4096 ex
2687 4041 3042 4111 peccaturum
3073 4041 3295 4098 suorum
3326 4061 3440 4117 tue-

143 4111 259 4173 rite
288 4111 510 4171 dantes.
546 4111 981 4186 Unumquodque
1003 4122 1183 4167 autem
1223 4113 1464 4186 illorum,
1500 4123 1557 4166 ut
1592 4111 2043 4186 faei|e__intell_igit
2072 4112 2324 4186 quisquis
2351 4128 2438 4186 res
2471 4113 2833 4186 introspicere
2867 4125 3064 4182 petest,
3106 4115 3439 4170 sententiam

141 4189 213 4243 de
251 4187 584 4256 migratione
619 4181 921 4240 auittiarum
960 4199 996 4256 Ae
1038 4198 1274 4256 corpore
1324 4184 1378 4238 in
1413 4197 1610 4251 corpus
1643 4181 1887 4256 funditus
1942 4181 2434 4256 laliel'aetat.Quod
2473 4185 2518 4236 si
2569 4185 2660 4251 qui
2707 4181 2991 4256 transitum
3028 4186 3333 4238 animarum
3382 4187 3436 4239 iit

141 4259 304 4312 varia
335 4251 570 4325 corpora
609 4251 1368 4322 invehuntethnici,‘utpote
1413 4262 1778 4325 consentanea
1818 4251 2079 4325 doctrina:
2125 4254 2249 4306 huic
2298 4263 2626 4317 astruentes,
2673 4255 2856 4307 mundi
2910 4255 3188 4308 interitqu
3223 4271 3436 4325 iueces-

143 4331 298 4383 sario
323 4321 1040 4393 non'admittunt,superest
1066 4333 1130 4394 ut
1152 4321 1442 4392 postquam
1474 4321 1778 4394 Scripturis
1813 4322 2000 4375 mundi
2031 4336 2284 4394 occasum
2311 4326 2686 4378 aSserentibus
2711 4325 2885 4392 palam
2924 4325 3182 4394 refragati
3212 4324 3433 4386 fuerint,

142 4399 226 4454 vel
265 4399 435 4453 (idem
468 4398 548 4471 iis
574 4412 678 4471 non
714 4395 967 4471 habeant,
994 4393 1077 4448 vel
1127 4395 1294 4447 verba
1332 4393 1937 4471 reperiantquibusea
1970 4406 2090 4461 quae
2138 4393 2205 4446 ad
2240 4395 2773 4448 consummationem
2833 4393 3141 4471 pertinent,
3166 4395 3440 4464 explicare

142 4472 380 4540 possint,
408 4468 552 4536 quod
581 4467 762 4522 facere
792 4466 1108 4536 neutiquam
1134 4473 1412 4534 poterunt,
1445 4463 1664 4516 etiamsi
1691 4462 1884 4516 velint.

211 4574 554 4638 Puputws.
587 4582 663 4637 De
691 4581 880 4638 eadem
928 4595 1006 4649 re,
1054 4595 1119 4637 ex
1146 4580 1282 4637 libro
1325 4580 1403 4636 De
1439 4580 1738 4636 Proverbiis
1771 4583 1816 4639 Ι)
1843 4588 2017 4652 plura:
2044 4591 2249 4636 sanctae
2290 4582 2672 4637 occasionibus
2698 4622 2712 4648 ,
2757 4597 2863 4636 non
2904 4583 3271 4654 intelligentes
3305 4600 3440 4655 quo-

145 4675 480 4731 Salomonis.

213 4769 518 4824 Ontccnss.
545 4766 623 4836 (7)
649 4783 668 4817 ι
696 4766 922 4821 Videtur
941 4775 1120 4821 autem
1146 4765 1277 4820 mihi
1300 4774 1355 4821 et
1381 4766 1470 4820 illa
1504 4767 1736 4822 assertio

144 4874 267 4929 quae
305 4857 689 4912 transformari
712 4857 927 4912 animas
955 4858 1020 4914 de
1050 4858 1373 4927 corporibus
1401 4858 1452 4912 in
1485 4858 1589 4912 alia
1613 4874 1735 4914 cor-

145 4965 276 5020 pora
314 4956 611 5014 asseverat,
643 4949 955 5019 pervenisse
992 4949 1157 5004 etiam
1208 4949 1261 5004 in
1293 4949 1501 5020 aliquos
1540 4965 1732 5006 eorum

144 5042 236 5111 qui
295 5039 517 5095 Christo
545 5039 770 5094 credere
822 5039 1094 5104 videntur,
1124 5053 1192 5094 ex
1220 5039 1542 5108 quibusdam
1578 5039 1731 5096 Scri-

212 5137 260 5189 ’ί
289 5156 426 5211 Luc.
454 5169 610 5220 XVIII,
644 5153 698 5209 8.
773 5153 818 5187 υ
843 5152 1033 5208 Matth.
1063 5167 1209 5217 XXIV,
1243 5153 1332 5208 57.

216 5250 413 5325 (‘2)_Et
441 5252 878 5325 posteaquam_de
913 5249 1205 5325 Scripturis
1247 5249 1435 5325 multa
1459 5250 1730 5325 disseruit,

147 5320 254 5380 etc'.
282 5320 463 5379 'Certe
506 5320 737 5391 sequens
783 5321 1034 5392 Origenis
1070 5330 1376 5392 contextus
1424 5320 1740 5376 immediate

149 5399 388 5463 priorem
417 5390 676 5463 sequitur
697 5392 750 5447 in
773 5390 991 5448 Graeco:
1018 5390 1258 5463 adeoque
1285 5390 1428 5445 inter
1452 5399 1739 5462 utrumque

150 5459 286 5520 nihil
322 5465 391 5517 de
415 5459 713 5532 Scripturis
743 5463 1001 5518 disseruit
1028 5459 1307 5530 Origenes.

222 5535 330 5603 (3‘)
372 5532 556 5587 Rulini
591 5534 994 5603 interpretatio.

243 5600 318 5666 5)’
344 5603 426 5656 Ex
455 5604 548 5657 lib.
583 5617 685 5656 xm
709 5601 1001 5658 Comment.
1024 5603 1078 5655 in
1115 5600 1448 5666 Mattha’nm,
1482 5617 1631 5659 num.
1677 5602 1726 5659 l.

243 5607 280 5659 5
344 5605 426 5656 Ex
455 5605 548 5657 lib.
583 5617 685 5656 xm
709 5605 1001 5658 Comment.
1024 5605 1078 5655 in
1115 5605 1448 5666 Mattlnvnm,
1482 5617 1631 5659 num.
1677 5605 1726 5659 Ι.

242 5605 301 5744 4;
343 5673 438 5728 Sic
458 5687 651 5729 omnes
697 5689 826 5728 mss.
859 5676 929 5727 At
964 5687 1092 5726 vero
1117 5673 1246 5744 editi
1273 5711 1288 5732 ,
1330 5687 1432 5724 non
1454 5681 1731 5744 transmu-

154 5742 289 5798 tatio
303 5745 607 5798 animarum
641 5759 658 5796 :
697 5759 797 5798 non
819 5745 958 5797 enim
983 5746 1100 5812 jam
1135 5742 1202 5812 ad
1233 5743 1552 5810 peccandum
1589 5744 1732 5797 locus

153 5817 270 5879 erit,
304 5825 415 5869 etc.
440 5813 684 5867 Notanda
713 5814 892 5867 Ruﬁni
923 5811 1235 5880 interpretis
1268 5812 1488 5880 pertidia
1521 5813 1612 5881 qui
1647 5813 1735 5867 hic

158 5885 420 5955 reddidit,
452 5899 556 5940 non
588 5887 725 5940 enim
783 5884 888 5945 iam
921 5883 989 5939 ad
1029 5886 1552 5958 peccandnmnocus
1604 5886 1732 5952 erit,

1851 4673 2011 4727 modo
2036 4671 2262 4743 intelligi
2294 4673 2527 4730 debeant
2565 4689 2685 4743 qua:
2725 4676 2926 4744 scripta
2961 4685 3108 4728 sunt.
3140 4675 3256 4729 Non
3291 4677 3438 4731 enim

1847 4764 2136 4818 advertunt
2163 4766 2436 4835 quomodo
2468 4765 2629 4819 homo
2679 4766 2948 4826 eﬂiciatur
2976 4767 3053 4837 (8)
3088 4776 3181 4820 aut
3225 4767 3435 4836 pullus,

1845 4863 1939 4907 aut
1979 4868 2170 4924 equus,
2216 4865 2310 4908 aut
2358 4856 2654 4922 mulus;et
2702 4868 3035 4924 putaverunt
3085 4858 3439 4912 transmutari

1841 4943 2136 5000 humanam
2166 4949 2403 5002 animam
2441 4949 2494 5002 in
2524 4951 2789 5017 pecudum
2821 4965 3075 5019 corpora,
3110 4959 3170 5002 ιιι
3198 4947 3437 5002 aestima-

1841 5041 2129 5107 rentquod
2159 5039 2452 5109 aliquando
2501 5041 2774 5111 serpentis
2811 5041 3042 5110 suscipit
3095 5054 3315 5110 corpus,
3353 5019 3440 5094 vel

1844 5269 1967 5308 etim
2000 5254 2264 5308 habeatur
2293 5254 2344 5308 in
2399 5254 2612 5318 Graeco,
2657 5255 2706 5306 εἰ
2747 5253 2856 5322 γὰρ
2901 5251 2979 5304 ἔτι
3031 5247 3441 5322 ἁμαρτάνοντες

1844 5324 2387 5448 ἔταραλαμόἁνονται,
2426 5343 2547 5379 nam
2582 5328 2627 5378 si
2654 5320 3120 5392 adhuc-peccantes
3155 5320 3440 5374 deurehen’

1884 5410 2066 5448 untur.

1884 5413 2188 5536 “gilanti,
2217 5482 2336 5536 qua:
2365 5467 2420 5521 in
2443 5465 2541 5518 hoc
2567 5479 2757 5532 corpus
2793 5471 3087 5532 gesserunt.
3132 5459 3256 5515 Mss.
3289 5469 3348 5514 ut
3377 5461 3440 5516 in

1845 5543 2105 5675 ίαῖδξίιτ.
2137 5622 2270 5663 mss.
2300 5606 2494 5662 nostri.
2524 5605 2662 5660 Editi
2693 5618 2851 5665 vero,
2900 5600 2991 5675 qui
3018 5605 3128 5655 lucc
3158 5599 3361 5675 uolunt.

1912 5673 1988 5746 (7)
2020 5677 2091 5730 Ex
2127 5677 2419 5731 Comment.
2471 5677 2526 5729 in
2576 5675 2861 5728 Proverbia
2896 5673 3218 5746 Salomonis.

1911 5739 1989 5817 (8)
2031 5748 2234 5802 Omnes
2270 5763 2400 5803 mss.
2428 5747 2598 5801 nostri
2628 5746 2847 5817 habent,
2875 5752 2966 5796 ant
2991 5744 3196 5817 pulvis;
3221 5739 3315 5796 sed
3348 5750 3436 5795 ta:-

1844 5811 1981 5873 mea
2005 5817 2290 5889 legendum
2326 5819 2538 5874 videtur
2572 5832 2694 5873 cum
2721 5815 2903 5881 editis,
2935 5822 3028 5868 aut
3061 5811 3278 5874 vultus._
