3866 6514
487 426 595 486 615

1733 412 1791 466 S.
1833 407 2155 464 PAMPHILI
2198 401 2550 461 MARTYLlS
3603 404 3682 460 616

487 543 711 612 viperae,
743 535 1036 608 aliquando
1069 532 1218 604 equi,
1242 529 1325 586 vel
1358 529 1687 599 reliquorum
1729 525 2064 580 animalium.
2099 533 2142 586 Α
2173 533 2280 576 tam
2305 522 2611 576 daemonum
2658 525 2888 582 naturae,
2922 531 3091 587 quam
3117 515 3352 572 humano
3383 517 3570 587 generi,
3591 534 3685 587 pec-

490 634 610 690 .lam
631 649 758 703 ergo
789 642 1132 696 consequens
1154 634 1240 680 est
1278 633 1333 679 et
1367 623 1467 677 hoc
1491 621 1610 676 illos
1638 619 1824 674 dicere
1849 620 2068 682 debere,

491 726 631 797 quod
651 723 914 784 diabolus,
935 721 1024 789 qui
1043 719 1125 772 leo
1140 719 1191 771 in
1212 715 1508 784 Scripturis
1521 713 1716 767 dicitur
1735 711 2067 778 ",corpore,

493 819 660 874 leonis
691 826 893 874 utatur.
923 823 1016 867 aut
1044 809 1293 864 draconis
1317 806 1594 868 carnibus,
1633 819 1753 859 cum
1779 803 1944 857 draco
1967 817 2070 855 no-

491 912 726 964 minatur
754 907 820 960 ³⁸.
857 907 932 959 ita
973 904 1078 958 erit
1110 912 1168 954 ut
1194 899 1489 955 secundum
1529 897 1648 952 illos
1683 894 2068 950 transmutatio

492 1001 592 1055 ista
615 1001 920 1054 animarum
943 993 1292 1065 perveniatet
1319 992 1368 1046 in
1396 992 1696 1045 daemonum
1714 998 1984 1051 naturam,
2011 995 2072 1038 ut

488 1090 870 1160 sitaliquando
915 1086 995 1140 vel
1044 1086 1127 1140 leo
1159 1083 1242 1137 vel
1276 1084 1440 1138 draco
1482 1082 1721 1135 animam
1757 1079 1967 1134 habens
1990 1076 2067 1149 (9)

487 1181 786 1238 diabolum.
833 1197 851 1230 ι

559 1273 888 1326 PAMPHILUS.
913 1269 982 1324 Et
1015 1267 1176 1337 paulo
1207 1277 1359 1336 post:

560 1361 851 1416 Onrcenss.
876 1377 894 1411 r
934 1359 1038 1413 Sed
1063 1359 1345 1427 superﬂua:
1377 1364 1506 1412 sunt
1537 1355 1656 1412 istae
1684 1366 1876 1408 omnes
1909 1351 2064 1404 adin-

488 1455 794 1508 ventiones.
843 1450 1184 1506 Manifestum
1233 1458 1319 1504 est
1367 1450 1510 1502 enim
1546 1447 1690 1516 quod
1744 1457 1853 1498 una
1903 1455 2067 1512 ptena

2178 622 2424 668 catorum
2460 626 2491 665 a
2523 609 2752 664 Domino
2775 607 3040 678 przefinita
3062 607 3157 673 sit,
3179 607 3266 662 illa
3300 623 3456 679 quam
3483 608 3688 668 Dominus

2177 707 2290 777 ipse
2323 719 2420 759 sua
2450 703 2724 760 sententia
2759 701 3064 772 designavit
3102 701 3289 756 dicens
3320 717 3335 754 :
3372 699 3450 754 Ite
3480 701 3526 754 in
3559 703 3688 771 igneis

2174 809 2452 861 aeternum,
2484 795 2597 864 (l0)
2630 812 2783 867 quem
2806 794 3122 864 pra’paravit
3164 791 3304 847 Deus
3343 793 3536 846 diabolo
3555 804 3594 846 et
3617 811 3690 848 att-

2171 889 2301 960 gelis
2327 889 2442 958 ejus
2463 885 2592 928 "-3‘
2618 902 2633 938 :
2665 885 2958 940 ostendens
2985 883 3112 954 quia
3129 882 3315 938 eadem
3332 883 3530 951 species
3551 897 3692 950 poena-

2169 996 2289 1034 rum
2324 977 2703 1050 peccatoribus
2733 975 3068 1040 hominibus,
3097 983 3153 1030 et
3197 974 3431 1036 diabolo,
3461 985 3508 1028 et
3533 973 3691 1043 angelis

2171 1075 2290 1144 ejus
2319 1079 2622 1141 praparata
2644 1070 2736 1134 sit,
2762 1068 2887 1122 licet
2914 1067 2972 1122 in
3017 1067 3207 1122 eadem
3246 1079 3405 1134 paena
3439 1065 3622 1120 diversa
3644 1067 3693 1118 sit

2172 1163 2449 1233 quantitas
2478 1175 2674 1230 patria}.
2715 1160 2874 1215 Alius
2916 1159 3062 1214 enim
3110 1158 3331 1229 gravius
3369 1171 3433 1211 ac
3461 1159 3692 1211 vehemen.

2172 1254 2280 1309 tius
2325 1253 2607 1308 cruciatur
2654 1266 2752 1321 pro
2790 1249 3161 1320 magnitudine
3205 1258 3569 1318 peccatorum,
3595 1247 3694 1300 alius

2175 1356 2354 1402 autem
2383 1345 2689 1410 remissius,
2723 1343 2834 1414 (11)
2861 1343 3018 1415 cujus
3058 1342 3258 1397 leviora
3288 1350 3344 1397 et
3372 1339 3594 1395 faciliora
3610 1355 3694 1407 pec-

2175 1450 2294 1495 cata
2321 1447 2467 1494 sunt.
2505 1456 2524 1490 1

499 1620 3680 1676 W

1559 1803 1996 1896 RUFINI
2075 1797 2678 1890 EPILOGUS

1098 2000 1168 2056 1N
1206 1995 1746 2056 AI’OLOGETICUM
1783 1995 1842 2051 S.
1881 1991 2209 2050 PAMPHILI
2247 1989 2606 2047 MARTYHIS
2643 1989 2734 2044 AD
2772 1987 3162 2055 MACARIUM,

2081 2165 2176 2206 SEU

1170 2311 1394 2371 LIBER
1437 2309 1534 2368 DE
1569 2303 2204 2366 ADULTERATIONE
2243 2301 2642 2360 LIBRORUM
2683 2300 3068 2365 ORICEMS.

554 2608 614 2666 in
643 2610 727 2664 his
749 2622 870 2677 qua:
900 2607 954 2660 in
994 2605 1258 2674 superiori
1283 2605 1422 2659 libro
1471 2604 1766 2659 secundum
1801 2603 2066 2675 Apologe-
2100 2612 2142 2668 Β
2171 2603 2455 2660 audientes
2487 2603 2543 2659 id
2596 2602 2741 2674 quod
2775 2617 2964 2657 verum
3009 2609 3132 2667 est,
3167 2611 3225 2658 et
3271 2601 3414 2672 quod
3463 2602 3565 2670 ipsa
3603 2598 3702 2652 ratio

484 2703 652 2759 ticum
681 2701 855 2756 sancti
884 2699 1141 2770 martyris
1170 2697 1468 2765 Pamphili,
1499 2712 1657 2764 quem
1705 2713 1805 2767 pro
1837 2697 2070 2768 Origene

486 2792 677 2847 Grmco
711 2804 964 2846 sermone
995 2789 1188 2852 edidit,
1221 2797 1380 2856 prout
1416 2788 1709 2857 pomimus,
1730 2789 1813 2840 vel
1861 2804 1948 2843 res
1976 2803 2070 2858 po-

482 2884 681 2955 poscit,
738 2881 930 2936 Latino
963 2895 1215 2934 sermone
1269 2879 1609 2949 digessimus,
1659 2880 1773 2951 (Ιί)
1810 2879 1936 2935 illud
1986 2891 2071 2936 est

483 2973 628 3044 quod
654 2983 723 3034 te,
755 2972 1145 3027 desideriorum
1177 2970 1283 3033 vir,
1318 2969 1542 3036 Macari,
1575 2971 1912 3025 admonitum
1949 2985 2069 3026 esse

483 3067 626 3129 volo,
659 3075 720 3120 ut
769 3064 913 3120 scias
953 3065 1094 3118 hanc
1146 3064 1362 3131 quidem
1401 3063 1522 3116 fidei
1585 3063 1863 3131 regulam,
1905 3077 2066 3125 quam

480 3159 550 3213 de
575 3155 729 3212 libris
761 3153 878 3223 ejus
907 3168 1070 3222 supra
1127 3153 1506 3224 exposuimus,
1544 3167 1666 3208 esse
1699 3168 1822 3220 quae
1860 3163 1918 3206 et
1949 3169 2067 3206 am-

483 3249 771 3319 plectenda
802 3248 878 3302 sit
909 3257 965 3302 et
989 3247 1242 3302 tenenda.
1286 3245 1344 3300 ln
1376 3245 1630 3300 omnibus
1671 3247 1817 3300 enim
1853 3246 1940 3301 bis
1977 3261 2071 3301 ca-

491 3339 745 3394 tholicum
766 3339 944 3394 inesse
974 3353 1191 3393 sensum
1214 3337 1496 3392 evidenter
1526 3338 1805 3404 probatur.
1836 3335 2067 3390 lnveniri

480 3439 664 3484 tamen
689 3429 741 3482 in
781 3430 897 3496 ejus
927 3428 1081 3482 libris
1120 3427 1367 3497 quaedam
1400 3426 1468 3480 ab
1509 3426 1593 3479 his
1625 3441 1730 3478 non
1781 3424 1957 3480 solum
1989 3424 2071 3478 di-

481 3535 661 3583 versa,
685 3520 777 3574 sed
801 3533 1192 3588 nonnunquam
1224 3517 1387 3571 etiam
1437 3516 1736 3579 contraria,
1762 3524 1817 3569 et
1847 3532 1912 3569 ea
1949 3531 2069 3585 qua:

482 3611 734 3668 veritatis
781 3610 970 3680 regula
1022 3625 1127 3664 non
1183 3609 1420 3662 admittit
1460 3608 1568 3678 (15)
1623 3621 1890 3677 agnosce,
1949 3622 2069 3675 qua:

483 3717 586 3757 nos
616 3717 830 3771 quoque
863 3716 962 3756 nec
989 3701 1302 3770 recipimus,
1343 3713 1441 3753 nec
1479 3699 1789 3768 probamus.
1821 3696 1928 3752 Sed
1968 3699 2068 3754 hoc

483 3797 627 3852 unde
674 3794 967 3858 acciderit,
1003 3794 1312 3864 opiniOnem
1345 3807 1464 3861 qua:
1502 3793 1568 3846 ad
1603 3808 1700 3848 nos
1743 3808 1914 3862 usque
1941 3808 2065 3861 per-

488 3889 655 3955 venit,
688 3904 756 3944 ne
779 3905 807 3942 a
842 3899 891 3941 te
919 3887 1159 3956 quidem,
1195 3886 1280 3940 vel
1326 3888 1394 3942 ab
1442 3887 1526 3940 his
1574 3887 1663 3955 qui
1705 3887 1846 3955 quod
1880 3901 2063 3939 verum

2171 2695 2398 2761 indicat,
2432 2697 2809 2765 acquiescant,
2845 2704 2903 2750 et
2944 2694 3288 2750 obtrectandi
3316 2695 3492 2750 studio
3518 2693 3610 2764 (16)
3627 2706 3702 2744 non

2169 2788 2401 2858 quodvis
2450 2788 2641 2842 malint
2688 2803 2876 2840 verum
2917 2800 3040 2841 esse
3071 2803 3237 2856 quam
3287 2787 3341 2841 id
3371 2787 3508 2856 quod
3538 2787 3604 2840 eis
3635 2784 3703 2836 ob-

2169 2876 2438 2931 trectandi
2468 2878 2752 2933 materiam
2778 2877 3028 2948 perimat.
3054 2878 3297 2933 Dubitari
3334 2895 3440 2932 non
3464 2886 3580 2947 puto
3599 2871 3703 2945 quod

2171 2970 2274 3024 hoc
2314 2968 2460 3022 nullo
2489 2983 2690 3038 genere
2734 2969 2849 3023 tieri
2881 2971 3073 3038 potuit,
3121 2979 3180 3024 ut
3227 2972 3313 3025 vir
3349 2979 3454 3024 tam
3494 2968 3703 3029 eruditus,

2174 3071 2280 3116 tam
2319 3061 2578 3131 prudens,
2607 3070 2662 3115 et
2692 3069 2836 3116 certe
2872 3062 3035 3132 (quod
3090 3062 3376 3132 indulgere
3397 3064 3550 3117 etiam
3587 3074 3705 3114 arcu-

2171 3162 2380 3207 satores
2418 3156 2534 3222 ejus
2579 3152 2824 3223 possunt)
2860 3157 2942 3207 vir
2989 3153 3080 3222 qui
3112 3169 3289 3224 neque
3322 3155 3542 3215 stultus,
3577 3162 3706 3218 neque

2171 3245 2398 3300 insanus
2457 3245 2639 3314 fuerit,
2676 3247 2790 3315 ipse
2837 3246 2943 3301 sibi
2991 3247 3266 3302 contraria
3299 3259 3354 3303 et
3411 3241 3705 3316 repugnantia

2171 3337 2285 3390 suis
2320 3337 2602 3392 sententiis
2651 3339 2935 3396 scriberet.
2975 3341 3082 3393 Aut
3125 3341 3290 3394 etiam
3339 3340 3384 3394 si
3425 3338 3524 3393 ullo
3555 3347 3705 3407 genere

2171 3431 2534 3486 concedamus
2579 3432 2680 3487 hoc
2748 3434 2998 3488 accidere
3059 3433 3305 3501 potuisse
3358 3431 3468 3504 (l5)
3517 3428 3708 3485 fortassis

2171 3521 2314 3575 enim
2343 3522 2473 3576 dicit
2502 3523 2720 3591 aliquis,
2751 3524 2876 3592 quia
2909 3537 2974 3577 ea
3003 3539 3121 3592 qua:
3149 3524 3200 3577 in
3230 3523 3410 3592 prima
3437 3533 3582 3577 aetate
3609 3534 3705 3574 con-

2173 3614 2412 3682 scripsit,
2443 3622 2618 3683 potest
2648 3613 2763 3668 ﬁeri
2807 3625 2866 3668 ut
2907 3614 3326 3669 oblivisceretur
3361 3616 3414 3668 in
3458 3623 3598 3668 astate
3625 3622 3710 3664 rel-

2171 3707 2342 3772 genti,
2375 3715 2430 3759 et
2455 3705 2615 3759 aliter
2649 3721 2811 3774 quam
2841 3706 3132 3775 aliquando
3158 3717 3431 3770 senserat,
3467 3713 3577 3774 post
3618 3717 3706 3770 pro-

2172 3796 2361 3864 ferret)
2380 3797 2506 3864 quid
2531 3797 2790 3853 faciemus
2817 3799 2963 3866 quod
2995 3798 3264 3852 interdum
3291 3799 3348 3852 in
3375 3799 3566 3852 eisdem
3593 3793 3706 3852 locis,

2171 3898 2352 3958 atque,
2369 3898 2430 3942 ut
2450 3888 2523 3943 ita
2545 3889 2794 3954 dixerim,
2811 3892 2862 3944 in
2892 3891 3242 3960 consequenti
3265 3907 3405 3959 pene
3421 3890 3703 3956 capite.sen-

481 3988 568 4036 est
592 3981 738 4036 scire
766 3981 1016 4050 cupiunt,
1044 3978 1208 4034 celari
1242 3979 1382 4045 volo,
1416 3979 1461 4033 si
1489 3978 1580 4047 qui
1609 3987 1785 4032 tamen
1812 3987 1943 4032 sunt
1975 3978 2065 4046 qui
2097 3972 2139 4028 C
2176 3981 2342 4034 tentia
2360 3979 3496 4051 contrariisensusinveniturinserta?(l6)
3514 3972 3710 4046 Nunquid

555 4123 602 4157 ⁸⁸
633 4122 778 4179 Psal.
812 4136 900 4188 xc,
930 4122 1031 4188 l5;
1063 4119 1254 4176 lPetr.
1287 4136 1341 4189 v,
1375 4119 1428 4177 8.
1503 4119 1549 4152 “
1572 4119 1712 4174 Psat.
1744 4135 1864 4185 cur,
1903 4119 1969 4174 16
2005 4137 2020 4186 ;
2057 4120 2224 4189 Apoc.
2269 4123 2412 4190 xn,5
2440 4131 2492 4178 et
2529 4137 2647 4194 seq.
2705 4123 2828 4165 35-"
2867 4122 3056 4180 Matth.
3086 4137 3210 4188 xxv,
3235 4121 3330 4177 41.

557 4243 636 4312 (9)
671 4240 766 4294 Ms.
822 4238 1166 4312 Corbeiensis
1198 4278 1213 4300 ,
1245 4246 1298 4292 et
1358 4237 1517 4300 editi,
1569 4237 1837 4312 diabolum
1859 4253 1876 4300 ;
1900 4247 1964 4312 et
1995 4238 2069 4290 ita

486 4308 771 4384 legendum
829 4311 1039 4363 videtur
1081 4325 1094 4374 ;
1134 4321 1374 4362 attamen
1422 4309 1602 4362 ueteri
1649 4323 1778 4362 mss.
1825 4308 2070 4372 habent,

487 4384 751 4434 diabolus.

560 4451 671 4521 (10)
714 4448 880 4516 Editi,
904 4451 992 4519 qui
1037 4459 1257 4518 paratus
1303 4458 1376 4501 est
1424 4445 1658 4500 diabolo.
1693 4445 1824 4502 Mss.
1858 4461 1988 4503 vero
2015 4456 2074 4500 ut

488 4522 542 4577 in
583 4533 750 4574 textu.

561 4592 673 4661 (ll)
715 4588 839 4661 Mss.
882 4605 1126 4661 quorum,
1165 4589 1326 4642 male.

561 4657 673 4732 (12)
713 4660 857 4732 illud
894 4657 977 4713 est
1039 4661 1175 4732 quod
1215 4672 1298 4724 te,
1338 4659 1720 4732 desideriorum
1743 4659 1839 4723 vir,
1877 4657 2071 4732 Maca-

490 4727 686 4799 ri,‘ett".
728 4727 1084 4800 Hieronymus
1117 4731 1188 4782 lib
1238 4745 1271 4782 tt
1301 4730 1550 4782 adversus
1580 4727 1830 4794 Ruﬁnum
1875 4730 1928 4782 in
1961 4734 2074 4783 huic

488 4803 653 4859 verba
707 4804 787 4855 sie
845 4799 1154 4854 invehitur:
1204 4819 1222 4850 ς
1261 4799 1518 4866 Quamvis
1563 4801 1625 4852 de
1676 4799 1892 4854 Eusebii
1936 4801 2074 4853 libro

494 4873 660 4928 multa
714 4871 1069 4932 subtraxerit,
1097 4881 1150 4923 et
1184 4871 1234 4923 in
1271 4872 1462 4924 bonam
1493 4881 1699 4937 partem
1741 4871 1807 4924 de
1849 4869 1986 4923 Filio
2019 4879 2074 4924 et

492 4945 694 5014 Spiritu
725 4951 914 5014 Sancto
941 4943 1090 4994 nisus
1124 4942 1192 4994 sit
1221 4950 1575 5014 commutare,
1606 4950 1784 5014 tamen
1818 4941 1998 5014 multa
2019 4941 2075 4995 in

489 5010 580 5070 illo
597 5013 850 5069 scandala
873 5013 1230 5079 reperiuntur,
1249 5020 1301 5063 et
1319 5012 1674 5077 apertissima:
1702 5010 2073 5078 blasphemia),

491 5101 611 5156 quae
639 5089 738 5138 iste
760 5099 856 5156 sua
887 5098 1082 5156 negare
1110 5096 1213 5156 non
1241 5085 1460 5156 poterit,
1498 5082 1915 5156 catho_|ica_csse
1941 5097 2072 5156 pro-

491 5150 766 5210 nuntians.
800 5154 938 5206 Dicit
963 5150 1268 5213 iiiusebius,
1294 5153 1422 5214 imo,
1454 5161 1510 5204 ut
1535 5164 1588 5204 tu
1621 5152 1720 5214 vis,
1769 5150 2077 5220 Pamphilus

494 5209 548 5278 in
584 5226 684 5279 isto
707 5223 994 5284 volumine,
1018 5222 1208 5275 Filium
1232 5209 1419 5276 Patris
1435 5209 1776 5286 ministrum;
1811 5209 2076 5288 Spiritum
2106 5209 2154 5268 D

491 5306 737 5350 sanctum
781 5309 886 5346 non
921 5294 987 5347 de
1025 5294 1213 5346 eadem
1248 5292 1424 5345 Patris
1457 5293 1685 5360 Frliique
1725 5293 2025 5345 substantia
2056 5309 2071 5356 ;

494 5367 702 5419 animas
732 5366 1007 5418 hominum
1037 5365 1216 5432 lapsas
1242 5379 1363 5417 esse
1384 5365 1448 5417 de
1477 5364 1636 5428 ctelo,
1663 5373 1716 5416 et
1745 5364 1796 5415 in
1819 5363 2074 5429 hocqnod

491 5451 676 5488 sumus
701 5435 767 5487 de
785 5435 985 5501 angelis
1015 5436 1364 5498 commutati,
1396 5434 1446 5486 in
1472 5434 1816 5487 restitutione
1836 5434 2074 5487 omnium

493 5510 724 5573 aequales
757 5516 809 5559 et
843 5505 1061 5574 angelos
1082 5545 1095 5566 ,
1130 5515 1184 5556 et
1222 5505 1516 5567 daemones,
1549 5513 1604 5557 et
1641 5504 1886 5556 homines
1920 5503 2073 5569 fore;

491 5585 544 5628 et
568 5576 728 5626 multa
765 5575 870 5627 alia
913 5585 1016 5627 tam
1056 5575 1218 5642 irnpia
1265 5584 1320 5628 et
1353 5575 1593 5640 nefaria,
1625 5590 1742 5642 qua:
1785 5575 1946 5626 etiam
1983 5589 2072 5627 re-

495 5643 695 5712 plicare
727 5647 797 5698 sit
840 5645 1106 5698 criminis.
1141 5643 1280 5709 Quid
1335 5644 1496 5698 faciet
1543 5658 1784 5698 assertor
1821 5643 2071 5713 Origenis

493 5725 548 5766 et
581 5715 846 5782 interpres
894 5713 1209 5782 Pamphilt?
1267 5714 1324 5768 Si
1368 5715 1420 5768 itt
1471 5715 1554 5768 bis
1598 5729 1718 5782 qua:
1759 5719 2072 5768 emendavit

495 5793 642 5836 tanta
684 5784 1014 5852 blasphemia
1047 5795 1148 5844 est,
1184 5787 1236 5837 in
1273 5786 1378 5838 illis
1409 5800 1527 5854 quae
1560 5785 1628 5837 ab
1667 5785 1948 5854 haareticis
1972 5783 2076 5837 l'al-

495 5861 612 5908 sata
646 5855 925 5923 contingit,
947 5867 1150 5921 quanta
1179 5853 1466 5924 sacrilegia
1498 5855 1842 5909 continentur
1870 5855 1884 5907 !
1912 5853 2077 5923 Cujus

2180 4237 2449 4306 Opinionis
2482 4253 2702 4293 causam
2733 4240 2872 4293 hanc
2914 4240 3221 4307 suspicatur
3243 4278 3261 4304 ,
3298 4238 3445 4308 quod
3473 4235 3711 4308 virneqne

2179 4310 2400 4372 stultus,
2437 4324 2611 4377 neque
2653 4311 2876 4363 insanus
2905 4306 3086 4364 dicere
3121 4311 3222 4364 sibi
3259 4306 3604 4380 repugnantia
3635 4316 3710 4354 non

2180 4379 2434 4446 potuerit.
2486 4380 2549 4432 Et
2591 4395 2656 4432 ne
2710 4381 2936 4433 forsitan
2998 4377 3710 4448 putaremus'diversisew

2180 4445 2332 4502 varia
2363 4450 2650 4518 scripsisse
2673 4445 3026 4518 temporibus,
3053 4463 3106 4504 et
3129 4466 3224 4520 pro
3245 4451 3496 4502 tetatibus
3527 4445 3712 4520 edidisse

2179 4525 2474 4581 contraria,
2521 4521 2726 4573 addidit
2757 4539 2769 4573 :
2800 4520 2939 4584 Quid
2975 4519 3202 4588 facimus
3240 4523 3381 4588 quod
3422 4519 3655 4570 interdum
3672 4526 3710 4587 tu

2177 4590 2369 4642 eisdem
2417 4590 2569 4653 locis,
2597 4601 2773 4656 atque,
2805 4602 2858 4643 ut
2904 4593 2980 4642 ita
3030 4592 3252 4644 dixerim
3279 4628 3294 4649 .
3334 4591 3390 4642 in
3434 4590 3710 4656 consequenti

2177 4675 2306 4726 perte
2354 4663 2545 4728 capite,
2579 4655 2842 4713 sententia
2891 4663 3146 4714 contrarii
3191 4676 3350 4714 sensu
3391 4655 3713 4713 inoeniturin—

2177 4739 2316 4781 serta
2344 4732 2369 4782 Σ)
2413 4749 2432 4782 ι

2253 4800 2365 4872 (15)
2405 4799 2660 4870 Agnosce.
2708 4802 2868 4858 Deest
2919 4803 2973 4857 in
3021 4801 3206 4868 editis,
3245 4810 3299 4858 et
3355 4797 3711 4856 restituiturex

2179 4888 2312 4927 mss.

2254 4942 2366 5012 (14)
2395 4941 2468 4995 lla
2494 4943 2644 5009 editi,
2665 4952 2719 4996 et
2742 4943 2820 4998 sic
2843 4942 3119 5010 legendum
3140 4942 3372 4996 videtur.
3398 4939 3708 5012 Mssatamrtt

2180 5003 2358 5070 nostri
2378 5003 2642 5067 omittunt
2667 5029 2791 5076 non,
2818 5025 2873 5066 et
2892 5003 2986 5067 alii
3012 5015 3212 5068 habent
3231 5015 3474 5083 quodvis,
3494 5010 3577 5063 alii
3600 5003 3714 5082 qutd'

2179 5088 2278 5139 vis.
2318 5083 2482 5137 Paulo
2503 5095 2625 5154 post
2657 5099 2784 5139 mss.
2816 5085 3078 5153 plerique,
3107 5092 3162 5139 et
3207 5084 3334 5138 editi
3368 5097 3552 5136 omnes
3586 5084 3710 5131 onut-

2185 5165 2301 5210 tunt
2325 5163 2374 5206 et
2402 5163 2526 5207 ante
2563 5165 2720 5214 certe,
2759 5157 2850 5208 sed
2885 5168 3033 5208 recte
3079 5154 3382 5208 restituitur
3409 5168 3473 5206 ex
3507 5163 3602 5202 uno
3631 5156 3708 5197 m5-

2255 5223 2366 5296 (15)
2408 5223 2536 5280 Mss.
2574 5226 2791 5296 nostri,
2813 5224 3055 5292 fortassis
3097 5226 3255 5296 etiarn
3287 5240 3307 5278 :
3339 5223 3440 5296 sed
3473 5219 3707 5296 legentium

2181 5287 2394 5350 videtur
2424 5310 2544 5348 curn
2571 5287 3010 5363 editisJortassis
3039 5297 3197 5350 enim.
3223 5293 3392 5349 Paulo
3419 5287 3545 5360 post
3570 5287 3712 5363 Hieru-

2185 5381 2381 5436 nymus
2405 5435 2410 5436 γ
2433 5365 2526 5419 lib.
2566 5381 2605 5419 ει
2645 5360 2892 5418 adversus
2929 5364 3226 5435 Ruﬁnum;
3259 5365 3384 5436 quid
3412 5360 3710 5436 (asininis!

2185 5433 2323 5490 infra
2351 5435 2502 5499 editi,
2527 5440 2794 5490 sententia:
2821 5433 3070 5490 contrarii
3093 5452 3275 5490 sensus
3306 5433 3626 5487 inveniuntur
3645 5441 3708 5477 υςο

2184 5508 2309 5560 serti
2343 5520 2362 5559 :
2394 5509 2486 5576 sed
2515 5522 2701 5560 omnes
2732 5523 2858 5561 mss.
2900 5518 2958 5560 nt
2983 5507 3038 5561 in
3073 5518 3239 5561 textu.
3591 5566 3639 5576 η

2255 5577 2365 5643 (16)
2409 5573 2664 5646 Nunquid
2694 5577 2750 5629 in
2775 5579 2953 5630 eodem
2995 5593 3170 5646 opere,
3195 5587 3323 5641 etc.,
3351 5567 3605 5646 usquead
3629 5567 3709 5641 ista

2181 5639 2368 5712 verba,
2397 5639 2561 5716 queui
2595 5649 2754 5716 paulo
2807 5658 2927 5700 ante
2972 5639 3037 5700 de
3078 5648 3190 5712 ipsa
3225 5639 3415 5700 natura
3438 5639 3534 5697 Dei
3555 5639 3709 5716 ΔΡιιιηες

2177 5710 2887 5789 prorituntiaoerafnatant.9
2920 5710 3274 5789 Hieronymus
3305 5717 3400 5770 lib.
3432 5730 3470 5769 tt
3501 5710 3708 5764 aduersu

2175 5785 2427 5853 ltu/inum
2461 5801 2478 5838 :
2514 5803 2532 5836 ι
2585 5785 2920 5858 ch__ipsius
2965 5785 3189 5858 (Ruﬁni)
3235 5791 3396 5841 verba
3435 5790 3706 5858 supra"?

2176 5871 2305 5926 επθ
2336 5872 2445 5913 n0|!
2489 5865 2688 5926 potest.
2713 5855 2845 5915 Nolo
2865 5855 3036 5923 dicas,
3057 5855 3208 5916 verbi
3229 5872 3386 5916 causa
3407 5894 3425 5926 ,
3458 5862 3513 5908 ut
3536 5855 3702 5922 quttu-
