3866 6520
485 416 590 476 619

1869 423 2102 481 RUFINI
2144 424 2344 480 LIBER

3639 440 3721 495 620

483 551 609 598 ctus
642 543 724 598 vel
763 553 980 600 creatus
1013 560 1133 599 esse
1159 545 1458 612 diceretur,
1480 546 1594 619 (Π)
1622 548 1881 605 continuo
1908 549 2081 618 subji-
2111 558 2157 613 Α
2188 555 2264 606 vit
2294 553 2574 623 angustias
2604 556 2618 608 l
2661 557 2747 609 Ait
2774 557 2917 610 enim
2953 576 2965 612 :
3000 559 3138 626 Quid
3164 571 3239 616 est
3272 563 3413 632 quod
3435 563 3562 617 dixit
3586 564 3724 634 Dm,

481 645 634 690 ceret
673 636 813 691 inter
836 647 1060 691 caeteras
1096 647 1385 693 creaturas
1415 639 1623 696 factum
1653 655 1775 696 esse
1805 642 2072 713 Spiritum

479 737 728 781 sanetum
752 726 776 780 ‘l
800 737 892 782 aut
923 728 1119 784 iterum
1161 729 1254 799 qui
1293 729 1514 785 Patrem
1562 741 1622 787 et
1676 733 1876 789 Filium
1907 738 2069 792 unius

479 817 814 882 substantia,
842 820 986 888 quod
1009 817 1202 875 Graece
1233 821 1519 892 ὀμοοὺσιον
1541 822 1760 890 dicitur,
1811 825 2070 895 designa-

477 911 579 976 vit,
609 910 661 963 in
686 914 1148 982 consequentibus
1181 915 1368 968 Statim
1403 915 1665 986 capitulis
1700 916 1928 974 alterius
1949 933 2071 973 esse

474 1002 818 1069 substantiae,
863 1013 918 1058 et
967 1016 1213 1061 creatum
1249 1015 1464 1076 poterat
1512 1009 1699 1065 dicere
1745 1023 1870 1064 eum
1899 1025 2067 1080 quem

471 1100 636 1170 paulo
664 1108 793 1155 ante
817 1100 884 1154 de
914 1099 1029 1168 ipsa
1063 1109 1254 1154 natura
1281 1100 1372 1156 Dei
1398 1101 1577 1157 Patris
1616 1103 2070 1172 pronuntiaverat

469 1193 712 1248 natum?
765 1191 864 1248 Vel
896 1192 1092 1247 iterum
1141 1191 1208 1247 de
1276 1194 1686 1250 resurrectione
1726 1194 1931 1262 carnis,
1972 1195 2066 1265 qui

469 1303 584 1342 tam
625 1286 908 1342 evidenter
934 1286 1308 1356 pronuntiavit
1349 1297 1600 1341 naturam
1643 1287 1829 1342 carnis
1863 1287 1916 1342 in
1946 1303 2064 1343 cce-

468 1379 582 1432 lnm
615 1377 929 1433 ascendisse
979 1393 1102 1432 cum
1141 1376 1316 1433 Verbo
1349 1377 1466 1444 Dei,
1524 1387 1686 1448 atque
1722 1379 1856 1434 inibi
1892 1380 2066 1435 caele-

469 1472 648 1528 stibus
676 1471 999 1542 apparuisse
1034 1470 1334 1527 virtutibus
1368 1487 1564 1526 novum
1589 1482 1644 1527 et
1681 1472 2060 1527 admirandum

469 1565 553 1619 eis
603 1565 685 1619 sui
735 1565 908 1619 visum
947 1563 1309 1632 praebentem,
1355 1561 1468 1635 (18)
1517 1565 1774 1634 possibile
1829 1575 1948 1621 erat
2001 1572 2064 1620 ut

469 1661 615 1714 hanc
659 1658 856 1714 iterum
906 1659 1119 1714 diceret
1164 1674 1270 1714 non
1332 1675 1456 1715 esse
1520 1661 1876 1716 salvandam?
1921 1661 2057 1730 Quia

467 1760 598 1814 ergo
625 1745 741 1800 haec
771 1745 1017 1802 incidere
1048 1761 1118 1802 ne
1166 1747 1221 1802 in
1264 1763 1389 1804 eum
1419 1749 1640 1819 quidem
1682 1759 1936 1820 poterant
1965 1752 2058 1822 qui

466 1829 553 1890 vel
606 1844 800 1891 mente
840 1845 1041 1904 motus,
1079 1836 1162 1891 vel
1196 1839 1429 1893 cerebro
1463 1848 1611 1894 esset
1652 1840 1896 1906 insanus,
1927 1843 2055 1912 quid

2178 655 2234 698 ut
2270 663 2335 699 ea:
2362 648 2506 699 omni
2536 650 2682 717 ligno
2729 652 2967 718 paradisi
3020 670 3125 706 non
3175 659 3601 713 manducetis“?
3629 659 3727 728 Quo

2174 739 2383 793 scilicet
2422 755 2519 808 per
2561 741 2665 795 hoc
2701 759 2865 812 grave
2913 759 3037 799 esse
3089 762 3416 818 praeceptum
3470 750 3558 805 Dei
3607 755 3724 822 apud

2174 831 2451 888 hominem
2512 849 2880 905 conquerens,
2952 839 3455 906 praevaricationem
3508 849 3725 915 precepti

2173 921 2391 979 facilius
2434 926 2815 991 persuaderet.
2865 925 2992 982 llrec
3028 930 3276 999 exempla
3327 933 3497 1002 patris
3524 935 3622 1000 sui,
3659 947 3726 990 at-

2171 1027 2277 1082 que
2310 1015 2451 1069 hanc
2476 1023 2650 1068 artem
2687 1017 2930 1086 magistri
2974 1019 3058 1072 sui
3089 1019 3261 1074 secuti
3295 1020 3556 1087 haeretici,
3585 1038 3724 1093 quos-

2170 1119 2384 1174 cunque
2415 1115 2661 1162 veterum
2701 1109 2963 1164 nobilium
3019 1119 3377 1167 tractatorum
3433 1115 3724 1171 invenerunt

2167 1197 2237 1251 de
2273 1197 2376 1264 bis,
2406 1213 2527 1268 qua:
2558 1201 2625 1254 ad
2659 1199 2886 1271 gloriam
2935 1201 3029 1256 Dei
3080 1204 3380 1272 pertinent,
3425 1205 3578 1276 plene
3602 1217 3648 1262 et
3679 1209 3722 1262 fi-

2167 1287 2361 1344 deliter
2390 1290 2717 1359 disputasse,
2747 1291 2821 1346 ita
2845 1301 2903 1346 ut
2929 1305 2996 1345 ex
3031 1291 3266 1349 lectione
3305 1295 3546 1365 ipsorum
3579 1313 3719 1354 unus-

2166 1380 2396 1450 quisque
2427 1381 2664 1438 lidelium
2691 1383 2957 1453 proficere
2991 1385 3164 1453 possit
3190 1396 3245 1440 et
3270 1386 3488 1456 instrui,
3519 1405 3616 1444 non
3642 1404 3720 1459 pe-
3787 1453 3799 1471 ι

2165 1483 2462 1541 percerunt
2509 1474 2735 1542 scriptis
2781 1490 2968 1530 eorum
3015 1477 3128 1550 (l9)
3183 1480 3496 1545 dOgmatum
3529 1497 3716 1537 suorum

2166 1579 2492 1622 venenatum
2525 1567 2676 1624 virus
2710 1568 3016 1636 infundere,
3062 1573 3178 1628 sive
3218 1573 3592 1644 interpolando
3620 1591 3718 1646 qua:

2162 1661 2433 1726 dixerant,
2463 1661 2579 1718 sive
2604 1677 2726 1733 qua:
2757 1679 2861 1718 non
2894 1665 3146 1720 dixerant
3172 1666 3484 1730 inserendo.
3525 1686 3625 1738 quo
3650 1669 3716 1723 .‘a-

2160 1751 2321 1806 cilius
2355 1751 2616 1829 videlicet'
2651 1753 2754 1808 sub
2809 1755 3029 1809 nomine
3077 1755 3381 1813 doctissimi
3413 1757 3652 1830 cujusque
3670 1771 3713 1816 et

2161 1841 2358 1911 nobilis
2397 1841 2540 1897 inter
2573 1844 2869 1914 scriptores
2915 1847 3322 1904 ecclesiasticos
3372 1852 3477 1906 viri
3525 1854 3711 1908 lueresis

466 1927 540 1981 sit
565 1926 619 1980 in
638 1941 826 1994 causa,
853 1943 1015 1998 quam
1038 1941 1262 1998 possunt
1289 1929 1530 1985 breviter
1549 1931 1811 1987 edocebo.
1837 1933 2050 2000 Quanta
2089 1907 2132 1962 Β
2165 1949 2278 1988 sua:
2321 1942 2661 1990 astrueretnr
2699 1939 2952 2004 assertio,
2992 1954 3058 1994 ex
3091 1955 3157 1995 eo
3201 1943 3344 2010 quod
3388 1943 3461 1998 ita
3512 1945 3711 2000 sensisse

464 2017 538 2070 sit
571 2017 956 2074 haereticorum
1005 2020 1313 2086 temeritas,
1358 2034 1520 2091 quam
1571 2021 1709 2078 nihil
1737 2023 1823 2078 his
1851 2024 2049 2090 sancti,

463 2109 603 2164 nihil
626 2111 780 2180 pensi
809 2111 902 2178 sit,
939 2110 1101 2167 facile
1141 2112 1365 2184 intelligi
1394 2112 1558 2168 datur
1585 2129 1654 2168 ex
1693 2115 1775 2170 bis
1795 2129 1915 2184 qua:
1937 2114 2047 2171 fre-

463 2213 699 2270 quenter
727 2211 782 2257 et
821 2202 944 2257 ausi
976 2213 1104 2258 sunt
1142 2213 1197 2258 et
1233 2205 1490 2260 convicti.
1539 2203 1673 2259 Nam
1732 2205 1875 2261 sicut
1912 2207 2052 2276 patri

457 2294 706 2363 ipsorum
759 2294 970 2350 diabolo
1021 2295 1088 2350 ab
1119 2294 1276 2350 initio
1311 2296 1514 2352 falsare
1564 2297 1728 2352 verba
1774 2297 1905 2362 Dei,
1959 2308 2046 2351 at-

457 2401 567 2454 que
594 2385 868 2441 inflectere
897 2402 928 2440 a
959 2403 1058 2442 suo
1085 2389 1296 2452 ordine,
1342 2397 1398 2443 et
1437 2387 1524 2444 sui
1569 2386 1770 2443 veneni
1805 2385 2038 2441 interse-

451 2492 584 2531 rere
610 2478 762 2532 virus
789 2479 1028 2533 studium
1086 2479 1189 2535 fuit
1216 2499 1232 2546 ;
1291 2481 1361 2534 ita
1406 2491 1463 2536 et
1496 2482 1614 2537 istis
1636 2479 2050 2538 successoribus

455 2568 574 2622 suis
605 2569 746 2622 hanc
781 2583 892 2623 suae
927 2571 1062 2625 artis
1088 2571 1460 2627 haereditatem
1517 2571 1759 2641 reliquit.
1805 2572 2048 2642 Denique

451 2675 579 2715 eum
609 2660 834 2715 dixisset
858 2661 1007 2716 Deus
1033 2663 1099 2717 ad
1142 2663 1354 2718 Adam:
1389 2663 1476 2718 Ea:
1518 2668 1659 2718 omni
1695 2663 1844 2734 ligno
1879 2681 2044 2733 para-

453 2746 560 2806 disi
586 2753 974 2808 manducabitis
997 2753 1042 2786 ⁸⁷
1071 2772 1084 2808 :
1115 2753 1206 2809 ille
1229 2770 1355 2810 cum
1385 2754 1548 2809 vellet
1571 2755 1738 2809 Evam
1768 2754 2038 2822 decipere,

446 2839 838 2901 liberalitatem
876 2846 978 2901 Dei
1027 2846 1210 2902 omnia
1249 2847 1410 2907 edere
1457 2848 1887 2918 permittentem,
1936 2865 2041 2904 una

453 2939 834 3019 tantummodo
873 2939 1159 3012 interjccta
1187 2941 1417 3012 syllaba,
1446 2942 1499 2996 in
1534 2953 1767 3012 quantas
1796 2950 2044 2998 coarcta-

525 3061 570 3093 ⁸⁷
597 3061 796 3117 Genes.
828 3077 890 3126 ιι.
920 3061 1009 3117 16.
1085 3062 1131 3095 ⁸⁸
1157 3062 1362 3118 Geues.
1390 3079 1480 3129 Ill,
1509 3064 1562 3119 1.

2157 2025 2324 2082 etiam
2358 2026 2524 2097 aliqui
2557 2027 2623 2084 de
2657 2029 2821 2085 claris
2855 2030 2987 2085 viris
3015 2045 3070 2088 et
3092 2035 3382 2091 catholicis
3405 2036 3705 2092 viderentur.

2157 2118 2224 2173 Et
2255 2119 2450 2174 borum
2480 2119 2958 2178 manifestissimas
3009 2122 3154 2180 inter
3201 2124 3424 2182 Griecos
3455 2127 3704 2196 scriptores

2154 2209 2556 2267 ecclesiasticos
2609 2213 2966 2281 probationes
3029 2222 3299 2272 tenemus.
3369 2218 3438 2272 Et
3495 2219 3706 2288 quamvis

2155 2302 2543 2371 quamplurimi
2593 2303 2704 2357 sint
2752 2319 2818 2359 ex
2871 2308 3150 2362 veteribus
3203 2308 3256 2362 in
3318 2324 3546 2380 quorum
3579 2308 3704 2363 libris

2151 2392 2527 2461 hujuscemodi
2575 2393 3003 2466 deprehenditur
3055 2397 3410 2465 adulterium,
3445 2415 3701 2470 paucorum

2153 2495 2334 2540 tamen
2380 2477 2581 2542 su'flicit
2614 2487 2877 2545 adbibere
2910 2489 3247 2557 testimonia,
3278 2506 3351 2547 ex
3380 2493 3569 2562 quibus
3598 2490 3702 2548 faci-

2147 2575 2254 2632 lius
2286 2577 2418 2649 quid
2445 2579 2607 2635 etiam
2639 2578 2891 2653 Origenis
2933 2582 3089 2640 libris
3143 2584 3432 2648 acciderit,
3471 2599 3700 2656 agnom-

2148 2676 2251 2722 tur.

2224 2759 2340 2832 (20)
2391 2761 2644 2819 Clemens
2688 2763 3058 2835 apostolorum
3111 2767 3438 2837 discipulus,
3481 2769 3565 2840 qui
3610 2769 3696 2822 Ro-

2153 2867 2328 2909 mana:
2355 2853 2616 2911 Ecclesia:
2648 2869 2773 2926 post
2807 2859 3083 2929 apostolos
3108 2869 3164 2915 et
3192 2862 3483 2933 episcopus
3511 2872 3562 2918 et
3582 2877 3694 2916 marb

2154 2954 2242 3016 tyr
2274 2943 2398 3014 fuit,
2428 2945 2596 3004 libros
2613 2948 2803 3018 edidit,
2829 2951 2956 3022 quia
2976 2951 3166 3008 Graece
3188 2953 3536 3024 appellantur
3565 2954 3688 3012 Ἁνα-

451 3180 516 3234 de
541 3176 849 3250 angelorum
892 3177 1170 3250 ruina,de
1195 3180 1497 3250 animarum
1531 3179 1710 3246 lapsu,
1750 3182 1821 3236 de
1857 3198 2030 3236 resur-
2059 3188 2102 3246 ε
2136 3180 2384 3244 plurimis
2429 3186 2731 3244 exponatur
2753 3191 2785 3250 ς
2834 3180 2888 3234 in
2919 3179 3186 3250 aliquibus
3225 3180 3301 3233 ita
3355 3179 3591 3242 Eunomii
3616 3181 3689 3232 do-

444 3247 698 3323 rectienis
721 3247 1030 3323 priestigiis,
1061 3249 1128 3302 de
1157 3252 1378 3323 mundo,
1404 3248 1482 3303 uel
1508 3251 1866 3323 intermundis
1896 3251 2031 3323 Epi-

443 3337 589 3382 cim,
613 3319 678 3372 de
700 3318 1032 3372 restitutione
1065 3321 1297 3372 omnium
1330 3320 1388 3374 in
1427 3321 1682 3388 aqualem
1723 3318 1955 3388 statum,
1984 3333 2033 3376 et

447 3391 618 3448 multo
649 3389 731 3442 his
766 3390 1052 3459 deteriora,
1077 3405 1195 3459 qua:
1222 3389 1439 3458 longum
1480 3403 1614 3444 esset
1659 3403 1910 3459 retexere,
1955 3393 2035 3448 uel

446 3461 526 3514 ita
557 3461 708 3515 uertit
744 3460 887 3512 utin
917 3457 1102 3512 Crarco
1134 3457 1427 3524 inuenerat,
1467 3461 1544 3514 vel
1584 3462 1649 3514 de
1691 3457 2035 3516 Commenta-

448 3529 608 3584 riolis
640 3529 877 3598 Didymi,
903 3531 994 3595 qui
1026 3527 1272 3602 Origenis
1302 3529 2031 3602 apertissimusﬁpropugna-

451 3612 540 3654 tor
573 3608 678 3663 est,
719 3610 1039 3668 exaggerata
1085 3610 1132 3653 et
1167 3599 1410 3667 ﬁrmiora
1447 3601 1647 3668 posuit.
1685 3601 1726 3655 E
1756 3599 2033 3658 contrario

448 3678 990 3742 anonymusauctor
1045 3669 1318 3742 Apologia:
1355 3686 1466 3742 pro
1511 3669 1740 3741 Origene
1797 3687 1918 3742 qua:
1965 3674 2033 3729 de

447 3737 722 3795 Tiini‘t’ate
777 3740 830 3811 in
869 3737 1134 3810 Origenis
1179 3737 1400 3809 scriptis
1430 3737 1663 3811 legebat,
1711 3756 1775 3796 ea
1813 3737 1932 3798 'non
1962 3743 2033 3800 ab

447 3810 727 3867 haereticis
779 3810 985 3864 inserta
1045 3824 1189 3883 esse,
1238 3811 1331 3864 sed
1394 3810 1724 3866 catholicum
1787 3813 2034 3883 recipere

445 3896 610 3953 posse
639 3895 860 3936 sensum
885 3880 1283 3953 contendebat;
1318 3892 1514 3936 cmtera
1539 3892 1720 3936 autem
1764 3882 1884 3952 ejus
1905 3880 1916 3883 ⁷
1935 3885 2034 3939 do-

450 3951 636 4022 gmata
667 3953 756 4006 ubi
791 3951 1179 4006 excusarinen
1215 3961 1487 4022 poterant,
1509 3961 1600 4006 aut
1620 3951 2034 4009 exercitationis

446 4021 613 4093 causa
661 4021 732 4077 ab
777 4036 842 4076 eo
873 4021 1100 4093 prolata
1154 4037 1297 4093 esse,
1338 4021 1424 4093 vel
1463 4034 1625 4093 certe
1659 4023 1728 4078 ab
1759 4023 2030 4080 haereticis

448 4092 624 4148 fuisse
655 4094 858 4150 inserta
891 4091 1304 4163 'propugnabat.
1359 4091 1594 4163 Rufinus
1639 4108 1771 4163 ergo
1807 4095 1877 4148 ab
1926 4095 2032 4149 isto

451 4179 727 4234 anonymo
761 4161 1024 4234 auctore,
1049 4175 1277 4232 uterque
1311 4177 1440 4234 vero
1468 4179 1498 4216 a
1533 4161 1837 4234 Pamphilo,
1862 4163 2033 4220 Euse-

451 4181 595 4219 311011
641 4181 727 4218 1110
761 4181 1006 4226 aucwre,
1049 4181 1277 4232 Uterque
1311 4181 1440 4215 vero
1468 4181 1498 4216 ὃ
1533 4181 1837 4234 rampmlo,
1862 4181 2033 4220 ause-

449 4236 562 4301 bio,
589 4181 820 4304 δίειμιιο
844 4244 898 4288 et
922 4230 1257 4304 Hieronymo
1291 4232 1578 4304 refellitur,
1613 4235 1812 4303 quibus
1849 4237 2033 4291 haecce

444 4303 988 4374 libroruniOrigenis
1016 4303 1346 4358 adulteratio
1367 4319 1432 4357 ne
1462 4303 1514 4357 iu
1540 4313 1774 4358 mentem
1809 4306 2030 4373 quidem

439 4376 619 4444 venit.
655 4375 812 4442 Quod
842 4373 946 4444 ait
997 4389 1322 4444 anonymus
1356 4383 1550 4444 auctor
1603 4373 1878 4444 Apologia:
1931 4391 2030 4443 pro

433 4443 693 4514 Origene,
717 4461 864 4512 eum,
884 4443 1008 4497 dum
1027 4442 1259 4507 vive—ret,
1279 4442 1543 4511 ejusmodi
1574 4442 2028 4500 adulterationem

429 4513 710 4570 librorum
751 4529 976 4570 suorum
1015 4514 1456 4583 deprehendisse,
1491 4514 1543 4568 id
1570 4515 1843 4583 respicere
1872 4516 2024 4569 vide-

438 4594 531 4640 tur
588 4584 840 4669 Origenis
869 4583 954 4669 :ad
1004 4584 1211 4669 amicqs
1247 4584 1678 4669 ΔΑξεξιιξνιιάζὶηρξς,
1706 4654 1718 4669 _
1741 4585 2024 4669 epistolam
2059 4613 2102 4669 Β

431 4670 602 4722 quam
653 4653 814 4724 paulo
868 4653 1008 4710 infra
1061 4654 1267 4724 profert
1325 4653 1928 4725 Rufinus.7Vide'quid
1969 4656 2023 4711 ei

425 4725 1158 4794 despondeatHieronymus
1188 4735 1301 4779 not.
1330 4725 1384 4778 in
1418 4727 1563 4778 hunc
1593 4724 1788 4780 locum.

509 4797 624 4867 (l7)
667 4797 740 4850 Ita
788 4795 941 4858 editi,
981 4805 1038 4848 et
1089 4795 1452 4864 Hieronymus
1509 4794 1604 4848 lib.
1637 4810 1696 4867 Διι
1768 4795 2021 4867 adversus

425 4864 712 4935 iRuﬁnum.
768 4867 904 4921 Mss.
953 4879 1082 4919 vero
1130 4867 1326 4931 nostri,
1376 4882 1563 4920 rursus
1610 4864 1831 4930 diceret,
1883 4865 2021 4922 alias

417 4941 667 5008 .proxime
691 4938 906 4992 diceret.

507 5009 622 5078 (18)
683 5008 810 5063 Mss.
858 5007 1146 5077 plerique,
1199 5007 1523 5071 impossibile
1571 5017 1706 5072 erat,
1757 5014 1862 5062 etc.
1910 5005 2018 5063 Sed

429 5078 591 5141 editi,
627 5089 681 5133 et
709 5094 843 5135 mss.
870 5080 1088 5146 quidam
1125 5079 1331 5146 rectius,
1353 5089 1410 5131 ut
1438 5078 1489 5130 in
1529 5085 1699 5131 textu.

500 5147 615 5220 (l9)
662 5145 976 5218 Dogmatum
1026 5165 1268 5201 suorum.
1321 5145 1449 5202 Haec
1505 5149 1671 5202 verba
1719 5147 1917 5203 desunt
1959 5149 2012 5204 in

423 5221 612 5285 editis,
643 5230 696 5274 et
731 5221 1093 5275 restituuntur
1125 5235 1193 5272 ex
1227 5233 1364 5272 mss.

498 5289 611 5362 (20)
653 5289 1287 5362 Clemensrapostolorum
1321 5288 1641 5362 discipulus,
1666 5297 1801 5354 etc.,
1835 5303 2012 5362 usque

421 5360 628 5416 adista
661 5381 674 5416 :
712 5378 776 5414 ne
795 5361 1172 5414 simili‘causa:
1208 5360 1401 5412 similis
1442 5361 1672 5428 suﬂiciat
1713 5361 2006 5414 excusatio.

420 5430 787 5504 Hieronymus
846 5432 1021 5504 lib._-u
1083 5431 1332 5484 adversus
1381 5428 1642 5504 Ruﬁnum
1678 5443 1698 5482 .'
1745 5449 1763 5481 ι
1814 5429 2009 5504 Videa-

417 5517 544 5571 mus
597 5500 779 5556 tamen
837 5502 1036 5571 quibus
1081 5501 1424 5571 argumentis
1509 5500 1744 5569 probare
1801 5501 2006 5554 nitatur

419 5570 699 5642 (Ruﬁnus)
745 5570 1000 5639 Origcnis
1043 5570 1112 5626 ab
1167 5572 1442 5626 haereticis
1489 5573 1696 5639 scripta
1748 5571 1935 5642 vitiata
1987 5589 2004 5626 :

417 5641 687 5706 Clemens,
737 5644 934 5710 inquit,
983 5643 1342 5708 apostolorum
1386 5643 1704 5708 discipulus,
1748 5644 1837 5710 qui
1895 5641 2006 5694 llo-

415 5728 594 5766 mana:
631 5715 884 5768 Ecclesia:
931 5725 1044 5778 post
1084 5714 1350 5782 apostolos
1380 5713 1654 5782 episcopus
1705 5721 1751 5764 et
1797 5723 2004 5781 martyr

417 5783 547 5852 fuit,
611 5785 772 5837 libros
818 5785 1008 5846 edidit,
1067 5781 1159 5851 qui
1231 5781 1570 5851 appellantur
1644 5781 2001 5850 Ἀνιιγνωρι-

414 5851 594 5920 (male,
620 5855 672 5905 id
707 5864 805 5922 est,
841 5851 1161 5922 Ilecoguitio
1189 5872 1201 5907 :
1240 5851 1506 5919 inquibus
1531 5867 1652 5903 cum
1676 5869 1744 5906 ea:
1775 5869 2001 5920 persona

415 5919 566 5980 l’itri
593 5919 817 5996 apostoli
839 5919 1085 5980 doctrina
1110 5924 1260 5998 quasi
1287 5938 1400 5978 vere
1415 5919 2014 6000 αροδιυιίεα-ἰηζιμιαηιιη
2070 5994 2085 6002 _

2140 3267 2262 3320 gma
2289 3251 2563 3313 inseritur,
2606 3257 2663 3302 ut
2708 3248 2841 3320 ni_hi_l
2881 3248 3032 3304 aliud
3071 3267 3228 3320 quant
3275 3251 3391 3316 ipse
3436 3250 3688 3304 Eunomins

2139 3317 2412 3387 disputare
2437 3321 2708 3382 credatur,
2737 3317 2785 3371 F
2789 3318 2942 3373 ilium
2971 3320 3065 3374 Dei
3084 3317 3337 3374 ’rreatum
3367 3324 3432 3376 de
3455 3321 3597 3374 nullis
3616 3336 3687 3373 es-

2137 3391 2403 3446 stantibus
2461 3404 2790 3460 asseverans.
2832 3389 2900 3444 Et
2955 3399 3077 3458 post
3134 3389 3262 3457 alia,
3303 3405 3429 3460 quae
3456 3391 3683 3460 proliqu

2136 3470 2222 3515 est
2250 3460 2494 3529 scribere
2529 3478 2543 3514 :
2591 3458 2757 3525 Quid,
2791 3476 2990 3529 quiusa,
3033 3459 3136 3524 ait,
3187 3463 3252 3514 de
3281 3458 3370 3517 his
3401 3458 3683 3516 sentiendum

2137 3531 2256 3586 est!
2285 3528 2440 3596 Quod
2468 3528 2904 3597 apostolicusvir
2935 3531 3184 3586 haeretica
3212 3533 3483 3598 scripserit
3503 3533 3528 3584 .’
3550 3533 3621 3584 Αιι
3641 3529 3683 3582 id

2135 3602 2314 3670 potius
2341 3601 2682 3662 credendum,
2710 3602 2852 3670 quod
2891 3601 3123 3670 perversi
3166 3602 3413 3657 homines
3445 3602 3513 3655 ad
3537 3615 3679 3655 asser-

2137 3673 2332 3725 tionem
2369 3671 2697 3740 dogmatumi
2725 3686 2946 3723 suorunt
2986 3672 3081 3725 sub
3139 3671 3380 3726 t'irorunt
3419 3681 3679 3726 sanctorum

2137 3742 2366 3802 nomine,
2394 3739 2646 3810 tanquam
2671 3739 2880 3808 facilius
2912 3741 3196 3804 credenda,
3225 3740 3606 3798 interserueriut
3630 3755 3677 3793 ea

2135 3828 2255 3882 quia
2278 3811 2358 3864 illi
2387 3826 2480 3864 nec
2511 3810 2738 3864 sensisse
2773 3827 2882 3882 nec
2927 3813 3227 3882 scripsissg
3256 3814 3504 3867 credendi
3539 3811 3677 3865 sunt?

2135 3879 2469 3936 Clementem
2505 3879 3136 3952 quoqueAlesandrinze
3189 3880 3448 3952 Ecclesia:
3486 3883 3672 3952 presby-

2139 3961 2313 4006 terum
2341 3949 2877 4005 virum'catbolicum
2917 3949 3112 4006 scribit
3146 3953 3198 4006 in
3223 3951 3380 4008 libris
3403 3949 3511 4008 suis
3538 3949 3673 4004 inter-

2139 4022 2265 4093 dum
2320 4020 2426 4093 Dei
2469 4018 2668 4093 Filium
2725 4021 2906 4093 dicere
2958 4031 3203 4076 creatum
3246 4039 3260 4076 :
3306 4034 3366 4079 et
3398 4021 3670 4093 Dionysium

2134 4091 2521 4146 Alexandrinae
2579 4091 2731 4146 urbis
2778 4092 3115 4160 episcopum,
3169 4093 3346 4147 virum
3406 4090 3668 4149 erud'itissio

2137 4178 2307 4230 mum,
2361 4171 2552 4217 contra
2603 4160 2902 4216 Sabellium
2934 4171 3178 4230 quatuor
3204 4162 3560 4218 voluminibus
3579 4161 3668 4214 dis-

2136 4243 2439 4302 putantem,
2489 4231 2545 4302 in
2579 4231 2842 4302 Arianum
2885 4231 3099 4302 dogma
3131 4231 3334 4288 delabi.
3381 4233 3448 4288 Et
3488 4231 3666 4302 subitis

2135 4300 2397 4372 exemplis
2423 4301 2552 4356 illud
2582 4301 2711 4370 agit,
2747 4313 2802 4356 ut
2845 4300 3401 4359 non'ecclesiasticos
3431 4314 3482 4357 et
3507 4300 3663 4357 catho-

2137 4373 2270 4428 licos
2315 4374 2463 4427 viros
2507 4373 2646 4426 male
2680 4372 2942 4435 sensisse,
2993 4373 3088 4428 sed
3118 4378 3186 4428 ab
3214 4373 3482 4429 haereticis
3511 4383 3662 4426 eorum

2134 4445 2336 4512 scripta
2364 4452 2624 4510 corrupta
2658 4457 2779 4512 esse
2812 4453 3083 4510 testetur;
3114 4451 3170 4498 et
3201 4445 3487 4498 concludat
3507 4443 3564 4496 ad
3587 4454 3662 4512 cs-

2137 4510 2368 4589 tremutn
2401 4513 2626 4589 dicens:
2663 4511 2740 4566 De
2772 4512 2998 4589 Origene
3018 4527 3252 4589 quoque,
3291 4515 3358 4589 in
3382 4510 3663 4589 σπορίουιὶιρ

2133 4594 2231 4650 ter,
2261 4593 2317 4637 ut
2341 4584 2397 4637 in
2437 4583 2521 4636 his
2549 4599 2679 4652 quos
2717 4599 2881 4652 supra
2917 4583 3176 4650 diximus,
3201 4586 3446 4652 quadam
3475 4583 3656 4652 diversi-

2131 4663 2214 4708 tas
2252 4650 2570 4731 _ini_i_enit_ur,.'
2600 4655 2737 4706 istud
2783 4650 2890 4731 iton
2923 4655 3170 4731 ⁸ιιιῇἱιιὶιξι
3212 4650 3426 4731 sentire,
3465 4654 3590 4731 quell
3608 4650 3658 4702 de
3767 4711 3769 4731 Ι

2129 4722 2493 4794 priejudicatis
2528 4722 2648 4792 jam
2687 4723 2960 4778 catholicis
3004 4721 3230 4778 sentitur
3272 4726 3350 4778 vel
3385 4721 3658 4794 tntilligitsr
3765 4759 3767 4794 Ι

2129 4763 2276 4860 εἱνὲἷ,
2317 4763 2637 4866 necsiniilis
2675 4809 2852 4866 causa:
2901 4794 3095 4866 similis
3155 4795 3379 4866 sufﬁciat
3405 4763 3652 4850 mnditia.
3763 4763 3767 4866 il

2129 4865 2186 4920 Si
2217 4849 2556 4929 conceditur,
2597 4873 2655 4917 ut
2689 4864 2951 4933 quidquid
2977 4864 3031 4918 in
3067 4849 3246 4920 libris"
3266 4849 3499 4921 omnium
3531 4875 3654 4928 repe-
3761 4849 3765 4933 ,Ι

2127 4937 2297 5010 ritur,
2341 4934 2409 4989 ab
2451 4933 2572 5010 aliis
2599 4931 2911 5010 corruptum
2940 4935 3188 5010 sit.nihil
3208 4950 3394 5010 eorum
3421 4936 3516 4990 erit
3540 4945 3651 5010 quo-
3761 4931 3763 4987 l

2127 5020 2246 5076 rum
2273 5005 2447 5076 fertur
2479 5005 2789 5060 hominibus
2815 5020 2831 5070 ;
2864 5007 2962 5060 sed
2991 5006 3079 5062 his
3105 5007 3470 5076 deputabitur,
3496 5019 3524 5076 ῃ
3551 5005 3648 5070 qui-

2123 5075 2228 5132 bus
2270 5075 2475 5131 dicitur
2515 5090 2636 5130 esse
2678 5076 2946 5130 vitiatum.
2998 5074 3322 5146 Quanquam
3369 5088 3425 5131 et
3472 5074 3646 5146 illorum

2123 5160 2232 5220 non
2268 5147 2663 5220 erit,_quorum
2701 5146 2906 5220 incerta
2943 5157 3071 5220 sunt
3126 5142 3345 5220 nomina
3371 5142 3645 5220 ratque-ita

2122 5215 2236 5282 fiet,
2272 5227 2352 5282 ut,
2391 5215 2522 5271 dum
2568 5217 2809 5270 omnium
2841 5218 3024 5270 omnia
3065 5227 3215 5284 sunt,
3269 5217 3402 5272 uibil
3449 5215 3644 5284 alicujus

2120 5287 2212 5342 sit.
2263 5286 2378 5342 liae
2429 5285 2763 5342 defensionis
2823 5282 3234 5356 perturbatione
3276 5301 3374 5342 nec
3423 5282 3640 5356 Marcion.

2119 5372 2220 5412 nec
2250 5357 2600 5422 Manichacus,
2634 5371 2734 5411 nec
2761 5356 2946 5424 Arius,
2979 5373 3083 5413 nec
3110 5357 3406 5412 Eunomius
3437 5362 3638 5409 accusari

2117 5438 2410 5496 poterunt;
2442 5428 2566 5498 quia
2601 5427 2863 5498 quidquid
2910 5441 3012 5482 nos
3043 5430 3112 5483 ab
3151 5430 3235 5483 his
3285 5428 3442 5497 impie
3473 5429 3635 5497 dictum

2115 5497 2500 5565 objecerimus,
2533 5497 2788 5566 discipuli
2846 5499 3271 5567 respondebunt,
3303 5514 3406 5553 non
3440 5513 3465 5549 a
3485 5504 3635 5567 magi-

2119 5569 2250 5624 stris
2275 5570 2388 5624 suis
2422 5571 2495 5623 ita
2517 5565 2743 5634 editum,
2763 5567 2857 5622 sed
2889 5565 2956 5622 ali
2984 5569 3222 5624 inimicis
3250 5583 3369 5624 esse
3399 5565 3632 5636 violatur".

2114 5637 2228 5694 lloe
2259 5655 2456 5709 genere
2499 5649 2556 5692 et
2589 5639 2705 5700 iste
2746 5640 2857 5707 ipse
2886 5647 3010 5692 tuus
3040 5640 3200 5704 liber,
3239 5651 3360 5694 tuus
3403 5652 3498 5691 nou
3533 5638 3629 5691 et".

2113 5711 2206 5765 sed
2234 5710 2460 5764 forsitan
2492 5724 2644 5764 meus
2673 5727 2687 5776 ;
2716 5720 2779 5780 et
2803 5723 2958 5763 meus
2980 5709 3143 5774 liber,
3178 5726 3288 5780 quo
3320 5709 3410 5780 tibi
3442 5713 3630 5780 accusa-

2115 5790 2202 5835 tus
2229 5783 2554 5850 re5p0ndeo,
2590 5781 2718 5835 sioin
2751 5779 2842 5834 illo
2872 5781 3078 5850 aliquid
3104 5777 3521 5850 reprehenderis,
3546 5782 3628 5850 ροιι

2109 5853 2216 5906 erit
2247 5840 2421 5927 tnéus,
2451 5840 2562 5927 sed
2613 5861 2740 5927 tuus
2774 5867 2804 5904 a
2835 5865 2942 5927 quo
2964 5840 3400 5927 rejirehenditur.
3530 5840 3627 5927 illi}?

2107 5925 2294 5980 munia
2323 5927 2405 5997 ad
2449 5921 2738 5981 haereticos
2769 5919 2968 5991 refers,
3006 5919 3138 5993 quid
3166 5919 3532 5980 ecclesiasticis
3558 5920 3627 5964 ln-
