3866 6562
149 484 229 542 6'21

149 594 462 674 τνωρισμὸς,
515 595 569 651 id
610 605 715 661 est,
768 591 1074 668 Recognitio
1104 612 1122 651 :
1154 598 1209 652 in
1240 598 1440 668 quibus
1466 613 1588 653 cum
1620 613 1683 652 ex
1718 609 1766 666 Α

150 706 347 765 persona
375 688 514 745 Petri
542 687 780 758 apostoli
819 688 1071 744 doetrina
1102 690 1261 759 quasi
1295 704 1423 745 vere
1469 700 1686 760 aposto-

149 789 232 841 lica
272 784 319 839 in
347 779 761 851 quamplurimis
802 791 1135 850 exponatur,
1184 782 1238 836 in
1292 782 1565 854 aliquibus
1611 784 1685 839 ita

149 876 359 935 Eunomii
382 875 573 944 dogma
604 873 887 938 inseritur,
921 883 980 929 ut
1012 873 1146 929 nihil
1200 873 1349 930 aliud
1406 890 1572 945 quam
1604 876 1687 945 ip-

146 988 196 1029 se
221 967 493 1026 Eunomius
519 967 802 1037 disputare
824 965 1104 1030 credatur,
1138 965 1341 1021 Filium
1391 967 1488 1022 Dei
1528 982 1685 1023 crea-

149 1076 241 1119 tnm
271 1063 331 1116 de
355 1059 512 1115 nullis
549 1058 895 1115 exstantibus
919 1072 1270 1115 asseverans.
1325 1057 1463 1114 Tum
1488 1059 1686 1115 deinde

147 1158 283 1214 etiam
318 1152 440 1208 illud
490 1150 745 1207 adulterii
797 1150 1059 1207 inseritur
1116 1165 1307 1221 genus,
1338 1159 1400 1207 ut
1434 1161 1683 1206 naturam

146 1246 309 1303 diaboli
338 1254 764 1314 ceterorumque
812 1243 1123 1299 daemonum
1152 1260 1260 1300 non
1295 1243 1559 1313 propositi
1592 1259 1688 1300 vo-

150 1338 436 1407 luntatisque
464 1334 693 1400 malitia,
716 1336 811 1391 sed
850 1345 1081 1407 excepta
1124 1351 1190 1392 ac
1241 1345 1497 1407 separata
1530 1350 1685 1392 crea-

147 1443 256 1486 tum
294 1428 604 1500 produxerit
652 1426 909 1497 qualitas,
958 1430 1054 1499 qui
1104 1429 1295 1500 utique
1351 1431 1407 1485 in
1473 1431 1687 1487 caeteris

147 1538 326 1578 omnem
352 1521 732 1577 rationabilem
769 1528 1080 1576 creaturam
1134 1521 1383 1580 docuerit
1415 1522 1569 1577 liberi
1598 1537 1687 1576 ar-

146 1616 265 1671 bitrii
294 1614 545 1671 facultate
570 1614 856 1671 donatam.
890 1615 1031 1671 Sunt
1060 1617 1229 1670 etiam
1274 1614 1378 1669 alia
1417 1614 1683 1670 nonnulla

148 1709 270 1762 libris
309 1705 418 1775 ejus
464 1705 698 1770 inserta,
744 1721 865 1776 qua:
911 1705 1286 1762 ecclesiastica
1340 1706 1527 1777 regula
1568 1721 1687 1762 om-

146 1800 247 1854 nino
270 1813 365 1853 non
395 1797 617 1868 recipit.
646 1798 811 1867 Quid,
853 1812 1059 1869 quaeso,
1111 1799 1177 1854 de
1216 1799 1302 1853 his
1335 1797 1683 1854 sentiendum

146 1892 252 1946 est?
284 1890 427 1957 Quod
477 1889 810 1959 apostolicus
857 1892 963 1954 vir,
1020 1890 1132 1945 imo
1177 1904 1317 1959 pene
1371 1889 1685 1958 Apostolus,

144 1985 263 2053 (nam
293 1997 352 2037 ea
385 1982 579 2037 scribit
637 1997 759 2051 qua:
800 1981 1032 2050 apostoli
1096 1980 1305 2051 dicunt)
1353 1982 1438 2037 cui
1489 1980 1689 2037 Paulus
1723 1969 1765 2026 Β

144 2074 372 2141 apostolus
392 2074 765 2129 testimonium
794 2074 962 2138 dedit,
986 2073 1174 2128 dicens
1200 2091 1214 2127 :
1241 2071 1374 2128 Cum
1402 2072 1686 2136 Clemente,

142 2175 181 2218 et
199 2166 373 2220 caeteris
418 2166 764 2235 adjutoribus
811 2167 963 2228 meis,
1013 2180 1243 2234 quorum
1291 2167 1505 2218 nomina
1550 2176 1676 2218 sunt

143 2253 185 2303 in
221 2250 337 2305 libro
367 2253 495 2307 vita:
543 2251 629 2306 ⁸⁹ε
685 2252 962 2307 scribebat
1013 2252 1117 2307 hoc
1173 2252 1319 2321 quod
1362 2252 1518 2308 libris
1566 2254 1690 2307 vita:

141 2344 431 2399 contrarium
468 2355 556 2400 est
580 2344 605 2398 ?
633 2344 719 2398 An
751 2344 805 2399 id
833 2344 1018 2415 potius
1058 2345 1385 2400 credendum
1427 2354 1512 2400 est
1543 2346 1689 2414 quod

143 2450 277 2504 supra
298 2435 555 2503 diximus,
590 2438 733 2507 quod
760 2440 1008 2508 perversi
1036 2439 1287 2494 homines
1325 2438 1393 2493 ad
1424 2439 1688 2494 assertio-

145 2541 242 2582 nem
293 2529 593 2601 dogmatum
643 2542 866 2585 suorum
913 2531 1019 2586 sub
1077 2532 1320 2586 virorum
1374 2542 1689 2587 sanctorum

145 2617 345 2684 nomine,
382 2629 644 2690 tanquam
698 2618 915 2674 facilius
987 2622 1301 2687 credenda,
1358 2621 1691 2678 interserue-

146 2720 247 2763 runt
286 2726 342 2765 ea
383 2727 505 2781 quae
552 2712 630 2767 illi
671 2727 774 2769 nec
817 2714 1058 2771 sensisse
1089 2728 1191 2771 nec
1237 2713 1529 2784 scripsisse
1568 2728 1691 2771 cre-

145 2800 274 2856 dendi
304 2813 422 2857 sunt
441 2803 464 2857 ?

199 2890 422 2950 Clemens
448 2909 672 2965 quoque
712 2897 874 2961 alius,
920 2896 1331 2953 Alexandrinus
1379 2898 1689 2968 presbyter,

143 2992 186 3037 et
215 2987 453 3055 magister
488 2986 638 3043 illius
668 2988 948 3054 Ecclesiae,
990 2988 1046 3044 in
1081 2989 1338 3043 omnibus
1374 3003 1513 3058 pene
1536 2988 1691 3044 libris

146 3078 237 3133 suis
275 3079 557 3137 Trinitatis
601 3082 830 3152 gloriam
886 3093 1051 3153 atque
1098 3082 1461 3138 teternitatem
1527 3096 1691 3137 unam

144 3173 458 3243 eamdemque
482 3176 762 3245 designat,
792 3185 841 3231 et
865 3175 1134 3229 interdum
1174 3175 1481 3231 invenimus
1506 3175 1691 3245 aliqua

144 3261 346 3319 inlibris
372 3240 491 3332 ejus
526 3240 792 3336 capitula,
839 3267 892 3321 in
929 3266 1126 3336 quibus
1175 3264 1373 3320 Filium
1410 3265 1501 3321 Dei
1537 3240 1729 3321 creti:

198 3358 239 3389 '°
266 3358 450 3432 Philip.
474 3361 629 3444 μηδ.

144 3452 274 3525 lines,
290 3454 477 3525 quibus
495 3458 783 3525 proprium
808 3455 939 3511 nihil
977 3454 1272 3525 relinquis?
1302 3455 1368 3509 Et
1385 3456 1683 3525 quomodo,
1718 3465 1761 3523 ο

145 3522 340 3591 inquies,
382 3524 432 3579 in
460 3522 621 3581 libris
650 3542 838 3582 eorum
872 3526 1067 3581 vitiosa
1117 3522 1372 3581 nonnulla
1403 3522 1577 3579 sunt?
1626 3526 1683 3581 Si

142 3607 212 3662 me
235 3606 411 3649 causas
435 3597 703 3651 vitiorum
735 3597 947 3651 nescire
981 3598 1336 3662 respondero,
1368 3610 1472 3650 non
1499 3599 1683 3651 statim

144 3660 243 3735 illos
263 3663 545 3735 haereticos
577 3666 856 3733 iudicabo.
904 3666 1049 3721 Fieri
1072 3660 1226 3721 enim
1266 3674 1469 3735 potest,
1502 3680 1560 3718 ut
1595 3667 1678 3721 vel

143 3732 426 3805 simpliciter
460 3732 797 3799 erraverint,
853 3737 936 3791 vel
987 3736 1102 3790 alio
1126 3732 1291 3791 sensu
1332 3738 1679 3805 scripserint,

144 3801 210 3855 vel
254 3819 279 3855 a
322 3805 567 3862 librariis
607 3807 873 3876 imperitis
921 3822 1110 3862 eorum
1168 3801 1683 3876 paulatim'scripta

144 3885 363 3946 corrupta
392 3876 542 3943 sint;
590 3877 675 3931 vel
709 3888 858 3932 certe
923 3886 1212 3946 antequam
1249 3876 1303 3931 in
1353 3876 1686 3931 Alexandria

143 3944 269 4021 quasi
314 3946 644 4021 daemonium
700 3944 1083 4021 meridianum
1114 3948 1278 4021 Arius
1324 3958 1687 4021 nasceretur,

145 4016 433 4070 innocenter
458 4017 715 4087 quaedam
743 4026 799 4073 et
834 4019 1015 4073 minus
1064 4027 1226 4072 caute
1262 4016 1425 4071 locuti
1470 4019 1600 4081 sint,
1626 4028 1687 4072 et

143 4095 243 4201 ﬂos:
266 4098 363 4138 non
396 4089 619 4155 possint
645 4100 1025 4157 perversorum
1048 4087 1330 4143 hominum
1357 4087 1685 4141 calumniam

173 4152 407 4201 eclinam-
445 4157 801 4201 ﬂliiinitmmr
842 4155 1063 4201 ﬂrianni
1104 4157 1358 4201 crimina-
1402 4167 1457 4201 et
1485 4168 1539 4201 In
1576 4174 1681 4201 tmn

147 4152 411 4231 declinare;
445 4152 801 4231 Objiciuntur
842 4155 1063 4228 Origeni
1104 4157 1360 4222 crimina,
1398 4167 1457 4231 _et
1485 4168 1540 4210 tu
1576 4174 1684 4211 non

147 4219 271 4303 illum
291 4219 577 4303 defendis;
610 4231 705 4281 sed
732 4228 869 4283 alios
900 4219 1124 4303 accusas
1154 4245 1168 4281 :
1201 4241 1299 4303 nec
1331 4219 1564 4303 crimen
1592 4242 1682 4303 re-

145 4296 811 4367 nuis,sedcriminosorum
839 4296 1054 4352 turbam
1088 4296 1345 4367 requiris.
1377 4296 1435 4351 Si
1471 4298 1565 4352 tibi
1597 4297 1684 4350 di-

144 4374 363 4438 ceretur:
390 4366 543 4435 Quos
586 4368 755 4423 habet
809 4368 1073 4438 Origenes
1119 4366 1181 4423 in
1229 4367 1418 4421 hieresi
1470 4366 1686 4421 socios?

147 4443 270 4509 recte
286 4436 389 4509 ista
427 4438 727 4505 proferres.
765 4436 927 4494 Nunc
954 4453 984 4491 a
1018 4449 1068 4493 te
1100 4438 1385 4507 quaeritur,
1419 4438 1533 4491 haec
1565 4453 1686 4509 qua:

146 4501 189 4553 in
214 4501 474 4578 Origenis_
494 4509 655 4562 libris
701 4510 906 4578 scripta
954 4501 1322 4577 reperiuntur,
1379 4509 1519 4562 bona
1576 4501 1687 4564 Sint

146 4583 200 4648 {In
228 4576 399 4648 mala?
433 4576 633 4641 Taces,
663 4588 720 4633 et
749 4576 847 4648 pro
880 4580 966 4633 his
994 4578 1098 4632 alia
1135 4578 1408 4647 loqueris:
1434 4578 1687 4633 Clemens

146 4638 229 4719 ξος
257 4646 358 4713 ait;
387 4638 683 4719 Dionysius
732 4638 786 4703 in
829 4649 934 4704 isto
971 4663 1167 4719 errore
1205 4638 1684 4719 deprehenditur:

142 4710 441 4790 Athanasius
495 4710 791 4789 episcopus
835 4719 917 4776 sic
961 4710 1497 4790 Dionysiirdefendit
1537 4733 1691 4773 erro-

146 4786 267 4849 rem;
296 4786 669 4860 apostolorum
689 4786 902 4860 scripta
928 4786 1182 4860 similiter
1204 4789 1501 4857 depravata
1527 4797 1655 4842 sunt
1680 4806 1694 4842 :

144 4858 387 4928 Quomodo
438 4869 495 4914 et
544 4875 691 4914 nunc
743 4858 828 4914 ab
855 4858 980 4914 aliis
1025 4858 1123 4913 tibi
1173 4860 1443 4914 haereseos
1488 4861 1697 4913 crimen

143 4927 450 4995 impingitur,
469 4939 525 4985 et
552 4938 608 4983 tu
637 4944 737 4999 pro
762 4941 813 4984 te
846 4939 1090 4992 taces,et
1115 4944 1215 4998 pro
1230 4944 1317 4983 me
1338 4930 1637 4999 conﬁteris,
1666 4948 1686 4981 ι

144 4998 546 5070 elc.__C:eterum
586 4998 868 5054 observari
916 5000 1080 5054 velim
1133 5000 1299 5054 libros
1342 4998 1418 5053 De
1467 5001 1699 5068 recogni-

143 5066 341 5120 tionibus
369 5071 472 5123 sub
510 5071 731 5123 nomine
752 5070 1047 5125 Clementis
1090 5072 1388 5125 etiamnum
1418 5066 1637 5123 exstare
1664 5083 1695 5122 a

146 5128 312 5255 mlh?)
333 5138 529 5218 Latine
565 5142 991 5210 interpretatos;
1024 5141 1121 5195 sed
1151 5138 1417 5194 Clementi
1452 5138 1697 5193 Romano

220 5220 265 5255 ΙΙ(
288 5224 433 5255 ΙίῖἣΙΊ-

143 5210 433 5269 abjntlicari.

200 5274 305 5353 ﬁll
338 5278 473 5353 uss.
500 5280 696 5344 nostri,
725 5282 782 5334 in
813 5281 893 5333 his
924 5291 1099 5334 tamen
1120 5279 1269 5332 libris
1297 5278 1459 5353 ipsius
1488 5294 1691 5347 quos...

144 5348 347 5420 SCl‘ipsll.
382 5351 527 5404 Editt
564 5361 622 5405 ut
663 5354 718 5406 in
767 5361 938 5419 testu,
980 5360 1178 5421 praeter
1218 5350 1400 5404 scribit
1429 5364 1527 5419 pro
1560 5354 1696 5402 scri-

140 5425 241 5475 μευ.

202 5486 311 5563 (22)
335 5488 438 5544 Sed
464 5492 608 5563 quod
643 5493 842 5545 inserta
873 5492 985 5546 liazc
1014 5510 1048 5545 a
1089 5489 1359 5545 malevolis
1393 5500 1587 5563 nosset.
1637 5489 1694 5544 Id

145 5549 489 5631 iaISissitiiutii'
509 5574 613 5617 est.
643 5563 906 5631 Superest
936 5563 1233 5617 etiamnum
1287 5561 1518 5629 epistola
1559 5575 1693 5629 apo-

143 5618 342 5706 logeticn
367 5634 660 5706 Athanasii
685 5618 752 5687 de
780 5635 1052 5706 sententia
1090 5618 1359 5706 Dionysii,
1395 5632 1456 5706 in
1480 5618 1693 5699 qua-ne

143 5702 229 5773 jtpii
256 5702 467 5773 quidem
499 5703 570 5757 de
600 5705 863 5773 ejusmodi
895 5703 1295 5758 adulteratione
1316 5716 1411 5773 seu
1446 5702 1692 5768 interpo-

144 5757 321 5844 la'tione
362 5757 645 5844 librorum.
672 5775 913 5844 Dionysii
941 5757 1022 5827 fab
1051 5773 1323 5844 haereticis
1357 5772 1499 5844 facta
1528 5788 1542 5835 ;
1567 5757 1693 5844 imo

143 5830 319 5913 fatetur
345 5843 682 5907 Athanasius
731 5830 1069 5913 quiscunque
1100 5858 1167 5896 ex
1197 5841 1438 5911 Dionysii
1471 5830 1693 5910 scriptis

143 5902 719 5981 obtrudebaitt'Ariani,
748 5902 816 5969 ca
844 5902 997 5969 illuni
1026 5902 1355 5981 scripsisse;
1375 5924 1430 5965 at
1476 5902 1599 5967 μοι(
1627 5926 1693 5966 eo

145 5981 282 6035 sensu
310 5997 469 6053 quem
515 5984 622 6054 ipsi
679 5986 1022 6056 allingebant.
1064 5984 1201 6037 Φασὶ
1247 5984 1422 6037 τοίνυν
1454 5984 1527 6057 ,ὲν
1570 5984 1692 6037 ἐπι·
1725 6043 1771 6057 ρ

1724 4687 1768 4741 D

983 476 1074 532 DE
1113 470 1709 534 ADULTEBATIONE
1744 471 2105 534 LIBRORUM
2144 475 2485 535 ORIGENIS.

3266 473 3371 533 62‘!

1799 606 1974 651 turam
2013 597 2166 653 dicit.
2219 596 2472 668 Nunquid
2509 596 2903 658 credibilelest
2932 596 2999 653 de
3031 604 3181 651 tanto
3230 595 3373 662 viro,

1791 699 1900 744 tam
1930 691 1983 743 in
2014 690 2267 746 omnibus
2299 690 2597 756 catholico,
2629 698 2738 744 tam
2771 689 3010 755 erudito,
3061 700 3121 743 ut
3154 687 3239 743 vel
3268 687 3373 744 sibi

1789 784 2067 838 contraria
2107 783 2365 850 senserit,
2403 781 2485 837 vel
2518 797 2583 837 ea
2612 796 2731 851 quae
2781 780 2849 834 de
2894 781 3028 847 Deo,
3057 796 3162 835 non
3190 780 3371 835 dicam

1790 874 2037 941 credere,
2064 876 2157 929 sed
2196 874 2279 930 vel
2314 875 2509 930 audire
2529 874 2748 945 quidem
2779 873 3005 945 impium
3030 882 3134 940 est,
3170 873 3375 943 scripta

1788 966 2108 1034 reliquerit?

1861 1058 2153 1130 Dionysius
2191 1073 2408 1129 quoque
2444 1056 2851 1113 Alexandrinus
2876 1058 3186 1128 episcopus,
3240 1069 3372 1111 eru-

1790 1150 2098 1207 ditissimus
2146 1162 2395 1206 assertor
2452 1149 2846 1205 ecclesiasticae
2910 1151 3059 1215 ﬁdei,
3129 1165 3251 1205 cum
3320 1150 3375 1204 in

1789 1244 2211 1312 quamplurimis
2242 1244 2294 1298 in
2331 1252 2539 1300 tantum
2590 1244 2855 1299 unitatem
2899 1252 3063 1314 atque
3095 1245 3378 1315 aequalita-

1790 1346 1897 1390 tem
1926 1334 2212 1391 Trinitatis
2256 1336 2535 1403 defendat,
2586 1346 2648 1390 ut
2684 1335 3116 1405 imperitioribus
3152 1336 3378 1406 quibus-

1791 1443 1899 1498 que
1951 1428 2116 1483 etiam
2166 1430 2466 1484 secundum
2535 1428 2836 1484 Sabellium
2902 1429 3143 1484 sensisse
3191 1429 3376 1482 videa-

1790 1532 1883 1575 tur
1927 1538 1942 1574 :
1996 1519 2111 1591 (21)
2155 1521 2208 1574 in
2246 1521 2329 1576 his
2369 1531 2549 1576 tamen
2582 1521 2737 1576 libris
2774 1520 2888 1575 suis
2917 1534 3056 1589 quos
3087 1522 3377 1575 adversum

1791 1614 2016 1671 Sabellii
2045 1614 2293 1669 haeresim
2319 1613 2560 1684 scripsit,
2599 1613 2727 1667 talia
2760 1612 3115 1668 inveniuntur
3144 1613 3373 1677 inserta,

1790 1716 1851 1762 ut
1895 1706 2216 1775 frequenter
2253 1702 2443 1759 Ariani
2483 1706 2815 1760 auctoritate
2858 1704 3027 1775 ipsius
3077 1718 3137 1760 se
3184 1705 3373 1759 defen-

1792 1799 1921 1854 dere
1972 1805 2263 1854 conentur.
2309 1795 2540 1867 Propter
2572 1797 2717 1867 quod
2757 1805 2813 1851 et
2852 1806 3075 1852 sanctus
3093 1796 3379 1866 episcopus

1791 1890 2121 1946 Athanasius
2152 1890 2465 1960 compulsus
2510 1901 2594 1945 est
2623 1890 3022 1961 Apologeticum
3077 1906 3177 1960 pro
3213 1889 3374 1945 libris

1792 1985 1911 2054 ejus
1951 1984 2217 2049 scribere,
2267 1998 2367 2053 pro
2399 1998 2468 2039 eo
2508 1984 2651 2052 quod
2694 1994 2879 2037 certus
2916 1993 3034 2039 erat
3068 2000 3176 2037 non
3226 1983 3378 2036 illum

1790 2077 2005 2132 diverse
2058 2076 2311 2145 potuisse
2383 2077 2614 2139 sentire,
2668 2076 2883 2146 sibique
2940 2075 3043 2146 ipsi
3099 2077 3375 2130 contraria

1791 2169 2053 2234 scribere,
2098 2168 2214 2239 (22}
2260 2174 2354 2224 sed
2409 2168 2553 2238 quod
2592 2169 2798 2228 inserta
2848 2168 2963 2223 haec
3011 2185 3042 2223 a
3097 2166 3379 2222 malevolis

1792 2270 1993 2315 1105801..

1863 2350 1928 2405 Ει
1957 2350 2072 2405 hinc
2104 2350 2319 2420 quidem
2354 2364 2450 2404 nos
2479 2349 2625 2405 ducti
2648 2350 2725 2405 rei
2749 2351 2920 2420 ipsius
2957 2350 3374 2419 consequentia,

1790 2442 1859 2498 de
1910 2441 2271 2498 sanctissimis
2306 2440 2437 2496 viris
2466 2451 2522 2496 et
2567 2441 2824 2497 Ecclesia:
2857 2442 3170 2496 doctoribus
3197 2442 3375 2495 sensi~

1797 2548 1940 2598 mus,
1990 2548 2097 2603 quo
2126 2533 2335 2588 scilicet
2368 2550 2473 2588 non
2515 2541 2767 2603 putemus
2796 2547 2889 2587 eos
2921 2540 3140 2586 sanctos
3172 2532 3263 2602 qui
3292 2547 3381 2587 re-

1793 2632 1938 2678 ctam
1961 2635 2013 2679 et
2044 2624 2465 2680 ecclesiasticam
2497 2623 2658 2678 fidem
2688 2624 2743 2678 in
2767 2624 3182 2694 quamplurimis
3210 2632 3383 2677 astru-

1793 2727 2010 2781 xerunt,
2048 2718 2103 2773 in
2147 2719 2416 2788 aliquibus
2462 2718 2822 2789 sibimetipsis
2862 2720 3090 2775 adversa
3120 2718 3378 2774 sensisse.
3432 2740 3440 2747 -

1794 2808 1872 2864 De
1921 2807 2153 2879 Origene
2199 2824 2350 2873 vero,
2406 2810 2459 2863 in
2487 2823 2594 2876 quo
2621 2806 2893 2875 similiter,
2936 2820 2995 2864 ut
3023 2810 3188 2865 inliis
3242 2824 3384 2880 quos

1795 2916 1957 2970 supra
1978 2902 2234 2965 diximus,
2264 2901 2442 2971 aliqua
2472 2902 2759 2958 diversitas
2790 2903 3086 2967 invenitur,
3105 2903 3244 2957 istud
3275 2918 3385 2957 non

1795 2990 2028 3047 sulliciat
2057 2992 2262 3047 sentire
2295 2991 2438 3061 quod
2471 2991 2537 3045 dc
2570 2985 2938 3061 prmjndicatis
2962 2994 3074 3063 jam
3098 2994 3385 3050 catholicis

1796 3083 2026 3139 sentitur
2074 3083 2156 3136 vel
2216 3083 2537 3153 intelligitur
2592 3084 2760 3147 viris;
2814 3101 2913 3139 nec
2958 3085 3154 3139 similis
3203 3102 3384 3141 causa:

1797 3172 1991 3229 similis
2038 3174 2269 3228 sufﬁciat
2314 3175 2622 3239 excusatio,
2676 3175 2791 3246 (‘23)
2833 3176 2936 3231 nisi
2982 3186 3038 3230 et
3076 3176 3245 3245 ipsius
3281 3176 3385 3233 hoc

1752 3324 1757 3329 ε
1798 3265 2181 3333 conquerentis
2228 3274 2276 3318 el
2346 3264 2677 3333 deplorantis
2724 3265 2943 3336 scriptis
3001 3275 3162 3335 atque
3232 3268 3385 3323 voci-

1798 3455 1957 3538 στρλῇ
2001 3455 2098 3538 sou
2139 3456 2450 3538 μαξαρίτην
2502 3456 2777 3538 diendam!
2819 3456 3120 3538 εἰρηκένςξι,
3174 3456 3386 3538 nomen.

1798 3474 1957 3526 στοΑῃ
2001 3474 2093 3508 τον
2139 3474 2450 3580 μακαριτγὲν
2502 3474 2772 3510 αιονυσιον
2819 3474 3120 3538 ειρτλκεναι,
3174 3474 3385 3529 ποιημα.

1794 3528 1889 3579 καὶ
1914 3526 2141 3599 γενητὸν
2184 3522 2343 3599 sinat
2373 3545 2403 3599 τ
2438 3547 2465 3577 ν
2513 3528 2643 3579 Υἱὸν
2685 3526 2781 3599 τοῦ
2814 3527 2973 3590 Θεου,
3013 3530 3168 3599 μήτεΔ
3183 3527 3241 3581 δὲ
3277 3529 3385 3597 φύ-

1795 3613 1878 3649 σει
1942 3596 2093 3659 ἴδιον,
2144 3596 2281 3651 ἀλλὰ
2329 3596 2478 3663 ξένον
2523 3599 2639 3652 κατ’
2666 3598 2851 3651 οὐσίαν
2910 3594 3086 3651 αὐτόιῐ
3117 3594 3255 3651 εἶναι
3289 3594 3385 3652 ire?)

1784 3667 2016 3741 Πᾳτρὸς,
2053 3667 2243 3741 ὦσπξρ
2272 3668 2420 3741 ἐστιν
2447 3670 2475 3720 ὁ
2502 3669 2748 3741 γεωργὸς
2784 3668 2922 3741 πρὸς
2966 3668 3091 3741 τὴν*
3116 3668 3383 3741 ἄμπελον.

1785 3739 1884 3811 θεαὶ
1908 3738 2244 3811 ὀᾲναιζπηγὸίς
2288 3739 2427 3811 πρὸς
2458 3741 2520 3792 τὸ
2548 3738 2773 3808 σκάφος·
2802 3738 2895 3792 irai.
2926 3738 3035 3811 γὰρ
3064 3738 3139 3803 ὡς
3160 3738 3386 3811 ίποίημα.

1788 3808 1885 3872 ὢν,
1913 3808 2013 3861 οὐκ
2042 3804 2111 3879 ἦν
2132 3804 2265 3880 atin
2300 3804 2548 3880 γένηται.
2577 3804 2736 3863 Aiunt
2767 3804 3222 3864 beatis-memoria:
3254 3804 3386 3863 Dio-

1791 3880 2004 3948 nysium
2053 3882 2109 3932 in
2148 3882 2377 3948 epistola
2416 3897 2515 3933 sua
2555 3880 2750 3933 dixisse
2791 3896 2920 3947 opus
2953 3889 3003 3932 et
3047 3895 3154 3931 rem
3183 3880 3385 3946 factam

1791 3946 1903 4003 esse
1958 3946 2328 4011 Filium‘Dei,
2380 3950 2471 4003 sed
2523 3950 2758 4002 alienum
2809 3966 2843 4003 a
2888 3949 3054 4002 Patre
3095 3949 3384 4002 secundum

1791 4019 2168 4088 substantiam,
2207 4019 2382 4088 qualis
2421 4030 2496 4073 est
2543 4018 2783 4087 agricola
2830 4036 2863 4073 a
2906 4021 3027 4082 vite,
3080 4028 3132 4072 et
3173 4018 3384 4085 [ubera

1790 4091 2023 4157 scaplia.;
2062 4086 2269 4141 Etenim
2320 4105 2439 4142 cum
2474 4090 2543 4142 sit
2582 4086 2671 4141 res
2707 4088 2873 4155 facta,
2919 4104 3025 4142 non
3068 4099 3181 4142 erat
3236 4100 3384 4142 ante-

1828 4175 1948 4211 uam
1979 4158 2150 4230 ﬁeret.
2183 4159 2321 4230 Quid
2355 4158 2651 4230 respondet
2680 4158 3058 4230 Athanasius?
3089 4158 3197 4211 Nai.
3224 4157 3385 4230 ἔγρα-

1828 4175 1948 4211 uam
1979 4175 2150 4225 peret.
2183 4175 2321 4223 uuln
2355 4175 2651 4224 respondet
2680 4175 3013 4213 Atnanasms
3036 4175 3058 4211 ῖ
3089 4175 3197 4211 nat
3224 4175 3385 4230 εγρα-

1788 4175 1889 4317 ξεν
1912 4244 1926 4257 °
1962 4227 2348 4317 ’ὁμρλοῖρςομεγ
2394 4229 2491 4281 καὶ
2530 4229 2692 4312 ἡμεῖς
2727 4225 3141 4317 εἶξαιτφαύτηγ
3165 4231 3387 4317 limoso:

1788 4298 1885 4371 λὴν
1915 4298 2102 4371 αὐτοῦς
2146 4298 2261 4371 dir
2307 4299 2497 4369 ὥσπερ
2538 4298 2743 4371 ταύτην
2775 4299 3036 4371 ἔγραψεν,
3062 4298 3246 4371 οὕτως
3286 4299 3383 4371 καὶ

1787 4368 1985 4441 ἑτέ-ρας
2044 4368 2305 4433 πλείστας
2370 4368 2673 4441 ἐπιστολὰς
2706 4368 2939 4441 ἐγραψεέ
2987 4370 3083 4441 ita).
3132 4369 3239 4422 ἔδει
3284 4370 3382 4423 καὶ

1786 4439 2027 4511 ταύταις
2077 4441 2321 4509 ἐντυχεῖν
2372 4440 2592 4503 αὐτοὺς.
2655 4440 2740 4493 ἵνα
2776 4439 3104 4511 ήὲκίπασῶν,
3159 4442 3254 4511 καὶ
3305 4441 3381 4511 μὴ

1790 4510 1961 4582 μόνης
2016 4510 2083 4562 ὲκ
2146 4513 2245 4581 τῆς
2291 4512 2421 4580 μιᾶς
2478 4511 2752 4582 nuqu
2792 4510 2976 4582 δειχθῇ
3025 4510 3120 4563 τοῦ
3152 4510 3379 4582 νᾴνδρόςξ

1787 4578 1965 4632 Etiam
1995 4578 2211 4647 scripsit
2244 4578 2508 4649 ejusmodi
2538 4580 2686 4634 illius
2713 4578 2991 4649 epistol—ain
3021 4598 3153 4643 esse,
3172 4578 3244 4633 “et
3266 4578 3383 4634 'nos

1798 4652 1939 4703 ultro
1969 4650 2221 4719 fatentur.
2268 4649 2372 4705 Sed
2400 4662 2453 4702 ut
2480 4652 2617 4704 hanc
2642 4654 2875 4719 scripsit,
2908 4655 2983 4705 ita
3011 4666 3059 4705 et
3095 4653 3234 4703 alius
3264 4652 3384 4717 plu-

1801 4722 1965 4772 rimas
2002 4722 2311 4788 conscripsit
2336 4719 2609 4788 epistolas,
2638 4738 2770 4790 quas
2798 4723 2955 4775 etiam
2981 4721 3045 4773 ab
3074 4722 3182 4774 illis
3223 4721 3384 4774 lectas

1800 4792 2052 4858 oportuit,
2079 4802 2133 4843 ut
2163 4806 2228 4845 ea:
2250 4792 2513 4855 omnibus,
2545 4808 2648 4845 non
2681 4809 2744 4845 ea:
2789 4808 2947 4845 unica
2986 4793 3245 4845 duntaxat
3287 4806 3384 4843 ea;-

1797 4863 2007 4928 plorata
2034 4861 2131 4914 uiri
2166 4861 2297 4929 ﬁdes
2326 4871 2480 4915 esset.
2514 4859 2634 4914 Mox
2675 4863 2725 4914 in
2760 4862 3217 4928 consequentibus
3255 4876 3383 4927 pro-

1798 4929 1892 4984 bat
1936 4941 2050 5002 tum
2078 4947 2145 4984 ex
2179 4940 2503 5002 argumento
2544 4932 2792 5000 epistolae
2832 4931 3097 5002 Dionysii,
3140 4940 3256 5002 tum
3314 4945 3378 4983 ex

1797 5001 2085 5055 occasione
2128 4999 2351 5069 qua‘ad
2391 5001 2538 5054 illam
2583 4999 2949 5056 scribendam
2974 4999 3248 5068 impulsus
3276 5010 3382 5066 cst,

1802 5077 1912 5122 tum
1958 5086 2025 5124 ex
2070 5070 2300 5123 aliarum
2351 5069 2703 5139 epistularum
2743 5071 3054 5132 collatione,
3113 5071 3384 5136 catholica

1797 5154 1921 5193 esse
1952 5143 2113 5192 verba
2173 5156 2295 5207 quae
2344 5142 2519 5209 prima
2572 5142 2753 5195 fronte
2786 5142 2993 5195 Ariano
3030 5141 3269 5208 dogmati
3302 5141 3384 5192 la-

1798 5222 1925 5263 vere
1954 5211 2295 5266 videbantur.

1869 5280 1986 5349 (2'5)
2030 5279 2151 5333 Nisi
2181 5289 2231 5333 et
2271 5280 2435 5347 ipsius
2465 5280 2575 5350 hinc
2630 5281 3013 5350 conquerentis,
3048 5287 3155 5335 etc.
3191 5278 3387 5333 Hiero-

1796 5364 1993 5419 nymus
2015 5350 2153 5403 libro
2184 5366 2219 5403 ιι
2246 5352 2496 5403 adversus
2530 5349 2821 5417 Ruﬁnum:
2856 5369 2874 5401 ι
2898 5350 3189 5405 ‘Praemissa
3217 5351 3385 5402 illisa.

1799 5420 1952 5475 tione
1984 5421 2050 5473 ab
2081 5420 2351 5474 luereticis
2402 5420 2795 5488 apostolorum,
2844 5432 2898 5474 et
2943 5421 3230 5488 utriusque
3263 5420 3388 5474 Cle—

1798 5492 1995 5545 mentis
2043 5499 2207 5560 atque
2251 5490 2518 5561 Dionysii,
2559 5492 2705 5561 venit
2732 5493 2799 5544 ad
2832 5489 3144 5561 Origenem,
3198 5500 3253 5543 et
3301 5490 3387 5545 his

1797 5561 1981 5615 verbis
2026 5559 2310 5628 loquitur:
2353 5559 2527 5625 Ipsius
2574 5559 2672 5612 hoc
2706 5559 3068 5630 conquerentis
3112 5570 3161 5613 et
3203 5562 3385 5628 deplo-

1797 5632 1964 5684 rantis
2001 5631 2207 5699 scriptis
2229 5646 2290 5683 ac
2315 5632 2519 5683 vocibus
2540 5632 2892 5697 probavimus.
2927 5630 3068 5695 Quid
3106 5646 3243 5683 enim
3278 5646 3386 5697 ipse

1796 5718 1914 5754 cum
1943 5702 2114 5753 adhuc
2144 5702 2196 5755 in
2228 5716 2383 5753 carne
2426 5701 2613 5764 vivens,
2646 5704 2894 5765 sentiens,
2948 5703 3225 5769 vidensque
3262 5717 3386 5764 per-

1795 5787 1973 5839 pessus
1996 5777 2062 5823 sit
2092 5774 2155 5823 de
2186 5773 2438 5823 librorum
2471 5786 2687 5822 suorum
2740 5774 2818 5823 vel
2856 5788 3158 5825 sermonum
3196 5786 3386 5823 corru-

1795 5842 2076 5906 ptionibus,
2095 5842 2172 5895 vel
2196 5841 2507 5893 adulterinis
2527 5842 2864 5904 editionibus,
2883 5858 2947 5895 ea:
2967 5843 3130 5910 ipsius
3142 5842 3387 5906 epistola,

1795 5927 1951 5978 quam
1987 5913 2166 5963 scribit
2204 5914 2271 5963 ad
2304 5912 2561 5979 quosdam
2595 5911 2781 5965 charos
2820 5930 2945 5965 suos
2982 5912 3386 5971 Alexandriam,

1797 5982 2061 6038 evidenter
2090 5983 2313 6057 docetur
2358 5983 2700 6052 :statimque
2755 5982 3063 6054 exemplum
3109 5981 3390 6050 subjungtt
