3878 6576
472 446 578 502 ϋῖἳ)

1857 436 2094 494 ιὶυιτιδι
2134 437 2338 492 LIBER

3648 437 3745 492 σει

473 567 574 620 bus
598 560 710 632 (94)
737 559 1046 630 probemus.
1079 558 1215 624 Quid
1245 557 1388 614 enim
1417 559 1531 626 ipse
1558 559 1686 615 dum
1714 558 1891 613 adhuc
1920 567 2060 612 esset
2092 563 2138 618 Α
2169 556 2450 627 (Epistula:
2491 559 2698 626 scripta:
2723 562 2790 611 ad
2819 556 3290 632 qttosdatn_charos
3321 572 3444 611 suos
3481 554 3600 627 (.95)
3632 556 3750 610 Ale-

472 655 527 709 in
550 668 714 712 carne
745 653 954 710 vivens.
985 652 1224 705 sentiens
1250 651 1547 720 vidensque
1580 665 1866 721 perpessus
1899 652 1969 705 sit
1995 653 2059 704 de

471 747 736 805 librorum
760 757 1007 806 suorum,
1039 743 1121 796 vel
1145 759 1455 798 sermonum
1489 744 1953 813 corruptionibns,
1975 742 2057 795 ναι

471 837 791 892 adulterinis
835 834 1187 899 editionibus,
1248 851 1313 890 et
1366 835 1536 906 ipsius
1591 835 1844 906 epistola,
1897 851 2056 905 quam

471 929 663 984 scribit
701 928 767 982 ad
797 928 1059 997 quosdam
1099 929 1297 983 cbaros
1335 945 1464 983 suos
1496 928 1901 990 Alexandriam,
1943 927 2057 980 evi-

473 1021 666 1082 denter
722 1023 950 1075 docetur
993 1040 1005 1075 ε
1061 1030 1112 1074 ct
1137 1035 1232 1089 per
1257 1023 1356 1076 hoc
1391 1037 1510 1090 qua:
1541 1021 1611 1074 sit
1641 1035 1801 1073 causa
1831 1019 1972 1087 quod
2007 1019 2057 1072 in

473 1113 646 1181 ipsius
674 1113 892 1182 scriptis
945 1114 1191 1182 qumdam
1237 1113 1336 1167 sibi
1382 1112 1660 1168 contraria
1692 1111 2058 1176 inveniantur,

463 1218 761 1273 agnosces.

475 1355 556 1412 De
601 1357 995 1411 adulteratione
1052 1357 1136 1409 vel
1186 1359 1520 1424 corruptione
1553 1358 1805 1411 librorum
1844 1375 2057 1413 suorum

715 1444 780 1481 ea:
803 1429 936 1481 libro
961 1427 1304 1495 epistolarum
1343 1426 1591 1498 Origenis
1615 1439 1828 1500 quarto.

554 1631 600 1662 ²⁰
638 1627 654 1661 ⁸
681 1627 811 1685 Cor.
839 1645 913 1693 vi,
945 1629 1030 1683 10.

471 1835 740 1906 epistolae.
790 1834 859 1906 Et
907 1833 996 1902 qui
1076 1832 1365 1906 (alsitatem
1393 1901 1404 1906 _
1436 1825 1761 1906 scriptol‘um
1807 1829 2058 1906 Origenis

2778 627 3114 694 xandriam.)

2211 783 2522 840 Omni-mss.
2560 803 2578 833 ι
2617 784 2845 850 Quidam
2880 798 3070 838 eorum
3124 783 3215 852 qui
3268 782 3510 838 libenter
3553 781 3757 838 habent

2161 877 2439 930 criminari
2461 876 2735 944 proximos
2758 891 2905 938 suos,
2926 875 3212 932 ascribunt
3237 875 3394 930 nobis
3411 885 3468 929 et
3490 875 3758 930 doctrina:

2161 979 2361 1022 nostra
2389 967 2594 1023 crimen
2628 968 2997 1036 blasphemia),
3031 967 3175 1034 quod
3211 981 3238 1019 a
3273 967 3432 1022 nobis
3470 981 3756 1035 nunquam

2162 1060 2454 1114 audierunt.
2484 1077 2496 1112 :
2531 1059 2596 1114 de
2624 1073 2736 1129 quo.
2759 1060 2859 1128 ipsi
2895 1058 3153 1120 viderint,
3181 1057 3426 1114 nolentes
3454 1059 3758 1115 observare

2161 1152 2470 1205 mandatum
2529 1150 2657 1206 illud
2692 1152 2837 1217 quod
2870 1151 3026 1216 dicit,
3066 1150 3190 1217 quia
3243 1149 3490 1204 maledici
3537 1164 3758 1216 regnum

2163 1242 2260 1298 Dei
2289 1260 2392 1296 non
2430 1243 2855 1309 possidebunt”,
2883 1244 3130 1298 dicentes
3152 1256 3260 1304 me,
3286 1249 3496 1311 patrem
3538 1239 3760 1294 ntalitiie

2160 1349 2226 1386 ac
2256 1333 2598 1402 perditionis,
2615 1342 2668 1388 et
2691 1348 2878 1388 eorum
2899 1333 2992 1401 qui
3020 1333 3088 1388 de
3111 1345 3280 1400 regno.
3307 1331 3416 1390 Dei,
3433 1330 3758 1400 ejicimitur,

2161 1425 2216 1480 id
2239 1434 2326 1481 est
2385 1425 2676 1487 diabolum.
2729 1425 2909 1480 dicere
2951 1437 3074 1487 esse
3105 1422 3468 1482 salvamlum:
3503 1421 3651 1490 quod
3693 1436 3762 1476 ne

2161 1850 2322 1886 ausus
2361 1831 2624 1901 judicium
2665 1827 2868 1901 inferre
2903 1827 3259 1901 blasphemia,
3289 1825 3508 1901 [quod
3554 1823 3765 1901 dicitur

461 1894 748 1962 'bicreticis
787 1894 1035 1972 imputat,
1086 1903 1204 1971 ipse
1244 1901 1433 1972 incipit
1468 1915 1496 1953 a
1541 1894 1808 1954 falsitate:
1841 1894 1946 1972 ι]οῆ
1985 1903 2062 1956 ita
2091 1915 2133 1970 Β
2161 1905 2226 1956 de
2267 1894 2520 1957 Michaele
2547 1894 2734 1972 contra
2758 1897 3064 1972 diabolum;
3097 1907 3144 1972 et
3178 1899 3234 1972 in
3273 1895 3382 1952 alio
3417 1895 3581 1972 loco;
3612 1913 3632 1945 ι
3665 1894 3766 1972 I_)o.

469 1971 941 2043 'interpretans’ut
987 1973 1218 2026 habetur
1263 1973 1314 2026 in
1339 1971 1578 2043 Graeco;
1617 1986 1713 2043 nec
1747 1972 1797 2024 id
1844 1971 2056 2043 Latinis

473 2041 780 2107 insinuans,
803 2045 943 2112 quod
971 2045 1082 2111 ipse
1119 2044 1168 2096 in
1201 2043 1312 2096 suis
1338 2041 1868 2112 litterisprolitetur.
1895 2041 2056 2097 Cum-

474 2134 581 2188 que
612 2115 697 2188 i|_la
725 2110 948 2188 epistola
989 2110 1096 2169 tota
1133 2111 1462 2188 Demetrium
1498 2110 1879 2188 Alexandrina:
1907 2113 2055 2167 urbis

473 2181 784 2256 pontiﬁcem
835 2184 1055 2248 laceret,
1091 2193 1147 2236 et
1186 2183 1238 2256 in
1275 2181 1438 2236 totius
1477 2181 1631 2256 orbis
1660 2182 1953 2256 episcopos
2000 2193 2056 2237 et

471 2249 702 2311 clericos
748 2256 1074 2317 invehatur;
1108 2262 1163 2306 et
1200 2252 1402 2306 frustra
1441 2249 1510 2304 ab
1549 2251 1807 2306 Ecclesiis
1829 2249 2053 2307 escom-

471 2327 806 2381 "tunicatum
831 2338 952 2379 esse
985 2339 1042 2377 se
1071 2324 1234 2388 dicat,
1271 2337 1369 2376 nec
1395 2322 1531 2376 velle
1552 2323 1603 2374 in
1633 2322 1937 2378 maledictis
1969 2341 2055 2379 re-

458 2398 618 2452 ‘ferre
636 2395 828 2457 vicem,
849 2410 916 2448 ne
938 2395 1146 2448 scilicet
1162 2392 1456 2447 maledicus
1471 2391 1718 2446 videatur
1735 2408 1855 2447 esse
1870 2393 2052 2456 homo,

467 2469 564 2536 qui
596 2467 647 2536 in
681 2473 888 2536 tantum
927 2474 1121 2518 cautus
1164 2464 1235 2517 sit
1286 2462 1945 2536 ad__malediccnduni,ut
1989 2479 2054 2518 ne

465 2532 690 2590 diabolo
717 2535 937 2601 quidem
967 2535 1172 2587 audeat
1202 2532 1524 2587 maledicere
1564 2549 1578 2586 :
1611 2535 1753 2586 unde
1781 2545 1836 2586 et
1864 2534 2057 2587 Catuli-

475 2609 547 2658 do
580 2604 942 2660 Valentiniani
977 2603 1244 2673 dogmatis
1275 2602 1566 2673 sectatori,
1599 2602 1965 2657 calumniandi
1997 2620 2054 2660 se

473 2676 818 2730 occasionem
843 2672 1070 2737 dederit,
1113 2674 1254 2743 quod
1282 2672 1560 2727 diabolum
1600 2673 1870 2727 salvanda:
1903 2675 2056 2728 dixe-

475 2747 545 2799 rit
576 2760 695 2800 esse
714 2754 941 2805 naturte,
961 2744 1048 2798 hic
1072 2743 1415 2797 dissimulato
1443 2753 1766 2812 argumento
1791 2745 2050 2812 epistola‘,

477 2817 632 2886 lingit
663 2831 760 2884 pro
783 2814 1016 2880 Origene
1041 2813 1310 2886 quodille
1339 2830 1443 2868 non
1477 2813 1919 2886 loquituraUnde
1938 2817 2056 2881 epi-

473 2883 627 2941 stolae
661 2883 831 2954 ipsius
853 2894 1060 2952 partem
1084 2883 1356 2952 paululum
1382 2898 1447 2938 ex
1476 2884 1847 2954 superioribus
1879 2893 2058 2940 trans-

473 2958 602 3021 tuli;
651 2953 705 3011 et
741 2957 824 3010 bis
854 2954 1028 3024 junxi,
1053 2969 1182 3024 qua:
1218 2955 1284 3006 ab
1319 2956 1436 3021 ipso
1484 2953 1812 3009 commatice
1844 2956 2057 3008 dolose-

474 3042 582 3098 que
633 3026 892 3098 translata
943 3034 1095 3088 sunt;
1149 3032 1208 3077 ut
1239 3037 1346 3092 quo
1366 3024 1619 3098 Acousilio
1654 3027 1931 3098 superiora
1971 3036 2052 3079 ta-

473 3094 674 3161 cuerit,
708 3099 823 3164 ipse
847 3095 1318 3166 lectorfagnoscat.
1356 3094 1555 3149 Contra
1583 3097 1894 3149 sacerdotes
1926 3111 2056 3166 ergo

475 3167 735 3222 Ecclesiae
788 3165 1113 3236 generaliter
1159 3165 1466 3236 disputans,
1507 3180 1541 3236 ar
1575 3165 1775 3233 quibus
1802 3165 2058 3232 indignus

473 3234 853 3294 communione
875 3236 991 3303 ejus
1021 3234 1505 3302 l‘ueratjudicatus,
1535 3235 1651 3290 haec
1679 3236 1856 3290 intulit
1880 3254 1892 3290 :
1913 3236 2053 3302 Quid

475 3324 677 3362 necesse
699 3318 770 3360 est
805 3308 867 3358 de
893 3283 1265 3374 proiilietaruiu
1292 3283 1620 3376 seruioriibus
1650 3307 1840 3370 dicere,
1867 3283 2054 3376 qtiibus
2081 3283 2125 3340 θ

470 3380 756 3445 turpissime
779 3377 1079 3442 pastoribus
1108 3387 1153 3428 et
1191 3374 1484 3444 majoribus
1517 3385 1669 3438 natu,
1699 3387 1746 3428 et
1775 3374 2058 3431 sacerdoti-

473 3451 591 3510 bus,
636 3463 697 3500 ac
732 3447 1053 3515 principibus
1102 3447 1277 3512 populi
1315 3447 1724 3515 comminantur,
1751 3459 1798 3500 et
1824 3457 2057 3515 arguunt

471 3519 600 3572 eos?
627 3514 759 3581 Quae
788 3520 978 3584 absque
1007 3516 1154 3566 nobis
1199 3521 1263 3568 de
1301 3514 1500 3568 sanctis
1552 3514 1842 3585 Scripturis
1872 3514 2058 3572 elicere

471 3589 709 3655 potestis,
731 3596 776 3638 et
792 3586 988 3653 liquido
1015 3585 1282 3656 pert'idere
1301 3585 1438 3653 quod
1470 3585 1692 3652 forsitan
1724 3588 1821 3640 hoc
1859 3601 2058 3656 tempus

473 3652 563 3720 sit,
593 3659 658 3710 de
683 3672 785 3724 quo
815 3652 1011 3708 dicitur
1037 3672 1055 3706 .·
1090 3671 1108 3702 ι
1137 3652 1320 3724 Nolite
1345 3657 1552 3707 credere
1583 3656 1790 3723 amicis,
1822 3675 1914 3710 nec
1941 3652 2052 3720 spe-

473 3730 600 3782 retis
644 3723 703 3778 in
731 3727 1051 3795 principibus
1097 3723 1288 3795 (tilica.
1332 3738 1436 3788 vn,
1469 3725 1575 3795 5),:
1625 3744 1644 3778 ο
1674 3737 1721 3779 et
1779 3743 1919 3780 nunc
1959 3730 2059 3782 im-

471 3798 684 3868 pleatur
716 3793 1062 3868 uaticiuium:
1107 3812 1126 3845 ‹
1159 3793 1334 3848 Duces
1375 3793 1554 3864 populi
1593 3797 1694 3848 mei
1726 3814 1806 3850 me
1857 3801 2055 3852 nescie-

473 3866 628 3930 runt,
672 3867 774 3935 ﬁlii
819 3866 971 3919 stulti
1010 3874 1164 3931 sunt,
1210 3873 1259 3917 et
1308 3881 1411 3935 non
1457 3877 1577 3919 sunt
1630 3870 1906 3934 sapientes.
1957 3868 2058 3922 Sa-

470 3934 679 4008 pientes,
716 3945 842 4008 sunt
887 3947 942 3988 ut
989 3935 1194 4008 faciant
1245 3934 1424 4000 mala,
1483 3935 1610 3990 bene
1655 3947 1829 3990 autem
1885 3939 2058 4005 facere

472 4003 712 4064 nesciunt
760 4007 905 4076 (Jer.
939 4003 1020 4072 tv,
1056 4003 1200 4072 22);
1236 4023 1254 4055 ι
1303 4021 1527 4074 quorum
1573 4007 1740 4076 magis
1787 4003 2054 4072 misereri,

470 4096 626 4148 quant
667 4095 753 4132 eos
792 4079 962 4131 odisse
993 4077 1276 4139 debemus;
1300 4085 1348 4129 et
1390 4091 1544 4128 orare
1595 4093 1694 4148 pro
1727 4076 1854 4141 illis,
1896 4096 2058 4148 quant

468 4153 547 4203 eis
598 4150 934 4202 maledicere.
960 4148 1042 4198 Ad
1097 4147 1502 4199 benedicendum
1547 4147 1685 4200 enim
1730 4155 1781 4199 et
1837 4147 1939 4202 non
1983 4152 2052 4201 ad

469 4220 887 4272 maledicendum
929 4218 1089 4270 creati
1122 4232 1323 4270 sumus.
1365 4214 1514 4269 Unde
1542 4226 1590 4270 et
1625 4235 1645 4266 ‹
1673 4215 1902 4271 Michael
1938 4235 2056 4273 cum

469 4291 740 4342 diabolum
770 4290 1058 4354 disputaret
1090 4289 1163 4358 de
1191 4285 1362 4358 bloysi
1403 4302 1642 4358 corpore,
1670 4303 1739 4358 ne
1760 4298 1907 4341 tanto
1939 4291 2055 4358 qui-

469 4364 587 4412 dem
628 4360 769 4410 malo
816 4353 978 4414 ausus
1019 4366 1094 4410 est
1135 4353 1399 4422 judicium
1452 4353 1649 4423 inferre
1690 4353 2052 4425 blasphemiar,

448 4431 560 4482 sed
603 4430 738 4481 dixit
778 4443 793 4479 .'
831 4427 1072 4493 lncrepet
1123 4427 1214 4497 tibi
1256 4426 1532 4489 ,Domintts
1574 4425 1739 4494 (Iud.
1781 4428 1858 4497 9).
1887 4446 1906 4478 ι
1956 4429 2056 4482 Cui

470 4501 596 4567 quid
637 4499 808 4558 simile
841 4499 1002 4549 ctiant
1041 4500 1094 4549 in
1135 4494 1398 4549 Zacltaria
1448 4498 1672 4564 legimus
1704 4512 1723 4549 :
1762 4515 1779 4547 ι
1817 4494 2055 4567 Increpet

472 4571 565 4622 tibi
606 4568 860 4620 Dominus
887 4610 901 4634 ,
929 4567 1135 4618 diabole
1169 4579 1188 4616 ε
1217 4578 1264 4618 et
1306 4569 1533 4634 increpet
1577 4567 1838 4621 Dominus
1889 4568 1944 4621 in
1983 4579 2051 4632 te,

449 4641 557 4707 equi
587 4640 735 4707 elegit
771 4639 1068 4690 Jerusalem
1097 4635 1347 4707 (Zacltar.
1375 4652 1454 4702 Ill,
1485 4637 1560 4706 2).
1589 4657 1607 4688 ι
1647 4637 1834 4705 Itaque
1875 4650 1920 4690 et
1960 4655 2053 4692 nos

449 4706 708 4778 cupimus
758 4708 1019 4775 increpari
1063 4725 1096 4758 a
1141 4706 1367 4778 Domino
1415 4725 1534 4778 eos,
1579 4707 1669 4775 qui
1710 4713 1894 4761 nolunt
1939 4725 2058 4778 cum

446 4779 767 4832 humilitate
793 4796 825 4830 ιι
855 4777 1108 4845 proximis
1155 4777 1440 4845 increpari.
1470 4777 1682 4832 Dicente
1725 4788 1902 4833 autem
1947 4777 2001 4831 Μ
2013 4782 2058 4831 i-

468 4849 647 4902 cliaele
678 4865 696 4902 :
729 4866 750 4900 ι
785 4847 1022 4916 lncrepet
1073 4847 1166 4900 tibi
1215 4847 1491 4912 Dominus,
1533 4848 1772 4912 diabole;
1801 4868 1822 4902 ι
1856 4859 1907 4904 et
1941 4847 2057 4901 Za-

465 4923 652 4973 cliaria
689 4921 936 4972 similiter
983 4934 1001 4970 :
1046 4928 1222 4970 utrum
1269 4920 1527 4988 increpet,
1571 4936 1641 4970 an
1673 4936 1778 4971 non
1828 4922 2058 4988 increpet

463 4991 608 5044 Deus
629 4990 920 5051 diabolum,
949 4991 1058 5057 ipse
1087 4990 1292 5041 viderit.
1326 4986 1394 5040 Et
1433 4989 1477 5040 si
1502 4992 1755 5055 increpat,
1792 4986 2052 5056 quomodo

467 5064 714 5130 increpet,
748 5062 856 5127 ipse
882 5059 1245 5130 agnoscatJﬂt
1272 5070 1394 5128 post
1417 5064 1604 5120 multa,
1635 5075 1754 5125 qua:
1786 5063 2056 5130 prolixum

465 5142 552 5186 est
589 5133 848 5195 scribere,
893 5131 1044 5182 addit
1082 5129 1252 5199 {Nos
1299 5130 1396 5181 ltoc
1443 5131 1722 5191 sentimus,
1766 5129 1905 5199 quod
1953 5131 2052 5199 eji-

452 5203 676 5255 cientur
716 5203 780 5254 de
827 5216 986 5269 regno
1039 5198 1305 5259 caelorum,
1359 5215 1460 5250 non
1501 5200 1668 5251 solum
1702 5205 1789 5268 qui
1829 5198 2056 5266 grauata

463 5282 826 5338 peccaverunt,
855 5271 994 5324 verbi
1032 5270 1205 5338 gratia
1237 5269 1609 5338 fornicatores,
1637 5280 1687 5322 et
1719 5271 1972 5334 adulteri,
2003 5281 2052 5323 et

465 5345 818 5395 musculorum
877 5341 1267 5400 concubitores,
1313 5349 1361 5392 et
1401 5339 1564 5407 fures,
1599 5343 1687 5392 sed
1729 5351 1777 5392 et
1815 5345 1904 5409 qui
1947 5344 2059 5394 mi-.

466 5429 598 5464 uorti
636 5412 989 5478 deliquerunt,
1021 5426 1085 5464 ea:
1112 5426 1172 5463 eo
1210 5411 1349 5478 quod
1379 5411 1631 5482 scriptum
1665 5423 1740 5462 est
1769 5426 1786 5464 :
1821 5430 1840 5462 ι
1870 5409 2058 5482 Neque

463 5482 677 5544 ebriosi,
717 5496 881 5551 neque
932 5482 1181 5534 maledici
1228 5496 1442 5549 regnum
1488 5480 1582 5532 Dei
1622 5480 2052 5550 possidebun'll

463 5551 589 5622 (lor.
616 5567 691 5616 γι,
728 5555 817 5622 10)
844 5569 858 5604 :
902 5569 922 5602 ι
957 5564 1004 5604 et
1039 5563 1149 5622 tam
1186 5551 1241 5604 in
1271 5552 1502 5603 bonitate
1521 5567 1678 5619 quant
1711 5552 1763 5605 in
1785 5555 2056 5606 severitate

463 5621 562 5692 Dei
601 5638 712 5675 esse
747 5619 1071 5678 mensuram.
1107 5619 1257 5674 Unde
1283 5630 1474 5673 cuncta
1499 5624 1718 5674 nitimur
1743 5638 1898 5692 agere
1927 5638 2055 5674 con-

463 5691 608 5756 silto,
652 5696 709 5746 in
751 5695 858 5744 vini
892 5707 1097 5761 quoque
1137 5701 1302 5758 potu,
1340 5699 1391 5744 et
1439 5693 1495 5744 in
1536 5691 1896 5745 moderatione
1941 5709 2054 5744 ser-

449 5763 664 5823 monis,
717 5771 777 5814 ut
825 5764 958 5814 nulli
1009 5764 1299 5813 audeamus
1353 5763 1686 5814 maledicere.
1743 5761 1882 5830 Ergo
1933 5777 2052 5816 cunt

456 5843 672 5898 propter
709 5832 804 5885 Dei
848 5835 1087 5884 timorem
1123 5846 1396 5884 caueamus
1436 5833 1490 5885 in
1534 5833 1834 5900 quempiam
1885 5834 2051 5885 male-

453 5901 608 5955 dicta
641 5904 900 5971 conferre,
946 5901 1279 5956 recordantes
1321 5902 1471 5971 illius
1507 5902 1684 5957 dicti:
1725 5921 1744 5955 ι
1781 5902 1902 5958 Non
1946 5901 2052 5972 [uit

2160 1975 2476 2028 minationes
2503 1970 2722 2037 quidem.
2746 1969 3048 2033 reptabant,
3071 1966 3275 2037 glorias
3295 1976 3486 2037 autem
3521 1964 3766 2033 blasphe~

2159 2054 2302 2098 mant
2335 2041 2488 2114 (Jud.
2634 2058 2652 2090 ι
2699 2039 2926 2114 Quidam
2952 2036 3131 2114 eorum
3163 2038 3251 2108 qui
3283 2036 3765 2114 libenterconten-

2157 2107 2651 2179 tiones'reperiunt,
2682 2107 2951 2163 ascribunt
2997 2109 3145 2162 nobis
3177 2107 3222 2160 et
3272 2118 3467 2160 nostri?
3497 2107 3766 2179 doctrinm

2163 2175 2567 2250 blasphemiam,
2599 2197 2755 2248 super
2786 2196 2889 2250 qua
2919 2181 3019 2247 ipsi
3049 2179 3296 2250 uiderint,
3326 2178 3597 2246 quomodo
3622 2175 3765 2250 illud

2159 2244 2422 2308 audiant:
2452 2271 2470 2301 ι
2501 2244 2682 2317 Neque
2712 2244 2921 2312 ebriosi,
2941 2244 3110 2317 neque
3135 2244 3380 2302 maledici
3412 2262 3636 2314 regnum
3666 2244 3765 2302 Dei

2153 2324 2521 2392 possidebunt:
2547 2341 2564 2373 ι
2588 2317 2706 2375 licet
2723 2331 2922 2389 patrem
2937 2321 3154 2374 malitia:
3181 2328 3229 2372 et
3246 2317 3764 2392 perditioniseorum

2154 2386 2241 2466 qui
2280 2396 2343 2446 de
2372 2408 2524 2466 regna
2555 2392 2646 2445 Dei
2676 2386 3178 2466 ejicientur,_dicant
3206 2386 3354 2466 posse
3369 2386 3767 2466 salvari:quod

2155 2459 2216 2518 ne
2231 2459 2602 2532 mentequidem
2615 2459 2728 2530 quis
2747 2473 2926 2529 captus
2939 2464 3108 2515 dicere
3121 2459 3519 2532 potest£mtera
3535 2459 3766 2532 quidem

2154 2552 2219 2589 ex
2244 2528 2432 2588 eadem
2462 2528 2690 2600 epistula
2723 2528 2994 2586 transtulit
3023 2547 3120 2600 pro
3163 2531 3296 2591 hoc,
3348 2529 3508 2600 quod
3552 2529 3608 2581 in
3657 2528 3770 2580 line

2156 2604 2446 2658 verborum
2497 2595 2754 2668 Origenis
2787 2595 3126 2670 interpretati
3171 2595 3415 2653 sumus':
3461 2595 3611 2665 Ergo
3642 2613 3767 2649 cum

2154 2675 2620 2744 proptertimorem
2643 2673 2738 2726 Dei
2757 2669 3030 2744 caveamus
3062 2673 3440 2744 inquempiam
3468 2669 3769 2744 maledicta

2153 2740 2416 2812 conferre,
2447 2751 2502 2798 et
2535 2743 2762 2812 reliqua.
2789 2742 2896 2796 Iste
2925 2743 3298 2796 fraudulenter
3326 2740 3636 2812 amputatis
3671 2754 3772 2812 sn-

2156 2810 2486 2885 perioribus,
2515 2829 2582 2885 es
2608 2810 2804 2885 quibus
2829 2813 3086 2885 inferiora
3122 2812 3449 2878 (leClldl'ﬂl,
3480 2810 3564 2885 sic
3593 2811 3774 2876 cepit

2159 2879 2802 2954 transferre'epistolam,
2832 2883 2994 2954 quasi
3025 2883 3129 2936 boc
3153 2879 3592 2954 Sensnsuperius
3615 2889 3768 2954 esset

2155 2956 2462 3019 exordium,
2496 2949 2551 3008 et
2580 2955 2655 3008 ait
2689 2973 2704 3010 :
2736 2949 2967 3020 Quidam
2999 2969 3178 3006 eorum
3205 2953 3293 3021 qui
3311 2951 3536 3004 libenter
3565 2949 3766 3021 habent

2156 3027 2428 3080 criminari
2444 3025 2706 3093 proximos
2737 3041 2882 3088 suos,
2925 3023 3194 3077 ascribunt
3218 3020 3396 3093 nobis,
3421 3031 3470 3071 et
3494 3020 3773 3071 doctrinm

2158 3105 2351 3150 nostra:
2383 3097 2580 3149 crimen
2628 3095 2981 3163 blasphemiae,
3022 3093 3160 3161 quod
3207 3111 3236 3144 a
3281 3092 3438 3163 nobis
3494 3104 3770 3163 nusquam

2157 3169 2484 3220 audierunt:
2534 3167 2597 3220 de
2626 3159 2871 3235 quo'ipsi
2907 3159 3152 3235 viderint,
3201 3159 3771 3235 nolentesbbseruare

2147 3237 2469 3290 inandatum
2520 3230 2652 3289 illud
2679 3230 2820 3307 quod
2853 3235 3024 3307 dicit:
3051 3233 3178 3307 quia
3213 3230 3467 3284 maledici
3522 3245 3769 3300 regnum

2165 3307 2253 3361 Dei
2306 3322 2410 3360 non
2458 3304 2834 3374 possidebunt,
2871 3305 3097 3357 dicentes
3128 3304 3360 3355 asserere
3408 3315 3493 3353 me
3536 3308 3771 3374 patrem

2159 3378 2380 3429 malitia:
2408 3367 3022 3444 et'perditioniseorum
3068 3377 3157 3442 qui
3190 3377 3272 3444 de
3315 3385 3477 3440 regno
3525 3367 3628 3423 Dei
3652 3371 3773 3444 eji-

2160 3450 2396 3509 ciuntur,
2437 3442 2494 3500 id
2518 3458 2615 3510 est,
2654 3447 2921 3502 diabolum
2957 3461 3067 3498 esse
3115 3443 3430 3496 saluandam
3467 3454 3486 3491 :
3509 3442 3660 3511 quod
3696 3456 3767 3491 ne

2159 3517 2352 3588 aliquis
2388 3518 2596 3587 quidem
2622 3527 2798 3588 mente
2849 3526 3042 3588 matus,
3079 3525 3126 3588 et
3168 3512 3449 3588 tnapifeste
3481 3511 3788 3564 insaniens.

2159 3585 2330 3642 dicere
2363 3585 2548 3652 potest.
2604 3587 2859 3641 Conferte
2889 3585 3138 3653 Origenis
3170 3587 3356 3644 verba,
3411 3597 3538 3650 qua;
3594 3595 3776 3648 supra

2161 3659 2228 3712 ad
2265 3657 2488 3712 verbum
2519 3656 2794 3720 transtuli,
2820 3657 3035 3724 bisqna:
3056 3654 3124 3708 ab
3157 3656 3261 3708 isto
3288 3667 3395 3705 non
3417 3667 3581 3724 versa
3607 3661 3771 3714 sunt,

2161 3729 2256 3782 sed
2292 3742 2514 3792 eversa;
2551 3737 2606 3782 et
2627 3739 2886 3794 quautam
2936 3721 3079 3779 inter
3110 3741 3168 3779 se
3202 3739 3308 3782 u0n
3351 3721 3532 3780 solum
3570 3727 3775 3774 verbo-

2161 3814 2303 3861 rum,
2332 3798 2502 3852 sedet
2537 3813 2794 3852 sensuum
2826 3797 3061 3850 habeant
3089 3797 3512 3858 dissonantium,
3545 3795 3778 3862 perspi-

2159 3867 2338 3923 cietis.
2371 3869 2634 3930 Obsecro,
2691 3882 2758 3922 ne
2815 3868 3040 3922 molesta
3068 3875 3138 3920 Sit
3183 3865 3338 3920 vobis
3367 3864 3645 3932 prolixior
3676 3880 3776 3914 tu-

2163 3940 2504 4005 terpretatio.
2543 3938 2750 3992 Idcirco
2790 3942 2933 3994 enim
2963 3938 3144 3992 omnia
3184 3937 3470 3998 vertimus,
3509 3944 3591 4005 _ut
3648 3949 3778 4003 quo

2159 4003 2388 4064 consilio
2423 4011 2706 4078 superiora
2767 4008 3028 4078 tacuerit,
3077 4005 3465 4078 probaremus.
3508 4003 3780 4078 [labetur

2160 4079 2404 4150 dialogus
2436 4074 2580 4146 apud
2611 4077 2830 4150 Graecos
2865 4074 3118 4150 Origeuis
3147 4086 3202 4130 et
3234 4075 3470 4129 Candidi
3510 4074 3780 4150 Valenti-

2159 4147 2336 4203 niani:
2369 4152 2636 4204 baireseos
2671 4147 3000 4210 defensoris,
3045 4149 3100 4206 in
3127 4163 3232 4214 quo
3269 4151 3410 4200 duos
3444 4147 3782 4200 andabatas

2159 4219 2518 4289 digladiantes
2544 4219 2688 4289 inter
2706 4235 2765 4274 se
2791 4229 3180 4289 spectasseme
3203 4218 3400 4289 lateor.
3430 4216 3588 4269 Dicit
3607 4217 3778 4289 lian-

2159 4287 2315 4344 didus
2352 4289 2547 4342 Filium
2585 4290 2651 4343 de
2673 4287 2845 4346 Patris
2865 4304 2984 4344 esse
3007 4288 3332 4349 substantia,
3361 4302 3565 4340 errans
3606 4287 3663 4340 in
3701 4303 3785 4340 eo

2155 4362 2302 4426 quod
2325 4358 2615 4430 προϐολὴν,
2645 4359 3182 4428 idestprolationem,
3210 4357 3426 4411 asserit.
3459 4357 3502 4410 Ε
3537 4358 3782 4423 regione

2158 4430 2422 4500 Origenes
2443 4430 2598 4498 juxta
2631 4430 2820 4482 Arium
2844 4441 2899 4484 et
2930 4430 3249 4500 EunOminm
3289 4439 3597 4500 repugnat,
3631 4443 3782 4500 eum

2157 4501 2238 4553 vel
2265 4498 2536 4569 prolatum
2563 4513 2706 4562 esse,
2739 4501 2823 4554 vel
2848 4509 3058 4560 natum,
3087 4513 3154 4552 ue
3185 4499 3329 4554 Deus
3360 4499 3526 4551 Pater
3550 4498 3783 4550 divida-

2162 4582 2249 4624 tur
2279 4573 2335 4624 iu
2384 4579 2603 4638 partes:
2654 4571 2745 4624 sed
2776 4572 2912 4624 dicit
2945 4571 3230 4624 sublimem
3259 4583 3312 4638 et
3343 4569 3785 4622 excellentissi-

2087 4626 2130 4680 Ῑ)
2161 4656 2304 4694 mam
2329 4626 2642 4694 creaturam
2670 4641 2944 4695 voluntate
2965 4640 3238 4697 exstitisse
3271 4637 3477 4704 Patris,
3506 4640 3657 4692 sicut
3715 4650 3788 4691 et

2160 4720 2386 4764 caeteras
2438 4720 2737 4767 creaturas.
2799 4711 3008 4764 ltnrsus
3054 4714 3121 4766 ad
3171 4710 3468 4763 secundum
3526 4713 3786 4762 veniunt

2159 4782 2539 4845 quastionem.
2585 4781 2802 4836 Asserit
2835 4781 3110 4838 Carndidus
3161 4780 3439 4834 diabolum
3500 4781 3790 4847 pessima;

2157 4865 2279 4905 esse
2308 4861 2536 4916 naturze,
2567 4863 2620 4905 et
2647 4866 2769 4920 quia
2789 4853 2983 4906 salvari
3016 4866 3288 4918 nunquam
3320 4849 3515 4916 possit.
3543 4850 3794 4908 Contra.

2159 4921 2261 4978 hoc
2292 4931 2438 4976 recte
2463 4921 2729 4986 Origenes
2747 4925 3044 4991 respondit,
3067 4937 3309 4976 noneum
3338 4923 3606 4988 peritura:
3635 4937 3791 4974 esse

2157 4993 2499 5054 substantia,
2521 4997 2614 5046 sed
2641 4993 2918 5047 voluntate
2941 4994 3156 5061 propria
3180 4997 3484 5054 corruisse,
3520 5003 3576 5044 et
3595 5007 3792 5058 posse

2157 5064 2376 5116 salvari.
2428 5061 2542 5117 lloc
2576 5063 2852 5117 Candidus
2893 5064 3054 5117 vertit
3104 5064 3156 5114 in
3186 5063 3558 5126 calumniam,
3591 5063 3791 5130 quasi

2157 5131 2421 5202 Origenes
2456 5135 2678 5196 dixerit,
2726 5133 2926 5190 diaboli
2959 5143 3209 5186 naturam
3239 5148 3362 5188 esse
3396 5131 3788 5202 solvendam.

2157 5201 2310 5269 Quod
2346 5205 2436 5257 ille
2484 5205 2619 5258 falso
2665 5203 2962 5272 objecerat,
3016 5205 3102 5256 hic
3144 5202 3361 5256 refutat.
3391 5201 3462 5255 Et
3492 5201 3793 5269 intelligi-

2160 5289 2280 5328 mus
2313 5274 2368 5327 in
2401 5275 2503 5328 hoc
2527 5283 2736 5328 tantum
2771 5274 2982 5343 dialogo
3010 5276 3078 5328 ab
3107 5273 3344 5343 Origene
3379 5274 3539 5341 argui
3588 5273 3794 5326 luere-

2158 5345 2322 5397 ticam
2354 5345 2668 5409 falsitatem,
2698 5354 2752 5398 et
2778 5361 2883 5399 non
2913 5362 2965 5397 tn
2992 5345 3207 5401 cancris
3241 5344 3420 5406 libris,
3449 5347 3521 5397 de
3547 5347 3798 5412 quibus

2157 5430 2432 5483 nunquam
2460 5414 2689 5484 quaestio
2718 5415 2835 5467 luit.
2865 5415 3078 5484 Alioqui
3111 5415 3153 5469 si
3182 5415 3369 5469 omnia
3411 5430 3538 5483 qua:
3573 5420 3794 5467 luere-

2157 5487 2259 5539 tica
2301 5495 2450 5550 sunt,
2488 5502 2592 5539 non
2645 5493 2807 5539 erunt
2847 5486 3121 5553 Origeuis,
3157 5487 3252 5541 sed
3307 5487 3718 5540 haereticorum
3771 5503 3792 5538 :

2155 5570 2348 5611 omnes
2377 5567 2557 5612 autem
2581 5557 2972 5624 propemodum
3007 5556 3151 5612 illius
3181 5556 3310 5610 tomi
3355 5558 3444 5609 his
3461 5555 3802 5610 erroribus

2155 5626 2302 5692 piem
2343 5627 2676 5692 sunt,.nibil
2719 5626 2972 5695 Origenis
3019 5629 3148 5693 erit,
3178 5629 3274 5685 sed
3299 5640 3497 5682 eorum
3520 5639 3802 5694 quorum

2157 5697 2468 5766 ignoramus
2501 5696 2788 5750 vocabula.
2825 5713 2847 5749 ι

2229 5766 2342 5834 (Si)
2373 5766 2524 5834 Mss.,
2553 5767 2918 5831 probaremus.
2953 5767 3173 5823 Rectius
3188 5765 3343 5829 editi,
3367 5764 3694 5833 probemus.

2152 5837 2343 5959 milia?
2406 5837 2574 5906 Editi,
2635 5835 2997 5894 Alexandriae.
3057 5838 3184 5894 Mss.
3243 5837 3454 5904 nostri,
3517 5836 3806 5896 Αισεαη-

2207 5924 2266 5959 ἰι

2191 5923 2342 5962 riam.
