3866 6532
141 466 237 533 63";

1007 468 1096 523 DE
1131 457 1714 527 ADULTERATIONE
1753 458 2112 526 LIBROR‘UM
2152 469 2497 527 OBlGENlS.

3300 473 3404 530 626

141 591 319 659 aliquis
347 589 559 662 quidem
590 597 773 646 mente
804 593 1007 657 motus,
1034 598 1091 644 et
1110 588 1401 647 manifeste
1430 590 1709 647 insaniens
1736 598 1785 654 Α
1808 591 2053 673 nunriulli
2079 594 2409 649 conturbare
2452 590 2697 647 volentes
2746 592 3037 650 Ecclesias.
3068 586 3314 663 Denique
3348 595 3403 648 in

138 686 308 737 dicere
329 691 527 751 potest.
546 680 654 735 Sed
678 679 815 735 nihil
839 680 1036 735 mirum
1062 678 1197 737 mihi
1220 682 1458 748 videtur,
1491 685 1537 740 ‘si
1560 685 1708 739 adul-

142 787 330 834 teretur
372 778 614 833 doctrina
644 791 762 832 mea
790 777 859 833 ab
884 776 1134 834 inimicis
1159 780 1315 843 meis,
1341 789 1397 836 et
1421 780 1517 834 tali
1548 780 1705 835 adul-

140 872 263 924 ferio
319 881 718 940 corrumpatur,
775 868 926 938 quali
981 869 1256 927 adulterio
1313 880 1569 943 corrupta
1624 876 1709 926 est

136 961 359 1029 Epistula
400 960 550 1016 Pauli
615 962 864 1031 apostoli.
890 961 1119 1028 Quidam
1159 963 1305 1018 enim
1346 965 1450 1020 sub
1486 964 1709 1020 nomine

139 1052 272 1107 Pauli
306 1048 494 1107 falsam
524 1052 812 1120 epistolam
839 1052 1302 1125 conscripserunt,
1332 1056 1390 1109 ut
1412 1054 1706 1111 contui-ha-

139 1152 246 1196 rcnt
282 1139 814 1207 Thessalunicenses,
838 1144 1016 1214 tquasi
1060 1145 1291 1199 instaret
1323 1145 1440 1200 dies
1466 1145 1706 1210 Domini,

132 1245 185 1289 et
200 1237 514 1289 seducerent
542 1242 656 1289 eos.
685 1234 912 1305 Propter
936 1236 1072 1292 hanc
1092 1236 1206 1307 (‘26)
1238 1251 1369 1309 ergo
1398 1220 1703 1308 Epistulam

126 1329 185 1383 ’iu
215 1327 439 1384 secunda
474 1326 715 1397 Epistula
746 1332 909 1398 qnam
936 1331 1001 1383 ad
1027 1326 1545 1386 Thess‘alunicenses
1569 1331 1707 1386 scri-

137 1416 351 1485 bit,'h:ec
376 1420 515 1474 dixit
541 1437 557 1471 :
586 1419 854 1489 Rogamus
875 1431 1052 1476 autem
1092 1438 1201 1486 vos,
1226 1421 1447 1489 fratres,
1479 1438 1575 1492 per
1607 1423 1706 1476 ad-

126 1522 316 1566 oratum
348 1511 579 1584 Domini.
599 1513 765 1565 nostri
787 1511 914 1567 Iesu
938 1512 1160 1577 Christi,
1184 1526 1230 1567 et
1261 1524 1451 1569 nostris
1479 1530 1704 1585 congre-

135 1605 333 1672 gationis
372 1605 426 1657 in
453 1604 648 1671 ipsum,
675 1613 733 1657 ut
758 1614 863 1657 non
901 1607 1216 1661 moveamini
1239 1608 1343 1660 cito
1368 1623 1400 1659 α
1432 1623 1586 1660 sensu
1613 1612 1700 1661 v‘e-

125 1709 248 1759 -stro,
270 1711 427 1766 neque
451 1696 782 1760 teneam-ini,
801 1712 967 1768 neque
1003 1715 1097 1768 per
1120 1699 1391 1769 spiritum,
1424 1715 1591 1769 neque
1611 1716 1703 1768 per

125 1782 340 1853 verbum,
384 1802 551 1857 neque
582 1803 673 1856 per
710 1788 985 1857 epistolam
1019 1799 1274 1858 tanquam
1312 1807 1403 1860 per
1439 1808 1533 1845 nos
1578 1791 1702 1844 mit-

136 1894 250 1942 sum,
272 1878 421 1948 quasi
444 1880 602 1933 instet
625 1879 738 1934 dies
771 1878 1003 1935 Domini.
1039 1878 1210 1937 Nemo
1238 1896 1325 1938 vos
1347 1882 1563 1941 seducet
1592 1883 1698 1939 ullo

1810 682 2025 752 Epheso
2060 698 2185 738 cum
2221 684 2449 740 vidisset
2490 698 2577 739 me
2611 684 2832 755 quidam
2869 684 3181 753 haereticus,
3211 682 3406 757 (3|)et

1809 773 2065 842 congredi
2092 773 2380 838 noluisset,
2417 788 2593 846 neque
2625 776 2849 831 omnino
2875 789 2938 831 os
2968 790 3126 831 suum
3154 776 3405 847 aperuis-

1808 872 1892 920 set
1917 866 2059 936 apud
2091 879 2198 931 me,
2226 866 2320 922 sed
2347 869 2534 923 nescio
2569 883 2676 938 qua
2718 882 2781 923 ex
2814 883 2977 923 causa
3009 868 3062 923 id
3110 864 3291 924 facere
3318 868 3401 921 vi-

1810 960 1999 1021 tasset,
2055 962 2244 1027 pustea
2282 973 2361 1014 ex
2407 960 2630 1013 nomine
2675 974 2795 1016 meo
2842 968 2897 1015 et
2928 975 3027 1016 suo
3076 961 3404 1031 conserip'sit

1807 1048 2026 1119 qualem
2060 1049 2233 1105 voluit
2261 1050 2710 1118 disputationem,
2747 1059 2804 1105 et
2839 1052 2987 1105 misit
3017 1050 3084 1106 ad
3109 1053 3403 1124 discipulos

1806 1156 1955 1207 suos,
1984 1151 2042 1194 ut
2070 1156 2172 1211 ego
2197 1141 2418 1212 quidem
2443 1142 2671 1212 cognovi
2691 1132 2757 1195 ad
2779 1157 2875 1198 eos
2904 1144 2996 1215 qni
3031 1142 3218 1200 Romae
3243 1155 3404 1207 erant

1800 1232 2116 1303 pervenisse
2148 1251 2164 1287 :
2197 1234 2291 1287 sed
2321 1249 2427 1288 non
2467 1234 2653 1289 dubito
2674 1228 2805 1304 quin
2835 1244 2892 1290 et
2913 1237 2979 1289 ad
3011 1236 3150 1291 alios
3175 1238 3266 1308 qui
3304 1252 3403 1309 per

1806 1321 2021 1376 diversa
2045 1320 2161 1376 loca
2195 1331 2346 1378 sunt.
2385 1322 2690 1379 lnsultabat
2732 1336 2916 1380 autem
2943 1333 3000 1381 et
3032 1328 3174 1398 apud
3210 1328 3404 1384 Antio-

1804 1411 2004 1476 chiam,
2031 1414 2349 1483 priusquam
2392 1429 2493 1485 ego
2538 1415 2672 1472 illuc
2703 1418 2948 1473 venirem
2986 1434 2999 1471 :
3032 1420 3104 1475 ita
3150 1427 3210 1475 ut
3236 1429 3291 1475 et
3328 1421 3402 1477 ‘ad

1803 1508 2234 1580 quampltrrimos
2258 1519 2572 1565 nostrorum
2612 1512 2926 1580 perveniret
2954 1512 3070 1582 ipsa
3098 1512 3402 1584 disputatio

1802 1615 1962 1672 quam
1990 1599 2106 1673 (52)
2132 1604 2408 1674 portabat.
2438 1602 2550 1659 Sed
2576 1605 2664 1660 ubi
2693 1603 2861 1673 adfui,
2895 1605 3080 1661 multis
3105 1614 3234 1662 eum
3265 1622 3402 1676 pra:-

1801 1691 2048 1747 sentibus
2072 1691 2254 1763 argui.
2293 1691 2539 1764 Cumque
2557 1693 2673 1763 jam
2718 1696 2837 1751 sine
2880 1695 2990 1751 ullo
3035 1697 3243 1767 pudore
3273 1711 3400 1769 per-

1802 1783 2048 1837 tenderet
2076 1783 2425 1852 impudenter
2444 1797 2694 1841 asserere
2721 1783 3041 1853 falsitatem,
3099 1789 3319 1858 peposci
3343 1797 3402 1842 ut

1800 1874 1937 1929 liber
1962 1874 2270 1930 deferretur
2296 1875 2359 1931 in
2380 1877 2640 1941 medium,
2683 1886 2739 1932 et
2771 1877 2941 1948 stylus
2962 1893 3403 1949 meusagnosce—

120 1964 354 2026 Modo".
392 1970 548 2025 Talia
584 1987 714 2043 ergo
739 1975 986 2043 quaedam
1021 1974 1179 2030 video
1207 1976 1369 2029 etiam
1404 1976 1577 2030 nobis
1603 1990 1701 2030 ac.
1736 1963 1778 2023 Β
1808 1972 1959 2023 retur
2000 1982 2030 2022 a
2078 1967 2364 2035 fratribus,
2400 1969 2493 2040 qni
2524 1969 2720 2040 utique
2742 1981 3221 2041 cugnoscuntquae
3251 1972 3401 2028 soleo

134 2065 310 2120 cidere.
335 2060 452 2136 (27)
484 2064 618 2119 Nam
643 2066 865 2137 quidam
891 2077 1083 2123 auctor
1115 2071 1408 2135 hatreseus,
1443 2084 1564 2123 cum
1601 2060 1702 2124 sub

133 2158 393 2225 praesentia
448 2158 747 2212 multorum
784 2152 971 2214 habita
1002 2159 1145 2214 inter
1174 2176 1270 2216 nos
1298 2159 1488 2215 fuisset
1519 2160 1703 2231 dispu-

136 2250 266 2313 tatio,
296 2259 352 2305 et
373 2250 670 2319 descripta,
696 2250 968 2319 accipiens
990 2252 1058 2306 ab
1078 2251 1163 2305 his
1182 2252 1273 2321 qui
1303 2251 1702 2321 descripserant

132 2343 364 2407 codicem,
401 2344 722 2413 quaavoluit
746 2343 974 2410 addidit,
1003 2351 1056 2399 et
1095 2358 1213 2412 qua:
1236 2344 1407 2400 voluit
1449 2344 1701 2409 abstulit,

134 2441 178 2486 et
203 2434 332 2503 quod
354 2435 401 2489 ei
446 2435 631 2490 visum
663 2445 746 2491 est
781 2435 1127 2504 permutavit,
1159 2434 1557 2491 circuinferens
1581 2447 1700 2491 tan-

133 2538 271 2592 quam
295 2541 357 2580 ex
387 2528 613 2585 nomine
640 2537 851 2593 nostro,
897 2527 1165 2583 insultans
1210 2537 1266 2583 et
1300 2531 1595 2585 ostendens
1637 2545 1702 2587 ea

133 2630 233 2684 (pne
257 2618 365 2687 ipse
389 2620 738 2690 conscripsit.
772 2619 876 2675 Pro
897 2619 1093 2689 quibus
1121 2621 1463 2693 indignantes
1497 2623 1703 2680 fratres

134 2711 209 2779 qui
241 2712 287 2766 in
313 2711 605 2767 Palaestina
638 2723 789 2780 sunt,
828 2712 1094 2768 miserunt
1120 2715 1186 2768 ad
1218 2729 1304 2769 me
1336 2715 1577 2771 Athenas
1604 2717 1704 2773 bo-

134 2807 304 2858 minem
347 2805 439 2875 qni
466 2804 744 2875 acciperet
793 2822 821 2860 a
850 2821 935 2862 me
962 2806 1078 2880 (28)
1112 2806 1285 2878 ipsum
1324 2808 1702 2865 anthenticum

125 2894 405 2964 'exeinplar,
428 2896 577 2965 quod
620 2911 688 2952 ne
720 2897 981 2953 relectum
1012 2898 1232 2968 quidem
1263 2898 1343 2953 vel
1370 2900 1701 2955 recensitum

132 3001 161 3038 a
186 3003 259 3042 me
278 2998 429 3044 antea
455 2989 659 3051 fuerat,
692 2991 785 3045 sed
816 2991 890 3045 ita
933 2992 1237 3061 neglectum
1260 2990 1499 3061 iacebat,
1525 3002 1585 3048 ut
1615 2992 1703 3048 vix

126 3076 335 3136 inveniri
384 3084 649 3153 potuerit.
684 3083 803 3138 Misi
833 3093 1038 3149 tamen,
1082 3093 1138 3139 et
1176 3083 1281 3139 sub
1318 3085 1427 3140 Deo
1460 3094 1598 3141 teste
1626 3084 1707 3141 lo-

132 3176 266 3242 quor,
310 3174 593 3244 quoniam,
629 3190 749 3229 cum
803 3176 1175 3231 convenissem
1199 3176 1348 3230 illum
1387 3176 1564 3245 ipsum
1601 3178 1698 3247 qui

132 3262 505 3319 adnlteravet-at
524 3264 866 3337 librum.(29)
892 3281 1124 3335 arguens
1138 3281 1306 3333 quare
1324 3265 1678 3331 hoc‘l'ecisset,

132 3354 255 3408 velut
270 3356 616 3411 satisfaciens
640 3357 769 3411 mihi
798 3357 1073 3426 respondit
1095 3374 1109 3411 :
1133 3356 1404 3423 Quoniam
1426 3357 1595 3428 magis
1611 3372 1700 3413 ore

134 3459 243 3500 nare
265 3448 396 3501 volui
421 3448 848 3516 diSputationem
876 3447 1215 3517 illam,atque
1243 3447 1698 3518 purgare.Videte

132 3538 255 3602 quali
289 3540 609 3611 purgatione
646 3539 1071 3609 disputationem
1125 3549 1366 3594 nostram
1416 3541 1691 3610 purgavit.

123 3616 228 3681 Tali
261 3645 466 3701 nempe,
535 3632 679 3700 quali
738 3630 1063 3702 purgatione
1105 3630 1219 3702 (50)
1246 3630 1481 3687 Marcion
1521 3630 1699 3686 Evan-

133 3720 248 3790 gelia
265 3723 532 3793 purgavit,
585 3723 668 3778 vel
717 3721 1066 3794 Apustolum;
1101 3721 1187 3778 vel
1226 3724 1372 3794 quali
1415 3739 1699 3780 successor

124 3806 230 3881 ejus
264 3826 378 3885 post
410 3818 590 3886 ipsum
628 3817 903 3887 'Appelles.
952 3815 1085 3871 Nam
1129 3818 1272 3873 sicut
1320 3817 1396 3872 illi
1432 3818 1709 3877 subverte-

134 3916 240 3962 runt
274 3908 677 3980 Scripturarum
729 3909 1011 3964 veritatem
1045 3926 1058 3964 :
1097 3909 1178 3964 sic
1209 3918 1265 3964 et
1293 3909 1421 3975 iste,
1475 3909 1706 3966 sublatis

126 4010 234 4065 quae
244 4010 368 4055 vere
384 4001 529 4056 dicta
546 4008 699 4068 stmt,
726 4000 802 4056 ob
827 4000 1001 4056 nostri
1024 4000 1460 4058 criminationem
1480 4002 1711 4058 inseruit

129 4088 383 4156 quaefalsa
412 4100 567 4148 sunt.
596 4090 704 4147 Sed
752 4091 885 4148 licet
914 4091 1162 4147 homines
1190 4090 1437 4148 bteretici
1475 4103 1528 4147 et
1556 4094 1706 4164 impii

136 4180 226 4235 sint
248 4186 330 4254 qui
385 4187 500 4243 haec
538 4185 722 4242 fac'ere
769 4187 886 4240 ausi
919 4195 1066 4252 sunt,
1105 4194 1289 4240 tamen
1329 4186 1607 4241 habebunt
1649 4195 1706 4243 et

125 4270 198 4326 illi
222 4273 450 4343 iudicem
478 4280 675 4344 Deum,
711 4278 803 4348 qui
835 4277 1036 4333 talibus
1067 4276 1358 4333 adversum
1387 4291 1486 4333 nos
1514 4279 1699 4333 crimi-

128 4368 415 4425 nationibus
436 4372 859 4427 accommodant
894 4370 1078 4427 lidem.
1107 4368 1496 4426 Fecerunt-hoc
1524 4378 1579 4425 et
1612 4370 1701 4425 alii

194 4481 232 4513 ²¹
259 4482 305 4539 ll
324 4485 575 4545 Thessal.
606 4504 669 4554 tt,
699 4487 827 4544 1-5.

1804 2057 2106 2129 disputare,
2153 2060 2239 2114 vel
2288 2058 2435 2130 quali
2479 2060 2630 2117 soleo
2676 2062 2754 2117 uti
2801 2056 3079 2118 doctrina.
3133 2062 3236 2131 Qui
3273 2079 3399 2119 cum

1806 2167 1970 2209 ausus
1997 2168 2104 2208 non
2133 2161 2281 2208 esset
2315 2151 2564 2222 proferre
2604 2153 2826 2220 librum,
2867 2156 3151 2212 convictus
3186 2156 3254 2212 ab
3281 2173 3402 2212 om~

1805 2246 1966 2302 nibus
2004 2256 2059 2301 et
2102 2242 2414 2303 confutatus
2447 2256 2533 2303 est
2557 2246 2817 2303 falsitatis
2845 2264 2858 2301 :
2885 2256 2940 2305 et
2969 2249 3399 2320 itapersuasum

1804 2351 1889 2394 est
1939 2338 2201 2395 fratribus
2239 2348 2522 2395 ne'auretn
2566 2340 3041 2398 criminationibus
3074 2343 3397 2411 pra-herent.

1807 2432 1864 2489 Si
1898 2435 2020 2504 quis
2050 2449 2183 2504 ergo
2210 2433 2329 2488 vult
2356 2435 2583 2489 credere
2622 2434 2753 2490 mihi
2778 2435 2832 2490 in
2861 2443 3156 2503 conspectu
3189 2434 3283 2490 Dei
3314 2434 3398 2489 lu-

1806 2526 2017 2595 quenti,
2070 2528 2235 2581 etiam
2269 2526 2336 2581 de
2367 2526 2450 2581 his
2489 2540 2611 2597 quae
2651 2527 2703 2581 in
2739 2526 2969 2596 epistola
3012 2543 3135 2582 mea
3162 2526 3399 2583 conficta

1805 2627 1932 2673 sunt
1969 2626 2026 2673 et
2071 2618 2271 2673 inserta
2321 2618 2529 2673 credat.
2569 2617 2663 2672 Sin
2692 2630 2873 2673 autem
2915 2619 3040 2689 quis
3063 2633 3168 2673 non
3203 2619 3398 2681 credit,

1809 2708 1903 2763 sed
1938 2712 2046 2762 vult
2071 2709 2141 2763 de
2168 2722 2253 2761 me
2285 2708 2425 2763 male
2457 2708 2626 2778 loqui,
2653 2709 2783 2763 mihi
2817 2709 3034 2778 quidem
3057 2708 3189 2763 nihil
3216 2710 3401 2765 daumi

1810 2801 2023 2860 confert
2058 2820 2073 2856 :
2114 2802 2220 2858 erit
2257 2811 2435 2857 autem
2484 2802 2597 2872 ipse
2628 2802 2796 2856 falsus
2833 2801 2989 2857 testis
3037 2802 3179 2871 apud
3204 2800 3398 2867 Deum,

1808 2895 2071 2951 adversus
2112 2894 2419 2965 proximum
2462 2898 2625 2949 suum
2661 2893 3034 2950 testimonium
3065 2892 3267 2949 falsum
3315 2893 3401 2949 vel

1807 2989 2012 3056 dicens,
2054 2987 2135 3043 vel
2170 2987 2478 3042 dicentibus
2512 2988 2767 3042 credens.
2807 3006 2828 3040 ι

1876 3079 2138 3137 Rurmus.
2176 3079 2300 3135 Haec
2324 3080 2443 3151 ipse
2474 3079 2653 3136 adhuc
2704 3088 2983 3150 superstes
3012 3078 3400 3149 conqueritur,

1805 3186 1927 3242 quae
1974 3171 2180 3227 scilicet
2227 3186 2329 3241 per
2371 3172 2726 3242 semetipsum
2779 3171 3189 3242 deprehendere
3222 3174 3401 3244 potuit

1810 3263 2114 3319 adulterata
2162 3280 2282 3320 esse
2313 3263 2366 3317 in
2397 3264 2551 3319 libris
2589 3264 2704 3320 suis
2750 3273 2917 3336 atque
2964 3265 3186 3321 falsata.
3208 3264 3399 3322 Memi-

1808 3357 1989 3412 nimus
2015 3371 2147 3411 sane
2181 3354 2345 3411 etiam
2380 3355 2434 3410 in
2465 3354 2571 3410 alia
2603 3354 2722 3427 ejus
2748 3355 2976 3426 epistola
3014 3355 3247 3412 similem
3299 3373 3400 3413 nos

1809 3452 1875 3504 de
1899 3448 2161 3504 librorum
2197 3464 2421 3505 suorum
2448 3447 2688 3504 falsitate
2713 3449 2910 3520 legisse
2948 3441 3349 3520 querimoniam
3377 3466 3395 3506 :

1807 3543 1960 3610 cujus
1980 3542 2221 3611 epistula)
2242 3536 2520 3611 exemplar
2542 3543 2593 3597 in
2626 3544 2877 3612 praesenti
2906 3543 3021 3615 (55)
3047 3559 3153 3600 non
3183 3542 3397 3613 habuit,

1809 3649 1868 3693 ut
1898 3638 2062 3692 etiam
2098 3638 2271 3710 ipsius
2312 3640 2686 3695 testimonium
2731 3640 2818 3695 his
2870 3655 2968 3711 pro
3016 3640 3123 3697 fide
3150 3641 3400 3697 veritatis

1808 3727 2177 3799 adiungerem.
2205 3729 2309 3786 Sed
2327 3728 2576 3788 sufﬁcere
2595 3732 2834 3787 arbitror
2861 3733 2929 3789 ad
2952 3731 3398 3789 satisfaciendum

1812 3822 1897 3877 his
1925 3824 2017 3892 qui
2043 3839 2147 3879 non
2169 3824 2534 3879 contentionis
2560 3834 2721 3895 atque
2746 3826 3164 3881 obtrectationis
3188 3825 3396 3891 studio,

1810 3916 1905 3970 sed
1937 3930 2123 3970 amore
2150 3916 2263 3971 veri
2297 3910 2528 3971 audiunt
2581 3930 2706 3987 qua:
2757 3917 3033 3973 dicuntur.
3068 3912 3207 3975 Nam
3254 3919 3399 3988 quod

1809 4003 1864 4057 in
1898 4003 2171 4059 veteribus
2194 4004 2491 4059 sanctiSac
2516 4003 2886 4075 prmiudicat‘is
2930 4002 3212 4064 catholicis
3242 4010 3395 4075 viris,

1807 4109 2036 4164 quorum
2057 4096 2307 4166 superius
2324 4095 2553 4151 fecimus
2571 4112 2691 4151 men
2701 4097 3058 4165 tionem,solo
3078 4098 3399 4169 argumento

1809 4202 1874 4241 ex
1912 4201 2091 4241 rerum
2158 4189 2568 4258 consequentia,
2596 4187 2713 4259 ('54)
2737 4206 2801 4246 ac
2835 4190 2969 4247 reeti
3025 4201 3211 4248 tenore
3253 4207 3398 4263 prai-

1809 4288 2029 4351 sumptu
2048 4282 2356 4337 ostenditur
2371 4288 2436 4337 a’c
2464 4285 2983 4355 probatumquo’d'si
3001 4285 3131 4356 quid
3164 4286 3217 4340 in
3245 4283 3399 4341 libris

1809 4378 1999 4426 eurum
2037 4379 2226 4427 centra
2251 4374 2681 4431 ecbleaiasticam
2702 4376 2871 4431 iidem
2905 4377 3200 4445 invenitur,
3230 4377 3285 4434 id
3311 4377 3397 4433 i‘no

194 4597 305 4675 (26)
333 4597 497 4675 Ergo.
547 4598 828 4675 Omittitur
858 4599 911 4653 in
959 4597 1141 4665 editis,
1174 4607 1230 4652 et
1276 4598 1588 4675 reatitnitnr
1627 4615 1696 4652 ex
1732 4614 1777 4668 ι)
1806 4601 1973 4656 maris
2009 4602 2233 4665 habent,
2263 4613 2310 4656 et
2329 4601 2877 4675 congredi‘voluisset,
2920 4603 3133 4675 reliqua
3170 4622 3301 4663 vero
3339 4619 3400 4664 ut

138 4686 247 4724 mss.
274 4671 435 4727 Paulo
465 4684 590 4740 post
620 4671 782 4736 editi,
811 4679 857 4723 et
874 4684 966 4739 per
980 4680 1198 4724 uestram
1216 4671 1694 4740 congregationem.

137 4742 225 4795 Sed
255 4756 438 4796 omnes
480 4758 614 4797 mss.
640 4752 697 4795 ut
724 4741 779 4795 in
804 4751 971 4794 textu.

196 4809 298 4882 (27)
332 4810 476 4866 Nam
502 4813 723 4882 quidam
765 4821 951 4882 auctor
980 4811 1259 4874 fimi-escas,
1302 4822 1409 4865 etc.
1444 4809 1576 4864 Vide
1603 4811 1700 4882 ad-

138 4880 444 4937 notationem
508 4880 740 4951 primum
791 4881 857 4934 ad
914 4881 1506 4951 Africaniepistolam.
1557 4880 1697 4935 Infra

137 4951 278 5012 editi.
326 4963 373 5005 et
423 4948 743 5021 descriptum
793 4950 1075 5018 accipiens.
1131 4948 1253 5005 Mos
1303 4968 1433 5005 mss.
1491 4952 1695 5016 nostri,

136 5030 175 5073 et
194 5037 298 5090 qua:
318 5023 366 5076 ei
404 5024 578 5078 uisum
609 5033 685 5076 est
713 5021 1050 5089 permutavit,
1086 5029 1135 5075 et
1151 5021 1487 5090 circumfert,
1512 5032 1624 5075 etc.

224 5037 298 5077 ua:
318 5039 363 5076 et
404 5040 578 5078 uisum
609 5037 685 5076 est
713 5037 1050 5089 permutavit,
1086 5037 1135 5075 et
1151 5037 1487 5090 rtrcuntlcrt,
1512 5037 1624 5075 etc.

194 5037 299 5161 128)
334 5092 408 5147 Ita
440 5104 589 5147 recte
628 5090 779 5146 editi.
821 5091 946 5144 Mss.
988 5107 1116 5146 vero
1148 5093 1322 5147 nostri
1348 5132 1362 5154 ,
1405 5110 1434 5143 ιι
1467 5107 1545 5144 me
1589 5093 1699 5157 ipso

139 5154 296 5237 [al.ha:
337 5181 414 5217 me
464 5160 955 5237 ipsu]_»autlte_ntica_
997 5165 1343 5237 metaplarm,
1382 5166 1555 5237 quod,
1591 5154 1697 5216 etc.

197 5229 896 5303 (29)ArguensIOmittitur
942 5229 1190 5303 ingetlitis
1228 5246 1283 5288 et
1327 5235 1380 5287 in
1427 5232 1703 5300 plerisque

139 5301 730 5369 mss.,setl'restituitur
767 5318 832 5354 es
862 5318 963 5356 ms.
1013 5301 1202 5373 Regio,
1247 5304 1338 5373 qui
1378 5304 1701 5373 Italietkur-

137 5368 276 5444 gustis
306 5390 465 5444 quare
492 5368 1219 5444 hoc.feCerit,i‘satisfacieiis,
1260 5368 1365 5427 etc.
1404 5370 1504 5425 Ms.
1559 5368 1699 5426 Cor-

142 5442 351 5516 beiensis
372 5485 387 5508 ,
421 5461 589 5516 quare
625 5444 721 5498 huc
743 5443 931 5513 fecisse
973 5444 1141 5516 vellet,
1172 5443 1546 5516 satisfaciens,
1593 5452 1697 5496 etc.

141 5509 306 5583 Caneri
347 5509 478 5570 mss.
524 5526 578 5571 et
627 5509 792 5578 editi,
835 5530 996 5583 quare
1032 5514 1128 5567 Itoc
1157 5509 1387 5583 fecisset,
1421 5512 1556 5566 velut
1609 5529 1701 5566 sa-

141 5580 404 5654 tiabit-iens,
447 5595 579 5649 etc.,
607 5580 1085 5654 absquenrguens.

202 5651 303 5723 (δυ)
338 5651 595 5718 Marcion,
640 5651 745 5708 etc.
768 5651 1088 5725 Videjtotas
1114 5655 1181 5708 ad
1216 5653 1497 5725 Dialogum
1520 5664 1703 5707 contra

149 5717 507 5792 lidroioniatus
539 5728 602 5779 de
640 5735 785 5779 recta
815 5723 869 5776 in
907 5722 1073 5777 Deum
1103 5726 1228 5785 lide.
1252 5717 1395 5779 sect:
1421 5740 1454 5779 ιΔ
1489 5740 1542 5792 p.
1573 5726 1701 5784 806,

143 5787 247 5854 807,
272 5793 395 5855 808,
420 5804 476 5866 et
499 5794 625 5866 alibi
653 5793 886 5866 passim;
915 5804 968 5846 et
991 5795 1057 5847 ad
1085 5794 1281 5849 librum
1314 5812 1350 5849 Il
1375 5787 1557 5847 contra
1580 5792 1701 5848 Cel-

144 5876 260 5921 sum,
291 5881 433 5920 nutu.
458 5865 552 5918 9.7.

208 5932 312 6004 (5i)
346 5934 472 5992 Mss.
511 5934 839 5992 Sorhonicus
871 5944 920 5991 et
952 5934 1009 5991 S.
1053 5934 1332 5994 Michaelis
1372 5937 1423 5994 in
1454 5937 1705 5997 Pet'iculo

1805 4688 1857 4725 tn
1900 4682 2087 4726 nostro
2120 4683 2289 4726 textu.
2320 4676 2389 4726 At
2414 4673 2593 4728 czeteri
2630 4688 2764 4728 mss.
2786 4685 2841 4729 et
2865 4673 3116 4742 editi,“
3149 4680 3400 4740 congredi

1804 4742 2125 4818 noluisset.._.
2168 4750 2222 4796 ut
2264 4761 2363 4818 ego
2383 4744 2595 4818 quidem
2638 4746 2855 4818 cognoui
2883 4746 2955 4800 od
2985 4761 3072 4801 eos
3100 4748 3189 4818 qui
3211 4746 3399 4818 Roma!

1801 4824 1947 4888 erunt
1972 4829 1991 4865 :
2019 4816 2108 4888 sed
2140 4830 2241 4888 non
2274 4816 2454 4867 dubito
2475 4816 2604 4882 quin
2628 4814 2784 4888 (mss.
2818 4830 3029 4888 omnes,
3066 4814 3228 4888 quod)
3249 4829 3297 4872 et
3325 4821 3398 4872 ad

1804 4883 1936 4958 alios
1953 4886 2041 4950 qui
2071 4901 2163 4953 per
2180 4885 2390 4938 diuersa
2417 4894 2572 4949 sunt;
2596 4886 2817 4942 omissis
2842 4886 3063 4942 vocibus
3077 4883 3395 4958 pervenisse,

1806 4964 1857 5005 et
1883 4955 2017 5007 loco.
2056 4970 2060 4981 ‘

1877 5024 1991 5095 (5:2)
2024 5022 2114 5079 Sic
2141 5040 2330 5095 omnes
2380 5040 2511 5082 mss.
2558 5027 2700 5083 Editi
2744 5042 2894 5089 vero.
2929 5032 3232 5095 paraverat.
3271 5028 3393 5086 Mox

1808 5113 1941 5149 mss.
1970 5093 2060 5148 sed
2094 5093 2390 5167 ubiiaalui,
2424 5109 2471 5150 et
2502 5101 2747 5154 multis...
2781 5116 2833 5151 ut
2862 5093 2996 5153 fiber
3020 5098 3395 5167 deferretur-iu

1806 5167 2054 5240 medium,
2105 5166 2271 5233 styltts
2320 5183 2466 5240 meus
2510 5167 2601 5240 [al.
2654 5179 2730 5233 ut,
2778 5171 2849 5223 al.
2904 5182 2952 5223 et
3000 5167 3170 5239 stylns
3215 5186 3391 5235 mens;

1804 5236 1957 5299 eniti,
1988 5250 2041 5288 ut
2071 5247 2241 5289 scelus
2268 5236 2467 5310 meum]
2510 5236 2882 5310 agnosceretur
2910 5259 2942 5294 n
2982 5236 3262 5308 fratribus,
3301 5243 3392 5308 qui

1803 5309 1983 5379 utique
2006 5316 2328 5379 cognoscunt
2370 5306 2466 5378 Sal.
2520 5306 2899 5378 (ignoscerent,-
2941 5306 3395 5379 editi,cognosce-

1807 5375 1943 5448 renti
1978 5394 2086 5447 qua
2143 5376 2346 5431 soleo...
2372 5375 2575 5447 unique
2604 5395 2724 5432 cum
2750 5398 2912 5435 ausus
2962 5397 3066 5436 non
3091 5375 3246 5448 esset,
3283 5392 3391 5438 etc.

1807 5449 1913 5501 Sed
1952 5448 2237 5515 legendum
2268 5449 2479 5503 videtur
2509 5460 2565 5503 ut
2593 5453 2644 5502 in
2672 5461 2859 5504 ιιοιιιι-ιι
2898 5462 3065 5507 textu.

1879 5518 1991 5587 (55)
2017 5515 2145 5572 Mss.
2193 5516 2528 5575 Sorhonicus
2558 5529 2615 5574 et
2651 5517 2708 5573 S.
2735 5522 3034 5585 Michaelis,
3070 5540 3179 5578 non
3202 5523 3391 5578 habeo.

1805 5587 2001 5663 Cat-teri
2041 5604 2175 5663 mss.
2217 5598 2271 5642 et
2318 5590 2469 5653 editi,
2508 5607 2611 5663 non
2658 5590 2840 5648 habui.
2897 5593 3062 5650 Paulo
3103 5606 3226 5663 post
3259 5610 3391 5650 mss.

1806 5660 2290 5733 nostrioniittunt,
2325 5670 2479 5730 atque
2508 5662 2920 5726 οὺς-νεειιιιευηιε,
2953 5679 3072 5733 qua:
3101 5660 3268 5721 verba
3296 5680 3395 5719 exv

1808 5739 1958 5799 Statil
1996 5729 2046 5781 in
2078 5730 2240 5782 editis

1882 5798 1992 5874 (ξιξ)
2023 5803 2193 5864 Alias,
2223 5816 2285 5852 ut:
2322 5811 2457 5854 recto
2487 5815 2663 5857 tenore
2692 5816 3029 5872 prwsumpm.
3062 5804 3394 5874 :i‘auluqiost

1809 5869 1940 5993 eltlliti
1964 5886 2268 5991 pespet'atn,
2291 5889 2393 5925 non
2422 5869 2737 5947 argumento.
2758 5879 2868 5930 solo
2894 5869 3055 5931 simili
3090 5879 3163 5933 uti
3194 5869 3290 5949 Iul.
3312 5878 3395 5949 ut}

1810 5958 1823 5993 l
1872 5957 1940 5993 ts.
1976 5958 2041 5993 tot
2070 5982 2083 5993 .
2125 5952 2230 5993 etc.

1808 5941 1940 6006 illis,
1976 5944 2083 6008 scd,
2125 5952 2230 5994 etc.
