3866 6516
524 435 628 495 627

1900 439 2134 496 RUFINI
2171 438 2369 495 LIBER
3637 434 3719 489 698

527 565 730 610 sertum
775 553 842 607 ab
879 555 1150 610 haereticis
1196 556 1374 626 potius
1407 573 1570 628 quam
1603 560 1670 614 ab
1713 559 1800 614 bis
1847 561 2106 629 scriptum
2138 563 2183 618 Α
2211 572 2537 628 magnopere
2577 553 2898 626 p0poscisti,
2947 568 3052 608 non
3097 551 3300 621 pigebit
3350 551 3508 606 etiam
3554 549 3720 608 Latinis

526 655 754 715 putetur
783 664 796 700 :
825 646 927 700 hoc
950 646 1002 700 in
1027 645 1260 718 Origene
1283 665 1386 705 non
1407 661 1726 719 argumento
1744 651 1918 705 solum
1942 651 2103 705 simili

526 745 587 790 ut
610 737 663 790 in
693 735 818 800 illis,
844 737 936 791 sed
973 738 1286 794 testimonio
1319 741 1778 810 querimoniarum
1809 756 2105 796 suarumex

526 828 642 883 suis
680 829 901 895 scriptis
945 831 1179 898 prolato,
1211 832 1501 888 absurdum
1544 849 1647 889 non
1679 843 1809 903 puto
1831 834 1878 887 si
1913 833 2108 888 credao

525 927 636 983 tur,
667 933 736 974 ne
785 918 934 974 velut
971 921 1170 977 stultus
1202 923 1401 994 aliquis
1445 935 1539 978 aut
1572 924 1797 980 insanus
1827 924 2106 981 contraria

523 1008 631 1063 sibi
663 1008 950 1078 scripsisse
975 1011 1240 1066 videatur.

599 1101 675 1155 De
710 1100 1090 1157 haereticorum
1121 1118 1254 1159 vero
1308 1105 1610 1160 .emeritate
1648 1106 1784 1175 (55),
1806 1107 1931 1176 quia
1958 1105 2107 1162 credi

527 1190 674 1248 istud
713 1194 895 1250 scelus
931 1194 1092 1250 facile
1119 1195 1315 1266 possit,
1348 1195 1438 1249 illa
1470 1211 1556 1252 res
1585 1191 1882 1251 maximum
1910 1199 2108 1252 credu-

529 1283 703 1340 litatis
752 1294 977 1356 przestat
1020 1287 1354 1356 exemplum,
1400 1289 1544 1359 quod
1594 1289 1871 1344 abstinere
1912 1289 2110 1357 impias

529 1393 725 1432 manus
762 1393 832 1433 ne
854 1393 882 1432 a
914 1380 1281 1434 sacrosanctis
1321 1381 1538 1450 quidem
1581 1381 1860 1452 Evangelii
1891 1381 2111 1436 vocibus

526 1479 840 1540 potuerunt.
893 1470 1280 1541 Apostolorum
1327 1487 1457 1528 vero
1494 1472 1580 1528 vel
1625 1473 1816 1538 Actus,
1865 1474 1948 1526 vel
1994 1473 2111 1542 Epi-

527 1564 698 1620 stolas
758 1563 993 1635 qualiter
1047 1562 1361 1633 polluerint,
1425 1565 1666 1634 qualiter
1729 1566 2108 1630 corroserint,

526 1657 761 1726 qualiter
823 1657 878 1711 in
943 1656 1195 1711 omnibus
1254 1657 1670 1722 maculaverint,
1720 1658 1804 1713 vel
1858 1659 2111 1716 addendo

526 1750 718 1818 impia.
767 1749 853 1804 vel
901 1747 1198 1804 auferendo
1245 1764 1366 1818 quae
1411 1749 1500 1820 pia
1545 1758 1692 1814 sunt,
1727 1749 1771 1804 si
1823 1753 1945 1819 quis
1997 1751 2112 1806 vult

527 1835 738 1911 ple'nius
753 1841 914 1907 scire,
939 1855 1007 1896 ex
1035 1841 1120 1895 his
1137 1840 1292 1896 libris
1315 1840 1661 1904 Tertulliani,
1679 1856 1814 1909 quos
1839 1842 2109 1896 adversum

528 1903 858 1988 Marcionem
897 1934 1143 2004 scripsit,
1181 1934 1496 2006 plenissime
1553 1943 1928 2004 recognoscet.
1971 1933 2108 2001 Quid
2140 1903 2182 1957 Β

528 2039 659 2094 ergo
681 2025 794 2095 jam
830 2024 936 2078 erit
965 2038 1245 2094 magnum,
1277 2024 1320 2077 si
1355 2023 1605 2094 Origenis
1641 2024 1851 2094 scripta
1883 2032 2109 2079 temera-

528 2122 657 2166 runt
693 2112 770 2174 hi.
815 2113 907 2181 qui
958 2111 1260 2168 Salvatoris
1296 2113 1388 2168 Dei
1425 2113 1601 2168 nostri
1652 2112 1794 2169 dicta
1827 2113 1944 2168 ausi
1986 2123 2111 2169 sunt

530 2205 841 2260 temerare?
889 2201 997 2258 Nec
1045 2218 1175 2259 sane
1233 2205 1523 2260 diversitas
1569 2205 1880 2275 dogmatum
1946 2204 2110 2275 alicui

533 2297 848 2350 assertionis
883 2305 1084 2350 nostrae
1109 2296 1335 2366 deneget
1370 2294 1553 2359 ﬁdem,
1579 2296 1722 2365 quod
1752 2295 1976 2350 alterius
2001 2296 2111 2349 hae-

528 2385 675 2440 resis
700 2385 903 2440 fuerint
941 2385 1013 2440 illi
1046 2386 1138 2457 qui
1186 2384 1479 2456 Evangelia
1511 2386 1902 2456 depravarunt;
1943 2385 2010 2439 ad
2035 2384 2114 2439 al-

531 2485 704 2530 teram
739 2491 870 2530 vero
908 2476 1160 2532 haeresim
1221 2477 1515 2545 respiciant
1565 2477 1668 2531 ista
1717 2492 1839 2547 qua:
1883 2477 2112 2532 dicimus

532 2565 784 2637 Origeuis
813 2566 966 2620 libris
1009 2567 1239 2620 inserta.
1276 2567 1581 2636 Cognoscat
1621 2566 1712 2636 qui
1746 2567 1813 2621 de
1840 2566 1924 2620 his
1959 2565 2113 2620 dubi-

529 2666 630 2717 tat.
653 2657 796 2726 quod
821 2658 958 2711 sicut
981 2659 1033 2710 in
1065 2657 1317 2711 omnibus
1359 2658 1566 2711 sanctis
1598 2667 1681 2711 est
1711 2657 1948 2726 Spiritus
1994 2657 2110 2720 Dei,

530 2752 673 2805 sicut
714 2760 767 2802 et
807 2749 1097 2818 Apostolus
1131 2749 1283 2813 dicit,
1326 2749 1453 2817 quia
1495 2749 1714 2818 spiritus
1740 2749 2112 2818 praphetarum

535 2842 802 2913 prophetis
840 2841 1102 2912 subjectus
1148 2851 1224 2896 cst
1257 2842 1303 2874 "
1341 2859 1354 2896 :
1388 2842 1477 2911 qui
1515 2851 1571 2896 et
1600 2841 1795 2895 iterum
1822 2841 1920 2905 ait,
1971 2841 2111 2910 quod

535 2951 712 2989 omnes
744 2951 904 2988 unum
938 2935 1179 3001 spiritum
1206 2933 1316 3008 (56)
1342 2933 1634 3001 notavimus
1666 2947 1687 2985 .'
1729 2934 1799 2988 ita
1831 2945 1880 2987 et
1913 2933 1966 2986 in
2000 2932 2113 2988 hae-

535 3026 719 3081 reticis
743 3042 879 3082 unus
907 3036 989 3082 est
1026 3025 1226 3082 diaboli
1257 3026 1505 3096 spiritus,
1526 3026 1620 3096 qui
1655 3040 1750 3082 eos
1772 3026 2018 3095 eamdem
2048 3040 2113 3080 ac

535 3119 766 3174 similem
795 3133 1010 3187 semper
1039 3118 1300 3173 malitiam
1329 3120 1506 3173 docet.

2208 654 2571 726 scriptoribus
2601 652 2724 708 talia
2766 652 3012 720 quaedam
3055 649 3320 704 accidisse
3367 659 3722 714 monstrarem

2211 744 2514 799 calumnias
2571 744 2872 798 immensas
2921 755 2984 795 ex
3051 739 3442 794 adulteratione
3508 738 3724 796 librorum

2208 851 2428 891 suorum
2465 834 2672 889 sanctis
2701 842 2756 888 et
2783 831 3174 901 probatissimis
3219 831 3352 885 viris
3378 845 3494 885 esse
3524 846 3723 886 commo-

2208 938 2311 984 tas.
2361 927 2429 982 Et
2471 941 2539 982 ne
2581 925 2710 996 quid
2759 933 2958 992 aperta:
2992 923 3298 978 credulitati
3335 923 3495 983 desit.
3535 938 3611 977 res
3634 939 3725 993 qua

2209 1031 2332 1074 sunt
2365 1019 2543 1074 adhuc
2581 1016 2854 1072 memoria:
2883 1024 3085 1070 nostra:
3111 1025 3378 1081 retexam,
3407 1029 3514 1086 quo
3540 1023 3727 1070 testimo-

2208 1112 2284 1166 nii
2317 1110 2519 1165 veritas
2543 1109 2818 1163 neminem
2848 1108 3034 1163 lateat.

2281 1200 2397 1272 (58)
2453 1199 2691 1254 Hilarius
2740 1197 3104 1254 Pictaviensis
3155 1198 3446 1269 episcopus
3494 1198 3725 1254 confessor

2212 1293 2348 1349 ﬁdei
2391 1292 2672 1348 catholicae
2729 1290 2851 1347 fuit.
2898 1289 2999 1347 Hic
3051 1305 3174 1346 cum
3228 1290 3294 1344 ad
3345 1290 3723 1344 emendationem

2209 1399 2397 1439 eorum
2426 1383 2520 1452 qui
2555 1381 2888 1437 Ariminensi
2935 1379 3176 1450 perﬁdiae
3213 1381 3649 1448 subscripserant,
3681 1380 3725 1432 li-

2210 1477 2406 1533 bellum
2467 1473 2843 1531 instructionis
2913 1473 3240 1544 plenissimae
3309 1471 3723 1540 conscripsisset,

2212 1584 2444 1637 cumque
2473 1566 2691 1622 libellus
2718 1565 2832 1636 ipse
2862 1564 2917 1620 in
2953 1579 3148 1619 manus
3179 1564 3529 1618 inimicorum
3569 1571 3618 1617 et
3643 1576 3728 1615 ma-

2218 1657 2536 1722 levolorum,
2573 1665 2632 1709 ut
2662 1655 2886 1726 quidam
2917 1654 3191 1718 dicebant,
3239 1662 3499 1722 corrupto
3539 1653 3725 1713 notario,

2214 1748 2302 1809 alii
2349 1762 2478 1803 vero
2524 1746 2629 1800 alia
2677 1747 2961 1801 occasione
2995 1745 3291 1798 narrabant
3320 1742 3474 1813 (quid
3503 1739 3724 1811 interest),

2213 1850 2392 1895 tamen
2443 1853 2565 1894 cum
2619 1838 2672 1892 in
2716 1851 2909 1892 manus
2957 1835 3300 1892 inimicorum
3352 1834 3473 1903 ipso
3501 1833 3728 1903 ignorante

2211 1933 2472 1996 venisset,
2512 1931 2587 1985 ita
2627 1928 2697 1984 ab
2734 1929 2814 1984 eis
2854 1936 3146 1998 corruptus
3185 1936 3289 1990 est,
3321 1925 3417 1980 illo
3446 1933 3616 1980 sancto
3642 1925 3728 1978 viro

2211 2020 2340 2076 nihil
2365 2020 2580 2088 penitus
2611 2017 2724 2092 (59)
2753 2019 3042 2084 sentiente,
3069 2027 3129 2071 ut
3161 2027 3373 2088 postea,
3406 2030 3526 2071 cum
3555 2017 3613 2069 ad
3633 2029 3726 2069 con-

2214 2111 2401 2166 cilium
2431 2109 2836 2179 episcOporum,
2872 2107 3170 2162 secundum
3202 2122 3264 2162 ea
3291 2121 3417 2175 quae
3441 2121 3500 2160 se
3524 2106 3572 2160 in
3587 2103 3726 2159 libello

2211 2201 2384 2272 ipsius
2419 2211 2686 2258 noverant
2707 2199 3037 2268 corrupisse,
3063 2198 3384 2253 luereticum
3413 2211 3532 2251 eum
3563 2194 3724 2249 inimici

2217 2310 2444 2363 arguere
2477 2293 2798 2363 coepissent,
2840 2300 2896 2346 et
2927 2291 3042 2359 ipse
3069 2287 3237 2344 libelli
3268 2287 3355 2344 sui
3390 2287 3543 2343 ﬁdem
3567 2301 3648 2355 pro
3669 2284 3726 2340 sui

2212 2387 2523 2442 defensione
2554 2384 2848 2456 ﬂagitaret,
2872 2383 2938 2437 de
2968 2382 3125 2437 domo
3149 2396 3242 2437 sua
3282 2380 3529 2452 prolatus
3562 2378 3725 2433 libellus

2214 2480 2338 2534 talis
2367 2479 2620 2534 inventus
2657 2477 2730 2532 sit
2751 2520 2768 2543 ,
2817 2490 2979 2546 quem
3009 2475 3122 2544 ipse
3149 2489 3255 2529 non
3288 2484 3618 2545 agnosceret,
3647 2469 3726 2541 (ιθ)

2212 2571 2417 2626 faceret
2469 2580 2646 2626 tamen
2696 2585 2819 2625 eum
2870 2567 3404 2622 excommunicatum
3461 2565 3524 2620 de
3563 2562 3728 2618 concilii

2213 2659 2569 2715 conventione
2630 2659 2928 2715 discedere.
2981 2654 3182 2710 Verum
3243 2655 3375 2725 quia
3438 2653 3652 2719 viventi,
3690 2661 3728 2705 et

2213 2751 2389 2805 adhuc
2417 2754 2470 2804 in
2501 2764 2726 2820 corpore
2752 2750 2951 2818 posito,
2991 2765 3078 2804 res
3119 2748 3375 2817 quamvis
3427 2746 3657 2801 scelerata
3690 2751 3727 2796 et

2214 2840 2451 2895 inaudita
2493 2841 2834 2911 contigerat“,
2865 2841 2973 2895 doli
3005 2829 3407 2910 cognitifactio
3425 2837 3728 2906 deprehensa,

2213 2935 2422 2987 detecta
2459 2932 2722 2987 scelerum
2770 2932 3024 2987 machina
3056 2930 3232 3001 potuit
3280 2927 3726 2986 emendari.Adhi-

2212 3025 2324 3079 hita
2374 3025 2519 3079 enim
2569 3025 2782 3080 curatio
2825 3035 2909 3080 est
2936 3025 3358 3090 assertionibus,
3401 3019 3727 3078 satisfactioni-

2210 3116 2335 3180 bus,
2367 3126 2424 3171 et
2458 3118 2711 3172 omnibus
2759 3117 2844 3170 his
2893 3131 3018 3187 quae
3075 3117 3320 3172 viventes
3365 3131 3462 3185 pro
3509 3129 3563 3170 se
3595 3111 3728 3167 facere

608 3209 805 3264 Verum
837 3224 906 3264 ne
936 3209 1020 3265 cui
1049 3209 1187 3264 forte
1219 3209 1398 3263 minus
1427 3209 1494 3263 ad
1522 3209 1853 3264 credendum
1888 3208 2113 3263 videan-
2141 3261 2178 3281 ﬁ
2216 3218 2456 3275 possunt.
2483 3209 2617 3264 Nam
2648 3209 2844 3264 mortui
2881 3210 2992 3280 pati
3029 3209 3162 3263 nihil
3190 3209 3461 3264 refutant.

535 3310 627 3354 tur
667 3302 858 3357 idonea
885 3315 946 3356 ea
977 3316 1096 3371 quae
1129 3316 1196 3356 ex
1231 3300 1386 3356 libris
1427 3299 1736 3355 Graecorum
1788 3300 2114 3370 scriptorum

539 3393 784 3462 exempla
834 3393 1156 3462 protulimus
1177 3433 1194 3460 ,
1239 3393 1489 3462 quamvis
1523 3393 1745 3449 Graecus
1777 3393 2009 3463 scriptor
2035 3394 2108 3447 sit

540 3499 640 3552 pro
674 3498 779 3553 quo
810 3482 1127 3540 satisfacere
1172 3483 1454 3551 videmur,
1495 3484 1609 3554 (57)
1642 3493 1819 3540 tamen
1856 3484 2111 3553 quoniam

542 3575 937 3643 quodammodo
987 3576 1040 3629 in
1067 3574 1314 3629 Latinam
1345 3575 1586 3645 linguam
1618 3591 1798 3631 sermo
1829 3576 2112 3632 devolutus

539 3674 716 3729 est,et
745 3666 995 3721 satisﬁeri
1030 3667 1193 3722 etiam
1226 3668 1431 3722 Latinis
1467 3667 1772 3722 hominibus
1803 3683 1901 3736 pro
1931 3669 2015 3722 his
2045 3685 2111 3723 ex

541 3757 740 3825 quibus
777 3755 1129 3814 calumniosis
1176 3758 1720 3828 interpretationibus
1760 3757 2116 3813 vulnerantur

609 3877 654 3908 ¹⁸
683 3875 703 3930 l
733 3876 859 3932 Cor.
890 3893 1002 3944 x1v,
1027 3877 1117 3935 52.
1193 3877 1240 3909 ⁸³
1268 3878 1286 3932 Ι
1312 3877 1438 3934 Cor.
1475 3894 1572 3943 xu,
1612 3877 1704 3932 25.

541 3992 730 4118 α’(ὅῦ)
781 3992 946 4057 Editt,
999 4005 1057 4048 ut
1113 3995 1274 4060 credi,
1325 4003 1432 4050 etc.
1483 3993 1614 4050 Mss.
1666 4008 1820 4057 vero,
1850 3994 1979 4063 quia
2007 4009 2118 4047 cre-

580 4081 618 4118 ι.
643 4074 748 4117 etc.

580 4065 618 4128 i,
643 4074 748 4117 etc.

541 4203 554 4215 .
620 4133 731 4215 (⁵56)
760 4132 925 4197 Editi,
952 4135 1310 4203 portabimus;
1352 4134 1871 4202 alias,portavimus.
1905 4132 2031 4187 Mss.
2062 4141 2121 4185 ut

539 4213 595 4256 in
630 4213 799 4256 texui.

615 4272 728 4343 (57)
772 4272 899 4344 Mss.
951 4273 1081 4337 alii,
1118 4284 1292 4326 tamen
1328 4275 1578 4344 quoniam
1601 4273 1819 4337 quodin
1848 4272 2115 4335 Latinam,

542 4341 675 4406 etc};
705 4343 830 4406 alii,
861 4351 1037 4396 tamen
1063 4341 1390 4412 qnoniamjn
1411 4341 1681 4407 Latinam,
1718 4354 1823 4396 etc.
1857 4344 1963 4396 Sed
2029 4357 2117 4396 re-

542 4413 684 4466 Ctius
712 4415 840 4464 editi
873 4421 928 4464 ut
959 4414 1009 4465 in
1044 4422 1230 4478 textu;
1263 4413 1494 4482 quiediti
1522 4413 2113 4482 pauloposliperpgram

542 4482 778 4543 habent,
812 4497 904 4546 pro
925 4482 1007 4534 his
1035 4482 1124 4550 qui
1153 4498 1218 4536 ea:
1251 4478 1591 4536 calumniosis
1619 4498 1634 4548 ;
1667 4478 1920 4549 etinfr—a:
1957 4478 2025 4534 Et
2053 4497 2116 4534 ne

544 4550 672 4618 quid
700 4553 943 4613 perfecta!
974 4551 1298 4619 crcdulitati,
1327 4562 1437 4606 etc.

623 4619 739 4692 (58)
772 4619 1018 4692 ﬂitarius
1057 4619 1402 4692 Pictgvicnsis
1431 4621 1732 4692 episcopus,
1763 4630 1869 4692 etc.
1906 4619 2108 4692 Hiero-

544 4689 740 4760 nymus
771 4690 863 4760 lib.
880 4700 1147 4754 tt,contra
1169 4689 1417 4757 Ruﬁnum
1440 4689 1465 4745 ξ
1493 4708 1511 4742 ‹
1536 4690 1649 4746 Νοιι
1674 4691 1722 4745 ei
1752 4689 1944 4747 suﬂicit
1968 4691 2115 4745 Grae-

549 4758 644 4813 cus
669 4769 724 4814 et
758 4758 1012 4830 antiquos
1037 4760 1387 4826 calumniari,
1411 4761 1476 4815 de
1502 4762 1698 4829 quibus
1725 4776 1822 4830 pro
1846 4769 2116 4830 vetustate

551 4839 858 4896 temporum
883 4827 1359 4900 et_longinquitate.
1410 4827 1690 4900 regionum
1727 4827 1899 4900 habet
1945 4829 2114 4887 licen-

547 4900 680 4952 tiam
701 4897 960 4969 quidquid
985 4896 1215 4969 vol'uerit
1240 4896 1532 4955 mentiendi
1560 4919 1574 4954 :
1599 4901 1748 4954 venit
1776 4899 1842 4953 ad
1866 4899 2113 4962 Latinos,

549 4979 606 5024 et
635 4968 869 5040 primum
903 4971 1055 5037 ponit
1099 4968 1361 5040 Hilarium
1407 4969 1802 5034 confessorem,
1831 4971 1972 5040 quod
1997 4979 2119 5039 post

548 5038 946 5110 Ariminensem
973 5038 1236 5110 synodum
1264 5041 1400 5096 liber
1431 5041 1578 5096 illius
1600 5040 1824 5095 falsatus
1849 5038 1922 5110 ab
1947 5038 2120 5110 haere-

551 5109 674 5164 ticis
704 5111 775 5162 sit
805 5126 818 5162 :
860 5118 914 5162 et
945 5108 1015 5162 ob
1044 5110 1185 5164 hanc
1217 5125 1438 5165 causam
1473 5126 1595 5166 cum
1643 5112 1695 5164 in
1735 5109 1966 5164 concilio
1987 5108 2120 5178 lepi-

556 5194 844 5248 scoporum
873 5180 922 5233 ei
944 5180 1176 5247 quaestio
1206 5190 1533 5247 moveretur,
1562 5180 1798 5249 proferri
1828 5179 2023 5233 librum
2052 5182 2119 5233 de

553 5249 714 5304 domo
736 5249 1110 5318 suajusserit;
1161 5251 1278 5319 qui,
1333 5252 1605 5305 nesciente
1658 5265 1738 5314 se,
1797 5249 1848 5301 in
1905 5249 2119 5319 scriniis

554 5321 666 5373 suis
699 5317 988 5375 haereticus
1017 5317 1344 5374 tenebatur:
1377 5335 1607 5389 cumque
1643 5320 1886 5390 prolatus
1897 5317 2116 5390 fuisset,

553 5397 607 5441 et
630 5389 696 5444 ah
723 5391 976 5444 omnibus
1005 5391 1292 5444 hmreticus
1330 5388 1624 5460 judicatus,
1644 5388 1845 5460 auctor
1875 5388 1996 5442 libri
2027 5403 2122 5460 ex-

554 5461 1014 5525 communicatus,
1047 5462 1112 5514 de
1141 5456 1352 5514 concilii
1397 5461 1754 5516 conventione
1788 5456 2116 5512 discesserit.

552 5528 624 5600 Et
648 5539 812 5584 tantae
830 5531 1167 5585 auctoritatis
1183 5547 1241 5586 se
1270 5540 1440 5600 putat,
1459 5543 1674 5595 nt,cum
1704 5531 1806 5584 hoc
1839 5527 2121 5600 familiari—

551 5599 656 5652 bus
692 5602 807 5654 suis
840 5611 1024 5654 narrat
1048 5597 1339 5662 somnium,
1367 5616 1524 5654 nemo
1545 5603 1592 5656 ei
1624 5612 1809 5654 contra
1845 5597 2124 5653 confesso-

553 5682 668 5721 rem
699 5670 799 5724 iSta
842 5669 1122 5724 simulanti
1157 5673 1353 5724 audeat
1383 5672 1778 5724 contradicere.
1810 5667 2118 5738 Responde,

553 5751 737 5804 quaeso
769 5760 782 5810 ς
819 5739 1093 5810 Synodus,
1143 5755 1174 5793 a
1222 5755 1326 5809 qua
1372 5740 1870 5794 excommunicatus
1914 5747 2018 5799 est,
2050 5739 2120 5810 _in

551 5821 657 5874 qua
704 5809 836 5862 urbe
861 5807 1020 5862 fuit?
1066 5809 1163 5863 Dic
1190 5807 1567 5878 episcoporum
1598 5809 1855 5863 vocabula
1891 5827 1906 5871 ;
1937 5807 2122 5876 profer

552 5879 864 5935 sententias
915 5880 1403 5950 subscriptionum,
1453 5879 1538 5934 vel
1591 5881 1978 5944 diversitatem,
2031 5879 2115 5933 vel

2288 3301 2402 3370 (Η)
2442 3299 2624 3354 Sancti
2654 3298 2908 3371 Cypriani
2945 3301 3202 3369 martyris
3230 3301 3379 3354 solet
3405 3311 3561 3354 omne
3580 3295 3726 3366 episto-

2216 3394 2390 3446 larmn
2443 3408 2643 3462 corpus
2692 3395 2744 3447 in
2793 3407 2900 3447 uno
2947 3393 3138 3447 codice
3187 3392 3382 3446 scribi.
3417 3390 3544 3444 l-luic
3565 3382 3726 3456 corpori

2218 3483 2457 3539 bzeretici
2497 3484 2715 3552 quidam
2749 3482 2840 3552 qui
2869 3483 2922 3536 in
2952 3482 3212 3553 Spiritum
3243 3490 3494 3536 sanctum
3532 3477 3726 3544 blasphe-

2216 3585 2392 3639 mant,
2423 3572 2746 3629 Tertulliani
2779 3573 3015 3628 libellum
3063 3575 3143 3628 De
3186 3574 3451 3628 Trinitatc
3495 3569 3728 3641 reprehen-

2216 3668 2444 3722 sihiliter
2477 3669 2762 3737 (quantum
2795 3667 2860 3723 ad
2913 3669 3195 3722 veritatem
3244 3667 3372 3722 ﬁdei
3427 3676 3605 3722 nostra:
3643 3675 3728 3731 per-

2217 3758 2378 3868 ti/net)
2423 3761 2685 3828 scriptum
2740 3759 3070 3825 inserentes,
3121 3767 3176 3813 et
3226 3756 3633 3828 quamplurimos
3663 3763 3728 3805 co-

2225 3988 2656 4045 consonantiam.
2691 3989 2832 4042 Dore
2871 3987 2958 4056 qui
2992 4001 3057 4058 eo
3087 3999 3227 4058 anno
3253 3983 3505 4058 consules
3532 3979 3724 4058 fuerint:

2225 4063 2346 4126 quis
2377 4061 2672 4129 imperator
2701 4059 2842 4129 hanc
2876 4055 3134 4129 synodum
3163 4055 3394 4129 jusserit
3422 4055 3722 4129 congregari;

2225 4122 2481 4185 Callimne
2513 4136 2718 4182 tantum
2751 4122 2988 4195 episcopi
3044 4122 3265 4190 fuerint,
3313 4141 3384 4177 an
3437 4132 3490 4195 et
3514 4122 3653 4176 Italia:
3689 4125 3727 4170 et

2226 4198 2494 4268 Hispaniae
2531 4217 2544 4251 :
2574 4207 2724 4268 certe
2752 4193 2911 4266 quam
2937 4193 3012 4250 iob
3036 4209 3252 4268 causam
3285 4193 3522 4268 synodus
3555 4202 3727 4268 congre-

2225 4260 2348 4338 gata
2380 4271 2469 4322 sit.
2497 4267 2642 4322 Nihil
2675 4260 2868 4338 borum
2903 4265 3168 4338 nominas,
3199 4267 3294 4338 sed
3317 4260 3727 4338 'virunreloquen-

2217 4331 2507 4401 tissimum,
2536 4348 2592 4392 et
2618 4347 2805 4391 contra
2836 4335 3067 4388 Arianos
3094 4335 3268 4389 Latini
3289 4332 3549 4388 sermonis
3572 4331 3726 4401 iubant,

2217 4418 2276 4462 ut
2313 4395 2601 4478 Origenem
2633 4405 2890 4461 defendas
2909 4445 2926 4472 ,
2961 4406 3492 4459 excommunicatum
3521 4417 3546 4455 a
3572 4395 3726 4468 synodo

2215 4493 2540 4532 criminans.
2574 4495 2592 4528 ι

2290 4546 2404 4618 ('59)
2439 4547 2536 4600 Ms.
2569 4560 2731 4610 unus,
2758 4544 2833 4597 sci

2218 4619 2496 4675 sentiente.

2285 4685 2398 4757 (40)
2420 4686 2495 4757 l‘t_a
2525 4701 2714 4740 omnes
2734 4699 2866 4741 mss.
2897 4684 3085 4757 nostri.
3107 4683 3245 4757 Editi
3277 4690 3724 4757 veramperperam.

2215 4747 2413 4826 facere.
2458 4755 2625 4810 Paulo
2653 4764 2773 4826 post
2815 4755 3229 4826 mss._plerique
3251 4761 3327 4826 et_
3353 4747 3502 4826 editi,
3543 4747 3643 4826 dolo
3665 4760 3726 4796 co-

2213 4818 2362 4897 :qnito
2388 4826 2549 4896 factio
2576 4818 3058 4897 deprehensanS—ed
3088 4818 3291 4897 rectius
3315 4818 3725 4897 haberevidentttr

2215 4891 2354 4953 inss.
2386 4891 2720 4952 Sorhonicus
2744 4903 2800 4950 et
2831 4893 2890 4948 S.
2934 4893 3214 4951 Michaelis
3244 4893 3297 4946 in
3327 4891 3561 4946 Periculo
3587 4891 3724 4942 maris.

2217 4967 2328 5038 doli
2371 4965 2758 5038 cognitjahfox
2808 4979 2997 5038 omnes
3029 4978 3174 5038 mss.
3217 4965 3484 5038 omittunt
3503 4960 3621 5013 enim
3642 4959 3725 5038 post

2218 5031 2493 5093 Adhibita.
2531 5036 2696 5091 Solus
2722 5035 2922 5103 Regius
2955 5035 3153 5098 habet,
3211 5044 3264 5087 et
3310 5031 3536 5092 adhibita
3575 5035 3727 5081 curatio

2217 5118 2314 5170 εει,
2339 5117 2441 5160 etc.

2297 5166 2410 5250 (Η)
2471 5177 2657 5250 S_ancti
2705 5175 2982 5250 Cypriani,
3020 5187 3128 5250 etc.
3183 5176 3533 5250 Hieronymus
3569 5166 3724 5250 muli.

2224 5236 2476 5303 aduersus
2504 5236 2794 5315 Ruﬁnum?
2811 5265 2830 5298 ι
2855 5236 3306 5302 δεξειέοηΐεεεοτίε
3333 5236 3554 5316 (Hilarii)
3579 5236 3724 5316 calolll‘

2225 5317 2312 5370 nia
2351 5313 2624 5387 utcunque
2659 5317 2958 5371 toleranda.
3010 5317 3230 5372 Transit
3259 5313 3599 5387 ad'inclytum
3622 5315 3727 5387 mat;

2229 5397 2400 5458 .ymm
2454 5382 2804 5458 Cyprianiun,
2832 5397 2886 5441 et
2918 5388 3050 5442 dicit
3076 5385 3395 5458 Tertull-iani
3443 5382 3724 5458 li'btjtlmofj"

2225 5448 2416 5512 titulus
2463 5448 2566 5521 est',
2597 5457 2671 5510 De
2704 5448 2984 5528 Trinitate,
3016 5457 3115 5512 sub
3140 5457 3355 5528 nomine
3381 5469 3491 5528 ejus
3517 5448 3725 5528 09ης»μηῖ

2227 5528 2445 5596 tinopoli
2485 5544 2512 5581 a
2545 5504 2940 5582 Macedonians:
2969 5504 3141 5596 partis
3159 5504 3426 5581 luereticis
3453 5504 3727 5596 lectitatﬂt}

2225 5581 2602 5663 qun'crimiue
2653 5599 2911 5667 mentitur
2961 5581 3088 5652 duo.
3151 5597 3281 5650 Nam
3309 5609 3420 5667 nec
3467 5581 3724 5667 Tertulliani

2227 5656 2363 5721 liber
2395 5678 2500 5735 est,
2525 5683 2628 5723 nec
2660 5666 2914 5738 Cypriani
2941 5668 3278 5738 dicitur,sei_l
3305 5656 3726 5738 Noﬁvatianinctujis

2229 5749 2282 5790 ct
2308 5723 2625 5792 inscribitur
2657 5723 2834 5804 tiiulo,
2870 5747 2925 5793 et
2950 5723 3192 5795 auctoris
3217 5723 3484 5806 eloquium
3511 5723 3725 5798 5‘1"?”

2228 5807 2434 5877 prietas
2461 5811 2814 5864 demonstrat.
2853 5826 2874 5860 ι

2835 4553 2989 4599 entc:
3027 4542 3121 4598 sed
3167 4545 3350 4598 caeteri
3384 4557 3512 4597 mss.
3544 4548 3591 4594 et
3615 4533 3726 4599 editi,
