3866 6548
385 389 486 446 631

1018 386 1256 445 RUFINI
1293 387 1497 446 LIBER
1533 387 1623 442 DE
1663 383 2254 444 ADULTERATIONE
2288 381 2650 439 LIBRORUM
2685 371 3033 440 ORIGENIS.

3544 385 3640 444 652

393 507 496 559 hoc
527 503 580 558 in
607 502 728 557 loco
759 500 962 556 veritas
1005 501 1209 560 latens.
1247 499 1364 556 Non
1409 503 1552 558 enim
1599 502 1860 572 possibile
1890 510 1974 556 est
2002 505 2049 562 Α
2085 499 2203 567 ejus
2231 500 2380 555 salva
2410 497 2534 553 lidei
2567 497 2774 570 regula,
2804 508 2968 570 atque
2997 499 3208 571 integra
3251 502 3458 572 pietate
3507 503 3637 575 lege-

389 608 498 652 tam
530 593 942 666 iniquojudicio
990 595 1067 648 uti
1111 609 1441 666 quemquam
1470 596 1772 664 hominum,
1811 605 1871 648 ut
1903 596 1972 649 de

383 701 549 741 causa
581 685 775 755 arquati
806 700 912 740 non
943 685 1228 754 mqualiter
1264 687 1488 741 sentiat.
1543 687 1648 742 Sed
1680 687 1822 756 quod
1868 701 1970 741 au-

385 789 568 834 ctores
599 779 1032 834 obtrectatorum
1062 778 1181 850 ejus
1213 780 1248 835 ii
1279 789 1404 836 sunt
1430 780 1520 850 qui
1548 780 1701 834 velin
1730 780 1970 837 Ecclesia

386 871 664 940 disputare
709 868 873 926 latius
922 871 1120 937 solent,
1162 871 1246 927 vel
1286 872 1452 926 etiam
1484 872 1652 928 libros
1701 874 1966 939 scribere,

387 964 482 1033 qui
517 973 689 1019 totum
719 964 787 1020 de
818 963 1055 1034 Origene
1101 965 1189 1019 vel
1234 964 1531 1034 loquuntur
1563 965 1649 1020 vel
1697 967 1967 1032 scribunt,

387 1053 505 1127 (55)
550 1071 618 1110 ne
652 1071 780 1125 ergo
803 1056 984 1124 plures
1015 1057 1253 1126 ipsorum
1305 1055 1447 1111 furta
1470 1068 1822 1128 cognoscant.
1847 1073 1970 1128 qua:

384 1145 594 1215 'utique,
635 1147 679 1200 si
717 1145 915 1217 ingrati
946 1147 997 1199 in
1028 1146 1352 1216 magistrum
1381 1161 1486 1201 non
1517 1156 1718 1212 essent,
1760 1161 1968 1216 nequa-

384 1253 548 1308 quam
572 1238 865 1292 criminosa
890 1238 1222 1302 viderentur,
1251 1238 1611 1309 simpliciores
1637 1253 1879 1309 quosque
1900 1238 1968 1294 ab

384 1329 507 1400 ejus
533 1328 773 1384 lectione
806 1330 1102 1388 deterrent.

460 1420 574 1492 (54)
604 1420 850 1491 Denique
879 1421 1102 1491 quidam
1127 1437 1196 1478 ex
1225 1422 1380 1494 ipsis,
1416 1425 1507 1494 qui
1539 1440 1600 1479 se
1627 1423 1774 1478 velut
1799 1438 1966 1478 evan-

385 1509 678 1581 gelizandi,
709 1512 1086 1568 necessitatem
1134 1527 1234 1582 per
1287 1529 1478 1572 oumes
1527 1525 1718 1582 gentes
1769 1524 1824 1568 et
1871 1528 1968 1582 per

384 1616 574 1657 omnes
611 1602 819 1672 linguas
851 1602 1052 1657 habere
1114 1614 1267 1675 putat
1299 1606 1368 1661 de
1404 1606 1638 1677 Origene
1669 1606 1812 1662 male
1838 1607 1959 1678 (55)

385 1695 662 1764 loquendi,
690 1710 783 1749 sex
817 1695 985 1749 millia
1015 1695 1278 1752 librorum
1311 1697 1427 1766 ejus
1448 1713 1508 1754 se
1533 1698 1749 1770 legisse,
1779 1713 1969 1768 quatu-

384 1787 615 1856 plurima
666 1787 896 1842 fratrum
951 1787 1304 1844 multitudine
1351 1790 1627 1856 audiente,
1678 1790 1964 1846 confessus

383 1885 488 1933 est.
525 1877 626 1945 Qui
661 1878 706 1933 si
738 1877 944 1948 utique,
976 1887 1036 1933 ιιι
1085 1878 1201 1949 ipse
1245 1878 1426 1934 dicere
1454 1880 1611 1944 solet,
1643 1893 1740 1948 pro
1761 1894 1966 1948 coguo-
2005 1866 2044 1920 Β

385 1970 602 2050 scendis
641 1970 799 2026 malis
828 1969 947 2040 ejus
984 1970 1217 2041 legebat,
1239 1971 1491 2027 sufﬁcere
1524 1981 1771 2042 poterant
1794 1971 1843 2023 ei
1873 1971 1972 2024 de-

383 2078 500 2118 cem
527 2063 647 2117 libri
681 2065 747 2118 ad
782 2065 1246 2134 cognoscendum,
1299 2075 1396 2119 aut
1443 2064 1634 2133 viginti
1668 2075 1840 2131 certe,
1884 2064 1970 2122 vel

384 2165 443 2208 ut
475 2156 767 2226 plurimum
823 2158 1066 2225 triginta.
1109 2158 1217 2213 Sex
1267 2157 1434 2212 millia
1469 2169 1656 2212 autem
1688 2158 1854 2212 libros
1888 2159 1968 2212 le-

382 2261 532 2316 gere,
562 2246 674 2317 jam
707 2261 813 2321 non
849 2248 985 2303 velle
1011 2262 1346 2319 cognoscere
1374 2258 1480 2313 est,
1507 2249 1600 2303 sed
1638 2255 1806 2301 totam
1833 2262 1971 2316 pene

383 2338 548 2394 vitam
615 2355 767 2395 suam
819 2339 1119 2410 disciplinis
1182 2340 1300 2410 ejus
1377 2348 1430 2394 et
1501 2339 1694 2394 studiis
1749 2339 1965 2393 dedere.

381 2429 661 2498 Quomodo
716 2447 847 2502 ergo
903 2433 1100 2487 merito
1145 2433 1248 2487 iste
1296 2432 1599 2487 audiendus
1660 2440 1784 2496 est,
1841 2445 1966 2484 cum

382 2537 476 2578 eos
530 2523 714 2590 culpat
754 2525 846 2594 qui
897 2523 1276 2579 instructionis
1332 2539 1445 2578 suae
1487 2539 1650 2578 causa
1696 2538 1964 2594 perpauca

451 2712 500 2744 “
527 2711 547 2766 ι
577 2710 768 2766 Thess.
798 2726 851 2776 v,
880 2709 972 2766 21.
1049 2714 1096 2744 ⁸⁵
1130 2713 1296 2781 Apoc.
1353 2728 1458 2776 xu,
1518 2713 1600 2770 l0.

383 2869 508 2936 quia
556 2869 672 2938 pari
715 2869 1004 2932 sententia,
1039 2869 1162 2936 quia
1211 2870 1326 2936 pari
1402 2878 1452 2922 et
1511 2868 1738 2938 spiritu,
1803 2867 1967 2938 illum

385 2940 700 2992 htPrct'tcum
732 2941 1056 2994 denuntiant
1081 2941 1312 3008 populis,
1345 2939 1492 2993 fures
1519 2937 1776 2992 librorum
1814 2937 1958 2992 illius

383 3009 657 3077 iudicandi
690 3017 819 3062 sunt
851 3027 865 3063 :
916 3021 973 3066 et
1018 3015 1234 3079 quando
1270 3012 1321 3064 in
1363 3010 1608 3079 ecclesiis
1647 3011 1965 3079 przedioau-t,

386 3096 497 3134 non
554 3080 961 3146 Scripturarum
1019 3078 1310 3150 mysteria,
1368 3083 1465 3135 sed
1516 3078 1770 3148 Origenis
1823 3078 1966 3133 furta

387 3151 858 3204 commemorant?
886 3150 1000 3205 Non
1039 3147 1135 3205 tibi
1165 3152 1358 3205 snllicit
1389 3153 1591 3220 passim
1622 3147 1811 3204 contra
1843 3166 1961 3202 uin—
1995 3147 2036 3204 C

389 3235 490 3274 nes
529 3221 874 3284 detrectatio,
917 3223 1019 3276 nisi
1066 3222 1376 3290 specialiter
1410 3230 1598 3276 contra
1645 3222 1864 3274 beatum
1902 3231 1956 3273 et

392 3292 972 3362 insignemiEcclesiae
1027 3293 1364 3347 sacerdotem
1404 3293 1529 3362 styli
1585 3293 1660 3362 tui
1718 3291 1962 3344 lanceam

389 3361 634 3430 dirigas?
663 3361 794 3428 Quis
825 3372 910 3417 est
947 3362 1056 3428 il—le,
1097 3364 1190 3432 qui
1219 3362 1364 3416 velut
1397 3361 1780 3432 necessitatem
1805 3377 1965 3414 evan-

390 3432 660 3502 gelmandi
697 3448 795 3501 per
819 3447 1011 3487 omnes
1041 3431 1229 3502 gentes
1271 3441 1327 3487 et
1371 3448 1470 3501 per
1511 3447 1705 3486 omnes
1753 3431 1963 3498 linguas

387 3501 594 3557 habere
625 3517 686 3556 se
715 3512 892 3571 putat,
951 3505 1015 3558 de
1048 3501 1294 3572 Origene
1348 3503 1488 3556 male
1540 3501 1840 3570 loquendi?
1867 3503 1960 3571 qui

387 3588 483 3643 sex
521 3573 685 3627 millia
719 3575 984 3628 librorum
1013 3575 1133 3642 ejus
1168 3571 1236 3628 se
1289 3571 1502 3643 legisse,
1557 3572 1958 3643 quamplurima

386 3641 620 3698 fratrum
674 3643 1018 3699 multitudine
1044 3641 1365 3708 audiente,
1401 3644 1686 3697 confessus
1724 3642 1853 3696 est?
1898 3642 1956 3694 lu

388 3722 494 3834 qua
525 3713 872 3768 multitudine
906 3722 959 3768 et
991 3724 1211 3769 caterva
1241 3713 1472 3766 fratrum
1510 3724 1564 3766 tu
1598 3727 1814 3780 quoque
1845 3727 1958 3766 me.

389 3805 404 3834 ι
430 3784 512 3834 ius
541 3799 682 3834 cras.
717 3785 935 3834 quando
956 3784 1044 3834 ille
1070 3786 1121 3834 in
1144 3799 1241 3834 sua
1278 3783 1512 3834 Enistola
1547 3784 1814 3834 queritur.
1862 3798 1958 3834 bro

389 3783 512 3838 dius
541 3799 682 3845 cras,
717 3784 1044 3852 quandoille
1069 3786 1121 3839 in
1144 3799 1241 3838 sua
1278 3783 1512 3852 Epistula
1547 3784 1814 3852 queritur,
1862 3798 1960 3849 pro

389 3853 642 3924 Origeuis
663 3855 856 3908 haeresi
886 3853 1090 3909 nefaria
1124 3871 1154 3908 a
1185 3865 1234 3908 te
1265 3855 1518 3917 dogmata
1549 3869 1666 3908 esse
1707 3854 1912 3920 prolata
1938 3852 1962 3906 ‘1'

387 3924 612 3978 Crimini
645 3926 694 3980 ei
727 3925 963 3978 dandum
1003 3935 1090 3981 est
1133 3939 1302 3991 quare
1333 3925 1602 3992 Graecam,
1651 3924 1866 3993 Syram,
1909 3933 1964 3978 et

389 3993 693 4066 llebramm,
722 4004 777 4048 et
805 3993 1180 4066 (Egyptiacam
1209 3997 1472 4066 linguam,
1496 4011 1561 4049 ex
1593 4009 1747 4065 parte
1778 4005 1832 4048 et
1857 3995 1963 4049 La-

392 4065 557 4136 tinam
595 4065 847 4119 uovcrit?
880 4065 1022 4136 Ergo
1050 4065 1381 4134 etapostuli,
1423 4075 1478 4121 et
1520 4066 1799 4136 apostolici
1835 4066 1962 4128 viri,

387 4135 480 4205 qui
530 4134 726 4205 linguis
773 4134 1152 4204 loquebantur,
1210 4137 1263 4190 in
1316 4134 1754 4191 crimine‘suut:
1794 4145 1848 4190 et
1877 4151 1963 4189 me

395 4203 729 4276 trilinguem,
762 4203 1024 4276 bilinguis
1055 4207 1170 4276 ipse
1207 4206 1449 4262 ridebis?
1488 4207 1561 4261 De
1596 4221 1690 4262 sex
1720 4207 1964 4259 millibus

390 4284 571 4329 autem
605 4276 865 4331 librorum
891 4316 908 4342 ,
944 4292 1078 4345 quos
1113 4278 1183 4331 ab
1215 4292 1281 4332 eo
1321 4279 1489 4332 lectos
1521 4292 1644 4331 esse
1676 4277 1961 4345 contingis,

389 4345 513 4414 quis
537 4348 726 4400 credet
772 4356 864 4399 aut
911 4343 976 4400 te
1005 4363 1194 4402 verum
1237 4348 1500 4411 dicerem,
1547 4358 1639 4401 aut
1681 4343 1828 4401 illum
1861 4343 1964 4415 po-

390 4415 561 4487 tuisse
588 4415 940 4487 mentiri?Si
984 4419 1124 4472 enim
1158 4418 1420 4487 Origenes
1469 4434 1566 4472 sex
1609 4419 1773 4470 millia
1829 4417 1969 4472 scri-

390 4484 588 4553 psisset
620 4485 904 4556 librorum,
922 4497 1177 4556 potuerat
1204 4484 1318 4542 lie'ri
1353 4498 1410 4541 ut
1438 4489 1521 4541 vir
1545 4489 1964 4550 eruditissimus,

2073 592 2242 646 runt?

2148 683 2261 756 (56)
2291 683 2574 739 Sulliciant
2605 683 2720 739 haec
2763 684 2831 739 ad
2873 684 3272 739 ostendendum
3318 686 3552 756 qualiter
3581 690 3640 745 de

2075 776 2330 845 Origeuis
2356 776 2512 834 libris
2534 777 2876 832 sentiendum
2911 776 3004 832 sit.
3039 776 3108 831 Et
3131 787 3264 847 puto
3285 779 3440 848 quod
3476 780 3641 837 omnis

2073 871 2164 940 qui
2201 885 2306 925 non
2336 868 2726 937 contentionis,
2779 869 2875 924 sed
2916 869 3167 925 veritatis
3206 872 3642 943 studium_gerit,

2073 964 2235 1020 facile
2263 964 2349 1018 his
2382 972 2492 1016 tam
2524 962 2863 1018 evidentibus
2889 962 3286 1020 assertionibus
3319 965 3640 1035 acquie‘scat.

2071 1056 2226 1121 Quod
2260 1055 2304 1109 si
2346 1055 2467 1124 quis
2495 1054 2546 1108 in
2577 1054 2926 1110 contentione
2971 1067 3067 1107 sua
3112 1065 3416 1123 permanet,
3443 1067 3642 1112 0051!-

2071 1150 2176 1203 lem
2215 1146 2676 1203 consuetudinem
2707 1160 2813 1202 non
2845 1147 3133 1202 habemus.
3173 1146 3463 1202 Definitum
3509 1149 3643 1204 enim

2071 1249 2157 1295 est
2203 1239 2343 1308 apud
2390 1252 2510 1304 nos,
2559 1236 2832 1308 siquando
2873 1251 2999 1293 eum
3057 1237 3307 1308 legimus,
3358 1241 3650 1295 secundum

2071 1333 2246 1389 sancti
2279 1333 2527 1402 Apostoli
2568 1331 3049 1389 commonitionem
3110 1342 3299 1387 tenere
3345 1348 3475 1402 qua:
3519 1333 3644 1388 bona

2071 1424 2288 1480 sunt".
2325 1424 2381 1480 Si
2409 1425 2538 1495 quid
2573 1435 2756 1479 autem
2794 1425 3072 1479 inventum
3110 1424 3279 1479 fuerit
3322 1426 3374 1479 in
3407 1425 3495 1480 his
3517 1427 3648 1499 qpod

2073 1533 2196 1572 cum
2230 1517 2337 1570 lide
2365 1515 2636 1570 catholica
2669 1531 2776 1570 non
2800 1525 3086 1581 consonat,
3126 1515 3232 1571 hoc
3274 1525 3330 1571 et
3373 1515 3446 1570 ab
3487 1515 3646 1582 haere-

2076 1608 2198 1662 ticis
2224 1607 2568 1677 suspicamur
2603 1609 2894 1674 insertum,
2917 1598 2975 1662 et
3011 1619 3118 1662 tam
3173 1607 3244 1663 ab
3283 1608 3432 1664 illius
3468 1623 3650 1674 sensu,

2071 1715 2232 1770 quam
2269 1716 2298 1754 a
2333 1711 2518 1756 nostra
2542 1701 2645 1756 ﬁde
2682 1700 2929 1756 ducimus
2971 1699 3239 1754 alienum.
3268 1699 3324 1753 lu
3353 1715 3467 1771 quo
3492 1700 3648 1756 etiam

2069 1790 2112 1844 si
2137 1790 2394 1855 lallimur,
2424 1790 2599 1856 nihil,
2629 1801 2689 1846 ut
2721 1791 2936 1861 opinor,
2984 1791 3208 1861 periculi
3253 1791 3368 1860 (57)
3401 1792 3646 1861 “hujusce-

2075 1880 2218 1933 modi
2249 1894 2436 1934 errore
2461 1879 2815 1934 incurrimus.
2854 1877 2989 1933 Nam
3016 1889 3070 1933 et.
3095 1879 3222 1949 ipsi,
3261 1880 3371 1932 Deo
3406 1876 3648 1947 juvante,

2077 1985 2458 2041 perrnauemus
2499 1971 2681 2035 illaesi,
2716 1970 2937 2025 vitando
2966 1985 3031 2025 ea
3059 1987 3181 2041 qua:
3211 1981 3467 2039 suspecta
3491 1971 3649 2025 babe-

2075 2081 2218 2132 mus,
2242 2074 2297 2119 et
2332 2063 2734 2133 improbamus,
2779 2074 2833 2119 et
2876 2073 3226 2119 accusatores
3268 2062 3502 2116 fratrum
3549 2079 3648 2118 non

2075 2153 2417 2208 inveniemur
2464 2155 2606 2224 apud
2662 2154 2860 2219 Deum,
2933 2154 3057 2224 quia
3110 2153 3310 2209 diaboli
3377 2154 3649 2224 proprium

2074 2246 2177 2300 hoc
2231 2261 2369 2316 opus
2425 2261 2546 2301 esse
2595 2245 2797 2301 dicitur
2854 2245 3154 2301 accusandi
3211 2245 3469 2302 fratres:
3520 2246 3650 2302 unde

2077 2349 2131 2393 et
2179 2339 2295 2409 (58)
2343 2338 2589 2393 diabolus
2628 2354 2658 2392 a
2707 2338 3049 2394 criminando
3081 2353 3281 2394 nomen
3331 2339 3648 2410 accepit”:

2075 2431 2236 2486 simul
2286 2440 2342 2484 et
2404 2430 2794 2486 maledicorum
2852 2429 3180 2486 sententiam
3235 2445 3358 2498 quae
3405 2446 3437 2484 a
3495 2445 3659 2501 regno.

2077 2522 2445 2609 Dei/separat
2502 2537 2596 2598 eos
2661 2523 2752 2592 qui
2834 2522 2970 2578 tales
3043 2531 3172 2596 sunt
3222 2522 3269 2552 ’⁸
3310 2562 3327 2586 ,
3396 2520 3650 2577 declina.

2073 2629 2214 2670 IDUS.

1678 2713 1723 2744 9°
1769 2712 1784 2765 l
1825 2711 1949 2768 Cur.
1981 2728 2054 2778 Vl,
2094 2711 2182 2766 10.

2073 2864 2369 2949 criminosi]
2402 2867 2730 2949 viderentur,
2768 2883 2931 2949 neque
2958 2867 3306 2933 simpliciores
3329 2870 3653 2949 quosquenb

2071 2938 2188 3007 ejus
2237 2936 2458 2990 lectione
2496 2936 2850 2991 deterrerent.
2892 2936 2999 2990 Sed
3037 2953 3228 2992 oruues
3275 2953 3406 2990 mss.
3442 2936 3500 2991 et
3536 2938 3652 2990 Hie-

2080 3023 2341 3079 ronymus
2386 3008 2483 3062 lib.
2542 3024 2582 3062 tt
2633 3011 2888 3062 adversus
2921 3007 3194 3077 Ruﬁnum,
3249 3017 3307 3061 ut
3358 3007 3414 3062 in
3477 3019 3661 3063 nostro

2082 3089 2253 3133 textu.

2146 3149 2259 3222 (54)
2300 3149 2776 3222 θεηὶιμιξηιιὶάαιη
2808 3166 2873 3222 ex
2899 3147 3162 3222 ipsis,gui
3186 3164 3240 3200 se
3266 3148 3654 3222 pelu_t__evange-

2072 3218 2296 3285 lizundi,
2357 3230 2462 3275 etc.
2508 3218 2893 3275 Genebrardus
2929 3219 3238 3272 crediderat
3265 3218 3352 3272 hic
3385 3219 3654 3289 Hierony-

2065 3306 2210 3343 mum
2251 3292 2425 3345 nutari
2469 3309 2485 3345 :
2523 3307 2645 3361 quae
2673 3299 2853 3344 tamen
2887 3293 3050 3361 verba
3083 3290 3146 3342 ad
3178 3291 3396 3342 beatum
3424 3290 3658 3358 Epipha-

2063 3360 2214 3413 nimn
2244 3370 2514 3430 Spectant,
2545 3360 2709 3416 ’sicut
2740 3361 2792 3414 in
2835 3360 3104 3428 superiori
3158 3370 3286 3430 nota
3310 3429 3317 3430 ί
3338 3363 3653 3430 ostenditur

2062 3445 2125 3503 ex
2163 3427 2641 3503 ipso—[lierouymo
2667 3431 2774 3503 lib.
2826 3447 2865 3484 tt
2905 3427 3164 3503 aduersus
3200 3427 3480 3503 Rufinum.
3515 3429 3653 3503 [dera

2061 3499 2425 3572 Hieronymus
2448 3499 2634 3556 eodem
2666 3501 2762 3555 lib.
2790 3517 2850 3564 ll,
2891 3501 3050 3570 paulo
3074 3515 3235 3572 supra
3260 3501 3515 3572 dixerat:
3545 3500 3658 3572 (Ne

2067 3586 2156 3623 me
2185 3570 2366 3626 Inritus
2396 3573 2461 3625 ad
2494 3587 2589 3627 sex
2622 3572 2787 3625 millia
2817 3571 3076 3626 librorum
3118 3570 3256 3637 ejus,
3281 3585 3423 3640 quos
3453 3570 3656 3640 legisse

2069 3642 2288 3696 beatum
2322 3643 2685 3713 Epipliauium
2721 3643 3058 3696 criminaris:
3108 3641 3201 3713 sed
3245 3641 3360 3710 ipsa
3397 3641 3516 3695 loca
3563 3656 3656 3696 uo-

2071 3713 2240 3775 tuina,
2269 3732 2289 3765 ι
2311 3711 2502 3769 ριρξΕι
2541 3713 2632 3767 lib.
2656 3727 2715 3767 ttt
2745 3731 2762 3766 :
2783 3731 2801 3763 ι
2832 3713 3114 3780 Simulque
3135 3711 3304 3764 risum
3332 3721 3521 3765 tenere
3547 3727 3650 3766 non

2071 3797 2314 3854 possum,
2351 3785 2492 3851 quod
2543 3799 2572 3835 a
2599 3784 2838 3854 quodam
2880 3785 3144 3854 prudente
3176 3781 3568 3854 commonitus,
3599 3783 3650 3835 in

2070 3851 2261 3908 laudes
2317 3851 2631 3924 Epiphauii'
2667 3868 2954 3921 personas.
3022 3853 3252 3924 llic_est
3303 3851 3394 3924 ille
3451 3853 3654 3924 delirus

2071 3937 2271 3983 senex;
2294 3924 2382 3978 hic
2403 3922 2486 3980 est
2503 3924 3100 3992 authropomorpbites,
3132 3922 3222 3976 hic
3241 3923 3332 3988 qui
3359 3937 3457 3976 sex
3489 3923 3652 3977 millia

2072 3993 2327 4062 Origenis
2363 3994 2533 4050 libros
2563 4004 2615 4048 te
2643 4003 2915 4063 praisente
2953 3994 3232 4058 cantavit;
3285 3992 3378 4062 qui
3409 3993 3652 4063 omnium

2070 4066 2312 4134 gentium
2349 4065 2544 4132 linguis
2581 4062 3023 4131 praedicationem
3073 4063 3412 4134 sibi'contra
3466 4062 3653 4132 Orige-

2073 4132 2196 4188 iiem
2228 4135 2522 4204 injunctam
2567 4143 2762 4204 putat;
2799 4136 2890 4200 qui
2943 4135 3065 4188 ideo
3089 4149 3211 4187 eum
3239 4132 3341 4202 legi
3377 4135 3654 4202 prohibet,

2071 4221 2141 4258 ne
2170 4206 2259 4257 alii
2290 4209 2406 4269 ejus
2432 4206 2570 4259 furta
2601 4213 2956 4269 cognoscant,
3007 4223 3029 4256 ι
3061 4216 3166 4258 etc.

2170 4220 2259 4257 atu
2290 4222 2406 4269 ejus
2432 4220 2570 4259 turta
2601 4221 2663 4259 co
2706 4220 2956 4266 noscant.
3007 4223 3029 4256 ι
3061 4220 3166 4258 etc.

2145 4274 2256 4346 (55)
2291 4276 2457 4340 Editi,
2485 4275 2623 4328 male
2666 4220 2913 4346 loquens.
2944 4273 3113 4328 Paulo
3140 4281 3280 4343 post,
3327 4291 3427 4340 pro
3463 4290 3656 4344 cogno-

2079 4344 2288 4400 scendis
2324 4347 2478 4400 malis
2505 4347 2623 4414 ejus
2658 4346 2798 4413 ipsos
2837 4344 3128 4415 legebat....
3154 4359 3247 4397 sea;
3275 4346 3448 4397 millia
3471 4357 3658 4415 autem

2075 4417 2332 4469 librorum
2361 4418 2549 4486 legere.
2575 4415 2778 4471 Omnes
2809 4414 2937 4486 vero
2978 4430 3108 4470 mss.
3142 4415 3340 4486 nostri.
3375 4425 3433 4470 et
3463 4414 3654 4486 Hiera-

2077 4501 2276 4555 uymus
2310 4483 2471 4541 libftl
2506 4487 2756 4540 adversus
2801 4483 3074 4554 Ruﬁnum,
3111 4494 3171 4538 ιιι
3209 4484 3263 4537 iu
3322 4494 3499 4550 textu,
3558 4485 3660 4540 nisi

391 4564 448 4608 et
478 4556 547 4609 ab
583 4554 808 4627 infantia
849 4554 1022 4627 sacris
1051 4558 1247 4612 litteris
1275 4559 1578 4622 institutus,
1612 4575 1709 4626 pro
1731 4558 1968 4611 curiosi-
1999 4561 2048 4618 l)
2076 4554 2222 4623 quod
2255 4558 2617 4627 Hieronymus
2647 4557 2849 4611 habeat
2875 4558 3037 4610 etiam
3058 4597 3074 4621 ,
3119 4571 3212 4608 se:
3260 4556 3436 4609 millia
3484 4566 3657 4610 autem

393 4633 507 4696 tate
534 4634 586 4696 et
621 4624 849 4680 scientia
884 4626 1102 4696 legisset
1128 4633 1326 4682 aliena.
1359 4629 1512 4694 Quod
1549 4624 1676 4682 vero
1730 4629 1818 4681 ille
1857 4644 1963 4682 nou

391 4694 636 4768 scripsit,
685 4694 960 4768 quomodo
1012 4697 1110 4752 iste
1141 4699 1321 4768 legere
1351 4698 1559 4766 potuit?
1605 4697 1844 4752 Numera
1884 4699 1970 4751 iu-

392 4764 543 4820 dices
569 4766 833 4820 librorum
859 4767 996 4835 ejus,
1033 4769 1126 4837 qui
1159 4764 1219 4822 iii
1253 4764 1412 4822 tertio
1443 4768 1716 4823 volumine
1752 4769 1968 4822 Eusebii

390 4837 446 4889 in
492 4852 604 4908 quo
640 4837 864 4903 scripsit
910 4838 1074 4892 vitam
1128 4839 1444 4908 Pamphili,
1492 4839 1840 4894 continentur
1869 4859 1884 4893 :
1916 4846 1972 4894 et

391 4920 501 4980 non
537 4907 660 4980 dico
693 4923 792 4961 sex
822 4907 1013 4980 millia,
1038 4909 1136 4980 sed
1163 4907 1376 4964 tertiam
1407 4919 1614 4978 partem
1661 4925 1766 4964 non
1817 4925 1971 4980 repe-

389 4977 527 5050 ries.
574 4977 848 5036 Habemus
894 4979 1176 5049 epistolam
1211 4977 1508 5049 supradicti
1556 4981 1830 5050 pontificis
1854 4977 1891 5045 ,'
1921 4981 1975 5034 in

390 5061 496 5115 qua
519 5049 943 5106 huiccalumnite
961 5059 1088 5119 tuae,
1107 5051 1232 5106 dum
1255 5051 1437 5106 adhuc
1471 5049 1624 5106 esses
1649 5052 1702 5106 in
1720 5051 1969 5115 Oriente,

390 5123 706 5193 respondet,
734 5131 789 5177 et
817 5121 1223 5193 apertissimum
1258 5121 1599 5178 mendacium
1632 5121 1803 5178 libera
1827 5125 1970 5177 veri—

394 5190 518 5243 tatis
552 5190 730 5249 lroute
760 5190 1026 5248 corifutat.
1057 5212 1077 5244 ι

460 5258 575 5334 (55)
603 5263 861 5334 iEditi,ne
885 5279 1008 5334 ergo
1035 5264 1192 5333 plura
1219 5279 1406 5318 eorum
1425 5263 1574 5333 furta
1596 5273 1977 5334 cognoscantur

388 5330 504 5402 quis
537 5330 636 5408 [’al.
675 5333 792 5407 qui]
825 5330 1124 5406 utiqiwé...
1171 5330 1505 5406 nequaquam
1540 5330 1825 5392 criminosa
1875 5331 1971 5407 [aL

2076 4627 2332 4680 librorum
2364 4627 2554 4696 legere.
2589 4628 2658 4680 At
2685 4627 2781 4682 lib.
2822 4643 2908 4689 Ill,
2936 4627 2990 4680 in
3019 4635 3278 4680 contextu
3304 4640 3472 4694 quem
3499 4641 3658 4696 supra

2078 4697 2383 4764 attulimus,
2422 4699 2606 4761 habet,
2638 4713 2734 4750 sea:
2767 4696 2942 4750 millia
2978 4697 3161 4750 libros.

2145 4767 2260 4838 (56)
2289 4767 2367 4821 lta
2397 4784 2499 4822 ms.
2531 4766 2750 4837 Regius.
2775 4767 2976 4838 Caeteri
2993 4781 3119 4820 vero
3151 4783 3282 4823 mss.
3306 4768 3472 4835 alius,
3513 4769 3660 4838 εψ

2073 4848 2209 4891 ceret
2231 4841 2343 4892 haec
2367 4840 2437 4892 ad
2465 4837 2914 4895 ostendendum...
2933 4837 3002 4890 Et
3022 4847 3149 4905 puto
3182 4840 3348 4907 quod,
3374 4850 3483 4895 etc.
3518 4837 3621 4894 Alii
3646 4881 3661 4904 ,

2077 4909 2325 4978 Sufﬁcere
2365 4914 2478 4962 lucc
2514 4910 2777 4980 credimus
2810 4911 2879 4961 ad
2911 4910 3408 4980 ostendendum"...
3444 4909 3511 4964 Et
3538 4921 3662 4980 pulo

2075 4977 2237 5050 quod,
2271 4992 2378 5034 etc.
2408 4981 2548 5035 Editi
2571 5021 2586 5044 ,
2621 4977 2866 5049 Suﬂicere
2889 4985 3002 5034 lucc
3049 4979 3119 5032 ad
3162 4977 3658 5037 ostendenduni.....

2076 5059 2203 5119 puto
2238 5067 2256 5104 :
2291 5053 2456 5120 quod,
2488 5062 2596 5107 etc.
3034 5076 3051 5084 ‘

2171 5121 2259 5192 57)
2289 5121 2417 5177 Mss.
2458 5120 2662 5188 nostri,
2692 5120 3282 5192 hujuscemadi‘erroris
3301 5122 3659 5186 incurrimus;

2078 5190 2171 5248 sed
2207 5190 2492 5263 legendum
2535 5190 2918 5263 videturcum
2940 5190 3106 5263 editis
3135 5193 3277 5247 utin
3312 5202 3492 5248 textu.

2151 5260 2590 5336 (58ῘΔιὰὅολος,
2647 5281 2680 5322 a
2733 5260 3059 5332 Διαϐάλλω,
3114 5263 3408 5333 criminor,
3462 5264 3656 5319 calum-

2085 5350 2223 5390 mor.
