3878 6534
477 414 542 469 :5
1708 418 1772 474 ρ.
1814 417 2130 474 DANIELIS
2166 415 2401 473 nomn
3603 402 3721 459 636

439 528 857 585 administrante
902 528 1199 584 Eleuthero
1254 530 1433 601 papa‘,
1483 532 1698 587 Triario
1742 533 2022 601 Materno,
2055 539 2101 596 Α
2130 548 2249 588 rum
2299 532 2400 586 deo
2438 528 2739 583 derivatam
2791 522 3209 594 appellationem
3247 521 3360 577 ﬁlio
3404 520 3721 583 indidisse;

444 621 515 675 Μ.
546 616 709 676 Atilii)
748 621 958 675 Bradua
996 636 1137 676 coss.
1181 621 1316 677 Cum
1349 624 1493 676 enim
1544 623 1816 679 decimum
1851 627 2020 695 septi-
2124 624 2176 679 id
2199 624 2343 678 enim
2376 631 2489 675 tum
2515 630 2639 674 erat
2669 633 2767 673 usu
2799 624 3169 687 pervagatum,
3195 613 3274 686 (tl)
3305 628 3409 668 nec
3438 613 3722 682 ejusmodi

443 727 593 765 mum
632 721 810 765 astatis
854 726 1057 765 amunn
1110 713 1286 780 egisse
1334 729 1457 766 eum
1512 715 1717 769 scnibat
1761 716 2023 771 Eusebius
2124 716 2346 771 nomina
2379 711 2708 784 abjiciebant
2738 709 3118 766 catechumeni
3148 722 3271 762 cum
3298 706 3507 762 Christi
3552 705 3725 759 (idem

444 801 591 856 Hist.
615 801 743 856 ccci.
797 801 890 856 lib.
919 817 992 865 vt,
1027 818 1146 872 cap.
1174 802 1239 866 2,
1274 817 1384 870 quo
1422 814 1666 874 tempore
1704 807 2023 877 martyrium
2126 806 2642 878 amplectebantur;
2695 812 2859 872 atque
2898 802 3027 855 hinc
3079 798 3369 870 Dionysius
3416 798 3513 852 ille
3542 796 3733 851 Areo-

442 895 700 964 expettvit
748 903 903 963 pater
947 895 1068 963 ejus
1121 895 1424 961 Leonides,
1476 896 1576 968 (2)
1624 913 1768 954 anno
1806 915 2026 969 nempe
2125 900 2306 969 pagita
2343 898 2384 962 ⁸,
2418 896 2639 965 Apollos
2683 893 3150 955 Alexandrinus‘,
3178 890 3406 954 Phtnbe,
3462 889 3732 950 Hermas,

445 983 632 1038 Severi
684 984 917 1048 decimo,
949 984 1106 1053 plane
1154 986 1222 1039 ab
1260 1001 1349 1051 eo,
1388 1001 1548 1056 quem
1580 987 1731 1053 dixi,
1781 990 2024 1055 cardine,
2128 990 2355 1045 Hermes
2380 989 2423 1055 ³,
2453 987 2661 1042 Nereus
2692 995 2716 1027 δ
2741 996 2795 1041 et
2832 985 3170 1053 Diotrephes,
3202 983 3380 1046 Lucae,
3448 980 3627 1036 Paulo
3674 988 3738 1032 et

441 1076 570 1129 vita:
638 1075 850 1129 initiqu
908 1077 1123 1131 videtur
1181 1077 1419 1133 duxisse.
1477 1078 1702 1135 Biennio
1755 1079 2026 1149 juniorem
2127 1077 2323 1133 Joanni
2374 1078 2515 1132 inter
2548 1077 2891 1133 Christianos
2934 1074 3380 1137 commemorati;
3418 1072 3551 1125 hinc
3590 1071 3741 1124 Am-

444 1167 651 1224 l'aciunt
682 1168 829 1224 Fasti
867 1169 1069 1239 Siculi,
1119 1169 1339 1242 aliique,
1366 1183 1423 1227 et
1472 1173 1526 1228 in
1562 1188 1764 1229 annum
1797 1178 1885 1245 qui
1930 1175 2031 1231 l'uit
2130 1169 2333 1234 monii,
2381 1168 2726 1238 Serapiones,
2769 1168 3155 1234 Athenagorae.
3203 1162 3571 1233 Apollinarii,
3623 1158 3737 1214 De-

444 1256 634 1313 Clodio
683 1258 967 1328 Crispino,
1013 1270 1069 1314 et
1118 1258 1343 1330 Papirio
1390 1260 1612 1318 Eliano
1658 1280 1804 1320 coss.
1849 1276 2027 1321 ortum
2131 1261 2330 1323 metrii,
2368 1259 2599 1315 lsidori:
2632 1260 2709 1332 (5)
2740 1259 2856 1329 quis
2900 1259 3071 1322 enim,
3098 1256 3175 1310 ait
3204 1254 3581 1310 Tertullianus
3623 1250 3744 1320 (6),

443 1350 564 1420 eius
594 1352 901 1405 conferunt.
929 1352 1129 1408 Eadem
1161 1354 1375 1410 videtur
1409 1355 1635 1410 Mariani
1670 1357 1817 1413 Scoti
1865 1363 2027 1426 ratio,
2131 1354 2403 1407 nominum
2436 1353 2654 1406 "tum?
2684 1352 2836 1418 011οά
2885 1359 3063 1405 amem
3097 1348 3260 1418 OhiiCi
3292 1356 3479 1417 Ροιθει
3511 1345 3583 1400 ab
3615 1342 3737 1398 07°

444 1455 572 1499 nam
608 1443 660 1495 in
706 1456 905 1497 annum
956 1442 1158 1500 Christi
1203 1446 1343 1512 204,
1396 1445 1655 1503 Leonidae
1708 1450 2028 1522 martyrium

2156 1441 2435 1511 )rogeuem
2491 1442 2662 1496 fuisse
2713 1441 3037 1503 dicendum,
3103 1454 3211 1494 non
3271 1438 3605 1508 Origenem,
3667 1433 3741 1489 de

445 1534 690 1603 coniicit.
729 1535 865 1592 Toto
911 1552 1042 1592 vero
1098 1539 1339 1595 triennio
1389 1539 1752 1596 recentiorem
1803 1543 2034 1607 credidit
2135 1534 2304 1590 nihilo
2338 1544 2458 1598 est;
2497 1549 2620 1587 nam
2658 1533 2890 1599 primum
2943 1530 3259 1601 responderi
3292 1536 3476 1598 polesl
3510 1526 3596 1582 sic
3631 1539 3742 1596 pro

446 1626 734 1696 Origenem
784 1628 1129 1686 Hermannus
1159 1630 1536 1688 Contractus:
1570 1634 1815 1689 nonnulli
1868 1636 2032 1690 etiam

2156 1627 2493 1700 ὶργοφόντης,
2524 1625 2847 1681 Mercurium
2882 1624 3247 1699 ἀργειφόντην
3277 1623 3450 1677 fuisse
3480 1621 3742 1687 dictum;

445 1720 822 1789 quadriennio.
875 1720 986 1778 Nos
1035 1722 1258 1779 Eusebii
1302 1726 1579 1796 sequimur
1623 1725 2032 1798 ἐπιλογισμούς.
2136 1722 2215 1777 sic
2264 1720 2607 1790 Cephisidoro
2656 1734 2855 1773 nomen
2907 1718 3076 1773 fuisse
3142 1716 3358 1771 cuidam
3408 1711 3751 1767 Aristotelis

447 1814 613 1870 Pater
654 1814 731 1869 illi
763 1814 864 1869 fuit
894 1814 964 1883 is,
1008 1831 1169 1885 quem
1205 1815 1352 1884 dixi,
1405 1816 1692 1883 Leonides.
1738 1821 1887 1875 omni
1925 1822 2037 1875 vir-

2156 1813 2467 1878 idversario,
2520 1812 2612 1881 qui
2661 1810 3051 1877 Cephisodorus
3102 1808 3281 1862 luerat
3328 1804 3743 1875 appellandus;

449 1913 623 1957 tutum
653 1918 853 1975 genere
882 1883 1130 1976 insignis,
1154 1916 1211 1962 et
1238 1883 1412 1963 sacris
1450 1909 1755 1980 disciplinis
1785 1913 2032 1981 apprime
2066 1883 2109 1941 Β
2140 1919 2240 1959 usu
2286 1919 2502 1975 quoque
2546 1903 2981 1974 receptissimum
3014 1914 3138 1956 esse
3185 1899 3328 1969 apud
3378 1898 3612 1952 Latinos
3666 1896 3752 1950 ita

449 1994 749 2060 institutus,
780 1995 858 2065 (5)
905 1998 1225 2069 episc0patu
1266 2001 1453 2064 etiam,
1496 2008 1554 2054 ut
1586 2001 1778 2056 scribit
1812 2003 2029 2069 Snidas,

448 2084 727 2153 praeditus.
768 2084 957 2142 Matris
993 2103 1191 2145 nomen
1254 2088 1473 2146 silentio
1519 2100 1773 2148 auctores
1812 2108 2032 2164 presse-

449 2184 597 2231 runt.

522 2266 587 2322 ll.
627 2266 891 2339 Origenes
923 2270 1222 2340 appellatus
1264 2280 1394 2329 est:
1436 2272 1595 2341 cujus
1642 2274 1882 2329 nominis
1916 2286 2035 2347 ety-

453 2370 580 2410 mon
623 2371 654 2410 a
702 2358 884 2412 multis
935 2360 1279 2428 disquisitum
1321 2370 1427 2415 est.
1476 2360 1834 2430 Theophanes
1868 2360 2037 2416 Cera-

455 2462 609 2501 tueus
649 2448 795 2503 hom.
822 2448 915 2511 22.
955 2450 1235 2521 Ὠριγένην
1266 2449 1367 2514 τῆς
1407 2451 1577 2523 ὀργῆς
1618 2451 1906 2524 ἐπώνυμον
1944 2468 2039 2523 ap-

453 2537 657 2607 pellat:
693 2540 786 2594 sed
836 2556 944 2595 non
1002 2551 1149 2606 tam,
1182 2549 1242 2595 ut
1290 2542 1525 2607 videtur,
1570 2544 1636 2597 ad
1691 2544 2035 2599 indicandam

454 2628 693 2683 nominis
721 2630 1009 2701 originem,
1037 2646 1199 2701 quam
1228 2631 1294 2684 ad
1329 2633 1721 2702 suggillandum
1748 2634 2035 2705 Origenem

453 2722 679 2790 quasita
708 2737 774 2776 ex
809 2723 957 2778 vocis
999 2739 1135 2780 sono
1185 2728 1494 2782 occasione.
1546 2727 1830 2793 Erasmus,
1877 2728 2037 2782 Cani-

444 2811 600 2877 nius,
652 2811 990 2869 Hmscbelius
1043 2827 1100 2870 et
1131 2817 1416 2884 Scbottus,
1452 2818 1552 2872 viri
1586 2817 1793 2874 Grascis
1840 2817 2042 2874 litteris

455 2902 758 2960 luculenter
786 2907 1010 2974 exculti,
1049 2912 1400 2982 nonnullique
1432 2923 1717 2981 praeterea,
1759 2913 2041 2984 Ὠριγὲνην

457 2994 660 3049 dictum
684 3007 897 3067 putant,
928 3001 1082 3069 quasi
1114 3001 1291 3075 ὄρειον
1315 3002 1376 3055 τὸ
1407 3002 1583 3071 γένος,
1624 3003 1957 3075 Ὀρειγενὴν,
1982 3004 2043 3058 ὲν

456 3084 575 3157 δρει
609 3090 955 3161 γεννηθέντα.
999 3092 1235 3149 Joannes
1266 3094 1524 3161 Tarinus,
1560 3104 1613 3147 et
1647 3095 1759 3158 alii,
1809 3096 1881 3149 ita
1918 3109 2039 3148 eum

457 3181 774 3235 existimant
824 3184 1190 3253 appellatum,
1239 3189 1392 3256 quasi
1445 3186 1628 3259 ὥριον,
1681 3202 1773 3241 seu
1832 3186 2044 3260 ὥριμον

458 3274 808 3345 γεννηθέντα.
852 3287 1056 3331 mature
1120 3280 1371 3349 genitum.
1428 3280 1610 3349 Inepte
1664 3280 1896 3344 Badius,
1950 3281 2041 3350 qui

460 3364 662 3419 dictum
694 3366 849 3438 lingit
878 3369 946 3422 ab
988 3370 1136 3441 ὀρόν,
1169 3372 1309 3439 quod
1344 3373 1481 3425 idem
1512 3381 1597 3425 est
1641 3386 1705 3426 ac
1751 3373 1895 3443 ὅρον.
1934 3372 2044 3443 Ego

462 3455 533 3509 ab
560 3457 688 3524 Oro,
735 3461 825 3526 qui
884 3460 1261 3531 Egyptiorum
1319 3464 1450 3518 deus
1497 3474 1613 3529 est,
1663 3480 1858 3519 nomen
1913 3465 2042 3519 illud

466 3544 789 3615 proﬂuxisse
839 3551 1115 3615 existimo,
1165 3551 1617 3619 quemadmodum
1669 3565 1698 3604 a
1729 3551 1881 3615 Jove,
1919 3553 2043 3605 Dio-

467 3650 695 3705 genem;
729 3654 758 3692 a
790 3638 1079 3705 Mercurio,
1117 3641 1537 3711 Hermogenem.
1571 3642 1755 3712 Neque
1781 3658 1910 3697 vero
1944 3643 2045 3697 mi-

468 3739 621 3782 retur
663 3731 946 3800 quisquam
987 3733 1334 3789 Cbristianos
1382 3745 1636 3803 parentes
1682 3737 1751 3791 ab
1793 3738 2041 3792 ethnico-

596 3901 716 3949 Act.
748 3909 855 3948 xvu
876 3933 893 3959 ,
926 3894 1015 3948 δι.

2141 1996 2358 2050 nomina
2387 1994 2661 2061 conﬂare;
2709 1995 2791 2049 sic
2836 1992 3255 2063 Dionysipolitas
3305 1990 3622 2061 appellasse
3652 1988 3750 2043 Ci-

2140 2100 2425 2151 ceronem,
2470 2101 2606 2156 quos
2654 2084 2744 2140 alii
2790 2085 3249 2155 Dionysopolitas;
3302 2085 3383 2139 sic
3440 2082 3748 2151 Demipho-

2142 2195 2261 2233 nem
2325 2189 2381 2232 et
2410 2178 2765 2246 Clitiphonem
2807 2190 2838 2230 a
2872 2175 3099 2231 comicis
3129 2175 3325 2237 dictos,
3357 2174 3450 2242 qui
3495 2171 3567 2226 ab
3617 2170 3759 2226 aliis

2140 2271 2477 2337 Demophoon
2535 2281 2589 2325 et
2637 2269 2947 2337 Climphon;
3000 2268 3081 2323 sic
3114 2265 3489 2336 Phoebigenam
3539 2281 3570 2319 a
3616 2263 3755 2319 Vir-

2144 2366 2291 2434 gilio,
2320 2365 2408 2433 qui
2450 2361 2779 2434 Phwbogena
2816 2362 2923 2416 dici
2955 2361 3256 2415 debuisset.
3290 2358 3358 2413 Et
3391 2367 3453 2412 ut
3491 2357 3749 2413 sintiellt

2145 2458 2422 2514 nominum
2451 2454 2973 2525 coagmentationetn
3014 2451 3263 2521 proferre
3299 2451 3507 2521 nul-lam
3546 2464 3753 2520 posse-

2146 2563 2297 2616 mus,
2350 2547 2473 2616 quis
2529 2555 2841 2605 accuratam
2912 2543 3221 2599 bellenismi
3294 2543 3630 2596 munditiem
3693 2543 3751 2597 in

2144 2636 2508 2693 Alexandrina
2558 2636 2802 2706 requirat
2846 2635 3105 2697 Dialecto,
3138 2634 3213 2704 (7)
3260 2648 3382 2703 qua:
3419 2647 3449 2685 a
3486 2632 3755 2688 Macedo-

2145 2730 2264 2784 nica
2296 2728 2537 2798 profecta
2563 2738 2670 2793 est,
2698 2727 2933 2781 barbara
2968 2726 3085 2795 ipsa
3118 2724 3353 2795 primum
3391 2734 3449 2779 et
3496 2725 3759 2792 impura,

2146 2830 2201 2875 et
2244 2830 2399 2874 extra
2448 2818 2763 2874 Gmcarum
2815 2833 3035 2873 censum
3070 2825 3379 2880 numerata,
3432 2825 3513 2871 tot
3545 2816 3755 2871 deinde

2146 2915 2386 2984 gentium
2438 2913 2766 2967 commercio
2806 2912 3109 2980 inquinata,
3137 2919 3191 2965 et
3230 2911 3297 2965 ab
3327 2909 3605 2980 Egyptiis
3661 2910 3755 2963 de-

2149 3021 2317 3068 nuru,
2368 3006 2510 3060 inter
2556 3020 2691 3075 quos
2743 3004 3026 3070 consedit,
3071 3004 3303 3059 distorta
3334 3013 3391 3059 et
3437 3003 3753 3072 corrupta!

2150 3098 2276 3154 Inde
2328 3098 2387 3153 lit
2436 3107 2495 3153 ut
2540 3098 3033 3153 Alexandrinorum
3089 3097 3363 3166 loquelam
3423 3104 3538 3150 tam
3594 3108 3753 3165 saepe

2149 3200 2374 3261 carpant
2425 3191 2601 3246 critici
2653 3190 2887 3257 antiqui,
2934 3189 3274 3261 Phrynicus,
3327 3188 3572 3243 Thomas
3621 3203 3753 3242 rna-

2151 3283 2321 3351 gister
2374 3292 2429 3337 ct
2458 3282 2734 3338 Helladius
2764 3281 3141 3336 Besantinous.
3169 3280 3369 3335 Verum
3400 3281 3489 3334 bis
3520 3279 3754 3334 omissis

2153 3376 2385 3444 genuina
2422 3378 2705 3446 responsio
2750 3394 2817 3431 ex
2866 3374 3223 3445 sequentibus
3275 3372 3438 3428 facile
3474 3372 3751 3427 exstabit.

2154 3466 2298 3521 Orus
2333 3466 2708 3539 [Egyptiorum
2744 3469 2877 3522 deus
2920 3468 2965 3521 is
3009 3475 3093 3521 est
3133 3463 3365 3520 Osiridis
3395 3473 3451 3517 et
3487 3462 3653 3517 Isidis
3691 3462 3756 3515 li-

2154 3558 2281 3626 lius,
2313 3576 2471 3628 quem
2499 3561 2797 3628 Apollinem
2827 3575 2948 3614 esse
2992 3568 3047 3614 et
3077 3558 3259 3613 Solem
3289 3567 3508 3611 veteres
3537 3568 3751 3625 mago

2155 3666 2419 3706 consensu
2481 3654 2836 3707 tradiderunt.
2884 3653 3050 3708 Orum
3113 3667 3208 3705 seu
3276 3649 3484 3704 Horum
3530 3648 3759 3702 dictitas

2153 3743 2488 3798 existimavit
2522 3743 2697 3799 [lorus
2727 3746 2941 3815 Apollo,
2969 3743 3115 3815 quod
3142 3744 3293 3799 boris
3320 3742 3542 3810 prtesit;
3572 3740 3759 3794 horas

1112 3896 1133 3926 ³
1173 3895 1296 3948 Act.
1345 3910 1511 3958 xvut,
1543 3894 1634 3949 2i.
1714 3893 1734 3924 ³
1768 3893 1922 3949 Rom.
1978 3911 2040 3947 xv

2163 3937 2177 3961 ,
2208 3896 2298 3959 14,
2334 3895 2420 3950 15.
2503 3896 2523 3927 "
2562 3895 2625 3950 lli
2663 3895 2820 3953 Joan.
2849 3898 2905 3951 9.

544 4036 620 4104 (2)
660 4035 812 4089 Anno
852 4053 1031 4105 nempe
1071 4037 1249 4091 Severi
1278 4038 1497 4090 decimo.
1546 4036 1812 4089 Eusebius
1858 4035 2046 4088 uullibi
2142 4034 2376 4104 iecisse,
2427 4043 2480 4088 et
2540 4038 2926 4104 prophetarum
2988 4034 3204 4105 nomina
3268 4033 3431 4097 Elim,
3487 4034 3756 4095 Ieremia

471 4110 526 4164 iu
565 4105 803 4159 Historia
842 4122 936 4160 sua
968 4107 1320 4160 ecclesiastica
1364 4108 1497 4160 dicit
1525 4122 1665 4158 anno
1711 4106 1900 4159 Severi
1952 4107 2047 4159 de-

472 4180 615 4234 cimo
663 4191 876 4244 passum
922 4192 1042 4231 esse
1090 4176 1381 4230 Leonidem
1424 4177 1672 4246 Origenis
1718 4186 1944 4243 patrem.
1990 4175 2043 4246 Id

472 4262 639 4303 unum
679 4255 865 4299 narrat
909 4246 998 4299 lib.
1027 4263 1101 4306 vt.
1134 4263 1253 4314 cap.
1278 4247 1333 4307 ‘2,
1367 4245 1626 4301 Severum
1659 4260 1802 4298 anno
1833 4245 2043 4313 imperii

472 4320 555 4372 sui
588 4316 821 4375 decimo.
850 4316 997 4370 [ἀειο
1028 4317 1364 4370 Alexandriae
1390 4327 1443 4370 et
1477 4318 1637 4371 totius
1659 4314 1875 4385 Egypti
1909 4331 2046 4383 pra:-

473 4389 609 4451 side,
640 4386 936 4439 Ecclesiam
1003 4386 1405 4441 Catholicornm
1456 4388 1510 4439 in
1558 4401 1620 4441 ea
1672 4388 1807 4439 urbe
1846 4389 2045 4455 guber-

476 4466 638 4511 nante
683 4456 955 4509 Demetrio
1002 4457 1276 4524 episcopo,
1321 4457 1727 4511 acerbissimam
1764 4458 2049 4524 excitasse

476 4525 909 4596 persecutionem
946 4525 998 4577 in
1026 4522 1128 4593 qua
1158 4522 1473 4596 martyrium
1506 4527 1736 4580 subierit
1762 4522 2046 4596 Leonides.

475 4594 559 4651 An
605 4604 781 4647 autem
827 4594 1004 4664 primo
1048 4594 1437 4665 persecutionis
1487 4610 1650 4660 anno,
1694 4610 1759 4648 an
1810 4595 2047 4649 secundo

475 4680 672 4735 passus
699 4665 790 4725 sit,
812 4666 862 4718 id
891 4664 1107 4719 silentio
1140 4669 1395 4734 praeterit.
1418 4665 1534 4720 Non
1560 4680 1689 4734 ergo
1716 4665 1769 4719 iu
1807 4664 2044 4718 Historia

476 4736 855 4797 ecclesiastica,
885 4737 979 4788 sed
1016 4736 1067 4788 in
1109 4735 1367 4789 Chronico
1395 4738 1595 4789 diserte
1630 4736 1879 4789 Leonida:
1907 4751 2045 4788 mar-

481 4806 677 4874 tyrium
702 4819 842 4874 anno
870 4804 1055 4858 Severi
1083 4807 1293 4859 decimo
1314 4806 1535 4860 ascribit
1566 4805 1857 4870 Eusebius;
1884 4821 2043 4874 quem

479 4872 725 4947 sequitur
755 4872 1114 4947 Hieronymus
1143 4878 1196 4930 in
1220 4875 1449 4947 Catalog.
1478 4877 1658 4941 script.
1690 4872 2046 4942 eccles.,_cap.

478 4945 578 5008 54,
617 4945 731 5015 ubi_
753 4946 869 4998 ait:
904 4946 1152 5015 Origenes
1197 4948 1285 5015 qui
1329 4958 1374 4999 et
1407 4945 1807 5011 'Adamantius,
1850 4947 2050 4998 decimo

479 5015 663 5070 Severi
694 5012 1174 5070 Pertinacis-anno
1207 5012 1491 5070 adversum
1520 5016 1849 5068 Christianos
1878 5032 2055 5084 perse—

479 5088 688 5139 cutione
732 5096 1010 5149 commota,
1038 5086 1332 5157 a_Leonide
1372 5100 1539 5157 patre,
1571 5084 1769 5139 Christi
1794 5087 2049 5153 martyrio

481 5164 755 5219 coronato,
784 5170 900 5207 cum
936 5172 1028 5209 sex
1062 5155 1317 5225 fratribus
1360 5155 1407 5211 et
1455 5167 1625 5209 matre
1659 5158 1816 5209 vidua
1854 5172 2053 5224 pauper

479 5225 794 5295 relinquitur
829 5240 995 5280 annos
1029 5236 1183 5279 natus
1205 5228 1408 5281 circiter
1446 5231 1618 5280 decem
1651 5235 1698 5279 et
1732 5237 1945 5294 septem.

552 5296 628 5365 (3)
668 5295 988 5364 Episcopatu
1017 5296 1197 5365 etiam,
1230 5305 1286 5349 ut
1314 5298 1495 5352 scribit
1524 5296 1746 5361 Suidas,
1771 5298 2051 5363 prwditus.

484 5364 614 5419 Duo?
642 5366 767 5419 item
808 5366 1023 5421 codices
1058 5364 1301 5422 Vaticani
1334 5385 1465 5423 mss.
1497 5368 1547 5420 in
1591 5366 1914 5436 Hieronymo
1945 5365 2051 5419 Ca-

482 5436 656 5508 talogo
686 5436 931 5508 scriptor.
958 5438 1166 5501 eccles.,
1203 5454 1321 5508 cap.
1346 5439 1437 5501 54,
1468 5439 1649 5508 legunt
1674 5455 1687 5490 :
1727 5435 2048 5504 Origenes...

482 5523 516 5558 α
562 5505 788 5578 l.eon_i_de
817 5506 1055 5578 episwpo
1086 5505 1542 5578 patrm—martyrio
1566 5520 1841 5570 coronato,
1868 5517 1973 5559 etc.

559 5576 637 5646 (ι)
678 5574 792 5646 Nec
818 5574 1093 5644 ejusmodi
1116 5582 1326 5632 nomina
1353 5574 1663 5645 abjiciebttnt
1693 5577 2049 5629 catechumeni

484 5643 868 5717 ium’UChristi
927 5647 1083 5714 ﬁdem
1147 5643 1615 5717 amplectebantur.
1673 5648 2051 5700 Verumtamen

487 5714 755 5785 Eusebius
784 5714 1596 5785 De_martyribus'Paliestmte.
1644 5732 1765 5784 cap.
1795 5717 1884 5778 11,
1927 5731 2048 5785 pag.

485 5783 614 5846 557,
646 5783 812 5864 refert
840 5782 1129 5865 Egyptios
1177 5788 1373 5865 fratres
1402 5788 1469 5865 ad
1518 5782 1805 5865 tyrannum
1843 5782 2051 5865 perdu-

487 5865 625 5915 ctos,
653 5854 870 5909 nomina
919 5854 1180 5911 idolorum
1229 5857 1330 5913 sibi
1378 5858 1446 5912 ab
1498 5854 1620 5912 ortu
1664 5856 1913 5926 imposita
1952 5857 2047 5913 abr

2149 4120 2311 4171 atpte
2362 4103 2551 4170 Isaiae,
2600 4117 2656 4160 et
2706 4105 2974 4159 Samuelis
3021 4120 3086 4159 ac
3142 4103 3383 4158 Danielis
3425 4107 3527 4160 sibi
3578 4110 3740 4163 asci-

2151 4190 2318 4229 γιδςοθ.

2224 4245 2301 4315 (5)
2339 4245 2468 4311 Quis
2495 4247 2660 4307 enim,
2690 4246 2763 4298 ait
2794 4244 3183 4309 Tertullianus,
3222 4247 3492 4315 nominum
3523 4251 3755 4304 reatus?

2158 4315 2250 4369 Sic
2305 4318 2681 4382 Athenagoras
2751 4315 3020 4381 Leqation.
3077 4331 3169 4379 pro
3229 4314 3577 4379 Christianis,
3635 4334 3750 4371 non

2155 4386 2309 4454 longe
2351 4388 2419 4439 ab
2468 4388 2658 4440 initio:
2698 4386 2863 4439 Οὐδὲν
2894 4384 2949 4437 δὲ
2998 4386 3168 4452 ὄνομα
3202 4387 3285 4451 ἐφ’
3313 4384 3506 4437 ἑαυτοῦ
3542 4388 3641 4439 καὶ
3678 4388 3752 4441 δι”

2154 4455 2318 4541 agito?
2369 4456 2429 4508 οὐ
2466 4456 2879 4541 πογηρὸνκοὺβὲ
2916 4454 3515 4541 χρηστὸνηνομίζξταε·
3543 4457 3644 4541 διὰ.
3690 4460 3754 4541 δὲ

2153 4525 2681 4598 τὰςᾼὺνπᾳκειμένᾴς,
2721 4525 2754 4596 ἢ
2803 4525 3022 4598 ἀγαθὰς
3062 4525 3321 4595 πράξεις,
3356 4526 3390 4596 ἢ
3438 4526 3659 4598 φλαυρὰ
3715 4530 3751 4598 ἢ

2154 4597 2216 4663 ἀγ
2231 4594 2336 4648 alia
2366 4596 2528 4648 δοκεῖ.
2560 4594 2767 4648 Nomen
2794 4597 2963 4663 ipsum
2992 4611 3082 4659 per
3105 4594 3157 4647 se
3184 4605 3231 4646 et
3262 4594 3523 4663 quatenus
3551 4594 3752 4651 nomen

2151 4678 2254 4727 est,
2303 4668 2491 4717 bonum
2542 4670 2797 4718 malumne
2836 4669 3171 4718 existimatur
3206 4665 3453 4718 nullum:
3488 4667 3577 4718 sed
3637 4670 3752 4722 tale

2150 4736 2381 4805 profecto
2407 4736 2761 4805 judicandum
2807 4735 3237 4807 unumquodque,
3280 4736 3456 4806 qualis
3499 4753 3579 4790 res
3622 4737 3750 4807 ipsa

2154 4804 2247 4860 aut
2278 4806 2414 4858 actio
2447 4808 2509 4858 de
2538 4822 2641 4873 qua
2683 4806 3024 4873 praedicatur,
3052 4804 3234 4873 fuerit.

2230 4876 2309 4947 (6)
2350 4875 2558 4947 Tertul.
2587 4873 2765 4947 Apol"
2784 4890 2848 4947 7p.
2873 4875 2966 4947 28.

2230 4944 2308 5017 (7)
2351 4945 2483 5010 Quae
2527 4964 2560 4999 a
2601 4944 2946 5017 Macedonica
2996 4945 3380 5017 profectaqest.
3412 4945 3750 5004 Plutarchus

2154 5026 2210 5080 in
2242 5015 2490 5070 ‘Antonio
2535 5024 2721 5068 narrat
2761 5015 3113 5085 Cleopatram
3153 5015 3443 5069 multarum
3492 5020 3746 5085 gentium

2153 5086 2681 5159 lingttas‘didicisse,
2714 5084 2821 5159 τῷν
2851 5086 2957 5155 πρὸ
2991 5085 3162 5159 αξξ-τῆς
3198 5085 3462 5159 βα-σιλέων
3492 5084 3611 5139 ὀύδὲ
3642 5090 3748 5159 τὴν

2153 5155 2464 5227 Αἰγυπτίων
2497 5155 2881 5225 ἀνασχομένων
2916 5156 3226 5279 πεςιλαὸεῖν
3254 5156 3553 5220 διάλεκτον,
3580 5155 3749 5213 ἐνεὼν

2153 5237 2210 5279 δὲ
2252 5228 2346 5279 καὶ
2386 5228 2447 5279 τὸ
2486 5226 2875 5279 Μακεδονίζειν
2927 5227 2991 5279 ὲκ
3029 5228 3281 5279 ιπόντων.
3329 5228 3461 5279 Cum
3503 5240 3749 5279 anteces-

2153 5237 2210 5289 δὲ
2238 5226 2346 5281 νκαὶ
2386 5228 2447 5279 τὸ
2486 5226 2875 5290 Μακεδονίζειν
2927 5226 3281 5280 ἐκλιπόντων.
3329 5228 3461 5280 Cum
3503 5240 3751 5281 anteces-

2154 5316 2296 5358 sores
2350 5298 2459 5366 ejus
2518 5314 2659 5365 reges
2712 5314 2772 5349 ne
2825 5296 3132 5365 Egyptian:
3199 5298 3406 5365 quidem
3457 5296 3748 5349 dia/cetum

2153 5370 2433 5443 percipere
2480 5368 2886 5443 sustinuissent,
2935 5367 3196 5443 ηοηηιιιιὶΔ
3232 5368 3399 5443 _etiam_
3461 5368 3746 5443 desiisse"!

2158 5436 2571 5497 Macedonicam.
2624 5438 2914 5490 Barbaram
2960 5448 3133 5490 autem
3172 5436 3339 5491 fuisse
3385 5438 3525 5491 hanc
3560 5452 3588 5490 e
3628 5436 3751 5488 Ma-

2156 5510 2413 5567 cedouica
2485 5516 2665 5562 natam
2725 5506 3148 5560 Alexandrinam
3203 5507 3495 5563 dialectqu
3562 5506 3751 5559 innuit

2158 5581 2356 5637 Sextus
2409 5578 2714 5646 Empiricos
2756 5575 3017 5646 Adversus
3078 5576 3418 5643 Mathemat.,
3475 5591 3594 5645 pag.
3642 5576 3745 5629 42.

2154 5650 2290 5704 Vide
2324 5645 2541 5717 insuper
2572 5648 2729 5717 Alex.
2772 5645 2979 5717 Moram
3022 5648 3073 5700 in
3112 5646 3291 5699 Causa
3337 5647 3452 5709 Dei,
3488 5656 3626 5715 part.
3659 5660 3744 5717 is,

2153 5729 2344 5789 quaest.
2372 5719 2426 5780 6,
2447 5713 2590 5789 'pag.
2638 5716 2761 5789 1'58.
2792 5717 2863 5769 At
2910 5715 3435 5789 Vossius_.ldversus
3483 5713 3599 5768 erit.
3647 5713 3749 5789 Si-

2155 5783 2342 5853 monii,
2379 5783 2503 5857 pag.
2531 5783 2615 5853 i6,
2652 5788 2885 5857 linguam
2924 5786 3415 5841 Alexandrinorum
3460 5783 3747 5854 pertendit

2156 5860 2321 5914 fuisse
2346 5858 2603 5914 Atticam.
