3878 6518
457 442 558 500 650

1727 444 1788 501 P.
1826 443 2141 500 DAMELIS
2179 444 2410 500 llUETll

3619 447 3732 503 6ιῦ

442 547 661 617 fessum
694 561 964 617 scribendi
997 562 1258 625 studium.
1296 572 1348 617 et
1386 564 1664 618 assnluam
1696 567 1842 622 circa
1867 567 2040 622 libros
2068 571 2112 628 Α
2144 568 2435 621 maximam
2467 565 2632 620 etiam
2662 563 2942 636 colligeret
2981 565 3294 620 memoriam
3339 567 3683 636 antiquitatis
3707 610 3724 637 ,

437 663 708 722 ‘moram,
767 655 1015 710 eamdem
1059 656 1483 726 appellationem
1537 669 1868 715 consecutus
1912 671 2038 727 est;

455 759 618 817 supra
663 747 764 801 tria
812 747 1076 816 siquidem
1115 748 1380 803 librorum
1414 751 1582 804 millia
1629 763 1684 806 et
1717 754 2041 822 quingentos

455 837 810 906 conscripsit,
845 856 966 892 cum
1005 841 1175 895 multo
1212 841 1396 910 plures
1427 843 1718 912 Origenem
1755 845 2041 913 scripsisse

453 929 728 996 proditum
763 932 858 995 sit,
888 932 1111 986 minime
1139 943 1318 986 autem
1352 934 1479 988 dum
1519 920 1724 989 viveret
1768 935 2040 988 Adaman-

457 1023 563 1078 tius
605 1033 791 1079 noster
845 1025 1197 1080 Chalcenteri
1248 1043 1442 1081 nomen
1497 1027 1679 1097 gessit.
1721 1027 1947 1080 Paribus
1973 1027 2040 1083 de

453 1119 635 1173 causis
681 1119 855 1189 Apion
895 1120 1285 1188 grammaticus
1313 1160 1328 1183 ,
1378 1135 1442 1172 ac
1491 1120 1673 1173 itidem
1715 1117 2034 1188 Egyptius,

454 1223 680 1280 propter
715 1211 1033 1265 inusitatam
1072 1212 1122 1265 in
1162 1211 1444 1266 litterariis
1473 1212 1749 1266 laboribus
1780 1223 2038 1266 constan-

455 1305 607 1372 tiam,
653 1304 851 1378 μόχθος
885 1305 1212 1377 cognomine
1258 1307 1436 1360 dictus
1475 1315 1576 1360 est.
1613 1304 1721 1360 Sed
1753 1305 2035 1360 redeamus

451 1397 517 1451 ad
545 1399 904 1466 propositum.

524 1489 616 1544 ιν.
654 1490 767 1562 (12)
789 1489 893 1545 Sex
913 1490 1406 1562 prmterOrigenem
1426 1490 1808 1560 filiossnscepit
1834 1491 2034 1546 Leoni-

448 1584 545 1639 des
581 1598 596 1636 :
630 1593 685 1637 at
748 1601 869 1638 cum
921 1585 972 1638 in
1021 1585 1116 1639 illo
1161 1585 1454 1639 admodum
1496 1584 1657 1638 etiam
1698 1594 1809 1638 tum
1865 1573 2034 1655 p'uero

447 1688 642 1742 magna
675 1675 743 1728 ad
783 1675 1036 1731 virtutem
1085 1674 1327 1730 eluceret
1364 1676 1573 1731 indoles
1601 1716 1617 1741 ,
1656 1691 1876 1731 omnem
1920 1677 2034 1732 fere

448 1766 620 1835 patris
657 1782 902 1823 amorem
953 1784 1018 1823 ac
1063 1769 1306 1824 studium
1345 1769 1412 1824 ad
1456 1784 1515 1824 se
1551 1769 1838 1824 convertit.
1878 1769 2032 1825 llunc

445 1854 633 1927 itaque
665 1859 769 1912 sibi
803 1859 1097 1915 domestica
1131 1860 1496 1926 institutione,
1530 1863 1873 1931 assiduisque
1899 1879 2032 1931 pra:-

2146 669 2200 714 et
2229 657 2649 713 mathematicas
2677 657 2744 712 ad
2779 659 2894 711 haec
2955 667 3102 712 artes
3134 657 3564 728 facultatemque
3596 675 3727 714 ora-

2145 749 2340 803 toriam
2393 747 2732 818 adjungeret.
2771 746 3078 817 Applicavit
3107 747 3303 802 deinde
3331 763 3457 801 sese
3492 748 3560 800 ad
3597 747 3731 801 Am-

2143 842 2407 909 monium,
2446 849 2804 911 cognomento
2857 839 3112 902 Saccant,
3155 849 3208 894 et
3242 843 3292 894 in
3322 839 3440 911 ejus
3467 841 3734 896 exhedris

2144 937 2413 1007 insignem
2473 933 2828 1004 philosophiae
2882 934 3133 1003 peritiam
3187 935 3560 1003 comparavit,
3629 935 3727 989 sed

2147 1028 2446 1084 Platonica:
2479 1028 2804 1095 praesertim,
2837 1024 2956 1096 rpite
2984 1033 3091 1078 tam
3129 1025 3266 1080 altas
3294 1026 3347 1080 in
3379 1026 3500 1096 ejus
3542 1024 3739 1079 animo

2142 1121 2355 1174 radices
2385 1120 2516 1189 egit,
2551 1130 2611 1174 ut
2642 1129 3056 1176 succrescentes
3090 1111 3428 1173 Christianae
3458 1119 3731 1172 doctrin-.e

2131 1211 2323 1283 fruges
2359 1210 2730 1278 interficeret;
2782 1228 2904 1266 nam
2931 1209 3195 1265 Ecclesia:
3223 1212 3359 1264 scita
3395 1209 3510 1265 fere
3541 1211 3734 1277 exige-

2136 1306 2234 1360 bat
2268 1307 2334 1360 ad
2369 1320 2614 1359 normam
2641 1305 2906 1369 Platonis,
2928 1316 2980 1358 et
3000 1305 3213 1358 sincera
3238 1300 3441 1358 Christi
3469 1303 3737 1372 dogmata

2137 1396 2456 1466 Platonicis,
2490 1410 2547 1453 ut
2577 1399 2648 1452 ita
2682 1398 2858 1456 dieam
2881 1438 2895 1462 ,
2947 1395 3222 1452 'coloribus
3270 1395 3582 1451 oblinebat.
3631 1395 3728 1450 Est

2136 1493 2274 1560 apud
2293 1491 2626 1547 ‘Wernerum
2660 1493 2712 1546 in
2752 1489 3030 1544 Fascicqu
3065 1501 3350 1559 temporum
3371 1528 3386 1551 ,
3421 1489 3726 1544 Alexandri

2136 1581 2192 1636 in
2219 1581 2675 1655 Jerosolymitano
2696 1581 3009 1652 episcopatu
3036 1581 3374 1635 decessoretn
3396 1578 3720 1634 Narcissum

2135 1677 2386 1748 Origenis
2408 1676 2578 1731 fuiSse
2609 1675 2947 1745 magistrum.
2984 1674 3115 1729 Tale
3137 1674 3356 1744 quidem
3388 1674 3526 1728 nihil
3561 1674 3729 1728 habet

2135 1769 2434 1832 Eusebius;
2465 1783 2638 1839 neque
2663 1776 2813 1824 certe
2836 1769 2975 1823 unde
3000 1768 3051 1822 id
3075 1767 3370 1836 sumpserit
3399 1766 3734 1833 Wernerus,

2133 1860 2474 1916 comminisci
2543 1873 2787 1928 possum.
2844 1856 3122 1910 llalloxius
3173 1856 3468 1926 Origenem
3531 1855 3730 1910 scribit

445 1950 617 2018 ceptis
652 1949 994 2006 formamluni
1039 1953 1279 2022 suscepit
1330 1953 1598 2009 Leonides
1623 1996 1637 2016 ,
1677 1954 2032 2023 animumque
2061 1936 2104 1989 Β
2134 1954 2454 2008 Pantaenum
2493 1967 2712 2022 quoque
2739 1959 3127 2022 przeceptorem
3154 1949 3430 2005 audivisse
3465 1965 3480 2015 ;
3521 1948 3611 2003 cui
3651 1948 3730 2002 uti

443 2043 633 2098 rudem
675 2045 865 2113 primis
899 2044 1095 2100 imbuit
1142 2045 1470 2102 Christianae
1528 2049 1770 2116 pietatis,
1815 2049 2029 2102 divina-

444 2152 673 2205 rumque
703 2135 863 2189 simul
893 2147 948 2191 et
988 2139 1332 2192 exoticarum
1381 2140 1750 2193 doctrinarum
1787 2143 2029 2195 elemen-

444 2227 510 2280 tis
543 2245 555 2281 :
586 2228 681 2281 sed
713 2227 784 2280 ita
827 2237 1002 2281 tamen
1034 2237 1091 2282 ut
1131 2230 1183 2283 in
1235 2232 1571 2299 quotidianis
1617 2232 2028 2286 exercitationi-

439 2320 564 2385 bus,
591 2321 952 2374 humanarum
983 2320 1287 2376 litterarum
1310 2323 1506 2380 studiis
1531 2341 1702 2381 sacra:
1729 2326 2029 2396 disciplinae

427 2414 718 2484 praeirent.
756 2415 887 2468 Erat
916 2416 1144 2470 omnino
1175 2415 1228 2469 in
1254 2433 1435 2486 .puero
1485 2417 1760 2488 ingenium
1802 2435 2029 2490 peraere

437 2514 494 2559 et
515 2492 816 2569 lfervidum,
855 2507 1148 2576 singularis
1175 2510 1464 2574 memoria,
1492 2510 1734 2580 ﬂagrans
1759 2520 1814 2566 et
1841 2513 2021 2566 incre-

439 2595 607 2650 dibile
643 2597 885 2651 studium
911 2638 928 2665 ,
979 2607 1038 2652 ut
1087 2599 1352 2669 quidquid
1393 2601 1499 2655 sibi
1539 2602 1849 2672 impositum
1881 2613 2029 2660 esset

439 2690 508 2742 ad
537 2689 859 2743 discendum
898 2706 1004 2744 non
1042 2699 1147 2745 tam
1183 2691 1499 2761 exciperet,
1533 2709 1697 2763 quant
1734 2698 2021 2763 arriperet,

437 2781 838 2852 docentemque
860 2792 1083 2853 patrem
1115 2783 1373 2838 discendo
1415 2794 1470 2840 et
1510 2788 1805 2854 quaerendo
1833 2787 2027 2842 defati-

437 2883 614 2942 garet.
664 2874 798 2930 Cum
839 2877 985 2930 enim
1042 2876 1235 2931 selecti
1269 2892 1299 2932 e
1343 2876 1630 2948 Scriptura
1675 2892 1863 2936 sancta
1921 2883 2020 2940 loci

435 2965 667 3037 singulis
703 2967 1016 3038 quibusque
1053 2970 1248 3024 diebus
1289 2972 1566 3026 memoriae
1599 2975 2023 3029 commendandi

435 3057 537 3126 ipsi
566 3070 1039 3128 proponerentur,
1085 3062 1310 3130 proclivi
1359 3065 1646 3118 verborum
1703 3080 1865 3119 sensu
1916 3081 2022 3119 non

435 3158 748 3217 contentus,
779 3151 1068 3218 satagebat
1101 3151 1290 3206 subire
1327 3152 1394 3206 ad
1427 3153 1714 3218 interiora,
1747 3165 1803 3208 et
1839 3170 2024 3210 recon-

2135 2044 2499 2099 assentiamur
2533 2043 2677 2097 nulla
2720 2058 2820 2098 nos
2865 2043 3142 2098 adducunt
3173 2049 3422 2095 veterum
3475 2039 3727 2094 testimo-

2133 2138 2256 2201 nia;
2305 2135 2415 2190 imo
2447 2150 2576 2189 vero
2613 2133 2878 2204 refragari
2927 2132 3091 2188 etiam
3115 2132 3410 2186 videnlur:
3444 2129 3732 2182 memoriae

2132 2229 2332 2298 quippe
2371 2228 2552 2296 prodit
2602 2227 2868 2280 Eusebius
2910 2224 3202 2296 Origenem
3229 2225 3393 2278 etiam
3432 2233 3547 2274 tum
3597 2237 3727 2290 pue-

2133 2338 2251 2376 rum
2298 2321 2594 2385 Clementis
2633 2320 2938 2374 auditorem
2985 2319 3186 2384 fuisse;
3235 2327 3359 2388 post
3399 2317 3730 2370 Pantaenum

2131 2425 2312 2469 autem
2345 2415 2733 2470 Alexandrinae
2776 2412 2980 2469 schola:
3031 2411 3375 2466 Clementem
3413 2409 3726 2478 praefuisse.

2130 2509 2367 2563 Docendi
2397 2509 2561 2577 igitur
2585 2522 2770 2562 curam
2803 2514 2932 2561 tunc
2961 2505 3225 2575 ahjecerit
3247 2504 3566 2566 Pantaenus,
3601 2517 3730 2556 cum

2129 2601 2361 2670 prinnnn
2394 2599 2670 2669 magistris
2697 2613 2830 2653 usus
2851 2609 2934 2652 est
2967 2597 3256 2668 Origenes.
3302 2596 3548 2649 Narrant
3576 2613 3723 2658 quo—

2128 2705 2234 2761 que
2263 2689 2757 2760 Magdeburgenses
2790 2688 2940 2743 Cent.
2969 2703 3050 2756 ιιι,
3086 2702 3137 2742 c.
3179 2686 3267 2750 10.
3323 2687 3474 2741 inter
3518 2701 3736 2756 praece-

2129 2793 2313 2855 ptores
2356 2780 2626 2852 Origenis‘
2669 2779 2902 2834 llnillum
2951 2780 3225 2835 recenseri
3269 2780 3337 2834 ab
3383 2777 3734 2848 Hieronymo

2130 2877 2181 2930 in
2226 2875 2482 2945 Apologia
2509 2877 2561 2927 in
2597 2874 2864 2942 fin/iitum.
2899 2872 2980 2928 Ab
3005 2872 3182 2926 Iluillo
3209 2871 3432 2942 quidem
3457 2869 3730 2924 nonnulla

2128 2969 2393 3022 monitum
2420 2966 2588 3020 fuisse
2647 2965 2965 3034 Origenem,
2997 2979 3117 3033 quae
3158 2963 3224 3017 ad
3253 2962 3527 3017 veriorem
3581 2963 3736 3018 Scri-

2127 3070 2303 3129 ptura:
2357 3059 2868 3128 interpretationem
2901 3056 3263 3126 pertinerent,
3291 3067 3490 3108 narrat
3525 3053 3729 3109 Hiero-

2126 3167 2325 3223 nymus
2355 3153 2450 3207 lib.
2485 3168 2525 3218 ι,
2557 3167 2678 3221 cap.
2712 3150 2768 3204 5.
2815 3149 2971 3216 Quod
3023 3150 3068 3204 si
3103 3159 3406 3219 prmeeptor
3453 3149 3741 3203 dicendus.

435 3241 578 3296 ditas
613 3241 914 3296 sententias
951 3241 1231 3309 evolvere,
1271 3252 1598 3313 patremque
1644 3247 1866 3300 assidua
1897 3261 2090 3332 per-c
2124 3253 2246 3310 est,
2305 3244 2396 3314 qui
2449 3253 2728 3298 errantem
2782 3240 3006 3295 meliora
3061 3254 3159 3308 pro
3216 3248 3466 3308 tempore
3543 3239 3728 3294 amice

434 3334 745 3390 contatione
781 3335 1103 3391 lacessebat.
1130 3337 1210 3390 Ac
1235 3351 1470 3404 puerum
1510 3337 1726 3406 quidem
1757 3341 2022 3396 immode-

434 3437 553 3480 rata
583 3429 815 3496 quadam
864 3428 1063 3498 ingenii
1096 3427 1346 3482 ubertate
1384 3428 1821 3497 superfluentem
1860 3449 2018 3487 coer-

434 3519 611 3582 cebat,
644 3519 938 3590 palamque
977 3520 1317 3590 castigabat;
1349 3524 1444 3578 sed
1481 3522 1692 3577 felicem
1737 3523 2020 3579 nihilomi-

434 3628 537 3667 nus
558 3613 725 3667 animi
767 3614 1004 3670 calorem
1041 3615 1240 3670 tacitus
1277 3617 1555 3672 admirans
1585 3617 1824 3673 futurum
1851 3635 2021 3689 augu-

434 3705 662 3759 rabatur
692 3716 751 3760 ut
790 3709 858 3761 ad
894 3705 1102 3775 majora
1132 3709 1406 3778 aspiraret
1431 3709 1725 3780 aliquando
1751 3752 1766 3776 ,
1801 3711 2022 3782 filioque

433 3797 670 3850 nondum
706 3797 894 3868 puberi
927 3814 1140 3855 summa
1167 3802 1349 3855 omnia
1369 3801 1576 3871 judicio
1602 3817 1702 3857 suo
1729 3803 2017 3861 tribuebat.

423 3886 540 3943 Sed
569 3904 706 3958 quas
743 3891 978 3945 interdiu
1008 3891 1304 3948 blanditias
1349 3893 1644 3962 prudentia
1683 3906 1740 3951 et
1780 3901 2020 3966 gravitas

432 3982 841 4049 continuerant,
875 3999 970 4040 eas
1007 3994 1167 4040 noctu
1201 3985 1412 4055 patrius
1446 3989 2015 4056 amor-exprimebat;

419 4071 620 4129 ferunt
663 4076 929 4146 siquidem
964 4077 1292 4134 dormientis
1325 4077 1634 4134 cubiculum
1671 4081 1824 4149 pueri
1873 4098 2019 4154 saepe

433 4163 739 4236 ingressum
771 4169 1015 4235 Patrem,
1069 4173 1331 4225 nudatum
1362 4171 1472 4224 filii
1511 4180 1732 4240 pectus,
1763 4174 1843 4228 sic
1893 4183 2018 4229 tan-

415 4272 601 4327 vquam
643 4259 864 4328 aliquod
923 4260 1164 4331 Spiritus
1211 4261 1385 4318 sancti
1440 4261 1779 4318 domicilium
1843 4263 2015 4320 fuisse

410 4349 848 4420 exosculatum,
900 4354 1118 4425 Deoque
1163 4366 1346 4429 grates
1399 4360 1598 4430 egisse,
1653 4364 1744 4433 qui
1796 4379 1855 4419 se
1905 4374 2015 4419 tam

414 4449 584 4505 felici
611 4451 763 4520 prole
792 4453 1057 4510 auxisset.

505 4539 574 4596 γ.
646 4541 758 4614 (15)
810 4542 1106 4615 Postquam
1165 4546 1489 4605 demeSticis
1549 4552 2010 4622 praeceptionibus

411 4725 546 4797 .(M)
595 4725 864 4782 Clementi
909 4730 1303 4797 Alexandrino,
1349 4734 1442 4803 qui
1479 4733 1724 4790 Pantteni
1767 4738 2010 4792 scholam

411 4818 718 4888 regendam
749 4831 1098 4892 susceperat,
1152 4822 1206 4877 in
1251 4823 1593 4893 disciplinam
1639 4828 1871 4884 traditus
1903 4841 2008 4896 est,

409 4925 537 4980 -~quo
562 4911 827 4982 magistro
855 4921 1065 4968 tantum
1110 4915 1285 4970 valuit
1323 4915 1592 4987 ingeniosi
1640 4920 2007 4976 adolescentis

424 5003 776 5070 exercitatio,
825 5014 885 5059 ut
932 5014 1130 5074 praeter
1171 5008 1372 5062 artium
1425 5025 1710 5064 sacrarum
1761 5011 2005 5082 discipli-

425 5111 576 5164 nam,
619 5097 688 5152 ad
717 5112 880 5168 quam
905 5097 1304 5156 meditationes
1331 5098 1447 5156 fere
1477 5101 1751 5157 referebat
1791 5120 1999 5169 omnes,

521 5256 609 5335 ig)
640 5257 1030 5335 Euseb._,__Hist.
1054 5265 1265 5326 eccles.,
1291 5261 1385 5318 lib.
1423 5279 1502 5331 vr,
1531 5279 1655 5335 cap.
1687 5264 1714 5318 1
1749 5273 1804 5321 et
1828 5266 1883 5322 2.

518 5329 606 5403 to)
649 5331 813 5403 Idem,
837 5331 934 5403 lib.
967 5349 1044 5396 vr,
1083 5349 1202 5403 cap.
1235 5335 1289 5392 6.

491 5399 606 5471 (14)
652 5400 908 5455 Clementi
954 5399 1342 5468 Alexandrino,
1382 5412 1490 5458 etc.
1521 5401 1750 5460 Videtur
1791 5408 1844 5464 in
1898 5411 2002 5465 hac

422 5470 720 5544 Clementis
759 5472 943 5544 schola
973 5473 1410 5544 condiscipulum
1449 5475 1710 5530 habuisse
1763 5479 2005 5534 Alexan-

421 5543 600 5614 drum,
623 5538 1140 5614 Jerosolymitanum
1191 5538 1378 5613 postea
1428 5545 1786 5614 episcopum,
1822 5550 2002 5603 virum

422 5612 852 5675 sanctissimum,
884 5629 1045 5682 quem
1079 5612 1414 5670 acerrimum
1455 5612 1653 5668 deinde
1696 5618 1780 5670 sui
1809 5619 1999 5673 defen-

423 5695 602 5752 sorem
650 5692 907 5752 expertus
950 5693 1055 5738 est.
1086 5686 1263 5740 Ambo
1305 5685 1454 5740 enim
1507 5686 1649 5752 apud
1703 5685 1997 5742 Eusebium

423 5749 571 5803 llist.
625 5749 915 5808 ecclesiau.
969 5753 1060 5806 lib.
1114 5770 1190 5818 Vl,
1233 5769 1355 5822 eap.
1411 5752 1502 5808 Η.
1544 5749 1899 5812 Clementem
1945 5768 2004 5811 ut

425 5829 707 5888 parentem
737 5861 749 5883 ,
785 5831 839 5875 et
871 5823 1174 5892 conciliata:
1223 5825 1366 5877 inter
1403 5839 1464 5878 se
1515 5825 1772 5879 amicitiae
1812 5838 2004 5882 aucto-

427 5907 540 5945 rem
577 5902 892 5960 agnoscunt.
929 5893 1124 5949 Eodem
1154 5894 1360 5949 honore
1410 5901 1467 5947 ut
1504 5894 1824 5959 magistrum
1883 5914 1978 5953 oro

2127 3337 2458 3400 subinonet,
2535 3335 2782 3404 profecto
2857 3333 3170 3403 quicunque
3237 3331 3440 3385 litteris
3522 3330 3730 3386 damus

2124 3445 2346 3500 operam
2387 3428 2558 3483 nostri
2592 3425 2823 3480 invicem
2865 3433 3231 3494 prmeeptores
3260 3438 3476 3486 sumus,
3519 3423 3729 3493 quippe

2125 3522 2217 3592 qui
2268 3538 2366 3577 nos
2407 3523 2637 3577 invicem
2691 3518 2912 3574 monitis
2951 3516 3209 3584 juvamus
3239 3522 3294 3570 et
3336 3515 3616 3581 consiliis,
3669 3524 3730 3569 et

2186 3617 2328 3666 Hauc
2349 3612 2540 3666 veniam
2560 3609 2877 3677 petimusque,
2900 3608 3167 3674 damusque
3195 3605 3414 3658 vicissim
3445 3606 3574 3668 (15).

2197 3710 2282 3764 VI.
2311 3709 2424 3762 Duo
2454 3722 2616 3776 porro
2646 3704 2733 3758 hic
2761 3702 2992 3758 videnda
3035 3711 3195 3768 sunt,
3249 3711 3432 3755 utrum
3490 3701 3728 3755 Ammo-

2124 3803 2272 3858 nium
2299 3798 2572 3854 audiverit
2592 3795 2855 3867 Origenes
2878 3814 2893 3864 ;
2924 3805 3035 3849 tum
3061 3795 3315 3865 pluresne
3340 3792 3507 3861 hujus
3541 3793 3725 3846 ιιοιιιί-

2123 3895 2212 3950 nis
2266 3906 2334 3946 ex
2382 3888 2662 3945 Ammonii
2705 3887 2892 3942 schola
2935 3885 3431 3957 prodierintzhaec
3489 3884 3641 3939 enim
3691 3899 3726 3936 a

2120 3986 2259 4040 viris
2289 3982 2520 4040 eruditis
2547 3982 2602 4036 in
2650 3989 2943 4048 utramque
2991 3987 3202 4049 partem
3242 3975 3524 4046 diSputata
3569 3984 3723 4030 sunt.

2124 4081 2366 4137 Priorem
2419 4075 2776 4146 Quazstionem
2834 4075 3006 4144 agitat
3054 4069 3324 4127 Baronius
3376 4071 3450 4126 ad
3508 4085 3720 4124 annum

2116 4171 2324 4228 Christi
2349 4169 2478 4234 254,
2513 4167 2818 4238 mirarique
2848 4181 2908 4222 se
2947 4164 3079 4219 dicit
3108 4163 3198 4233 qui
3247 4163 3441 4218 audire
3480 4164 3716 4218 Ammo-

2119 4266 2269 4320 niutn
2288 4263 2525 4332 potuerit
2552 4260 2814 4329 Origenes
2835 4258 3124 4312 Ammonio
3146 4255 3261 4310 fere
3284 4265 3450 4310 :ctate
3481 4270 3710 4325 suppa-.3

2113 4367 2176 4413 et
2204 4357 2433 4410 aliorum
2467 4352 2586 4422 ipse
2618 4349 2950 4407 institutioni
2999 4357 3130 4403 ante
3161 4363 3363 4400 annum
3400 4349 3584 4403 aetatis
3614 4347 3718 4401 tri-

2116 4449 2386 4507 cesimum
2418 4443 2728 4514 praefectus.
2771 4440 2939 4508 Quasi
2985 4455 3095 4495 non
3141 4438 3227 4494 his
3270 4453 3417 4508 smpe
3453 4439 3721 4508 tempori-

2120 4544 2240 4604 bus,
2291 4547 2350 4594 ut
2395 4537 2641 4608 pluribus
2684 4533 3036 4604 probabimus
3081 4531 3254 4596 infra,
3301 4530 3419 4598 jam
3471 4533 3719 4602 grandes

321 4628 330 4636 ’
415 4633 724 4689 τι-οὶιοιιειιιιε
757 4614 974 4691 animus
1017 4637 1291 4707 publicam
1324 4640 1500 4696 lucem
1539 4614 1786 4712 quaerere
1823 4648 2008 4716 etrapit,

2127 4644 2247 4690 natu
2281 4630 2380 4685 viri
2412 4629 2627 4685 scholas
2646 4625 3086 4695 'frequentarint;
3109 4631 3164 4678 et
3196 4623 3356 4692 hujus
3381 4624 3557 4693 ipsius
3579 4626 3717 4678 Am-

2117 4724 2290 4781 monii
2325 4720 2625 4790 discipulus
2663 4717 2932 4782 Plotinus,
2965 4714 3032 4770 ad
3067 4728 3193 4770 eum
3234 4713 3575 4769 audiendum
3615 4730 3716 4768 an-

2115 4832 2215 4872 nos
2246 4815 2435 4886 viginti
2469 4823 2594 4869 octo
2649 4822 2812 4866 natus
2869 4825 2978 4866 non
3034 4814 3352 4874 accesserit,
3411 4825 3712 4879 annosque

2114 4926 2237 4966 eum
2271 4907 2522 4962 undecim
2573 4905 2841 4960 audiverit
2874 4920 2890 4957 :
2931 4904 3089 4972 quasi
3123 4902 3546 4958 catechumenis
3574 4901 3708 4957 ﬁdei

2113 5001 2436 5057 Christiana:
2495 4999 2797 5052 rudimenta
2859 4997 3110 5062 tradere,
3174 5003 3232 5049 et
3277 4995 3708 5063 grammaticam

2121 5097 2339 5170 publice
2361 5091 2607 5164 profiteri
2635 5104 2740 5144 non
2768 5091 3007 5159 potuerit
3037 5087 3334 5156 Origenes;
3378 5087 3499 5156 ipse
3532 5089 3714 5143 succi-

2111 5258 2710 5335 seqttttntttr_Pannutn.
2758 5254 2838 5335 ῥά
2946 5261 3132 5335 autem
3178 5255 3320 5321 quod
3367 5252 3563 5333 objicit
3597 5253 3712 5306 cla-

2109 5323 2362 5392 rissimus
2399 5331 2626 5384 Iluetius
2658 5341 2724 5381 ex
2760 5324 3000 5379 Eusebio
3039 5323 3329 5393 Origenem
3383 5327 3556 5376 etiam
3591 5337 3705 5376 tum

2111 5419 2340 5477 puerum
2382 5398 2678 5477 Clementis
2719 5395 3019 5477 auditorem
3065 5397 3275 5477 “fuisse;
3330 5403 3454 5477 post
3495 5393 3711 5447 Pantae-

2102 5464 2230 5530 ι”ιιιι·ιι
2277 5483 2458 5526 autem
2507 5465 2892 5522 Alexandrinae
2927 5465 3126 5518 scholae
3175 5464 3517 5518 Clementem
3558 5481 3705 5530 pra:-

2103 5545 2294 5607 fuisse,
2345 5541 2638 5611 respondet
2673 5535 3058 5611 Tillemontius
3095 5533 3410 5611 Ιήιιιίιξιιιριι
3452 5534 3704 5611 quidem

2113 5615 2166 5669 in
2197 5603 2400 5668 Indiam
2431 5603 2734 5684 profectum
2761 5619 2883 5660 esse
2910 5605 3067 5684 circa
3089 5617 3293 5684 "annum
3333 5603 3542 5684 Christi
3577 5603 3705 5669 189,

2109 5701 2230 5740 cum
2270 5675 2588 5754 quadrimus
2617 5679 2797 5754 adhuc
2839 5683 2976 5754 erat
3027 5675 3291 5754 Origenes
3313 5676 3472 5754 ,__sed
3521 5675 3705 5737 ipsum

2111 5743 2301 5824 postea
2337 5749 2722 5824 Alexandriam
2761 5746 3007 5824 rediisse,
3044 5754 3101 5796 ut
3128 5745 3288 5824 deget
3326 5743 3707 5815 Hieronymus

2117 5815 2167 5878 in
2204 5823 2446 5891 Cataiog.
2485 5821 2666 5891 script.
2690 5816 3007 5877 ecclesiast.,
3037 5830 3169 5891 cap._

2188 5895 2299 5958 (15)
2333 5885 2519 5948 Horat.
2562 5890 2636 5944 De
2666 5898 2744 5942 art
2771 5895 2935 5956 μυρίη
2970 5901 3109 5941 vers.
3152 5885 3236 5938 ll.
