3866 6524
170 412 268 469 ἀἱ
1185 394 1768 456 ORIGENIANORUM
1808 394 1936 452 LIB.
1979 397 2019 466 l,
2060 397 2211 453 CAP.
2257 396 2300 452 1.

3329 387 3435 444 6ιῖ

181 529 304 587 sivis
350 526 500 582 horis
538 522 838 593 sepositum
894 520 963 575 ad
1011 520 1344 574 audiendum
1393 520 1743 575 Ammonium
1776 523 1821 579 Α
1853 517 2178 587 simpliciter
2211 515 2344 572 dicti
2371 533 2386 580 ;
2416 513 2651 572 alterum
2683 510 3148 584 Origenistarum,
3179 509 3272 578 qui
3303 509 3435 564 findi

179 634 379 690 tempus
403 619 623 672 habere.
650 615 837 684 Neque
866 628 994 670 vero
1021 623 1139 682 post
1165 612 1473 684 Porphyrii,
1504 610 1745 672 Eusebii,

179 712 454 784 Nicephori
496 720 550 766 et
589 709 772 765 Suidaa
816 707 1214 771 testimonium,
1281 707 1412 777 quin
1458 704 1746 760 Ammonio

171 805 430 874 magistro
466 817 593 856 usus
615 801 709 868 sit,
740 808 920 871 potest
943 796 1199 853 dubitari.

244 897 352 953 VII.
406 896 650 967 Spissior
698 903 785 950 est
829 901 882 948 et
921 889 1262 947 reconditior
1291 889 1462 944 altera
1493 887 1742 957 qumstio,

172 990 324 1060 cuius
340 996 595 1044 accurate
617 984 987 1056 pertractandi
1010 982 1353 1038 commodum
1376 981 1522 1036 nacti
1545 981 1744 1044 locum,

180 1097 277 1139 non
337 1079 744 1149 disputabimus
799 1086 1010 1131 tantum
1055 1073 1316 1144 pluresne
1366 1073 1628 1143 Origenes
1678 1087 1744 1127 ex

176 1173 436 1231 Ammonii
481 1171 664 1228 schola
696 1168 803 1225 orti
854 1167 986 1230 sint,
1026 1167 1123 1222 sed
1167 1167 1235 1220 ab
1281 1180 1463 1220 unone
1495 1165 1658 1218 etiam
1693 1172 1747 1219 et

178 1267 355 1322 eodem
388 1263 626 1334 Origene
655 1262 855 1333 duplex
885 1259 1321 1330 Origenistarum
1359 1258 1745 1312 haereticorum

178 1368 312 1414 secta
367 1358 612 1427 profecta
665 1357 764 1421 sit;
811 1362 926 1409 tum
967 1353 1128 1408 etiam
1173 1351 1528 1419 multiplexne
1586 1349 1748 1403 fuerit

178 1447 547 1503 Adamantius.
575 1443 682 1500 Per
711 1444 842 1498 mihi
884 1455 1016 1496 sane
1061 1440 1237 1510 placet
1283 1439 1501 1493 lienrici
1546 1436 1744 1492 Valesii

177 1540 454 1603 sententia,
480 1539 585 1594 viri
614 1537 1006 1594 ecclesiasticae
1028 1537 1182 1607 juxta
1217 1544 1275 1588 et
1308 1531 1556 1602 profanae
1601 1530 1745 1583 anti-

176 1633 386 1704 quitatis
413 1631 655 1687 litterate
677 1632 862 1702 periti.
908 1630 960 1686 Is
998 1633 1050 1685 in
1080 1627 1373 1684 luculentis
1412 1627 1478 1680 ad
1528 1625 1745 1679 Eusebii

177 1723 461 1778 Historiam
490 1723 938 1778 adnotationibus
969 1721 1246 1792 geminum
1285 1718 1584 1788 Origenem
1615 1719 1746 1770 Am—

178 1816 344 1872 monio
361 1830 582 1884 operam
607 1817 674 1870 ad
693 1816 1023 1870 audiendum
1043 1815 1258 1870 dedisse
1275 1813 1492 1876 scribit,
1516 1813 1745 1867 alterum

176 1908 546 1963 Adamantium
604 1921 888 1985 nostrum;
947 1907 1184 1962 alterum
1264 1905 1418 1960 illum
1473 1905 1566 1976 qui
1623 1921 1746 1959 cum

177 1999 432 2056 Heremrio
447 1999 735 2068 etPlotino
757 2015 787 2054 a
817 1999 1249 2071 condiscipulatu
1279 1997 1570 2064 conjuncte
1596 1997 1746 2058 vixit,

176 2101 223 2146 et
246 2091 390 2161 cujus
427 2093 689 2162 frequens
734 2091 977 2146 occurrit
1007 2093 1216 2144 mentio
1259 2091 1312 2144 in
1381 2088 1499 2141 Vita
1543 2087 1750 2141 Plotini

177 2199 202 2238 a
224 2182 524 2256 Porphyrio
545 2184 880 2254 conscripta,
907 2193 963 2238 et
981 2183 1036 2237 in
1065 2183 1191 2239 libri
1222 2183 1298 2236 De
1321 2181 1425 2252 ﬁne
1444 2196 1472 2233 a
1504 2180 1749 2250 Longino

177 2274 424 2331 lucubrati
455 2277 789 2346 fragmento,
839 2275 984 2345 quod
1014 2275 1141 2330 huic
1184 2274 1284 2344 ipsi
1336 2271 1472 2326 Vita:
1505 2271 1750 2342 Porphy-

177 2370 280 2425 rius
307 2371 565 2426 intexuit.
596 2371 860 2425 Rationes
885 2368 1084 2439 quibus
1114 2369 1171 2423 id
1200 2367 1396 2422 astruit
1433 2366 1518 2420 vir
1557 2367 1750 2420 doctus

175 2461 311 2520 brevi
347 2464 709 2534 complectar.
732 2463 1120 2517 Adamantium
1145 2460 1439 2531 Origenem
1469 2458 1746 2514 Ammonii

176 2557 456 2612 auditorem
480 2557 710 2611 multam
735 2573 798 2610 ex
833 2556 1054 2625 scriptis
1079 2553 1220 2624 apud
1248 2562 1497 2622 posteros
1519 2552 1747 2622 gloriam

174 2648 327 2706 fuisse
348 2660 711 2707 consecutum
742 2669 771 2705 a
805 2648 1112 2720 Porphyrio
1149 2654 1294 2717 apud
1345 2651 1543 2705 Euseb.
1600 2630 1742 2704 Hist.

174 2741 259 2797 lib.
288 2757 358 2805 vt,
391 2758 519 2814 cap.
553 2743 642 2807 i9,
683 2744 942 2798 traditum
967 2751 1052 2798 est
1082 2760 1099 2810 ;
1127 2751 1182 2796 at
1208 2742 1496 2813 Origenem
1521 2742 1748 2796 alterum

171 2833 355 2891 Plotinl
385 2837 636 2892 sodalem
690 2838 827 2891 nihil
859 2846 1061 2907 praeter
1089 2836 1332 2892 libellum
1389 2837 1465 2891 De
1499 2839 1750 2892 dwmonio

178 2927 260 2981 ltus
279 2929 540 2998 scriptum
583 2928 874 2999 reliquisse
899 2928 1097 2984 docent
1125 2929 1292 2983 iidem
1319 2928 1651 3001 Porphyrius
1697 2938 1753 2985 et

176 3015 454 3090 Longinits.
512 3020 926 3090 lmperantibus
963 3031 1237 3090 praeterea
1289 3020 1450 3076 Gallo
1493 3031 1548 3076 et
1592 3021 1751 3076 Volu-

178 3119 316 3173 siano
343 3118 634 3189 Origeuem
669 3132 793 3172 eum
818 3159 834 3183 ,
871 3117 961 3188 qui
1023 3116 1382 3173 Adamantius
1433 3127 1745 3186 usurpatur,

177 3221 461 3266 rx'remum
495 3210 769 3266 clausisse
800 3209 946 3265 diem
980 3209 1163 3279 prodit
1195 3209 1509 3289 Eusebius;
1560 3207 1751 3279 Orige-
1782 3225 1823 3282 ο

179 3328 287 3366 nem
317 3327 442 3368 vero
483 3313 721 3366 alterum
765 3309 872 3364 sub
913 3307 1169 3363 Gallieno
1211 3306 1409 3360 librum
1460 3307 1752 3375 quemdam

168 3405 466 3458 elaborasse
492 3404 546 3456 in
582 3403 773 3456 eadem
816 3397 1021 3454 Plotini
1041 3398 1184 3470 .Vita
1211 3398 1475 3467 scriptqu
1506 3396 1755 3468 Porphy:

181 3492 279 3546 rius
335 3492 578 3562 reliquit.
633 3490 844 3556 Quibus
901 3488 1123 3542 tertium
1193 3487 1324 3542 illud
1372 3495 1752 3556 argumentum

178 3585 319 3638 addo.
347 3582 644 3656 Origenem
678 3581 1065 3636 Adamantium
1095 3578 1383 3635 sibi-valde
1422 3578 1752 3632 adolescenti

181 3681 436 3750 cognitum
491 3679 796 3749 aliquando
866 3675 1036 3730 fuisse
1099 3674 1438 3744 Porphyrius
1492 3673 1750 3736 tradidit;

180 3773 306 3842 quod
347 3789 449 3827 non
485 3772 723 3827 dixisset
769 3768 1036 3840 profecto,
1093 3767 1139 3822 si
1192 3767 1448 3820 diuturna
1488 3765 1588 3819 sibi
1630 3780 1752 3818 cum

175 3863 259 3920 ilio
281 3873 332 3920 et
369 3875 634 3920 constans
680 3858 1092 3914 intercessisset
1138 3854 1483 3910 necessitudo
1514 3868 1530 3902 :
1565 3851 1758 3922 Orige-

184 3956 259 4011 uis
283 3967 461 4012 autem
502 3955 738 4009 alterius
777 3952 968 4005 Romae
1013 3945 1446 4017 condiscipulmn
1487 3954 1541 3999 et
1573 3958 1757 4011 arqua-

181 4049 272 4107 lem
295 4051 456 4107 fuisse
480 4048 853 4121 Porphyrium
881 4043 1157 4098 memoria:
1189 4040 1428 4112 prodidit
1454 4039 1750 4107 Eunapius.

181 4141 308 4198 Sane
336 4143 630 4214 imperium
675 4147 895 4195 tenente
939 4137 1194 4205 Philippo
1227 4135 1333 4188 iter
1358 4132 1588 4186 Romam
1621 4144 1750 4183 neu-

185 4234 370 4306 liquam
405 4235 718 4305 suscepisse
747 4230 1037 4302 Origenem
1065 4226 1474 4292 Adamantium,
1497 4231 1551 4276 et
1585 4222 1754 4276 Roma

184 4330 383 4384 omnino
415 4346 512 4402 per
560 4330 616 4382 id
666 4337 878 4396 tempus
921 4322 1163 4378 abfuisse
1217 4319 1585 4376 certissimum
1622 4323 1753 4380 est;

184 4435 269 4475 nec
291 4425 429 4476 enim
464 4431 576 4476 tam
606 4419 823 4490 longam
859 4413 1356 4486 peregrinationem
1383 4407 1646 4464 credibile
1672 4413 1757 4460 est

183 4513 378 4569 silentio
422 4513 597 4568 fuisse
627 4509 1098 4581 pratermissuros
1131 4504 1427 4560 Eusebium
1464 4511 1518 4557 et
1546 4493 1741 4554 Hiero-

185 4621 379 4677 nymum
414 4627 428 4664 :
463 4617 518 4661 at
546 4605 842 4671 Origenem
872 4601 1106 4655 alterum
1153 4601 1217 4653 ad
1252 4597 1522 4653 Plotinum
1564 4592 1750 4646 Romae
1781 4591 1826 4646 D

184 4705 281 4751 tum
337 4698 388 4752 in
447 4697 659 4772 scholis
729 4695 942 4764 publice
1020 4693 1382 4746 disserentem
1448 4683 1750 4739 accessisse

183 4798 352 4843 auctor
389 4799 471 4845 est
507 4791 651 4843 idem
681 4785 1042 4856 Porphyrius.
1096 4783 1150 4835 Id
1193 4780 1236 4834 si
1273 4772 1750 4832 animadvertisset

184 4880 426 4938 Baronius
452 4882 591 4956 (I6),
629 4896 804 4951 neque
849 4890 1041 4934 contra
1093 4871 1313 4929 Eusebii
1345 4869 1508 4924 ﬁdem
1551 4865 1749 4934 Orige-

182 4988 289 5028 aem
334 4972 742 5036 Adamantium,
795 4984 954 5039 quem
1011 4967 1079 5019 ab
1131 4965 1239 5018 alio
1299 4977 1407 5016 non
1478 4956 1748 5021 distinxit,

184 5069 400 5123 secundo
435 5068 671 5122 Romam
703 5062 905 5118 abiisse
941 5060 1010 5114 ad
1043 5058 1347 5114 Fabianum
1391 5057 1587 5124 papam
1622 5065 1751 5120 pur-

185 5162 324 5224 gandi
355 5161 436 5216 sui
471 5174 640 5215 causa
685 5156 1078 5227 excogitasset,
1136 5163 1314 5219 neque
1350 5145 1647 5201 Possevino
1696 5150 1752 5196 et

186 5247 404 5306 llatloxio
450 5252 594 5306 idem
649 5258 706 5305 ut
768 5247 1061 5304 crederent
1107 5255 1334 5297 causam
1379 5237 1749 5308 praebuisset:

185 5341 274 5397 hoc
323 5346 464 5399 enim
494 5358 636 5398 unus
687 5341 778 5397 ille
836 5336 1128 5409 Porphyrii
1184 5335 1338 5388 locus
1382 5331 1499 5384 vito
1554 5339 1750 5395 magno

184 5435 446 5500 persuasit.
475 5429 949 5502 Quemadmodum
1001 5436 1183 5482 autem
1213 5425 1351 5476 duos
1391 5420 1656 5490 Origenes
1693 5414 1748 5470 in

186 5540 332 5582 unum
362 5528 725 5584 confuderunt
753 5523 1025 5589 nonnulli,
1087 5521 1162 5575 ita
1213 5532 1280 5571 ex
1318 5529 1424 5569 uno
1456 5521 1513 5567 et
1556 5510 1749 5564 eodem

185 5620 399 5692 Origene
439 5621 701 5677 Leonida:
751 5619 862 5673 lilio
896 5619 1034 5673 duos
1081 5613 1347 5683 Origenes
1390 5607 1482 5661 alii
1529 5603 1751 5659 efﬁnxe-

186 5722 314 5780 runt,
339 5729 526 5770 verum
559 5713 822 5775 alterum,
861 5725 892 5764 a
944 5723 1057 5780 quo
1103 5705 1208 5763 orti
1256 5710 1383 5758 sunt
1425 5695 1750 5768 Origenisttc

261 5889 354 5964 ,16)
387 5893 582 5951 Baron.
619 5894 682 5949 ad
713 5870 802 5948 an.
831 5889 957 5944 9.48.

1848 607 2215 682 cognominati
2273 616 2398 662 sunt
2419 647 2436 670 ,
2466 606 2770 676 principem
2800 613 2857 660 et
2891 603 3336 669 antesignanum.
3371 597 3431 654 ld

1849 701 2022 756 miror
2058 712 2264 756 temere
2297 699 2590 754 nonnullos
2626 698 2936 763 afﬁrmare,
2993 694 3138 766 quod
3182 693 3438 763 ignorare

1849 808 1909 850 se
1941 801 2176 849 testatur
2206 792 2543 862 Epiphanius
2567 792 2807 858 scriptor
2841 787 3340 857 locupletissimus,
3382 791 3438 837 ct

1847 888 2133 958 proximus
2167 895 2474 955 temporum
2520 883 2758 938 illorum.
2805 879 3095 951 Epiphauii
3139 879 3307 933 verba
3337 889 3436 946 pa-

1849 997 1972 1035 rum
2003 979 2220 1034 sincere
2255 976 2491 1032 reddidit
2536 974 2922 1045 Augustinus;
2955 986 3078 1026 cum
3131 968 3276 1022 enim
3309 982 3439 1021 con-

1849 1074 2022 1145 ceptis
2055 1073 2236 1126 verbis
2269 1071 2485 1126 nescire
2530 1083 2588 1122 se
2624 1067 2902 1136 professus
2951 1064 3150 1122 fuisset
3194 1059 3436 1131 Epipha-

1848 1165 1974 1220 nius
2018 1165 2152 1221 hazr.
2181 1164 2274 1224 65,
2307 1178 2426 1233 cap.
2469 1161 2520 1224 1,
2567 1170 2622 1214 et
2657 1161 2788 1213 haer.
2835 1157 2925 1218 64.
2976 1172 3098 1224 cap.
3133 1155 3187 1218 3,
3246 1169 3314 1208 an
3368 1155 3439 1210 ab

1848 1259 2177 1312 Adamantio
2201 1255 2460 1326 Origene,
2511 1268 2582 1306 an
2624 1251 2693 1305 ab
2726 1251 2834 1304 alio
2876 1249 3072 1317 impuri
3117 1247 3440 1318 Origenistze

1851 1351 2132 1422 pr0pagati
2183 1351 2316 1412 sint,
2365 1350 2480 1402 hzec
2518 1351 2590 1402 ita
2641 1345 2879 1402 reddidit
2936 1341 3296 1413 Augustinus,
3337 1340 3435 1395 lib.

1851 1443 1930 1496 De
1979 1445 2136 1505 Ιιων..
2198 1458 2320 1510 cap.
2364 1441 2458 1504 42,
2506 1439 2815 1511 Origeniam'
2854 1455 2887 1490 a
2933 1436 3164 1507 quodam
3213 1433 3440 1503 Origene

1851 1537 1982 1602 dicti
2012 1545 2132 1590 sunt
2157 1575 2172 1599 ,
2215 1551 2317 1588 non
2353 1534 2416 1587 ab
2463 1533 2558 1587 illo
2588 1533 2680 1602 qui
2714 1530 2822 1600 fere
2859 1528 3103 1583 omnibus
3148 1534 3304 1581 notus
3337 1535 3437 1588 est,

1849 1629 1941 1683 sed
1970 1629 2035 1681 ab
2065 1627 2173 1680 alio
2206 1628 2379 1680 nescio
2417 1642 2542 1696 quo,
2571 1625 2636 1678 de
2682 1640 2787 1692 quo
2825 1618 3288 1676 vel-sectawribus
3324 1616 3438 1686 ejus

1852 1720 2186 1788 Epiphanius
2244 1719 2486 1787 loquens,
2520 1728 2632 1772 etc.
2692 1715 2952 1769 Vitiatam
3009 1713 3078 1766 ab
3135 1709 3440 1780 Augustino

1851 1807 2190 1861 sententiam
2270 1821 2406 1859 nova
2479 1802 2798 1858 accessione
2863 1800 3089 1856 fmdavit
3153 1797 3440 1867 Augustini

1852 1899 2046 1956 simius
2077 1897 2453 1952 Praedestinati
2492 1904 2706 1956 auctor,
2756 1909 2916 1962 quem
2974 1891 3149 1947 edidit
3191 1889 3441 1948 Sirmou-

1852 1996 1952 2051 dus
1978 2011 1993 2060 ;
2022 1996 2102 2049 sic
2129 1993 2273 2048 enim
2309 1991 2550 2060 scripsit,
2581 1990 2714 2045 hazr.
2749 1988 2820 2042 42
2845 2007 2859 2043 :
2887 1984 3366 2053 Quadragesimam
3389 1989 3437 2034 et

1850 2087 2137 2140 secundum
2173 2085 2414 2138 heresim
2453 2079 2763 2150 Origeniani
2795 2077 3198 2135 inchoaveram,
3234 2089 3266 2124 a
3303 2085 3440 2141 quo-

1853 2180 1979 2233 dam
2031 2175 2280 2247 Origene,
2328 2192 2432 2228 non
2457 2173 2552 2227 illo
2599 2173 2692 2242 qui
2725 2171 2835 2240 fere
2867 2167 3112 2222 omnibus
3139 2174 3296 2219 notus
3341 2171 3439 2223 est.

1850 2273 1942 2328 sed
1996 2271 2103 2324 alio
2139 2269 2284 2339 Syro
2320 2271 2554 2338 quodam
2599 2264 3033 2319 sceleratissimo.
3090 2258 3271 2314 Verba
3330 2257 3445 2311 ba'c

1849 2363 2161 2430 Augustini,
2194 2360 2302 2416 Sed
2331 2361 2395 2412 ab
2426 2359 2536 2411 alio
2562 2359 2738 2412 nescio
2763 2372 2889 2426 quo,
2933 2353 3150 2407 videtur
3179 2349 3313 2404 falsa
3342 2347 3446 2401 hac

1850 2456 2091 2511 lectione
2118 2454 2449 2538 depravasse
2481 2469 2494 2504 :
2528 2449 2636 2506 Sed
2671 2450 2778 2502 alio
2819 2447 2957 2516 Syro
2993 2444 3244 2513 quodam.
3298 2439 3442 2495 Idem

1831 2548 2032 2616 .capite
2081 2527 2332 2614 sequenti
2379 2543 2548 2598 alium
2587 2541 2746 2596 nobis
2773 2537 3016 2594 obtrudit
3039 2533 3333 2603 Origenem
3375 2527 3448 2583 ab

1850 2637 2176 2694 Adamantio
2212 2643 2404 2690 nostro
2435 2632 2736 2694 diversum,
2788 2629 3102 2694 dogmatum
3128 2633 3318 2677 eorum
3351 2631 3449 2672 au-

1851 2740 2057 2786 ctorem
2083 2741 2318 2796 quorum
2345 2722 2724 2777 Adamantium
2765 2713 3102 2787 Epiphanius
3145 2705 3447 2766 accusavit.

1853 2819 2200 2890 Sophronius
2225 2813 2722 2882 Jerosolymitanus
2745 2809 2814 2862 ab
2844 2804 3150 2876 Epiphanio
3170 2801 3448 2862 inductus,

1851 2913 2130 2984 geminum
2165 2923 2386 2980 quoque
2419 2905 2754 2975 Origeuem‘,
2789 2900 3024 2966 alterum
3055 2893 3448 2963 antiquiorem.

1850 2981 2246 3057 Adamantium
2275 2998 2510 3052 alterum
2560 2996 2961 3049 commemorat
3012 2988 3065 3040 in
3111 2982 3344 3054 epistola
3381 2981 3450 3036 ad

1855 3094 2110 3163 Sergium
2151 3111 2166 3146 :
2209 3091 2355 3161 quod
2386 3087 2772 3143 observatione
2811 3098 2910 3138 sua
2944 3081 3167 3150 dignum
3211 3074 3443 3130 Photius

1855 3185 2197 3241 existimavit
2226 3182 2349 3237 cod.
2386 3180 2516 3234 251.
2566 3176 2624 3230 In
2677 3176 2868 3231 eadem
2904 3186 3066 3226 causa
3098 3179 3181 3223 est
3205 3165 3448 3222 Joannes

1860 3278 2232 3332 Damascenus
2264 3275 2318 3329 in
2354 3273 2480 3327 libr.
2525 3270 2602 3324 De
2637 3266 2879 3322 Ittrresib.
2931 3262 3206 3334 geminum
3239 3261 3450 3325 [ingens

1859 3371 2178 3441 Origenem,
2203 3369 2352 3424 unde
2382 3365 2629 3436 duplices
2657 3361 2764 3416 orti
2799 3359 2909 3414 sint
2943 3354 3269 3423 Origenistze
3296 3350 3447 3414 findi,

1857 3475 1912 3519 et
1948 3462 2264 3519 Adamantii
2297 3467 2623 3515 sectatores.
2651 3453 2834 3522 Atque
2856 3450 2988 3504 item
3033 3443 3210 3501 Guido
3237 3454 3452 3504 carme-

1858 3560 1977 3620 lita.
2007 3556 2258 3612 Elnensis
2280 3554 2594 3620 episcopus,
2622 3546 2714 3616 qui
2751 3547 3068 3614 ligmentum
3106 3538 3250 3592 idem
3300 3532 3443 3587 arri-

1856 3654 1976 3724 puit
2002 3651 2053 3705 in
2088 3650 2312 3705 Summa
2339 3647 2404 3700 de
2423 3646 2613 3700 haeres.
2662 3643 2844 3710 Atque
2877 3637 2953 3690 ita
2999 3633 3178 3690 duone
3214 3628 3450 3688 exstite-

1858 3716 1970 3801 rint
1999 3743 2270 3813 Origenes
2313 3737 2754 3808 Origenistarum
2786 3727 3067 3800 principes
3112 3716 3453 3776 addubitavit

1857 3808 2228 3904 Epiphanius;
2272 3833 2667 3884 asseverarunt
2706 3819 3068 3892 Augustinus,
3111 3808 3450 3881 SOphronius

1855 3939 1912 3984 et
1950 3928 2192 3982 Joannes
2234 3923 2654 3984 Damascenus;
2699 3926 2811 3969 tres
2849 3921 3030 3966 autem
3075 3906 3234 3961 tinxit
3252 3912 3452 3988 auctor

1856 4017 2263 4080 Praedestinati,
2300 4015 2542 4080 scriptor
2575 4024 2850 4078 nequam,
2886 4015 2944 4058 ut
2970 4001 3052 4056 vel
3076 4014 3142 4054 ex
3169 4012 3234 4054 eo
3271 3993 3446 4063 conji-

1856 4116 1971 4170 cias
2026 4113 2170 4181 quod
2232 4108 2424 4167 eodem
2478 4104 2658 4172 capite
2710 4094 3054 4165 Pamphilum
3111 4100 3444 4159 martyrem.

1855 4208 2174 4277 episcopum
2239 4200 2532 4269 aliquando
2579 4195 2748 4248 fuisse
2804 4189 2990 4246 tradit.
3044 4183 3200 4254 Quod
3257 4191 3445 4236 autem

1857 4290 2197 4356 asseveravit
2225 4292 2583 4364 Augustinus,
2618 4285 2836 4358 negavit
2868 4283 2920 4336 id
2950 4282 3154 4336 diserte
3179 4274 3448 4330 Barouius

1858 4395 1925 4449 ad
1977 4409 2066 4446 an.
2111 4389 2243 4450 256,
2277 4396 2334 4442 et
2377 4399 2578 4440 causas
2603 4397 2704 4435 cur
2731 4377 2928 4448 duplex
2971 4374 3266 4444 ﬁngeretur
3325 4370 3449 4423 Ori-

1859 4501 2026 4557 geues
2084 4491 2242 4537 acute
2295 4473 2707 4548 pervestigavit.
2764 4469 3099 4524 Memoratus
3158 4476 3320 4532 porro
3379 4457 3448 4511 ab

1858 4551 2104 4646 Euuapio
2136 4575 2196 4625 iu-
2233 4571 2351 4622 Vita
2387 4563 2680 4633 Porphyrii
2708 4562 2973 4631 Origenes
2996 4557 3089 4611 ille
3122 4569 3284 4624 quem
3308 4551 3450 4606 dixi-

1860 4643 2324 4735 mus,‘Porphyrii
2366 4671 2422 4715 et
2452 4656 2647 4712 Amelii
2676 4649 3109 4718 condiscipulus,
3134 4647 3351 4701 idemne
3377 4643 3450 4697 sit

1859 4778 1922 4817 ac
1965 4759 2172 4814 sodalis
2218 4755 2312 4808 ille
2336 4751 2564 4814 Plotini,
2617 4762 2686 4802 an
2711 4747 2870 4809 alius,
2900 4759 3007 4800 non
3039 4741 3178 4804 satis
3226 4745 3445 4802 exstat;

1859 4868 1984 4910 nam
2020 4852 2115 4921 qui
2146 4864 2271 4904 cum
2311 4844 2524 4899 Plotino
2547 4838 2899 4895 Amuiouium
2929 4833 3136 4888 audivit
3157 4829 3446 4898 Origenes,

1862 4917 2061 5002 Plotini
2100 4940 2326 5011 aequalis
2359 4935 2463 4990 fuit
2509 4944 2564 4989 et
2596 4932 2826 4992 amicus,
2875 4942 2975 4981 nec
3017 4923 3264 4978 doctrina
3310 4917 3450 4973 inle-

1865 5040 1992 5101 rior,
2025 5045 2084 5089 ut
2109 5035 2156 5088 ei
2185 5033 2250 5086 ad
2270 5045 2328 5085 se
2352 5026 2684 5081 audiendum
2706 5024 2844 5075 forte
2863 5017 3100 5074 venienti
3118 5014 3449 5069 erubescens

1858 5136 2170 5196 assurgeret
2221 5123 2490 5187 Plotinus,
2554 5133 2656 5172 nec
2692 5127 2875 5169 coram
2928 5125 2992 5164 eo
3047 5107 3214 5160 verba
3267 5102 3450 5158 facere

1859 5191 2160 5276 sustineret
2199 5234 2212 5269 ε
2245 5223 2302 5268 at
2339 5211 2591 5266 laudatus
2623 5207 2697 5260 ab
2726 5202 2974 5270 Eunapio
3021 5197 3288 5266 Origenes
3314 5191 3450 5248 alter

1860 5310 2057 5368 Plotini
2096 5307 2339 5364 scholam
2380 5303 2596 5357 videtur
2647 5300 3031 5368 frequentasse
3059 5330 3074 5354 ,
3115 5287 3317 5358 quippe
3356 5285 3449 5355 qui

1858 5401 2153 5474 Porphyrii
2208 5410 2262 5454 et
2319 5395 2513 5452 Amelii
2572 5391 2756 5445 Romae
2797 5379 3206 5451 condiscipulus
3264 5377 3448 5435 inquit,

1861 5467 2096 5566 quorum
2121 5502 2416 5559 utrumque
2440 5483 2642 5540 Plotini
2671 5478 2982 5535 doctrinam
3011 5474 3198 5527 Romae
3218 5467 3453 5538 capeSsi-

1859 5564 2007 5645 visse
2041 5594 2278 5644 constat.
2311 5582 2367 5636 Id
2395 5581 2440 5635 si
2475 5579 2565 5637 sit.
2600 5574 2869 5644 Origenes
2909 5569 3046 5624 duos
3077 5564 3278 5619 iisdem.
3313 5571 3424 5614 lem

1861 5682 2086 5757 poribus
2124 5693 2247 5736 cum
2286 5673 2501 5732 Plotina
2529 5670 2716 5727 Roma:
2763 5658 3211 5734 coniunctissime
3249 5654 3454 5708 vixisse
