3866 6512
462 405 571 460 6,ιό

1722 399 1781 455 Ρ.
1825 397 2028 452 DANIE

2136 427 2140 446 μ
2179 395 2412 452 ηυΕΤιι
3594 399 3679 455 θη

470 522 758 579 dicendum
802 529 906 582 est,
969 516 1200 573 alterum
1233 518 1351 586 ejus
1390 518 1845 585 condiscipulum,
1873 516 2037 572 disci-
2064 521 2111 576 Α
2142 524 2275 574 tusaa
2306 526 2467 574 sunt.
2497 515 2825 571 Christianis
2873 514 3095 569 favebat
3131 513 3473 570 Alexandria:
3517 515 3685 570 nobilis

468 617 652 686 pulum
683 616 934 669 alterum.
975 612 1235 679 Quartum
1295 614 1362 666 ad
1405 614 1519 666 lnec
1565 612 1882 679 Origenctn,
1929 609 2035 664 1E-

470 709 709 778 gyptium
743 716 796 759 et
830 706 1027 774 ipsum,
1089 714 1251 773 atque
1304 704 1490 757 itidem
1536 705 1937 773 presbyterum,
1981 710 2036 756 et

467 796 740 854 Ammouii
770 796 990 848 alterius
1024 796 1280 858 sodalem,
1325 809 1513 847 verum
1552 794 1881 847 Adamantio
1906 792 2034 849 Ori-

469 906 604 959 gene
636 889 1019 950 recentiorem,
1053 897 1108 941 et
1150 888 1452 941 Athanasio
1493 886 1865 940 Alexandrino
1918 886 2036 953 epi-

469 996 634 1050 scOpo
652 996 914 1043 coaevum,
937 994 967 1032 a
990 978 1225 1032 Palladio
1249 978 1307 1032 in
1324 976 1605 1032 Lausiacis
1659 988 1715 1031 et
1733 977 2037 1047 Nicephoro

469 1073 681 1128 Callisti
740 1080 1229 1126 commemoratum
1277 1070 1539 1135 addam:
1588 1068 1824 1137 reliquos
1878 1068 2035 1135 hujus

469 1164 705 1218 nominis
731 1162 1092 1216 litteratorum
1121 1161 1410 1230 diligentiae
1448 1161 1849 1227 investigandos
1874 1159 2037 1214 relin-

467 1270 653 1324 quam.
687 1253 1003 1308 Cautionem
1028 1263 1287 1320 praeterea
1312 1268 1343 1304 a
1381 1253 1637 1307 studiosis
1665 1253 1908 1307 adhiberi
1940 1266 2034 1304 ve-

469 1349 586 1415 lint,
620 1364 687 1404 ne
711 1347 1142 1418 quotiescunque
1164 1348 1473 1402 Adarnantii
1498 1347 1700 1401 mentio
1726 1346 1778 1397 in
1805 1344 2036 1412 scripto-

467 1443 622 1497 ribus
666 1442 1057 1499 ecclesiasticis
1090 1442 1327 1507 incidet,
1369 1442 1617 1495 eumdem
1667 1441 1848 1494 statim
1891 1440 2037 1492 hune

468 1537 803 1590 arbitrentur
841 1549 962 1589 esse
1009 1550 1075 1589 ac
1112 1533 1404 1605 Origenem
1436 1553 1450 1589 :
1484 1534 1534 1586 id
1583 1533 1725 1587 enim
1776 1531 2032 1594 nominis,

468 1637 664 1694 printer
701 1626 856 1689 alios,
890 1625 1104 1679 auctori
1134 1625 1348 1678 cuidam
1381 1624 1690 1679 Christiano
1722 1623 1841 1686 fuit,
1874 1638 2034 1692 quem

468 1717 537 1771 ab
564 1717 799 1786 Origene
839 1726 998 1770 caute
1033 1716 1377 1783 distinguens
1408 1714 1805 1776 Theodoretus,
1834 1716 2037 1769 utrius-

468 1824 572 1879 que
617 1810 836 1878 scriptis
876 1808 943 1861 ad
975 1808 1371 1861 contexendam
1403 1805 1780 1860 htereticarum
1822 1804 2036 1858 fabula-

468 1917 587 1955 rum
617 1900 887 1969 epitomen
914 1912 1068 1952 nsum
1097 1912 1157 1951 se
1183 1912 1288 1950 non
1319 1896 1485 1949 semel
1523 1897 1826 1964 prolitetur.

530 1993 649 2047 Vlll
706 1991 819 2061 (l7)
856 1990 1131 2046 Decimum
1168 1988 1283 2043 fere
1323 1997 1377 2043 et
1411 1988 1700 2054 septimum
1730 1988 1906 2041 sitatis
1934 2000 2037 2040 an»

468 2099 597 2137 num
647 2092 899 2155 exegerat
945 2081 1245 2152 Origenes,
1294 2097 1417 2136 eum
1471 2081 1672 2137 Christi
1740 2080 2037 2135 Ecclesiam

465 2176 645 2229 modis
666 2177 920 2229 omnibus
945 2189 1156 2230 vexare
1173 2190 1459 2246 aggressus
1491 2183 1575 2228 est
1604 2174 1837 2228 Severus
1868 2173 2039 2241 impe-

468 2281 637 2327 rator.
670 2271 804 2324 Cum
831 2269 976 2324 enim
1011 2284 1108 2339 per
1138 2279 1305 2323 totum
1351 2269 1537 2322 orbem
1583 2282 1703 2322 sese
1729 2268 2037 2323 Christiana

467 2364 601 2417 fides
630 2362 949 2426 effunderet,
1000 2362 1206 2415 veritus
1255 2360 1453 2429 quippe
1499 2370 1581 2413 est
1619 2360 1701 2413 vir
1747 2370 1940 2413 cautus
1974 2375 2037 2414 ac

466 2456 696 2523 diligens
729 2470 795 2507 ne
823 2454 949 2508 hinc
975 2453 1152 2522 aliqua
1181 2454 1466 2505 exsisteret
1500 2466 1677 2503 rerum
1732 2451 2035 2505 conversio.

464 2545 587 2602 Toti
619 2547 800 2615 itaque
853 2546 1108 2600 Ecclesiae
1143 2546 1338 2597 bellum
1385 2554 1539 2597 atrox
1571 2544 1779 2597 indixit.
1808 2542 2038 2614 )Egypto

466 2650 598 2694 tunc
632 2648 863 2709 prmerat
894 2655 1016 2691 cum
1048 2637 1275 2707 imperio
1298 2638 1501 2701 Laetus,
1520 2636 1610 2706 qui
1639 2647 1698 2690 ut
1726 2636 2036 2703 imperatori

467 2733 626 2787 fidem
656 2747 807 2786 suam
836 2738 1121 2800 praestaret
1151 2743 1212 2781 ae
1248 2729 1606 2799 diligentiam,
1642 2729 1695 2781 in
1748 2728 2039 2800 Egyptios

463 2823 805 2878 Christianos
832 2862 849 2887 ,
899 2819 991 2873 sed
1028 2821 1081 2873 in
1113 2817 1511 2874 Alexandrinos
1549 2819 1817 2886 praecipue
1865 2818 2038 2873 ferino

464 2918 571 2970 ritu
599 2916 863 2971 desaeviit.
912 2914 1047 2969 Tum
1074 2929 1206 2969 vero
1234 2912 1525 2982 Origenem
1568 2912 1757 2977 ingens
1793 2912 2035 2982 martyrii

462 3012 661 3079 cupido
691 3010 915 3064 incessit
939 3049 955 3071 ,
986 3009 1077 3079 qui
1105 3022 1186 3071 se,
1214 3022 1336 3062 cum
1365 3007 1468 3061 hoc
1500 3006 1735 3071 fecisset,
1763 3006 2035 3074 egregium

462 3104 674 3159 scilicet
700 3104 823 3157 vitze
857 3102 1094 3156 fructum
1129 3101 1337 3169 cepisse
1374 3098 1763 3153 arbitrabatur.
1798 3098 2039 3152 Praesen-

462 3197 537 3250 sit
570 3195 622 3250 id
652 3204 846 3259 mater,
876 3202 932 3247 et
966 3180 1222 3262 precibus
1270 3206 1333 3244 ac
1381 3191 1687 3244 rationibus
1712 3190 2034 3261 exeogitatis
2060 3208 2103 3265 ο

462 3289 553 3341 vix
581 3286 673 3341 lilii
707 3284 1041 3355 propositum
1073 3282 1358 3351 repressit.
1403 3280 1556 3347 Quod
1590 3280 1842 3335 omnibus
1871 3295 2035 3348 porro

462 3376 603 3431 votis
633 3376 1018 3443 concupiverat
1049 3374 1189 3427 filius
1211 3415 1225 3437 ,
1255 3372 1308 3427 id
1339 3384 1560 3442 repente
1590 3373 1729 3442 patri
1759 3373 2031 3442 objeetum

461 3475 548 3524 est
573 3486 589 3523 :
619 3468 710 3537 qui
746 3468 798 3521 in
834 3468 1049 3521 vincula
1079 3465 1279 3522 Christi
1313 3465 1532 3520 nomine
1548 3464 1845 3532 coniectus,
1872 3467 2031 3520 morti

464 3558 787 3616 destinatur.
822 3558 1070 3628 Sopitum
1102 3557 1352 3627 martyrii
1389 3556 1717 3611 desiderium
1759 3557 1812 3611 in
1843 3556 2037 3627 Orige-

463 3653 551 3708 uis
575 3652 753 3706 animo
785 3651 1043 3706 excitavit
1070 3649 1323 3704 Leonidae
1353 3647 1658 3702 constantia
1686 3686 1703 3713 ,
1738 3657 1797 3701 ut
1833 3648 2035 3717 quaevis

462 3745 566 3801 sibi
599 3745 783 3813 potius
837 3742 1122 3797 subeunda
1162 3751 1430 3795 tormenta
1458 3779 1475 3803 ,
1527 3755 1689 3809 quam
1740 3756 1769 3795 a
1814 3750 2032 3810 sperata

463 3822 712 3905 martyrii
736 3833 905 3904 gloria
936 3831 1320 3885 discedendum
1348 3840 1580 3898 putaret.
1619 3831 1689 3885 At
1718 3839 1913 3892 mater,
1940 3830 2035 3884 ad-

462 3925 652 3981 hibitis
684 3924 885 3978 frustra
917 3923 1157 3985 ﬂetibus,
1192 3922 1286 3976 filii
1340 3922 1599 3992 impetum
1631 3921 1863 3977 tardavit
1894 3931 2030 3988 arte,

461 4025 519 4071 et
543 4016 771 4071 occultis
800 4015 970 4085 ipsius
986 4015 1324 4070 vestimentis
1358 4014 1585 4069 invitum
1614 4015 1757 4069 domi
1790 4014 2030 4070 retinnit.

463 4106 653 4177 Itaque
683 4106 825 4176 quod
857 4107 973 4174 ipse
1004 4105 1185 4161 facere
1214 4120 1321 4159 non
1354 4106 1549 4175 potuit,
1576 4104 1720 4160 Patri
1751 4118 1809 4161 ut
1831 4106 2034 4161 faceret

460 4182 765 4254 litterarum
793 4198 1258 4254 adhortationibus
1288 4208 1479 4253 auctor
1503 4198 1608 4253 fuit
1635 4214 1652 4253 :
1686 4200 1880 4269 quibus
1901 4215 2033 4254 eon-

463 4279 728 4347 lirmatior
756 4290 979 4347 ell‘ectus
1008 4289 1280 4345 Leonides
1303 4292 1502 4360 capitis
1532 4290 1857 4358 supplicium
1884 4290 2028 4356 tulit,

463 4397 628 4447 anno,
664 4391 724 4435 ut
750 4382 882 4445 dixi,
920 4380 1107 4435 Severi
1139 4379 1373 4441 decimo,
1403 4380 1470 4433 ad
1501 4395 1535 4434 x
1569 4379 1800 4433 Kalend.
1837 4377 2028 4444 Maias,

461 4471 529 4525 ad
557 4485 715 4539 quem
747 4471 888 4524 diem
921 4485 1067 4524 mors
1094 4470 1213 4540 ejus
1257 4469 1494 4523 refertur
1524 4470 1578 4523 in
1611 4468 1855 4523 Romano
1889 4468 2033 4522 Mar-

2135 618 2188 661 et
2216 607 2466 675 opulenta
2498 606 2715 670 mulier,
2747 618 2802 660 et
2848 607 3196 660 facultatibus
3240 606 3353 659 suis
3400 604 3688 661 sublevabat

2137 698 2329 769 inopes
2353 740 2368 763 ,
2405 701 2499 753 sed
2529 699 2868 753 orthodoxos
2912 699 2978 751 ab
3027 697 3298 752 luereticis
3328 712 3521 766 parum
3552 703 3689 751 cauto

2136 790 2483 845 discernebat
2518 808 2531 844 :
2562 805 2685 843 nam
2712 788 2936 843 Paulum
2967 788 3257 857 quemdam
3288 786 3685 850 Antiocbennm,

2137 882 2277 936 inter
2303 881 2703 936 Alexandrinos
2737 880 3019 934 haereticos
3047 879 3253 947 primas
3278 887 3579 941 tenentem,
3598 891 3690 929 non

2135 974 2328 1043 opibus
2367 973 2539 1027 solum
2578 972 2756 1037 fovit,
2788 972 2883 1027 sed
2928 970 3069 1025 domi
3117 969 3280 1025 etiam
3313 978 3602 1038 exceptum
3646 969 3691 1023 in

2136 1065 2301 1119 filium
2333 1063 2630 1132 adoptavit.
2660 1061 2911 1132 Origenis
2930 1062 3029 1135 illa
3064 1074 3281 1129 quoque
3316 1074 3506 1114 casum
3553 1057 3693 1112 mise-

2136 1164 2250 1208 rata
2276 1193 2291 1218 ,
2321 1155 2472 1223 pueri
2527 1153 2874 1222 languescere
2922 1166 3027 1205 non
3058 1149 3189 1205 sivit
3239 1146 3568 1202 industriam
3590 1184 3607 1209 ,
3648 1154 3694 1198 et

2136 1246 2380 1298 animum
2414 1243 2621 1297 incultu
2661 1253 2876 1311 torpere
2900 1281 2917 1305 ,
2948 1242 3042 1294 sed
3086 1241 3254 1304 victu,
3280 1238 3601 1305 exterisque
3626 1251 3694 1287 re-

2138 1336 2237 1390 bus
2284 1337 2567 1390 commode
2618 1347 2673 1389 et
2724 1333 3019 1389 liberaliter
3066 1332 3277 1387 habuit.
3334 1329 3467 1384 lnde
3499 1326 3695 1393 Origeni

2137 1428 2312 1496 aliqua
2334 1443 2456 1480 eum
2487 1427 2653 1482 Paulo
2679 1428 2981 1482 intercessit
3008 1424 3377 1480 consuetudo:
3401 1421 3499 1475 sed
3523 1435 3694 1488 quam-

2137 1520 2218 1574 vis
2242 1520 2310 1573 ad
2346 1520 2487 1574 hune
2518 1530 2740 1589 propter
2779 1517 3145 1589 eloquentiam
3180 1516 3432 1570 homines
3463 1527 3566 1566 non
3600 1511 3691 1565 h2-

2138 1613 2292 1667 retici
2327 1612 2527 1673 modo,
2584 1613 2676 1666 sed
2726 1612 3011 1666 orthodoxi
3060 1609 3225 1664 etiam
3276 1613 3692 1666 concurrerent,

2139 1692 2410 1773 nunquam
2457 1704 2651 1758 adduci
2703 1703 2878 1773 potuit
2929 1701 3192 1772 Origenes
3230 1709 3289 1752 ut
3334 1697 3691 1766 precationiqu

2141 1814 2264 1850 eum
2294 1812 2360 1853 eo
2392 1797 2736 1851 consociaret
2769 1809 2924 1848 usuin
2954 1833 2970 1859 ,
3017 1792 3160 1859 quod
3211 1789 3474 1845 Ecclesiae
3513 1787 3695 1856 legibus

2071 1864 2116 1920 Β
2144 1888 2367 1943 vetitum
2396 1904 2516 1942 esse
2549 1887 2889 1941 meminerat.
2942 1884 3057 1940 Non
3106 1882 3299 1938 leviter
3328 1880 3424 1933 hic
3453 1880 3522 1932 ab
3550 1876 3695 1929 Euse-

2140 1982 2252 2043 bio,
2277 1996 2437 2050 quem
2471 1994 2648 2033 tamen
2676 1986 2978 2033 assectatur
3005 1975 3203 2045 palam,
3236 1974 3331 2028 sed
3365 1974 3474 2027 hoc
3506 1971 3697 2027 loco.nt

2139 2074 2373 2135 videtur,
2423 2070 2684 2125 intellexit
2732 2083 2959 2137 parum,
3010 2065 3264 2121 dissentit
3316 2061 3690 2130 Nicephorus:

2138 2164 2362 2218 Paulum
2395 2163 2596 2232 quippe
2618 2160 2799 2215 divitis
2836 2160 2996 2227 hujus
3022 2161 3238 2211 femina:
3262 2156 3522 2208 maritum
3551 2151 3695 2206 fuisse

2139 2254 2325 2308 scribit
2360 2253 2455 2306 lib.
2493 2267 2542 2315 v,
2578 2267 2698 2319 cap.
2730 2250 2799 2315 5;
2843 2249 3130 2319 Origenem
3180 2245 3480 2314 adoptione
3509 2242 3693 2296 ﬁlium:

2139 2347 2280 2416 quod
2310 2362 2376 2401 ex
2404 2346 2543 2399 male
2574 2344 2815 2410 acceptis
2840 2340 3051 2396 Eusebii
3083 2338 3265 2393 verbis
3292 2338 3541 2393 sensisse
3568 2336 3694 2388 illum

2138 2437 2326 2492 statim
2374 2435 2675 2505 intelliget,
2711 2437 2800 2501 qui
2848 2434 3008 2487 verba
3048 2431 3165 2497 ejus
3212 2428 3563 2484 contenderit
3588 2442 3691 2480 cuin

2138 2512 2462 2584 Eusebianis
2484 2566 2501 2589 ,
2533 2525 2615 2579 vel
2650 2526 2828 2579 Rulini
2874 2520 3380 2592 interpretationem
3415 2533 3537 2572 cum
3570 2525 3694 2569 utro-

2139 2638 2243 2693 que
2268 2620 2580 2677 contulerit.

2208 2713 2302 2768 ιχ.
2361 2716 2656 2783 Aceeptnm
2710 2708 3111 2767 incommodum
3172 2705 3457 2776 diligentia
3516 2702 3695 2758 sarcire

2138 2811 2362 2879 cupiens
2390 2806 2674 2875 Origenes,
2704 2815 2756 2859 et
2786 2805 3057 2859 fortunam
3093 2800 3360 2855 industria
3399 2798 3694 2858 sublevare,

2138 2902 2395 2956 traditam
2429 2898 2532 2953 sibi
2567 2915 2596 2951 a
2628 2895 2789 2951 Patre
2818 2892 3197 2948 huutaniormn
3233 2889 3608 2945 doctrinarum
3627 2901 3695 2940 eo-

2137 2995 2437 3065 gnitionem
2465 2990 2749 3046 acerrimis
2773 2987 2966 3044 studiis
2999 2984 3239 3039 excoluit
3263 3020 3280 3046 ,
3314 2991 3606 3050 tantosque
3628 2977 3694 3031 fe-

2138 3088 2212 3141 cit
2258 3086 2311 3139 in
2366 3080 2739 3155 grammaticis
2784 3077 3088 3148 disciplinis
3133 3088 3461 3145 progressus
3489 3111 3506 3137 ,
3536 3081 3590 3124 ut
3618 3082 3695 3123 eas

2138 3177 2353 3250 publice
2400 3176 2671 3230 docendas
2718 3170 3040 3240 susciperet.
3088 3166 3227 3221 Hinc
3284 3164 3473 3234 largus
3527 3162 3599 3216 illi
3638 3159 3692 3211 ad

2139 3286 2269 3325 usus
2317 3268 2443 3322 vitm
2492 3265 2832 3321 necessarios
2876 3269 3191 3329 proventus.
3241 3257 3513 3311 ElhﬂiCOS
3538 3261 3691 3307 autem

2136 3362 2273 3417 adeo
2307 3361 2554 3415 illexerat
2582 3357 2783 3413 Christi
2816 3353 3039 3423 religio,
3074 3359 3133 3405 ut
3177 3361 3322 3403 metu
3378 3346 3579 3417 fugatis
3610 3344 3694 3397 Ec-

2136 3454 2317 3510 clesia:
2348 3451 2659 3506 doctoribus
2710 3446 3071 3502 acouiluerent
3112 3443 3181 3497 ad
3226 3442 3517 3510 Origenem
3543 3438 3694 3491 adhuc

2136 3544 2534 3601 adulescentem
2560 3582 2577 3606 ,
2606 3540 2700 3595 sed
2730 3537 2975 3593 doctrina
3004 3536 3057 3589 in
3087 3531 3460 3588 adolescentia
3508 3538 3563 3584 et
3595 3530 3692 3579 vir—

2137 3647 2251 3692 tute
2284 3636 2658 3706 conspicuum,
2684 3631 2752 3686 ab
2775 3643 2947 3699 eoque
2973 3642 3128 3682 saera
3165 3625 3270 3678 sibi
3315 3625 3573 3694 dogmata
3613 3633 3693 3674 ex-

2138 3729 2261 3800 poni
2310 3728 2532 3782 vellent.
2585 3724 2752 3794 Cujus
2798 3720 3144 3776 sermonibus
3193 3716 3374 3771 allecti
3432 3714 3693 3786 plerique.

2136 3820 2339 3877 Christi
2374 3829 2629 3888 suscepta
2668 3816 2791 3881 lide,
2840 3815 2893 3869 in
2928 3814 3172 3867 intimam
3202 3810 3319 3876 ejus
3370 3805 3691 3862 familiarita-

2138 3922 2245 3967 tem
2270 3925 2389 3965 sese
2414 3909 2801 3979 adjunxerunt.
2835 3906 3019 3974 Itaque
3047 3901 3434 3956 Alexandrina:
3458 3896 3690 3952 Ecclesia

2137 4005 2430 4074 episcopus
2476 4000 2783 4055 Demetrius
2809 4038 2827 4060 .
2871 4012 2979 4052 non
3027 3995 3239 4051 felicius
3279 3991 3689 4047 Cbristianorunt

2136 4112 2226 4151 res
2274 4096 2328 4150 in
2376 4092 2613 4165 ἐξεγριο
2661 4105 2917 4161 reparare
2964 4104 3023 4147 se
3053 4101 3212 4161 posse
3271 4083 3506 4139 credidit
3540 4121 3555 4145 ,
3594 4076 3687 4151 (18)

2133 4204 2297 4260 quam
2324 4187 2370 4244 si
2420 4187 2935 4243 eatechumenorum
2964 4195 3149 4237 curam
3203 4177 3292 4232 uni
3346 4174 3569 4248 Origeni
3614 4185 3691 4225 oc-

2134 4280 2367 4336 todecim
2436 4292 2608 4333 annos
2665 4285 2793 4332 nato
2847 4273 3218 4330 demandaret.
3290 4267 3564 4338 Utrasque
3616 4263 3689 4319 hic

2133 4372 2301 4443 igitur
2351 4370 2661 4429 sustinebat
2720 4378 2945 4438 partes,
2992 4361 3314 4420 litteratoris
3362 4369 3423 4415 et
3474 4354 3688 4413 catechi-

464 4538 747 4631 tyrologio.
780 4558 925 4612 Bona
959 4558 1099 4627 ejus,
1127 4538 1342 4628 quibus
1380 4558 1641 4612 familiam
1671 4560 1798 4613 dum
1828 4560 2031 4615 viveret
2061 4550 2107 4605 ο
2205 4556 2351 4612 Nova
2382 4555 2600 4610 interim
2632 4551 2839 4621 Aquila:
2869 4546 3210 4605 Alexandriae
3239 4546 3480 4617 praefecti
3520 4544 3570 4596 in
3599 4538 3685 4631 Εε-

462 4651 693 4707 honeste
743 4651 1112 4714 toleraverat,
1143 4651 1276 4704 ﬁsco
1306 4660 1431 4705 sunt
1462 4650 1675 4705 addicta
1708 4668 1724 4707 :
1760 4662 1923 4720 atque
1955 4653 2031 4707 ita

459 4741 747 4812 Origenis,
776 4756 903 4795 eum
955 4750 1128 4795 matre
1160 4755 1223 4796 ac
1271 4756 1365 4797 sex
1400 4742 1641 4811 parvulis
1687 4744 1944 4798 fratribus
1978 4743 2030 4798 in

459 4848 673 4889 summa
699 4842 943 4904 egestate
979 4841 1034 4887 et
1062 4831 1207 4888 luctu
1254 4832 1431 4888 relicti
1457 4872 1473 4899 ,
1511 4847 1642 4903 opes
1674 4849 1865 4890 omnes
1892 4851 2029 4890 con-

532 5062 644 5202 (l7;
675 5063 891 5125 Eusem,
923 5059 1063 5115 Hist.
1093 5059 1271 5114 eccles.
1300 5059 1393 5117 lib.
1431 5075 1504 5125 vt,
1533 5073 1652 5127 cap.
1683 5057 1736 5123 Ξ,
1765 5059 1827 5113 3.

532 5136 622 5202 (l8
676 5134 849 5195 Ouum
890 5134 933 5186 si
971 5134 1471 5202 catechumeuorum‘
1506 5146 1708 5202 curam.
1739 5140 1825 5182 etc

532 5125 643 5209 (l8)
676 5134 849 5209 Ouum
889 5134 933 5209 _s_i
971 5134 1471 5209 catechumenorunt‘
1506 5125 1708 5209 curam.
1739 5140 1846 5183 etc.
1879 5125 2022 5209 Hiie-

461 5198 569 5261 tius
602 5198 843 5269 sequitur
889 5202 1181 5257 Eusebium
1207 5243 1223 5267 ,
1261 5204 1349 5265 qui
1389 5200 1527 5253 Hist.
1560 5200 1650 5252 lib.
1685 5215 1733 5251 Vl
1762 5236 1777 5260 ,
1813 5215 1932 5269 cap.
1958 5198 2019 5269 ζ),

457 5278 538 5332 ait
565 5293 582 5331 :
612 5266 769 5337 Ἔλεος
792 5275 835 5327 δ’
868 5270 999 5343 ἦγεν
1054 5266 1536 5343 ὀκτῳκαιδέκᾳτρν,
1577 5269 1696 5343 qu‘
1724 5269 1752 5320 ὂ
1801 5267 1894 5320 τοῦ
1923 5266 2022 5335 τῆς

458 5347 813 5417 κατηχήσεως
872 5341 1109 5417 τέροέςξτη
1163 5341 1552 5417 διδασκαλείου.
1613 5341 1820 5391 Annum
1862 5352 2021 5417 porro

459 5410 636 5470 atatis
660 5410 1182 5468 octavum—decimum
1226 5414 1428 5480 agebat,
1456 5422 1581 5480 tunc
1608 5426 1725 5480 cunt
1771 5410 2020 5459 catechu-

456 5488 620 5539 menis
654 5485 985 5538 instituendis
1037 5478 1310 5551 prmfectus
1356 5490 1453 5534 cst.
1482 5479 1605 5551 Sed
1664 5478 2019 5551 Hieronymus

457 5554 695 5621 Catalog.
752 5555 993 5619 scriptor.
1038 5545 1244 5611 ἔδειξε..
1271 5567 1392 5619 cap,
1427 5550 1495 5605 54
1525 5591 1539 5611 ,
1576 5558 1774 5621 aperte
1803 5545 2015 5621 innuit,

458 5617 708 5679 omni-bus
735 5624 805 5677 ob
838 5617 1226 5691 persecutionis
1270 5617 1468 5674 metum
1498 5620 1762 5691 pulsis_ac
1799 5617 2012 5691 fugatis,

459 5708 581 5746 cum
640 5708 795 5747 nemo
839 5685 1144 5760 superesset
1204 5690 1541 5745 Alexandria:
1596 5689 1685 5754 qui
1734 5685 2017 5760 tradendis

460 5763 583 5816 fidei
613 5763 892 5815 catholica:
908 5755 1241 5815 rudimentis
1267 5775 1489 5828 operam
1520 5761 1694 5816 daret.
1725 5755 2009 5824 Origeueut

458 5832 673 5902 quidem
703 5832 1002 5887 octodecim
1051 5846 1221 5885 annos
1256 5840 1440 5885 uatum
1485 5828 1837 5898 κατηχήσεων
1872 5837 2009 5895 Opus

2139 4648 2360 4704 clesiam
2387 4646 2632 4702 detonuit
2658 4642 2983 4714 persecutio,
3024 4640 3079 4694 in
3116 4654 3291 4709 eaque
3316 4637 3576 4707 Origenes
3601 4629 3685 4685 sin-

2138 4740 2416 4810 gularibus
2448 4738 2594 4802 ﬁdei,
2630 4736 2849 4806 pietatis
2876 4750 2939 4788 ae
2977 4732 3297 4787 constantia:
3326 4722 3685 4798 speciminibus

2136 4832 2300 4887 editis
2334 4844 2582 4900 magnam
2610 4827 2713 4883 sibi
2743 4827 2889 4881 inter
2918 4823 3260 4879 Christianos
3290 4820 3491 4875 famam
3512 4827 3564 4873 et
3580 4825 3685 4884 gra-

2124 5071 2436 5130 aggressum
2462 5053 2630 5130 fuisse
2656 5068 2671 5110 :
2698 5049 2791 5105 sed
2821 5055 3016 5130 sponte
3035 5040 3413 5125 et_needum.a.

2123 5110 2463 5197 pﬁngeetum,
2477 5125 2677 5194 quippe
2692 5110 3110 5197 utt_etn:llelttetri
3121 5129 3184 5197 us
3201 5110 3415 5197 nonnisi
3444 5110 3679 5197 postea?

2124 5174 2816 5253 EGERE};'ciﬁitihiuivn.
2850 5187 2950 5239 Hic
2970 5227 2984 5250 ,
3014 5184 3208 5252 inquit,
3235 5174 3570 5233 Alexandria
3592 5174 3681 5225 dis-

2124 5285 2273 5336 persa
2299 5266 2558 5327 Ecclesia,
2581 5262 2779 5316 decimo
2828 5267 3010 5311 octavo
3034 5256 3207 5336 artatis
3231 5264 3522 5336 micantia.
3542 5258 3681 5336 ita-E1?"

2124 5313 2819 5409 3,535.;'5p;;g;gg,}e.ﬂ..,
2852 5335 3030 5406 postea
3061 5342 3091 5376 α
3122 5320 3387 5409 ρεηιςινίο
3403 5313 3677 5409 ἕξεί-ἴτης

2127 5384 2327 5409 κε’-ντ-
2371 5384 2492 5404 νΓνν-
2526 5384 2616 5403 πω
2809 5384 2817 5390 -
2852 5384 2861 5395 .
2939 5398 2947 5406 _
3443 5384 3452 5386 ἡ

2125 5411 2362 5475 episwpo
2394 5409 2448 5458 in
2482 5404 2653 5475 locum
2695 5398 2977 5475 Clementis.
3010 5394 3377 5475 conﬁrmatus,
3400 5384 3677 5475 per-Insita:

2126 5457 2544 5543 lz'a'zibi'ﬁorun.
2593 5472 2721 5537 Qum
2779 5467 3018 5521 narratio
3049 5457 3419 5543 _verisimilior
3464 5457 3672 5543 videthur,

2128 5520 2897 5616 magisqueEusebii—ipsius
2945 5534 3122 5615 ordini
3158 5538 3539 5616 conseptanea:

2124 5596 2612 5670 cit—tiiiiiﬁverisimile
2655 5596 3118 5665 est'Detnetrium
3169 5601 3265 5653 uni
3320 5596 3537 5662 Origeui
3584 5600 3670 5668 tam

2122 5701 2323 5754 paucos
2370 5699 2543 5738 annos
2589 5690 2713 5738 nato
2746 5677 3261 5735 eatecliuwettorunt
3290 5682 3479 5723 curant
3511 5670 3669 5719 statim

2122 5756 2495 5810 tletuandasse.
