3878 6518
141 413 214 467 ῆιό
1132 418 1691 476 ΟΒΙΟΕΝΙΑΝῡΒυΜ

1795 418 1873 478 ΙΒ.
1915 418 1960 482 l,
1999 419 2151 475 CAP.
2192 419 2235 475 l.

3202 434 3218 450 '
3306 422 3416 479 6'46

140 530 233 583 tiam
294 527 541 597 peperit.
598 530 752 587 Cum
809 533 952 588 enim
1009 535 1353 590 traherentur
1401 535 1469 588 ad
1533 548 1720 591 necem
1748 535 1797 594 Α
1824 534 2293 602 terpretationem,
2327 549 2357 591 a
2388 534 2603 591 Juliana
2628 536 2922 610 Origenem
2961 539 3262 609 accepisse,
3290 556 3417 612 quze

138 622 611 692 martyresChristi
643 664 662 689 ,
706 626 903 680 obvios
936 626 1385 694 amplectebatur,
1416 625 1710 681 allectaba-

138 726 200 767 tur
222 722 445 777 euntes,
500 716 897 771 morientibus
951 716 1171 784 aderat,
1222 730 1274 775 et
1315 729 1710 774 tormentorum

136 806 350 859 sevitiam
402 804 866 864 alloemionibus
919 817 970 863 et
1016 809 1223 864 solatiis
1272 813 1507 867 levabat.
1560 813 1711 869 Unde

136 896 504 952 circumstantis
542 899 747 968 populi
783 916 1043 955 conversa
1087 902 1140 955 in
1176 916 1235 956 se
1281 904 1562 958 iracundia
1586 945 1601 966 ,
1637 904 1711 956 la-

140 986 308 1055 pidibus
334 988 630 1054 appetitus
660 1028 677 1052 ,
733 1005 859 1043 cum
918 990 1248 1045 nefariorum
1304 992 1585 1048 hominum
1619 995 1709 1048 vix

138 1078 370 1149 ell‘ugisset
400 1095 632 1145 manus,
664 1084 859 1136 statim
885 1084 1081 1139 domus
1107 1084 1245 1154 ejus,
1268 1101 1426 1153 quam
1458 1086 1679 1154 frequen
1698 1117 1711 1128 ς

142 1171 217 1222 tari
240 1170 655 1226 catechumenis
706 1173 1061 1228 adverterant
1087 1216 1102 1238 ,
1140 1178 1365 1230 armatis
1401 1177 1709 1233 hominibus

141 1264 463 1317 circumsessa
517 1274 631 1320 est.
687 1265 821 1320 Mihi
886 1268 1151 1337 imprimis
1206 1285 1390 1324 eorum
1450 1273 1709 1337 probatur

142 1357 287 1423 opinio
310 1396 323 1417 ,
367 1356 461 1425 qui
500 1361 827 1425 tempestati
860 1360 983 1413 huic
1016 1363 1293 1431 egregium
1344 1361 1595 1430 Origenis
1628 1362 1709 1418 fa-

139 1447 279 1511 cinus,
319 1447 386 1500 ab
431 1447 757 1518 Epiphanio
785 1452 918 1505 ha:r.
955 1453 1040 1517 lii,
1070 1467 1189 1521 cap.
1231 1455 1284 1521 1,
1319 1470 1709 1512 commemora-

140 1548 225 1591 tum
251 1537 571 1607 adiungunt,
608 1543 838 1609 quando
869 1557 988 1596 eum
1024 1545 1216 1600 adraso
1257 1552 1484 1614 vertice,
1521 1551 1706 1619 quales

139 1627 482 1699 Algyptiorum
516 1633 755 1686 deorum
797 1634 1056 1689 tninistri-
1085 1652 1205 1692 esse
1236 1641 1409 1695 solent
1442 1682 1456 1706 ,
1490 1644 1704 1721 profani

140 1720 384 1791 Serapidis
414 1727 689 1791 gradibus
747 1738 1053 1784 Statuentes
1108 1731 1363 1797 Ethnici,
1398 1734 1703 1801 palmarum

140 1829 288 1868 ramos
311 1815 558 1883 praebere
613 1817 904 1887 jusserunt
952 1822 1348 1886 sacerdotibus,
1386 1826 1475 1894 qui
1506 1829 1570 1880 ad
1604 1819 1703 1883 ob-

1815 614 1877 681 ea
1914 641 2077 694 porro
2119 625 2246 695 jure
2288 629 2662 683 successionis
2693 631 2765 685 ab
2800 631 2921 700 ipso
2949 630 3282 701 Symmacho
3315 634 3416 687 ba-

1813 717 1973 772 bebat
1999 756 2016 782 ,
2054 717 2180 772 inde
2228 716 2448 788 collegit
2478 718 2742 774 Baronius
2772 735 2840 774 ex
2875 721 2943 775 iis
2974 720 3291 791 Symmachi
3343 721 3415 777 li-

1817 808 1930 862 bris
1957 808 2273 862 memoratis
2303 809 2371 863 ab
2404 810 2635 864 Eusebio
2661 826 2825 865 unum
2859 825 2983 865 eum
3022 813 3209 879 fuisse,
3240 829 3406 885 quem

1814 916 1974 953 manu
2010 898 2262 968 Origenis
2295 909 2542 953 notatum
2589 902 2725 954 vidit
2759 902 3069 970 Palladius;
3111 907 3190 960 vel
3242 905 3442 965 Com-.

1812 993 2107 1048 meutarios
2136 1008 2329 1061 nempe
2363 994 2416 1046 in
2464 993 2777 1048 Matthmum
2805 1038 2819 1061 ,
2862 997 2945 1051 vel
2989 998 3407 1068 lnterpretatiov

1811 1098 1932 1137 nem
1970 1083 2138 1150 ipsam
2170 1083 2483 1153 Scriptura}.
2521 1086 2790 1140 Przeterea
2829 1103 2934 1142 non
2963 1090 3073 1143 alia
3112 1091 3405 1161 Origenem

1811 1177 1878 1231 de
1929 1193 2097 1232 causa
2130 1178 2358 1233 latuisse
2389 1182 2527 1246 apud
2572 1178 2843 1235 Julianam
2874 1184 3109 1248 censuit,
3148 1201 3308 1254 quam
3339 1194 3400 1242 ut

1812 1268 2048 1338 aliquam
2078 1270 2424 1324 ethnicorum
2460 1271 2724 1327 adversus
2773 1273 3113 1329 Christianos
3138 1292 3400 1345 persecu-

1811 1361 2008 1414 tionem
2045 1360 2331 1427 devilaret,
2381 1361 2462 1415 vel
2495 1362 2683 1417 Severi
2714 1365 2945 1427 scilicet,
2980 1366 3065 1420 vel
3097 1366 3401 1437 Maximini,

1807 1452 1894 1505 vel
1935 1453 2081 1507 Decii
2120 1474 2135 1508 :
2178 1471 2300 1509 cum
2338 1455 2615 1509 Maximini
2660 1468 2838 1512 autem
2865 1458 2947 1513 vel
2981 1460 3125 1515 Decii
3156 1469 3315 1515 aetate
3345 1463 3401 1517 hi

1802 1543 1911 1612 jam
1951 1544 2261 1615 Symmachi
2289 1544 2410 1599 libri
2440 1547 2703 1601 exiissem
2738 1547 2790 1600 in
2829 1548 3003 1603 lucem
3031 1589 3047 1614 ,
3082 1559 3135 1605 et
3178 1553 3244 1605 ad
3280 1551 3400 1607 0τὶ-

1809 1634 1962 1703 genis
1993 1638 2221 1704 proinde
2254 1639 2501 1691 notitiam
2535 1640 2856 1703 venissent,
2911 1649 3023 1694 tum
3059 1652 3206 1696 certe
3234 1645 3302 1697 ab
3330 1660 3398 1699 eo

1807 1724 1977 1779 fuisse
2022 1727 2271 1782 inventos
2299 1768 2314 1792 ,
2368 1729 2497 1782 dum
2550 1728 2738 1784 Severi
2772 1731 2971 1786 bellum
3004 1732 3056 1786 in
3091 1733 3395 1789 Ecclesiam

1809 1816 2059 1873 ferveret.
2116 1817 2424 1874 Halloxium
2479 1821 2644 1874 traxit
2674 1822 2725 1875 in
2757 1837 3040 1877 assensum
3079 1825 3394 1889 ea,Barouii

136 1905 282 1958 eunda
334 1921 495 1961 sacra
525 1909 926 1973 ascendebant,
959 1928 1067 1980 quo
1094 1930 1243 1968 more
1271 1931 1458 1969 eorum
1492 1923 1701 1987 gravis-
1738 1886 1781 1941 Β
1808 1908 1945 1962 ηιῙο
1970 1948 1985 1971 ι
2018 1924 2181 1977 quam
2233 1909 2544 1966 accuratius
2595 1921 2774 1967 tamen
2809 1915 3181 1968 excmiamuso
3217 1912 3389 1979 Οιιεηι

137 1998 258 2049 εἱειιέ
306 2002 654 2054 cieretnoniae
711 2004 1078 2059 continentur.
1130 2005 1385 2076 Acceptis
1444 2009 1539 2065 ille
1585 2012 1702 2080 pal-

138 2102 314 2140 marum
366 2090 608 2145 surculis
637 2132 653 2157 ,
706 2095 967 2161 praesenti
1019 2098 1200 2151 animo
1249 2109 1305 2152 et
1346 2114 1567 2166 erecto,
1616 2118 1704 2158 as-

137 2186 283 2232 tantes
325 2180 436 2233 alta
468 2197 606 2237 voce
634 2184 720 2237 sic
751 2184 1022 2242 allocutus
1050 2198 1131 2243 est
1162 2207 1177 2244 :
1208 2190 1398 2244 Adeste
1419 2232 1433 2255 ,
1482 2194 1703 2262 accipite

135 2286 334 2335 ramum,
383 2290 489 2326 non
540 2278 725 2345 templi
777 2278 936 2332 idolis
982 2284 1297 2348 consecrati,
1345 2291 1431 2337 sed
1480 2285 1698 2342 Christi.

135 2359 313 2425 Quibus
359 2364 650 2432 gentilium
704 2368 761 2421 in
812 2383 872 2424 se
921 2373 1207 2428 concitatis
1257 2377 1495 2444 animis,
1544 2378 1698 2450 fuge-

134 2468 202 2516 re,
230 2453 443 2509 latitare
467 2496 483 2523 ,
520 2466 577 2512 et
607 2458 853 2516 latebras
878 2464 1070 2519 crebro
1105 2481 1445 2524 commutare
1472 2482 1700 2528 coactus

132 2554 214 2599 est.

191 2636 248 2692 Χ.
274 2639 608 2697 Alexandria
634 2644 741 2699 sub
772 2643 913 2699 idem
935 2655 1147 2718 tempus
1172 2652 1475 2709 excessisse
1498 2653 1693 2725 ipsum,

131 2739 178 2782 et
201 2731 502 2789 Casaream
540 2735 905 2807 Cappadociat
952 2740 1262 2812 confugisse
1305 2759 1492 2803 censet
1523 2748 1694 2803 Baro-

130 2826 234 2881 niss
263 2828 330 2882 ad
356 2846 449 2884 an.
485 2829 593 2885 205
617 2871 633 2895 ,
673 2848 732 2885 n.
764 2831 798 2885 6
826 2872 840 2895 ,
872 2831 1095 2889 Palladii
1130 2841 1454 2897 auctoritate
1479 2858 1697 2913 permo-

133 2927 223 2983 tus,
256 2921 345 2988 qui
368 2938 493 2993 cap.
538 2922 665 2989 M7,
699 2924 992 2997 Origenem
1020 2929 1231 2995 scribit,
1258 2948 1378 2987 cum
1409 2935 1691 3005 gentilium

126 3014 451 3069 vexationem
481 3013 714 3086 fugeret,
741 3016 1006 3077 Cmsarea:
1034 3023 1175 3092 apud
1206 3022 1478 3080 Julianam
1521 3028 1691 3097 virgi-

130 3116 234 3155 nem
280 3103 565 3161 delituisse
609 3107 835 3164 biennio
862 3152 877 3176 ,
924 3122 978 3166 et
1006 3113 1059 3167 in
1090 3113 1286 3170 litteris
1320 3118 1560 3172 animum
1589 3118 1689 3172 ba-

1804 2001 1999 2056 librum
2029 2003 2280 2071 Origenis
2313 2021 2472 2058 manu
2496 2014 2741 2058 notatum
2774 2005 2975 2060 vidisse
3011 2020 3071 2060 se
3099 2006 3171 2059 ait
3211 2005 3391 2059 Palla-

1803 2094 1944 2159 dius,
1965 2094 2013 2147 is
2041 2106 2161 2149 erat
2186 2094 2600 2163 antiquissimus
2636 2114 2649 2149 :
2686 2097 2832 2164 atqui
2861 2094 3161 2151 Palladium
3190 2096 3391 2150 ducen-

1805 2185 1873 2239 tis
1914 2185 2135 2240 circiter
2181 2189 2339 2241 annis
2374 2186 2734 2256 Symmachus
2766 2187 3082 2241 antecessit.
3133 2186 3248 2257 (20)
3298 2187 3380 2240 Au

1802 2292 1930 2331 vero
1976 2279 2330 2332 ducentorum
2387 2292 2653 2334 annorum
2705 2280 2873 2334 codex
2904 2320 2921 2345 ,
2973 2280 3388 2349 antiquissimus

1799 2369 1905 2424 dici
1931 2371 2116 2439 possit,
2145 2371 2458 2426 existiment
2478 2372 2696 2436 eruditi,
2718 2372 2807 2441 qui
2825 2373 3007 2427 sciunt
3031 2382 3158 2441 quot
3187 2374 3384 2426 satcula

1806 2459 2069 2528 ejusmodi
2106 2462 2322 2517 codices
2350 2462 2597 2518 durando
2625 2462 2842 2518 vincere
2890 2462 3031 2519 soliti
3056 2463 3186 2517 sint.
3222 2461 3383 2533 Sym-

1799 2554 2047 2608 machum
2072 2568 2203 2622 ergo
2230 2553 2370 2608 liber
2397 2554 2501 2609 iste
2529 2563 2812 2608 auctorem
2844 2568 2954 2608 non
2986 2552 3195 2607 habuit.
3235 2552 3385 2619 Quos

1798 2656 1977 2700 autem
2012 2662 2042 2700 a
2076 2642 2289 2701 Juliana
2319 2645 2634 2718 Symmachi
2664 2646 2831 2701 libros
2875 2646 3154 2716 accepisse
3189 2644 3385 2717 Orige-

1798 2755 1919 2795 nem
1970 2739 2147 2809 prodit
2178 2739 2440 2793 Eusebius
2467 2782 2481 2805 ,
2515 2738 2583 2792 ab
2614 2738 2731 2807 ipso
2782 2737 2999 2791 fuerunt
3052 2735 3383 2808 Symmacho

1795 2832 2079 2889 elaborati.
2115 2833 2196 2886 Ad
2224 2832 2339 2886 inec
2368 2830 2472 2885 fuit
2502 2831 2761 2900 στιχηρδς
2788 2828 2877 2882 ille
2909 2829 3076 2884 codex
3109 2843 3270 2897 quem
3295 2828 3380 2883 vi-

1795 2923 1872 2977 dit
1929 2924 2200 2978 Palladius
2251 2942 2266 2977 :
2322 2931 2380 2976 at
2431 2936 2610 2991 neque
2666 2920 2978 2991 Symmachi
3027 2919 3379 2975 Conuueuta-

1795 3018 1930 3080 rios,
1963 3016 2075 3085 (il)
2128 3028 2303 3085 neque
2351 3013 2644 3081 Scriptum
2677 3010 3174 3079 lnterpretationem
3198 3051 3213 3076 ,
3266 3027 3379 3064 στι-

1793 3109 1981 3181 χηρῶς
2010 3110 2176 3163 fuisse
2209 3107 2411 3176 scripta
2443 3107 2693 3174 cuiquam
2743 3104 2879 3158 bene
2911 3117 3049 3157 sano
3080 3103 3378 3173 persuade-

123 3191 304 3249 buisse,
340 3198 549 3255 Deinde
585 3200 702 3257 hac
736 3202 1010 3261 ευιηιθειίι
1042 3225 1057 3260 ε
1096 3202 1266 3279 Εὗρον
1294 3210 1351 3263 δὲ
1380 3211 1555 3266 ταῦτα
1582 3211 1693 3281 ἐγὼ
1719 3230 1761 3288 C
1798 3205 1962 3257 bitur.
1995 3200 2146 3255 Alius
2189 3213 2319 3267 ergo
2353 3197 2456 3252 fuit
2503 3196 2592 3251 ille
2638 3190 2884 3251 Palladio
2918 3204 3377 3288 commemoratae

120 3290 464 3377 γεγραμμένα,
518 3293 578 3345 ὲν
617 3293 972 3369 παλαιοτάτῳ
1010 3300 1197 3372 βιϐλίῳ
1233 3304 1494 3375 στιχηρῷ,
1556 3306 1692 3377 ὅπερ

120 3374 413 3468 ἐγέγραπτο
466 3385 613 3457 χειρὶ
654 3386 982 3457 Ὤριγένους
1019 3390 1176 3445 τοῦτο
1222 3394 1283 3447 τὸ
1307 3374 1509 3464 βιϐλίον
1534 3374 1692 3468 εὗρον

120 3466 217 3535 ἐγὼ
274 3474 427 3544 παρὰ
485 3476 748 3551 Ἰουλιανῇ
800 3482 1053 3554 παρθένῳ
1083 3486 1141 3538 ὲν
1183 3487 1508 3559 Καισαρείᾳ,
1555 3466 1691 3559 xpu-

119 3562 368 3634 πτόμενος
420 3569 578 3638 κάγὼ
625 3576 755 3645 παρ’
781 3574 942 3646 αὐτῇ,
976 3576 1098 3646 ἥτις
1137 3578 1290 3648 ἔλεγε
1345 3582 1476 3653 παρ’
1524 3581 1689 3636 αὐτοῦ

119 3656 397 3730 Συμμὰχου
452 3664 547 3718 τοῦ
583 3666 872 3738 ἑρμηνέως
908 3668 1015 3722 τῶν
1052 3670 1317 3725 Ἰουδαίων
1363 3673 1496 3728 αὐτὸ
1547 3674 1692 3747 εἰλη-

116 3748 280 3814 φέναι.
304 3753 598 3811 Manifeslo
626 3759 741 3812 hzec
779 3759 881 3813 sibi
902 3773 1236 3832 repugnant:
1262 3780 1385 3818 nam
1420 3767 1464 3819 si
1492 3765 1688 3820 librum

118 3838 249 3895 illum
276 3859 440 3900 manu
470 3862 569 3901 sua
595 3850 845 3904 exaravit
866 3850 1148 3922 Origenes,
1180 3858 1451 3923 quomodo
1483 3857 1631 3911 illum
1658 3873 1687 3912 a

114 3928 433 3999 Symmacho
485 3937 693 3994 habere
738 3941 921 4011 potuit
964 3941 1229 3997 Iuliana?
1266 3948 1538 4015 quomodo
1562 3963 1686 4001 eum

113 4023 240 4088 apud
265 4024 536 4083 Julianam
569 4029 840 4099 Origenes
866 4035 1109 4103 reperire
1133 4035 1156 4089 i
1205 4034 1368 4108 Lege,
1394 4037 1540 4111 ειπερ
1566 4038 1689 4108 ἐγέ-

118 4126 335 4182 γραπτο,
370 4120 631 4187 proclivia
662 4124 797 4177 fient
822 4126 1026 4179 omnia.
1063 4124 1196 4181 Sese
1227 4127 1279 4182 in
1307 4128 1688 4198 antiquissimo

118 4200 244 4259 libro
262 4208 429 4263 verba
454 4210 572 4267 haec
598 4228 764 4267 manu
790 4213 1046 4285 Origeuis
1075 4217 1281 4287 scripta
1309 4220 1579 4288 reperisse
1613 4219 1688 4274 ait

113 4289 367 4353 Palladius
406 4316 421 4354 :
456 4300 614 4356 Hunc
650 4302 848 4358 librum
898 4307 1073 4360 inveni
1104 4307 1243 4375 apud
1269 4307 1550 4362 lulianum
1579 4311 1687 4364 vir-

113 4385 294 4453 ginem,
318 4391 373 4443 in
405 4388 651 4447 Caesarea
672 4396 908 4461 civitate,
932 4397 1058 4452 dum
1076 4400 1220 4466 apud
1248 4401 1417 4463 ipsam
1445 4401 1682 4467 laterem,

114 4491 220 4543 qu
258 4480 405 4536 illum
442 4486 507 4538 ab
537 4488 656 4556 ipso
702 4486 1025 4559 Symmacho
1061 4490 1338 4559 interprete
1372 4492 1682 4547 Juda'orum

1796 3294 1956 3360 liber,
1984 3292 2075 3347 alii
2104 3290 2357 3346 Eusebio.
2387 3288 2499 3343 Nec
2535 3288 2729 3342 mirum
2763 3302 2896 3342 sane
2928 3297 3191 3354 utrosque
3219 3301 3248 3339 a
3278 3284 3377 3339 lu-

1793 3386 1932 3441 liana
1961 3383 2237 3452 accepisse
2268 3380 2556 3449 Origenem
2585 3419 2602 3445 ,
2647 3395 2774 3434 cum
2802 3377 3098 3434 verisimile
3142 3380 3214 3433 sit
3246 3378 3373 3432 uni-

1792 3494 2003 3534 versam
2041 3475 2354 3549 Symmachi
2386 3473 2769 3527 bibliothecam
2800 3472 2867 3526 ad
2894 3470 3166 3525 Julianam
3198 3472 3374 3526 haere-

1791 3572 1990 3627 ditario
2020 3570 2139 3639 jure
2169 3568 2484 3638 pervenisse
2508 3606 2524 3631 ,
2555 3565 2711 3634 cujus
2751 3565 2862 3632 ipsa
2904 3563 3099 3618 deinde
3154 3563 3369 3633 Origeni

1790 3668 1999 3736 copiam
2038 3665 2246 3719 fecerit.
2276 3661 2412 3717 llinc
2449 3676 2582 3732 ergo
2632 3659 2838 3715 frustra
2884 3656 3160 3712 concludit
3203 3655 3373 3710 Baro-

1790 3760 1909 3814 nius
1938 3756 2253 3828 Symmachi
2305 3750 2811 3823 lnterpretationem
2845 3758 2900 3805 et
2937 3748 3373 3803 Commentarios

1758 3832 1765 3845 ’
1791 3860 1918 3904 tunc
1945 3850 2014 3903 ab
2041 3845 2277 3916 Origene
2301 3846 2470 3899 fuisse
2503 3844 2774 3907 inventos,
2811 3856 2937 3896 cum
2971 3841 3257 3911 imperium
3289 3850 3367 3894 te-

1788 3950 1941 3996 neret
1972 3940 2229 4000 Severus,
2254 3946 2309 3992 et
2342 3936 2636 3991 Ecclesiam
2672 3933 2811 3988 male
2834 3933 3080 3994 haberet,
3108 3941 3362 4001 propter-

1788 4047 1849 4087 ea
1877 4031 2017 4101 quod
2072 4030 2189 4100 jam
2249 4039 2361 4084 tum
2407 4028 2462 4085 in
2493 4025 2781 4097 Origenis,
2830 4023 3180 4092 omniumque
3232 4022 3367 4076 adeo

1786 4138 1979 4178 manus
2005 4132 2283 4184 venerant,
2313 4136 2436 4175 cum
2472 4117 2816 4181 Maximinus,
2846 4125 2941 4169 aut
2971 4114 3168 4169 Decius
3198 4111 3364 4167 Chri-

1784 4216 2018 4271 stianam
2055 4213 2441 4283 rempublicam
2471 4217 2865 4281 oppugnarunt.
2906 4207 3017 4278 (22)
3043 4206 3126 4261 Ac
3152 4206 3198 4260 si
3240 4206 3362 4261 fieri

1787 4322 1893 4363 non
1926 4307 2182 4377 potuerit,
2211 4313 2290 4370 ut,
2334 4302 2585 4373 quamvis
2630 4300 2742 4370 jam
2780 4299 3145 4353 innotuissent
3178 4296 3363 4353 multis

1785 4399 1867 4453 hat
1900 4397 2302 4452 lucubrationes
2336 4391 2648 4466 Symmachi
2681 4429 2697 4454 ,
2728 4391 2902 4460 ipsum
2938 4397 3117 4444 tamen
3162 4384 3359 4455 Orige-

1786 4505 1909 4545 nem
1942 4490 2066 4544 aliis
2088 4489 2394 4544 districtum
2422 4486 2583 4541 rebus
2610 4483 2925 4555 effugerint.
2954 4483 3210 4538 Eamdem
3243 4481 3363 4552 ejus

121 4580 168 4617 se
194 4571 439 4638 accepisse
460 4578 741 4645 referebat.
773 4579 888 4650 (l9)
919 4580 1185 4647 Quoniam
1218 4592 1398 4639 autem
1429 4584 1557 4638 alibi
1594 4585 1683 4639 do-
1715 4579 1758 4634 ι)
1786 4578 2140 4634 latitationem
2191 4587 2377 4633 narrat
2429 4576 2695 4632 Eusebius
2745 4574 2885 4630 libro
2912 4591 2964 4630 vt
2993 4614 3011 4641 ,
3037 4589 3158 4645 cap.
3187 4575 3253 4639 ὅ,
3283 4574 3364 4643 ip-

121 4666 197 4709 set
225 4656 482 4717 Eusebius
506 4662 828 4734 Symmachi
855 4667 1284 4727 Commentarios
1327 4673 1393 4743 in
1430 4673 1679 4743 Evange-

122 4744 231 4803 lium
261 4750 516 4823 llatthtei,
551 4767 609 4812 et
640 4758 713 4813 ab
744 4773 813 4814 eo
849 4763 1226 4818 concinnatam
1265 4742 1557 4835 Scriptura.-
1587 4742 1677 4820 ln-

179 4952 282 5028 (19)
308 4955 522 5027 Euseh.,
551 4958 703 5014 Hist.
739 4961 926 5018 eccles.
966 4962 1062 5019 lib.
1090 4980 1167 5028 Vl.
1195 4978 1246 5022 c.
1285 4964 1375 5019 Π.

325 5023 555 5103 Aspero
590 5030 949 5103 ducentorum
1002 5023 1261 5103 annorum
1310 5034 1475 5088 codex
1498 5075 1513 5097 ,
1542 5036 1679 5088 anti-

120 5097 369 5165 wissimus
396 5100 504 5153 dici
528 5101 727 5165 possit.
766 5100 965 5165 Quidni
1001 5103 1025 5157 ?
1077 5102 1237 5159 Certe
1270 5105 1442 5159 Aulus
1466 5105 1671 5159 Gellius

122 5162 198 5244 ιιυρ
230 5170 442 5244 necdum
470 5162 741 5244 ducentis
768 5162 927 5244 anuis
953 5174 1020 5226 ab
1046 5173 1195 5244 obitu
1219 5172 1427 5244 Virgilii
1472 5174 1674 5243 elapsis

121 5235 205 5287 sub
237 5235 461 5313 Adriano
488 5240 710 5313 ﬂoruit,
739 5239 942 5313 ait_lib.
974 5258 1011 5295 ιι
1042 5240 1200 5313 Noct.
1232 5235 1419 5308 Attia,
1462 5235 1582 5313 cap'.
1613 5245 1670 5309 5,

121 5314 361 5380 ostensum
415 5311 515 5365 sibi
576 5308 760 5364 fuisse
813 5309 1028 5364 Librum
1075 5312 1340 5368 IEneidos
1388 5308 1675 5367 secundum

123 5377 344 5447 miryndw
358 5381 645 5433 vetustatis
674 5415 695 5443 ,
723 5388 953 5446 emptum
983 5384 1035 5435 in
1066 5382 1339 5451 stgillariis
1365 5400 1435 5436 xx
1462 5386 1636 5438 aureis
1659 5425 1674 5448 ,

121 5457 248 5505 quem
293 5452 687 5524 grammaticus
726 5450 821 5519 qui
865 5451 1210 5520 OStendebat,
1243 5454 1412 5523 ipsius
1470 5452 1676 5524 Virgilii

120 5526 211 5564 esse
229 5520 472 5573 credebat.

155 5582 307 5664 -(iij
351 5588 532 5664 Neque
598 5587 1441 5664 Scriptum_lnterpretationem
1489 5591 1679 5664 0":th-

121 5652 207 5715 φῶι,
232 5652 382 5721 fuisse
403 5652 608 5730 scripta
640 5661 894 5728 cuiquam
921 5660 1046 5715 bene
1084 5652 1213 5714 iano
1249 5652 1668 5729 persuadebatur.

126 5720 174 5785 lt,
200 5721 486 5784 Bernardus
516 5733 591 5784 de
621 5728 973 5784 Montfaucon
1002 5730 1053 5783 iu
1106 5730 1563 5785 Praaliminaribus
1612 5732 1666 5785 in

126 5745 174 5769 ν.
200 5745 486 5784 uernaruus
516 5745 591 5784 ue
621 5745 973 5784 monuaucon
1002 5745 1053 5783 ιιι
1107 5745 1563 5786 ιήειιηιιηειιιυυε
1612 5748 1666 5787 tn

122 5777 336 5879 ρανίᾳ,
369 5799 693 5879 Origeuis,_
724 5809 907 5879 monet
957 5800 1009 5854 in
1069 5800 1174 5879 line
1219 5812 1427 5879 catenae
1468 5803 1518 5856 iu
1564 5799 1668 5857 Job

122 5864 164 5912 in
200 5864 373 5933 Anglia
411 5864 582 5927 edita:
613 5910 629 5939 .
656 5864 874 5926 haberi
911 5879 1077 5926 totum
1112 5870 1305 5928 librum
1348 5872 1447 5929 Job
1480 5888 1659 5938 στιχη’

1785 4684 2015 4740 sumque
2044 4670 2119 4725 ait
2151 4685 2220 4726 ex
2248 4671 2456 4726 aedibus
2490 4670 2544 4724 in
2571 4671 2713 4726 ardes
2740 4668 3037 4739 fugientem
3068 4669 3357 4739 migrasse,

1788 4780 1895 4820 non
1932 4781 2001 4820 ex
2033 4764 2258 4820 urbibus
2292 4764 2346 4820 in
2376 4764 2575 4830 urbes;
2611 4772 2667 4818 et
2715 4772 2824 4818 tota
2872 4762 3005 4818 urbe
3048 4762 3359 4831 neutiquam

1782 4964 1896 5038 Ρῶς
1950 4966 2213 5036 scriptum
2270 4964 2337 5019 ad
2392 4963 2548 5020 ﬁdem
2603 4964 2805 5019 veteris
2866 4961 3145 5032 cujusdam
3196 4961 3358 5016 codi-

1779 5052 1869 5092 CIS.

1850 5104 1961 5176 (29.)
1993 5104 2066 5157 Ac
2088 5105 2133 5176 si
2154 5103 2271 5176 ﬁeri
2297 5120 2398 5156 non
2417 5104 2664 5176 potuerit,
2689 5113 2767 5165 ut,
2792 5104 3026 5176 quamvis
3045 5102 3162 5176 jam
3189 5099 3355 5176 inno-

1777 5172 2201 5249 tuissent_m_ultis
2246 5174 2326 5226 lue
2372 5172 3113 5249 lucubrationesSymmachi
3138 5211 3152 5234 ,
3181 5172 3353 5249 ipsum

1776 5255 1948 5298 tamen
1982 5243 2282 5313 Origenem,
2312 5255 2413 5296 etc.
2446 5261 2469 5313 ι
2513 5242 2822 5313 Verisimile
2853 5241 2974 5313 'non
3007 5241 3237 5313 videtur,
3271 5241 3353 5292 in-

1775 5316 1896 5383 quit
1922 5307 2298 5367 Tillemontius
2352 5313 2405 5366 itt
2431 5312 2579 5381 Orig.
2621 5324 2732 5365 not.
2769 5328 2843 5373 Ix,
2872 5312 3158 5383 Origenem
3192 5307 3351 5379 Sym-

1776 5382 1953 5437 machi
1998 5383 2305 5436 versionem
2348 5398 2412 5434 ως
2442 5422 2457 5442 ,
2505 5389 2632 5435 ante
2660 5397 2832 5434 annos
2866 5382 3197 5435 elaboratam
3237 5390 3346 5433 tam

1776 5468 1923 5516 sero,
1955 5454 2005 5507 id
2032 5464 2111 5507 est
2184 5466 2326 5504 anno
2353 5452 2460 5506 255
2484 5494 2498 5515 ,
2532 5450 2632 5504 sub
2664 5449 3359 5523 Maximiniimpcrio,tta-3

1777 5532 1922 5577 ctum
1961 5536 2079 5577 esse
2114 5537 2128 5575 :
2163 5531 2444 5590 potestque
2474 5521 2757 5575 commode
2808 5520 3072 5576 Eusebius
3122 5518 3348 5590 intelligi

1780 5603 1874 5662 aut
1921 5594 1985 5648 de
2034 5588 2490 5662 ipso‘Symm’achi
2544 5592 2922 5661 autographo,
2956 5604 3180 5662 natu_ex
3230 5588 3348 5655 ipso

1781 5659 2105 5734 Symmacho
2125 5659 2250 5740 illu’il
2270 5659 2480 5740 Juliana
2504 5659 2832 5740 Δεις-(ειζρθιςιιη
2862 5669 2953 5714 aut
2979 5662 3045 5715 de
3070 5659 3349 5740 Continen-

1780 5729 1918 5789 tario
1946 5738 2175 5802 quodam
2203 5730 2515 5799 Symmachi
2545 5732 2598 5785 in
2626 5732 2981 5802 Scripturam,
3001 5746 3110 5785 non
3138 5729 3204 5782 de
3230 5729 3347 5802 ejus

1774 5798 2045 5910 versioge.
2084 5822 2102 5857 ι
2136 5798 2270 5859 Vide
2298 5815 2420 5872 quae
2453 5802 2683 5858 dicimus
2713 5798 2854 5859 infra
2890 5801 2986 5858 lib.
3020 5816 3105 5871 tu,
3132 5814 3251 5869 cap.
3284 5798 3342 5864 4,

1774 5889 1900 5910 ...ιηι

1773 5889 1919 5928 nutu.
1958 5889 1993 5927 ’Ζ
