3866 6514
503 385 599 442 631

1767 388 1828 443 Ρ.
1890 388 2208 446 DANIELIS
2247 390 2483 448 HUETII

3625 405 3712 462 652

504 524 623 578 qua:
653 511 716 564 ad
748 515 866 564 eam
902 508 1046 573 fere,
1075 524 1196 579 quae
1229 509 1371 564 ferro
1419 509 1508 575 fit,
1532 509 1884 565 evirationem
1913 512 2075 580 perti-
2106 516 2148 572 Α
2179 528 2303 582 que,
2339 529 2405 568 ne
2451 513 2628 568 simile
2683 515 2809 584 quid
2863 515 2916 570 in
2963 531 3020 570 se
3053 515 3343 585 aliquando
3385 519 3712 587 conciperem,

502 614 651 658 nent.
682 603 880 658 Contra
928 616 991 657 ea
1040 602 1338 668 Halloxius,
1372 618 1476 658 non
1513 617 1735 659 excusat
1771 604 1951 668 modo.
1987 605 2079 658 sed

502 696 763 760 dilaudat,
815 695 908 751 lib.
947 710 1003 749 tv
1033 694 1183 765 Orig.
1206 695 1344 766 def.,
1389 705 1583 766 quaest.
1621 696 1676 751 5.
1709 695 1822 766 Ego
1868 694 2079 767 singula

503 791 573 844 ab
599 798 830 858 utraque
871 798 1024 856 parte
1063 789 1289 844 collecta
1324 805 1428 844 non
1470 788 1740 854 referam;
1774 789 1916 859 quod
1963 789 2080 854 ipse

503 877 696 941 sentio,
720 877 906 947 paucis
925 892 1211 947 exponam.
1243 879 1463 933 Certum
1495 887 1579 934 est
1609 879 1965 933 voluntariam
1995 879 2075 932 sui

502 967 672 1038 ipsius
703 968 1090 1034 exsectionem,
1146 982 1264 1022 eam
1297 967 1418 1022 dico
1446 982 1565 1037 quae
1606 967 1664 1020 lit
1706 967 1906 1037 gladio,
1947 966 2078 1020 veti-

501 1071 612 1116 tam
647 1075 768 1117 esse
793 1061 1108 1132 apostolicis
1142 1062 1445 1116 canonibus
1468 1060 1539 1115 2‘2
1567 1071 1622 1115 et
1653 1060 1744 1115 24.
1778 1061 1849 1114 At
1886 1075 2073 1114 eorum

501 1154 661 1210 dubia
688 1163 773 1210 est
806 1155 1125 1218 auctoritas,
1167 1163 1220 1208 et
1243 1153 1457 1222 penitus
1485 1152 1553 1208 ab
1593 1151 1836 1207 Hallexio
1870 1150 2077 1221 respui-

500 1255 611 1304 tur.
663 1243 920 1300 Eamdem
972 1245 1248 1299 damnavit
1297 1245 1565 1299 exstincto
1599 1244 1800 1315 jamdiu
1846 1243 2111 1312 Origene

496 1334 773 1390 Nicmnum
799 1335 1110 1399 concilium,
1136 1350 1259 1390 can.
1281 1334 1333 1400 1,
1363 1335 1638 1389 damnavit
1657 1345 1707 1390 et
1736 1335 2072 1399 Arelatense,

499 1443 623 1482 can.
667 1428 717 1482 7.
753 1426 857 1499 Ipsi
911 1443 1125 1498 quoque
1184 1427 1438 1491 Eusebio,
1485 1438 1744 1497 perpetuo
1788 1427 1914 1481 licet
1953 1425 2074 1482 Or‘i-

499 1525 651 1593 genis
689 1523 983 1586 laudatori,
1016 1523 1282 1578 vecordiae
1321 1521 1482 1590 hujus
1504 1521 1954 1589 vituperationem
1992 1520 2072 1575 vis

495 1611 739 1668 veritatis
773 1612 1061 1682 expressit.
1138 1611 1244 1667 Sed
1284 1613 1412 1682 quid
1461 1613 1637 1667 aliena
1680 1611 2069 1681 conquirimus,

496 1719 618 1758 cum
647 1705 944 1760 domestica
993 1704 1340 1776 suppeditent
1391 1703 1739 1759 testimonia?
1777 1705 2072 1772 Utramque

494 1796 907 1857 castrationem.
951 1806 1004 1850 et
1050 1811 1170 1866 qua!
1201 1797 1530 1861 exsectione,
1571 1805 1625 1848 et
1665 1810 1784 1863 quae
1829 1795 2074 1849 exsicca-

2183 605 2531 660 vehementer
2558 608 2872 674 absterruit,
2909 625 3030 664 cum
3064 609 3184 664 aliis
3211 608 3367 672 locis,
3391 620 3502 665 tum
3523 627 3715 679 praeser-

2182 697 2276 751 tim
2301 698 2414 753 suis
2441 698 2494 752 in
2520 697 2832 754 Matthaeum
2864 700 3292 755 Commentariis.
3327 699 3499 756 Locus
3524 703 3718 760 habetur

2183 797 2326 842 tom.‘
2369 805 2466 855 xv,
2491 805 2640 844 num.
2680 791 2731 859 I,
2756 790 2811 856 2,
2851 792 2907 855 5,
2939 791 2972 845 4
3009 801 3062 847 et
3092 793 3147 860 5,
3188 807 3347 862 quem
3376 794 3590 850 omnino
3611 810 3718 851 con-

2178 880 2280 935 suli
2314 881 2494 936 velim.

2249 969 2555 1039 Discipulos
2586 987 2714 1028 suos
2739 983 2793 1028 et
2845 974 3140 1029 familiares
3170 976 3378 1032 facinus
3412 992 3563 1032 suum
3599 977 3718 1034 cela-

2177 1072 2330 1118 verat
2368 1061 2652 1133 Origenes,
2687 1066 2883 1121 dubius
2912 1069 3080 1122 animi
3114 1069 3332 1124 laudine
3375 1070 3502 1134 sibi,
3531 1086 3594 1124 an
3619 1086 3718 1140 pro-

2177 1153 2275 1209 bro
2309 1155 2608 1210 ducendum
2650 1156 2805 1213 foret.
2855 1157 2988 1212 Rem
3035 1168 3213 1214 tamen
3250 1162 3514 1230 comperit
3556 1161 3718 1216 Deme-

2178 1250 2332 1313 trius,
2381 1265 2540 1320 quam
2583 1251 2932 1306 vehementer
2985 1253 3282 1308 admiratus
3322 1253 3574 1323 primum,
3627 1264 3717 1309 tum

2177 1339 2423 1396 laudibus
2454 1344 2618 1396 etiam
2671 1355 3010 1412 prosecutus.
3058 1347 3402 1400 confirmavit
3439 1345 3717 1416 Origenem,

2175 1441 2497 1501 strenueque
2531 1444 2839 1504 susceptum
2870 1450 3064 1489 munus
3092 1436 3255 1504 jussit
3288 1437 3591 1492 traducerc.
3606 1436 3718 1490 Tum

2176 1523 2262 1577 hic
2295 1524 2526 1594 denique
2558 1527 2778 1581 remetis
2819 1527 3233 1596 impedimentis,
3273 1530 3553 1582 universos
3594 1528 3720 1581 adse

2172 1617 2455 1671 erudiendi
2509 1633 2671 1672 causa
2713 1619 2988 1674 venientes
3035 1620 3181 1674 nullo
3233 1636 3396 1676 sexus
3435 1621 3721 1675 discrimine

2172 1705 2409 1760 admisit.
2470 1705 2524 1760 In
2559 1721 2748 1762 eorum
2799 1717 2978 1761 autem
3036 1708 3377 1763 institutione
3427 1721 3630 1762 summa
3675 1720 3721 1760 se

2175 1798 2434 1852 tractavit
2460 1797 2757 1869 diligentia,
2806 1813 3072 1870 omneque
3094 1814 3248 1854 suum
3272 1799 3445 1853 otium
3469 1798 3534 1851 ad
3561 1812 3721 1852 eorum

496 1894 639 1950 tione
669 1893 966 1964 perficitur,
1017 1891 1294 1946 damnavit
1335 1890 1548 1946 demum
1590 1890 1870 1961 Origenes,
1907 1889 2071 1944 alios-
2104 1875 2146 1930 Β
2179 1891 2450 1959 negotium
2478 1891 2726 1946 contulit.

1819 2174 2199 2267 CAPUT
2275 2176 2408 2263 II.

491 2367 543 2425 1..
569 2368 746 2428 Severi
773 2373 1110 2438 imperatoris
1146 2374 1339 2428 obitus.
1384 2372 1639 2442 Origenes
1679 2371 1898 2426 Romam
1943 2368 2410 2442 proﬁciscitur._ll.
2458 2369 2833 2442 Alexandriam
2863 2368 3022 2442 redit.
3056 2366 3495 2442 Illaﬂe‘b‘raicam
3516 2365 3724 2442 linguam

561 2433 954 2498 condiscit.'l\’.
979 2443 1317 2498 Ambrosium
1345 2445 1412 2496 ad
1438 2433 1637 2497 Christi
1669 2445 1826 2511 ﬁdem
1875 2433 2150 2511 conuertit.
2192 2441 2251 2492 ν.
2303 2439 2620 2511 Accersitur_
2650 2441 2704 2492 in
2742 2439 3010 2502 Arabiam,
3043 2439 3186 2511 redit
3229 2433 3630 2511 Alexandriam.
3655 2433 3723 2486 VI.

561 2511 902 2582 Palaestinam
925 2514 1074 2582 petit,
1106 2515 1484 2568 Alexandriam
1513 2508 1785 2568 redit.’Vll
1826 2581 1829 2582 ν
1868 2514 1906 2564 Α
1956 2509 2235 2564 Mammaea
2271 2512 2556 2582 accersitur
2589 2508 2969 2582 duties/tiam;
3018 2510 3397 2582 Ayleajaridriam
3454 2509 3722 2582 revertitur.

565 2581 703 2650 VIII.
750 2575 1081 2650 Scripturam
1129 2601 1334 2638 sacrant
1375 2583 1764 2637 commentariis
1797 2581 2063 2650 illustrare
2091 2581 2413 2649 aggreditur.
2460 2579 2548 2633 IX.
2582 2580 3001 2634 Commentarios
3044 2580 3098 2632 in
3121 2578 3513 2650 Jaannemt‘et
3536 2575 3585 2628 in
3614 2577 3726 2650 alios

559 2649 847 2721 Striptura?
869 2647 1036 2706 libros
1067 2654 1300 2708 inchoat.
1332 2653 1400 2709 Χ.
1435 2653 1496 2706 ln
1533 2653 1786 2705 Achaiam
1818 2667 1908 2719 per
1949 2647 2292 2721 Palwstinam
2322 2650 2695 2721 proficiscitur.
2732 2650 2824 2704 XI.
2853 2651 3370 2721 Athenisdiscedens
3409 2647 3611 2721 Epheso
3647 2647 3728 2696 iter

561 2716 734 2776 (abet.
777 2721 890 2775 XII.
923 2721 1180 2778 Ca’sarea:
1211 2727 1479 2793 presbyter
1521 2723 1637 2791 jam
1667 2731 1786 2776 ante
1802 2716 1998 2846 (fuerat
2044 2716 2366 2784 ordinatus;
2396 2716 2719 2773 Alei‘andria
2757 2720 2994 2789 pellitur.
3020 2718 3152 2774 XIII.
3205 2719 3359 2781 Cum,
3390 2735 3455 2770 ne
3479 2716 3727 2795 uitiantur

561 2794 625 2846 al‘
655 2791 925 2846 ΑἶιΙιὸουε.
968 2794 1128 2846 idolis
1171 2793 1543 2846 sacriﬁcasset.
1606 2791 1747 2846 XIV.
1849 2805 2100 2844 wsaream
2138 2787 2448 2844 Palaestina:
2503 2792 2759 2846 concedit.
2807 2788 2922 2844 XV.
2965 2789 3322 2846 Confutantur
3365 2789 3629 2846 nonnulli,
3657 2801 3725 2846 qm

558 2794 625 2864 ab
655 2791 925 2864 £thiope,
968 2794 1128 2864 idolis
1171 2785 1543 2861 sacriﬁcasset,
1606 2791 1747 2846 XIV.
1802 2785 2100 2864 Cwsar‘eam
2138 2787 2448 2864 Palaestina:
2503 2785 2765 2864 concedit.
2796 2788 2922 2864 XV.
2965 2789 3322 2864 Confutantur
3361 2787 3629 2864 nonnulli,
3657 2785 3726 2864 qui

558 2857 930 2931 Origenentiab
981 2862 1207 2916 Heracla
1247 2857 1568 2916 Alexandria
1607 2863 1887 2931 depulsum
1911 2860 2074 2926 fuisse
2098 2860 2442 2931 scripserunt.
2511 2858 2645 2916 XVI.
2683 2860 3054 2914 Ecclesiastica
3082 2857 3288 2931 munia
3321 2859 3472 2931 obit;
3518 2872 3549 2907 a
3575 2857 3726 2931 multis

561 2926 776 3004 fouetur
812 2930 1276 3004 Ecclesiis.,XVl|.
1339 2926 1684 2986 Palwstinam
1741 2933 2047 3004 perlustrat.
2101 2928 2308 3004 AXVIII.
2344 2929 2537 3004 Utrum
2570 2931 2758 3004 viginti
2782 2939 2832 2982 et
2872 2941 2992 3004 octo
3041 2945 3209 3004 annos
3245 2927 3370 3004 Tyri
3414 2926 3726 3004 transegerit.

557 2997 698 3072 XIX.
737 3001 1050 3072 Gregorium
1076 3003 1529 3070 Thaumaturgum
1572 3013 1618 3054 et
1654 2997 2045 3055 Athenodorum
2089 3000 2306 3069 fratres,
2339 3003 2574 3069 aliosque
2621 2997 2675 3054 in
2719 3000 2907 3055 litteris
2936 3000 3108 3054 sacris
3145 3010 3192 3053 et
3234 2997 3478 3068 profanis
3507 2997 3726 3050 instituit.

554 3071 758 3128 Isaiam
783 3086 828 3127 et
848 3071 1188 3129 ’Ezechielem
1211 3073 1602 3127 commentariis
1645 3073 1878 3143 exponit.

2090 3215 2155 3231 ο·-

553 3342 728 3416 1.(31)
753 3344 1010 3401 Severum
1033 3344 1270 3414 interim,
1290 3361 1410 3401 cum
1433 3345 1542 3417 jam
1564 3345 1851 3417 aliquoties
1879 3346 2050 3402 inter-
2077 3361 2122 3421 α
2157 3344 2411 3400 tiochiam
2440 3344 2539 3399 ivit
2575 3341 2881 3407 Mammzea,
2905 3355 3069 3410 quam
3088 3355 3212 3397 cum
3250 3339 3449 3394 Persas
3499 3335 3730 3392 Romanis

485 3432 648 3490 ficere
711 3434 933 3492 adortus
983 3445 1127 3491 esset
1189 3435 1467 3492 Caracalla
1522 3435 1707 3502 filius,
1783 3452 1928 3492 mors
1991 3452 2057 3491 ex

481 3527 803 3595 egritudine
849 3538 1142 3583 consecuta
1191 3537 1294 3594 est,
1329 3529 1545 3600 eXpleto
1586 3529 1797 3600 imperii
1853 3529 2062 3585 decimo

483 3627 675 3673 octavo
717 3633 880 3684 anno,
920 3617 1095 3674 aetatis
1129 3618 1443 3675 vicesimum
1471 3629 1684 3674 sextum
1721 3631 1917 3691 agente
1937 3621 2061 3676 Ori-

481 3725 643 3782 gene.
692 3709 792 3765 Hic
820 3719 944 3782 post
1010 3710 1216 3781 aliquot
1266 3711 1458 3766 deinde
1497 3726 1667 3766 annos
1716 3711 1942 3766 Romam
1985 3713 2063 3767 ire

480 3800 781 3866 contendit,
834 3800 1093 3856 Romana:
1136 3800 1398 3856 Ecclesia:
1448 3802 1685 3857 visenda:
1727 3802 1930 3868 studio,
1973 3805 2060 3859 cui

479 3904 611 3949 tunc
641 3903 875 3964 praeerat
916 3893 1252 3966 Zepliyrinus
1287 3909 1446 3964 papa.
1482 3894 1717 3966 Tempus
1757 3895 1967 3951 itineris
1994 3897 2062 3952 ab

482 3983 718 4038 Eusebio
738 3985 1161 4052 praetermissum
1186 3985 1500 4053 conjectura
1522 3986 1737 4056 assequi
1764 3987 1946 4041 studet
1971 3987 2065 4039 Ba-

484 4077 689 4141 ronius,
723 4087 778 4131 et
815 4077 868 4131 in
915 4078 1148 4146 primum
1176 4078 1448 4146 Elagabali
1494 4078 1672 4147 reiicit
1713 4095 1940 4145 annum,
1971 4081 2062 4148 qui

409 4209 414 4215 .
480 4163 771 4236 Zephyrini
796 4167 1036 4223 decimus
1057 4177 1309 4234 octavus,
1346 4180 1401 4225 et
1431 4179 1739 4240 postremus
1765 4170 1900 4238 fuit;
1931 4187 2064 4226 cau-

480 4272 708 4329 samque
750 4258 1071 4329 profectioni
1116 4257 1450 4315 Mammteam
1486 4261 1781 4316 Alexandri
1835 4273 2061 4316 matrem

480 4353 695 4407 dedisse
730 4354 1060 4423 suspicatur,
1119 4369 1241 4408 cum
1272 4363 1392 4424 post
1429 4356 1753 4410 accersitum
1779 4354 1846 4410 ad
1874 4371 1934 4411 se
1959 4357 2064 4409 An-

481 4440 738 4496 tiochiam
759 4441 1070 4514 Origenem,
1097 4443 1444 4514 Elagabalum
1478 4445 1760 4514 imperium
1787 4446 2059 4500 ineuntem

479 4529 713 4586 Romam
759 4543 902 4588 esset
940 4534 1218 4590 comitata.
1243 4535 1355 4607 (ὅὲ)
1388 4535 1583 4590 Verum
1614 4536 1730 4590 haec
1763 4537 1922 4591 aliter
1948 4535 2060 4590 Eu-

481 4625 633 4679 sebio
656 4627 989 4696 temporibus
1023 4629 1190 4683 divisa
1214 4639 1342 4683 sunt
1366 4646 1380 4682 :
1401 4639 1528 4683 tunc
1547 4629 1691 4683 enim
1722 4643 1753 4683 a
1785 4629 2060 4685 Mammaea

480 4717 826 4774 Antiochiam
878 4720 1108 4775 accitum
1163 4719 1330 4776 fuisse
1364 4720 1651 4791 Origenem
1698 4722 1831 4776 satis
1873 4732 2056 4790 aperte

481 4813 755 4886 signiﬁcat
774 4855 789 4881 ,
817 4825 873 4870 et
911 4816 1132 4870 disertis
1163 4831 1377 4886 quoque
1402 4817 1584 4871 verbis
1609 4823 1725 4886 post
1755 4815 1902 4870 illum
1929 4814 2055 4868 Sui-

481 4907 579 4960 das
595 4903 728 4977 (53),
749 4923 870 4962 cum
896 4924 1076 4962 rerum
1111 4909 1373 4977 potiretur
1402 4908 1547 4964 filius
1570 4907 1686 4976 ejus
1717 4905 2048 4962 Alexander.

481 5001 584 5067 Qui
610 5011 893 5070 postquam
931 5002 1214 5071 imperium
1251 5001 1473 5068 adeptus
1505 5011 1607 5056 est.
1637 5015 1743 5056 non
1775 4999 1907 5053 alias
1941 5001 2054 5051 An-

481 5182 564 5236 ria
592 5197 717 5237 mox
769 5195 800 5235 a
853 5182 1068 5236 Justtno
1103 5180 1337 5251 Martyre
1362 5186 1826 5251 commemorata.
1870 5176 2054 5251 Neque

439 5252 626 5306 .enim
685 5251 978 5306 verisimile
1051 5252 1181 5306 mihi
1243 5249 1327 5304 est
1354 5249 1605 5318 juvenem
1660 5249 1823 5302 istum
1873 5249 1923 5300 id
1987 5249 2053 5301 ab

480 5322 823 5376 Alexandriae
852 5321 1084 5392 praeside
1115 5321 1509 5390 postulaturum
1562 5319 1751 5392 fuisse,
1793 5319 1938 5392 quod
1950 5332 2055 5392 _t_:a-

478 5406 622 5445 uone
641 5387 1010 5447 ecclesiastico
1043 5387 1266 5445 vetitum
1300 5393 1562 5446 novisset.
1621 5389 1897 5461 (la-terunt
1926 5387 2053 5461 Ilie-

483 5475 763 5531 ronymns,
798 5462 963 5517 etiam
1004 5463 1224 5530 quando
1267 5462 1506 5516 omnium
1565 5458 1831 5531 acerrime
1863 5458 2056 5526 Orige-

482 5526 608 5602 netu
639 5532 959 5598 insectatur,
977 5526 1135 5602 epist.
1152 5532 1221 5586 65
1238 5534 1321 5602 atii
1338 5530 1650 5602 Pantutach.
1669 5537 1724 5602 et
1753 5526 2051 5602 occanunt,

482 5601 552 5654 de
597 5601 710 5668 ipso
766 5596 953 5657 tamen
981 5596 1095 5657 haec
1132 5602 1247 5656 ait:
1282 5601 1406 5654 Vult
1441 5599 1632 5670 aliquis
1675 5599 1893 5670 laudare
1924 5596 2057 5670 Ori-

483 5667 686 5740 genem,
720 5671 896 5724 laudet
917 5673 1180 5742 ut_laudo.
1236 5671 1463 5742 Magnus
1502 5667 1581 5742 vir
1630 5669 1698 5742 ab
1736 5667 1984 5742 infantia.
2009 5676 2055 5718 et

482 5735 597 5810 {fere
622 5735 865 5810 martyris
891 5740 1056 5810 ﬁlius,
1086 5735 1425 5796 Alexandria:
1460 5738 1868 5810 ecclesiasticam
1907 5735 2061 5810 scho-_

481 5809 590 5862 lant
613 5879 620 5882 Δ
647 5805 1185 5882 tenuit,__'succedens
1232 5810 1612 5882 eruditissima
1640 5810 1752 5861 viro
1805 5805 2057 5882 Clementi

481 5879 801 5948 presbytero.
845 5879 1146 5951 Voluptates
1193 5883 1244 5936 in
1271 5891 1478 5936 tantum
1503 5879 1659 5948 fugit,
1710 5887 1765 5930 ut
1794 5877 1906 5930 zelo
1942 5873 2061 5940 Dei,

2165 3438 2362 3493 linibus
2385 3437 2730 3491 imminentes
2753 3435 2893 3490 bello
2922 3434 3159 3489 refutare
3181 3446 3474 3503 aggressus
3498 3440 3604 3489 est.
3623 3425 3728 3483 Hac

2163 3529 2348 3585 multis
2370 3538 2490 3599 post
2513 3526 2806 3600 Zephyrini
2836 3525 3043 3581 obitum
3071 3524 3229 3579 annis
3263 3523 3589 3578 inciderunt.
3616 3522 3728 3576 Cum

2162 3632 2341 3676 autem
2372 3621 2669 3690 imperator
2698 3621 3040 3673 renuntiatus
3061 3624 3147 3673 est
3179 3614 3525 3685 Elagabalus,
3549 3614 3731 3668 Emesa!

2164 3713 2607 3770 commorabatur
2661 3712 2976 3776 Mammaea,
3028 3725 3206 3780 neque
3261 3710 3316 3764 in
3369 3718 3523 3766 tanta
3570 3720 3728 3762 rerum

2164 3805 2518 3862 conversione
2565 3803 2797 3858 curiosis
2824 3803 3194 3857 auditionibus
3233 3814 3460 3872 Operam
3494 3800 3620 3854 dare
3651 3811 3730 3866 po-

2167 3898 2333 3953 tuisse
2356 3896 2652 3952 verisimile
2685 3903 2789 3950 est.
2827 3894 3154 3964 Ecqutenam
3192 3908 3358 3963 porro
3389 3907 3559 3947 causa
3595 3887 3730 3944 fuerit

2165 3988 2418 4054 Baronio,
2455 4002 2554 4042 cur
2577 3987 2840 4041 incertam
2894 3983 3237 4054 Origeniante
3282 3984 3338 4038 in
3374 3983 3584 4038 Italiam
3625 3991 3730 4048 pro-

2163 4081 2414 4136 fectionis
2459 4079 2798 4134 occasionem
2848 4078 3397 4139 comminisceretur,
3447 4074 3722 4130 Mammas

2165 4188 2359 4241 nempe
2403 4171 2735 4226 assectandae
2763 4170 3024 4233 studium,
3051 4185 3173 4224 cum
3211 4183 3394 4224 veram
3426 4160 3731 4238 expresserit

2163 4264 2449 4332 Eusebius,
2476 4263 2620 4320 Hist.
2660 4261 2756 4316 lib.
2781 4277 2858 4327 vt,
2913 4277 3034 4330 cap.
3069 4262 3159 4325 14,
3199 4260 3457 4314 Romana:
3495 4255 3729 4319 nimirum

2164 4356 2440 4422 Ecclesiae,
2492 4356 2762 4422 omnium,
2813 4364 2872 4409 ut
2929 4357 3042 4424 ipse
3077 4354 3290 4418 scribit,
3338 4349 3729 4420 antiquissima.

2163 4449 2381 4520 penitus
2412 4448 2804 4519 cognoscenda:
2849 4439 3202 4513 desiderium,
3263 4461 3371 4499 non
3405 4444 3584 4500 video.
3637 4436 3730 4493 Hoc

2164 4555 2293 4612 ergo
2339 4543 2441 4596 iter
2484 4541 2670 4595 Severi
2716 4540 2860 4594 inter
2890 4539 3118 4605 obitum,
3154 4538 3244 4607 qui
3278 4551 3421 4591 anno
3460 4525 3730 4603 Zepltyrini

2165 4633 2454 4688 undecimo
2499 4633 2759 4699 contigit,
2815 4631 3088 4700 ipsiusque
3142 4629 3433 4700 Zephyrini
3495 4632 3727 4681 mortem,

2093 4758 2134 4812 ι)
2165 4737 2285 4792 quae
2312 4721 2377 4776 ad
2408 4713 2944 4794 alterum'ElagabaIi
2976 4735 3174 4775 annum
3218 4719 3483 4812 pertinet,
3505 4711 3732 4812 conferre

2168 4815 2301 4870 satis
2358 4815 2758 4868 habeamusza
2808 4792 3052 4883 tempore
3090 4819 3270 4865 autem
3321 4798 3552 4878 praecise

2165 4904 2397 4976 guando,
2447 4920 2568 4958 cum
2612 4921 2680 4960 ne
2736 4904 3066 4972 coniecturae
3095 4901 3318 4972 quidem
3369 4899 3534 4948 locum
3577 4881 3725 4978 nobis

2165 5009 2410 5055 veterum
2441 5004 2786 5053 monumenta
2822 4997 3119 5066 praebeant.
3151 4979 3543 5034 abstineamus-
3576 4971 3629 5026 Μ
3682 4985 3722 5021 ιιι

2159 5175 2250 5230 sed
2287 5184 2459 5228 tamen
2510 5184 2610 5222 non
2635 5161 2918 5219 secundum
2967 5157 3261 5230 scientiam,
3293 5157 3435 5230 ferro
3473 5159 3722 5230 truncant

2158 5218 2458 5314 ᾇὶῗιίὶἇὶέῐῗ
2489 5218 2715 5314 tibi"!
2747 5231 2918 5314 νίάεεεν
2974 5229 3184 5314 rich")?
3237 5218 3721 5314 t'én,_,'3“‘£{‘:..j'ﬁ‘l

2158 5292 2444 5382 236366,
2478 5292 2559 5365 ad
2591 5292 2647 5362 id
2690 5292 2956 5372 impulsus
3004 5297 3203 5358 fuerat,
3235 5295 3448 5350 eximite
3488 5292 3722 5362 puritatis

2160 5399 2425 5439 amorem.

2231 5436 2730 5525 (§l)ﬁl_§_useb.,_lib.
2755 5437 3186 5525 vt‘,,cap.nS,-I‘§,
3575 5497 3667 5525 ΑΜ

2231 5453 2314 5525 (51
2382 5453 2610 5511 Euseb.,
2637 5453 2730 5499 lib.
2755 5458 2836 5523 vt,
2861 5455 2981 5509 cap.
3013 5453 3186 5520 ima,
3212 5453 3304 5490 2|.
3439 5507 3448 5516 ε
3611 5500 3622 5511 .
3657 5497 3667 5506 .

2230 5453 2346 5593 (5‘2;
2389 5520 2583 5593 Verum
2615 5513 2916 5593 haecaltter
2961 5509 3190 5593 Eusebio
3234 5499 3719 5593 temportbt‘tjslldtrt:

2163 5567 2797 5654 suiiKetcTVWi-depaulo
2821 5581 2959 5654 infra
3003 5589 3184 5634 notam
3216 5576 3280 5631 ad
3313 5567 3458 5654 nutu:
3488 5570 3611 5654 VII,

2156 5644 2420 5716 refellitur
2451 5644 2833 5724 liuetii'opinio
2867 5651 2934 5706 de
2960 5661 3202 5720 tempore
3250 5661 3359 5716 quo
3407 5644 3717 5699 Matumaaam

2161 5731 2293 5785 adiit
2319 5729 2600 5797 Origenes.

2231 5801 2342 5868 (35)
2390 5793 2570 5862 5ὐίι1.,
2596 5793 2775 5849 chic.
2801 5793 2866 5846 Ω.
