3878 6522
454 405 560 464 655
1714 400 1772 454 P.
1817 399 2132 457 DAMELIS
2169 399 2402 458 HUETII
3607 405 3710 462 656

455 532 688 598 potytus,
719 535 773 580 et
799 526 850 580 in
885 522 1033 577 Italia
1064 523 1279 577 demum
1312 521 1628 591 martyrium
1657 521 1888 582 obterit,
1909 524 2031 576 huic
2063 527 2104 582 Α
2135 539 2226 578 sas
2289 524 2425 577 bello
2453 565 2466 587 ,
2524 523 2867 578 Antiochiam
2922 523 3072 579 venit
3117 522 3427 580 Alexander
3473 523 3712 581 Severus

455 621 585 676 alibi
613 621 815 690 passim
848 628 1138 670 occurrere
1173 615 1351 686 potuit
1385 613 1649 684 Origenes
1672 655 1685 678 ,
1723 626 1775 670 et
1808 617 2027 671 concio-
2131 614 2404 671 Mammrea
2463 627 2633 671 matre
2682 617 2999 682 comitatus,
3048 631 3168 687 qua:
3232 627 3291 672 ut
3331 627 3456 673 erat
3488 619 3715 673 natione

453 709 658 764 cinanti
691 708 902 762 adesse.
2130 699 2286 779 Syra,
2315 718 2370 763 et
2395 724 2577 762 rerum
2619 706 2972 762 Judaicarum
3004 722 3069 764 ac
3116 708 3557 764 Christianarum
3612 708 3716 762 ali-

528 797 616 854 VI.
647 799 761 854 Non
797 797 967 850 multo
999 805 1120 865 post
1149 793 1477 851 Alexandria
1503 797 1640 861 clam
1682 798 1838 862 exiit,
1874 812 2024 852 arma
2128 815 2286 870 quem
2315 808 2630 869 perceperat
2654 813 2810 854 usum
2837 838 2852 864 ,
2886 797 3172 870 Origenem
3217 800 3349 871 (ιο),
3381 799 3539 870 cujus
3586 810 3715 856 tunc

452 893 616 960 tmpia
675 887 970 944 Caracallze
1035 887 1280 958 fugiens,
1335 889 1532 957 quibus
1602 887 2026 945 funestissimam
2128 893 2328 963 passim
2362 893 2735 949 celebrabatur
2767 907 2986 958 nomen,
3013 893 3182 948 misso
3203 891 3422 948 militari
3455 891 3717 948 satellitio

454 979 840 1038 Alexandrinis
915 980 1121 1035 cladem
1195 980 1398 1036 intulit.
1457 981 1649 1036 Annus
1710 983 2028 1037 trahebatur
2128 985 2194 1041 ad
2235 999 2355 1041 sese
2398 985 2681 1041 accersivit
2732 985 3076 1056 exploranda:
3129 985 3361 1040 hominis
3421 985 3715 1047 doctrinae,

453 1073 654 1129 (Ἆπίειί
682 1071 808 1138 είδο
837 1071 1134 1128 caracalla?
1167 1071 1392 1143 Quintus
1413 1113 1429 1138 ,
1463 1075 1639 1130 aetatis
1669 1073 1892 1130 circiter
1925 1074 2023 1128 tri-
2128 1077 2456 1148 maiorisque
2489 1077 2688 1134 Christi
2723 1080 2926 1135 notitia:
2959 1079 3315 1150 adipiscenda:
3344 1094 3530 1134 causa.
3578 1077 3720 1132 Mul-

451 1169 710 1224 cesimum
763 1176 956 1236 agente
987 1160 1243 1233 Origene.
1279 1164 1514 1220 Secessit
1566 1167 1654 1220 ille
1691 1166 1742 1219 in
1787 1164 2027 1220 Palaesti-
2129 1171 2198 1222 tis
2236 1170 2375 1238 apud
2405 1169 2548 1223 illam
2582 1170 2647 1224 de
2679 1171 2787 1225 Deo
2842 1171 3183 1228 sermonibus
3236 1170 3458 1233 habitis.
3517 1180 3718 1226 exacto

451 1269 600 1323 nam,
641 1268 696 1313 et
741 1255 1004 1312 Caesareae
1030 1255 1216 1310 sedem
1274 1257 1453 1324 posuit
1482 1274 1496 1310 :
1539 1258 1625 1311 ubi
1661 1267 1841 1312 tantus
1873 1259 1920 1310 ei
1951 1246 2026 1310 ‘ab
2127 1256 2236 1312 illic
2269 1271 2373 1310 non
2404 1258 2615 1312 modico
2645 1266 2908 1327 tempore,
2937 1260 3004 1314 ad
3032 1259 3335 1315 intermissa
3364 1261 3545 1316 studia
3588 1259 3716 1314 Ale-

449 1349 720 1420 episcopis
742 1349 914 1404 honos
940 1346 1159 1402 habitus
1181 1355 1286 1411 est,
1312 1357 1370 1401 ut
1396 1348 1634 1402 nondum
1659 1348 1784 1404 licet
1805 1347 2028 1419 presby-
2127 1347 2408 1402 xandriam
2437 1348 2766 1418 properavit.
2821 1347 2974 1413 Hanc
3019 1347 3266 1420 Origenis
3312 1349 3716 1420 peregrinatio-

453 1451 593 1506 tero,
647 1439 743 1496 sed
801 1437 942 1492 laico
995 1437 1161 1491 etiam
1224 1446 1336 1491 tum
1394 1439 1698 1494 deferretur
1753 1439 2022 1510 negotium
2127 1453 2250 1492 nem
2283 1439 2617 1508 temporibus
2656 1438 2761 1496 illis
2788 1440 3143 1512 coniungens,
3165 1441 3278 1495 scio
3307 1454 3396 1496 me
3423 1439 3719 1495 chronolo-

449 1529 747 1600 Scripturze
778 1525 993 1600 publice
1030 1529 1083 1582 in
1109 1528 1341 1584 ecclesia
1361 1530 1744 1598 explananda,
1779 1546 2022 1601 prtesen-
2125 1543 2314 1599 gorum
2341 1529 2546 1602 aliquot
2581 1531 2881 1587 rationibus
2917 1546 3252 1602 repugnare,
3282 1533 3374 1602 qui
3408 1533 3478 1587 ad
3528 1542 3716 1586 extre-

451 1624 590 1677 tibus
627 1622 919 1694 episcopis.
954 1619 1125 1691 Egre
1160 1621 1282 1675 tulit
1307 1620 1635 1689 Demetrius,
1666 1631 1721 1678 et
1765 1632 2024 1692 tanquam
2126 1636 2243 1678 mos
2269 1621 2558 1678 Alexandri
2593 1622 2779 1680 Severi
2812 1639 2983 1680 annos
3006 1624 3276 1681 Persicam
3306 1623 3718 1694 expeditionem

447 1727 646 1788 praeter
701 1716 784 1772 fas
839 1715 906 1770 ab
957 1713 1230 1784 episcopis
1277 1723 1332 1768 et
1383 1714 1620 1782 Origene
1698 1723 2022 1769 attentatum
2127 1713 2392 1779 referunt,
2418 1729 2542 1770 cum
2571 1717 2738 1771 multo
2763 1724 2888 1770 ante
2935 1715 3140 1770 exitum
3183 1714 3484 1771 Alexandri
3540 1715 3720 1768 visere

447 1809 666 1878 scriptis
696 1809 759 1863 ad
791 1821 884 1864 eos
917 1806 1162 1876 epistolis
1191 1805 1488 1860 damnavit.
1517 1805 1743 1861 Factum
1793 1806 2022 1860 rationi.
2055 1870 2093 1879 _
2127 1805 2192 1858 ad
2220 1805 2553 1861 Mamma-am
2590 1807 2879 1876 Origenem
2910 1808 3074 1864 ivisse
3095 1817 3301 1863 certum
3351 1808 3444 1864 sit.
3481 1807 3599 1879 (Η)
3651 1811 3722 1862 At

449 1905 576 1967 bus,
607 1903 946 1970 aliorumque
971 1900 1352 1972 episcoporum
1384 1899 1706 1955 auctoritate
1735 1909 1793 1953 et
1831 1914 2022 1954 exem-
2055 1870 2098 1924 Β
2128 1899 2280 1952 nobis
2327 1897 2506 1952 favent
2567 1898 2782 1953 Eusebii
2833 1899 3200 1972 ὲπιλογισμοί,
3252 1899 3454 1971 quibus
3503 1900 3560 1954 in
3618 1900 3724 1955 hac

448 1993 540 2064 plo
565 2001 900 2049 excusarunt
939 1989 1289 2047 Theoctistus
1335 1989 1765 2063 (Theotechnum
1797 1989 2023 2046 Pbotius
2130 1991 2352 2044 historia
2394 2000 2658 2060 perpetuo
2696 1993 3031 2047 adhmremus
3067 2011 3080 2048 :
3119 2007 3240 2046 nam
3285 1990 3572 2048 Persicum
3606 1993 3721 2047 hel-

448 2085 704 2156 appellat,
735 2085 858 2142 cod.
895 2082 995 2137 H8
1024 2092 1077 2138 ct
1111 2082 1234 2149 I52)
1263 2083 1526 2138 Czesareaa
1583 2083 1869 2152 episcopus
1891 2123 1906 2146 ,
1946 2080 2023 2137 le-
2124 2077 2231 2132 lum
2261 2079 2498 2134 secundo
2532 2081 2825 2136 Alexandri
2854 2097 2996 2136 anno
3033 2081 3274 2149 assignat
3306 2082 3357 2136 iu
3414 2081 3721 2146 Chronico;

450 2179 737 2250 resolymze
766 2177 1096 2233 Alexander.
1128 2177 1242 2232 Nec
1271 2176 1344 2230 ita
1378 2185 1560 2229 tamen
1596 2174 1880 2244 placarunt
1916 2176 2022 2230 De-
2126 2169 2176 2223 in
2244 2169 2483 2224 Historia
2546 2183 2727 2227 autem
2787 2171 2878 2227 lib.
2940 2188 3012 2234 vt.
3071 2188 3192 2243 cap.
3250 2171 3344 2238 2i,
3407 2183 3711 2243 postquam

451 2269 746 2334 metrium,
789 2277 849 2322 ut
882 2285 988 2324 non
1017 2267 1308 2338 Origenem
1340 2280 1436 2335 per
1464 2265 1695 2329 litteras,
1718 2264 2024 2333 missosque
2125 2262 2488 2318 Alexandrum
2553 2265 2955 2335 imperatoriam
3015 2265 3336 2338 dignitatem
3389 2276 3715 2320 assecutum

448 2349 711 2416 diaconos
739 2367 1052 2414 revocaret.
1090 2355 1276 2411 Paruit
1303 2355 1392 2409 ille
1415 2355 1717 2419 mandatis,
1757 2365 1809 2410 et
1841 2370 2024 2411 rever-
2124 2355 2447 2424 significavit
2471 2354 3100 2428 (42),Origeuisitionem
3130 2358 3196 2412 ad
3215 2356 3562 2412 Mammmam
3586 2371 3726 2412 con-

447 2469 540 2508 sus
593 2453 646 2506 in
711 2452 942 2521 patriam
1010 2459 1272 2506 consueto
1328 2465 1450 2505 sese
1501 2447 1712 2502 muneri
1762 2448 2020 2504 restituit.
2127 2449 2276 2503 tinuo
2305 2447 2581 2518 subjunxit
2616 2463 2630 2501 :
2665 2449 3048 2504 Caesariensem
3080 2463 3210 2503 vero
3244 2448 3502 2520 Origeuis
3534 2463 3723 2504 seces-

449 2544 772 2615 Castiganda
820 2543 909 2597 hic
969 2541 1227 2609 Ilalloxii,
1285 2541 1627 2609 aliorumque
1662 2539 2022 2608 indiligentia,
2127 2555 2272 2605 snm,
2306 2557 2466 2611 quem
2505 2541 2718 2596 decimo
2741 2541 3040 2597 Alexandri
3083 2556 3228 2596 anno
3273 2541 3582 2611 contigisse
3635 2544 3731 2595 do-

447 2634 538 2703 qui
573 2633 724 2704 prius
751 2634 857 2689 hoc
887 2631 1138 2702 Origenis
1167 2631 1220 2686 in
1258 2629 1604 2684 Palmstinatn
1639 2630 1745 2683 iter
1767 2627 2027 2683 confude-
2126 2642 2232 2693 cet,
2260 2631 2417 2702 longe
2466 2630 2696 2686 inferius
2751 2631 3040 2686 recensuit.
3078 2630 3180 2697 Qui
3211 2646 3345 2686 vero
3377 2631 3584 2686 bellum
3619 2631 3730 2686 hoc

448 2735 577 2780 runt
607 2739 732 2781 cum
772 2722 944 2778 altero
974 2721 1133 2792 paulo
1166 2729 1288 2791 post
1318 2736 1347 2775 a
1395 2721 1552 2775 nobis
1589 2721 1858 2774 narrando
1883 2719 2028 2790 quod
2129 2723 2432 2792 rejecerunt
2494 2725 2546 2780 in
2603 2735 2903 2794 postremos
2940 2723 3233 2778 Alexandri
3289 2737 3505 2790 annos,
3560 2724 3719 2778 nullo

449 2817 518 2872 ad
551 2815 770 2872 Achaiae
803 2813 1094 2886 episcopos
1127 2811 1477 2884 proficiscens
1515 2823 1610 2881 per
1657 2825 1718 2866 ea
1768 2810 1882 2865 loca
1926 2811 2026 2865 ha-
2126 2827 2350 2871 auctore
2381 2817 2667 2885 fecerunt;
2703 2832 2828 2872 nam
2855 2816 2945 2884 qui
2979 2816 3155 2871 aetatis
3200 2814 3346 2871 illius
3397 2831 3490 2872 res
3534 2824 3728 2888 gestas

448 2908 565 2963 buit
598 2926 611 2962 ἒ
644 2917 930 2976 utramque
961 2905 1106 2959 enim
1135 2903 1528 2975 profectionem
1571 2910 1732 2958 caute
1778 2900 2028 2956 distinxit
2127 2909 2391 2977 complexi
2422 2918 2552 2966 sum
2575 2909 2934 2974 Herodianus,
2980 2907 3230 2964 Zosimus
3251 2948 3266 2976 τ
3295 2907 3620 2981 Xipbilinus
3663 2919 3723 2964 et

451 2999 738 3066 Eusebius,
771 2995 1119 3067 prioreutque
1152 3006 1280 3050 ante
1310 2993 1606 3050 Caracailte
1645 2992 1928 3048 interitum
1959 2991 2028 3046 ab
2128 2995 2495 3068 Lampridius,
2531 2999 2644 3071 (45)
2693 2997 2930 3055 Persica:
2979 2999 3344 3068 expeditionis
3392 2999 3725 3070 neutiquam

446 3091 682 3162 Origene
729 3098 1036 3158 susceptam
1082 3096 1269 3142 narrat
1317 3086 1410 3141 lib.
1452 3102 1502 3140 vt
1548 3083 1713 3145 ιιίει..
1781 3097 1902 3151 cap.
1937 3083 2024 3149 I9,
2127 3099 2519 3160 expresserunt
2553 3099 2766 3161 tempus
2812 3108 2824 3144 :
2868 3090 3015 3146 solus
3051 3090 3178 3145 illud
3209 3092 3536 3146 adnotatum
3590 3093 3727 3147 reli-

447 3181 807 3252 posteriorem
839 3180 1181 3251 temporibus
1213 3179 1281 3234 iis
1299 3179 1518 3247 deputat
1540 3218 1554 3240 ,
1588 3176 1782 3246 quibus
1818 3173 2027 3230 Phileto
2056 3232 2095 3252 η
2129 3179 2249 3250 quit
2276 3178 2571 3245 Eusebius,
2600 3195 2760 3250 quem
2789 3181 3093 3252 sequimur.
3135 3181 3232 3236 Sin
3262 3181 3378 3236 hinc
3422 3193 3556 3237 ante
3583 3199 3724 3238 con-

445 3275 786 3330 Antiocheno
838 3274 1098 3345 episcopo
1144 3271 1406 3328 successit
1437 3269 1701 3332 Zebinus;
1738 3269 1890 3324 locus
1931 3284 2027 3322 ex-
2054 3232 2096 3292 C
2133 3269 2320 3342 tigisse
2358 3272 2696 3342 pertenderis
2727 3286 2889 3342 quam
2932 3271 3156 3326 Romam
3190 3273 3377 3327 ivisset
3406 3272 3726 3341 Mammaea,

445 3378 556 3422 stat
603 3367 697 3422 lib.
735 3383 785 3420 vt
822 3365 988 3432 Hist.,
1018 3382 1138 3437 cap.
1168 3365 1269 3431 ‘25;
1315 3366 1682 3433 episcopatum
1713 3370 1890 3415 autem
1919 3361 2025 3416 Ze-
2133 3371 2194 3418 ut
2243 3363 2359 3418 vult
2400 3364 2668 3419 Baronius
2719 3364 2785 3419 ad
2816 3381 2908 3418 an.
2947 3364 3075 3430 2‘20,
3107 3382 3255 3420 num.
3302 3365 3355 3430 6,
3385 3367 3726 3424 alterutrum

445 3460 608 3515 binus
655 3459 777 3513 iniit
803 3459 902 3512 sub
952 3458 1264 3512 Alexandro
1291 3455 1491 3511 Severo
1520 3495 1534 3519 ,
1565 3465 1622 3508 ut
1652 3463 1733 3507 est
1765 3455 1818 3506 in
1858 3451 2026 3507 Euse-
2133 3455 2276 3509 enim
2300 3455 2586 3510 dicendum
2612 3465 2716 3520 est,
2750 3469 2849 3511 nec
2880 3469 3000 3510 eam
3023 3457 3218 3526 quippe
3245 3457 3381 3511 alias
3410 3458 3729 3514 Antiochia

445 3551 609 3606 biano
648 3549 939 3604 Chronico.
980 3547 1037 3603 Id
1062 3548 1210 3620 quod
1254 3546 1363 3604 alio
1423 3547 1537 3616 ipse
1585 3545 1704 3600 loco
1744 3541 2024 3600 llalloxius
2131 3546 2300 3600 fuisse
2353 3556 2608 3616 apparet,
2666 3550 2994 3605 sententiam
3064 3547 3205 3603 bane
3254 3564 3418 3619 supra
3473 3565 3504 3604 a
3566 3552 3730 3608 nobis

449 3641 856 3696 animadvertit.
2130 3637 2384 3693 obtritam
2418 3639 2672 3706 reperies.

517 3732 626 3786 VII.
654 3733 768 3801 (59)
817 3732 1015 3786 Coorto
1056 3731 1259 3784 interea
1315 3728 1589 3784 Romanos
1626 3728 1768 3786 inter
1797 3737 1852 3785 et
1891 3725 2020 3783 Per-
2201 3723 2334 3781 VIII.
2358 3726 2472 3797 (44)
2500 3725 2766 3783 Caeterum
2793 3729 2917 3783 hinc
2943 3729 3278 3800 Scripturam
3311 3744 3533 3785 sacram
3567 3746 3727 3788 com-

519 3948 630 4018 (59)
662 3948 803 4018 Ann,
835 3943 978 4018 2ξὲῖὲΔ
1183 4012 1192 4018 _
1660 4010 1718 4018 Μ
2129 3938 2443 4018 dignitatem
2470 3950 2774 4018 assecutum
2801 3937 3119 4018 signiﬁcavit
3145 3977 3161 4002 ,
3194 3917 3443 4018 Οζίθξῃὶε
3497 3943 3726 4018 ἰζὶρηεπι

519 4007 874 4085 (103Eitseb.,
911 4014 1051 4068 Hist.
1087 4012 1239 4085 ecclu
1274 4012 1482 4085 Ιίιξηνιἵ
1509 4026 1628 4085 cap.
1658 4010 1751 4062 21.
1832 4078 1842 4085 _
2130 4007 2561 4085 adﬁamma’am
2584 4007 3218 4085 continqu’subjungere,
3247 4010 3407 4085 facile
3459 4013 3722 4085 solvitur,

516 4077 628 4159 (4ίῇ
663 4087 727 4141 At
781 4077 926 4138 nobis
965 4086 1136 4159 {avent
1187 4077 1400 4159 Eusebii
1459 4078 1880 4159 “deﬁrniat,
1913 4089 2017 4159 etc.
2131 4080 2174 4132 si
2207 4077 2468 4159 Eusebius
2499 4080 2551 4132 id
2580 4079 2774 4159 fecisse
2799 4077 3045 4159 dicatur,
3070 4077 3578 4159 nonAq-uodprimo
3621 4097 3723 4159 aut

446 4148 565 4214 Non
593 4148 878 4220 Eusebius,
909 4148 1002 4209 sed
1035 4157 1192 4209 divus
1219 4153 1580 4224 Hieronymus
1609 4149 1804 4224 bellum
1844 4148 2022 4224 [fersi-
2131 4150 2372 4224 secundo
2401 4148 2703 4224 Alexandri
2734 4150 2944 4218 imperii
2979 4165 3123 4204 anno
3167 4148 3424 4224 Origenis
3475 4153 3586 4206 iter
3652 4157 3722 4209 ad

443 4245 566 4285 cum
618 4243 761 4282 anno
826 4218 1064 4279 secundo
1123 4218 1440 4278 Alexandri
1485 4221 1781 4289 copulavit.
1826 4219 2022 4289 “Verba
2133 4218 2471 4289 Mammmam
2505 4219 2800 4286 contigisse
2842 4229 3086 4288 putaret,
3117 4222 3210 4274 sed
3267 4221 3411 4288 quod
3457 4239 3528 4276 ex
3565 4224 3726 4277 ἰηίιιο

444 4301 608 4362 enim,
651 4311 770 4368 quae
797 4295 1144 4368 iuChronico
1176 4293 1476 4368 Eusebiano
1523 4288 1718 4368 dehoc
1754 4288 1894 4368 heilo
1937 4305 2024 4368 re:
2131 4288 2278 4342 illius
2309 4289 2518 4356 imperii
2543 4293 2760 4368 occasio
2799 4299 3118 4344 nasceretur
3144 4290 3397 4368 loquendi
3439 4292 3510 4368 de
3538 4292 3726 4368 Alam-

444 4358 702 4433 citantur,
731 4368 788 4421 iu
818 4367 1009 4419 ultimo
1049 4365 1186 4418 libro
1220 4363 1504 4433 Eutropii,
1532 4362 1623 4428 qui
1647 4369 1766 4430 post
1799 4358 2020 4433 Eusebii
2130 4373 2263 4433 mssa
2297 4370 2470 4412 matre
2516 4361 2657 4433 ejus.
2682 4362 3154 4433 _t‘.erte_ngstrain
3199 4361 3341 4414 hanc
3393 4363 3722 4429 opinioiiem

443 4449 675 4493 mortem
692 4429 852 4491 suam
887 4435 1181 4489 Historiam
1216 4433 1456 4502 scripsit,
1495 4429 1765 4501 leguntur.
1797 4429 1873 4482 Ex
1913 4444 2022 4502 quo
2130 4430 2415 4502 confirmat
2441 4431 2587 4502 quod
2622 4430 2816 4502 ibidem
2846 4429 2923 4482 ait
2959 4429 3224 4484 Eusebius
3248 4467 3264 4493 ,
3309 4445 3420 4498 quo
3465 4442 3722 4502 tempore

447 4511 634 4578 liquet,
679 4525 782 4562 nou
816 4518 1022 4559 tantum
1047 4521 1109 4558 ea
1127 4506 1292 4578 verba
1329 4498 1570 4578 Euseb-ii-
1597 4515 1702 4578 non
1731 4513 1889 4578 esse;
1923 4498 2022 4578 sed
2055 4558 2101 4578 ἢ
2131 4499 2436 4578 Alexander
2456 4498 2750 4578 imperium
2783 4510 3110 4578 capesseret,
3145 4509 3358 4554 mortuo
3401 4504 3551 4569 apud
3584 4498 3722 4578 :Au-

442 4558 984 4646 eiiirii'qiiisem.qi.e*
1012 4591 1076 4628 ex
1127 4574 1387 4646 Eutropio
1407 4573 1457 4626 iu
1484 4571 1579 4646 ilio
1613 4558 1885 4646 Chronico
1913 4571 2024 4646 _ha_-
2055 4558 2102 4618 D
2134 4570 2415 4646 t_io_chiarg_
2442 4558 2758 4646 Asclepiade
2779 4613 2817 4646 ,_
2843 4558 2960 4634 ejus
3027 4558 3400 4646 episcopatum
3439 4558 3722 4646 sortitum

442 4635 722 4710 bentur-:3
759 4635 1243 4715 div'o'lliermtyiiio
1272 4635 1450 4715 addita
1479 4638 1665 4715 fuisse.
1698 4639 1884 4715 Neque
1913 4639 2028 4715 bel-
2135 4639 2319 4715 fuisse
2356 4635 2628 4715 Philetum
2673 4657 2686 4692 :
2729 4641 3028 4715 quitameu
3058 4635 3075 4700 ξ
3115 4635 3400 4715 annui”
3425 4680 3440 4704 ,
3473 4642 3725 4696 Macrino

444 4717 553 4771 lum
583 4709 862 4771 Persicum
889 4732 1032 4768 anno
1063 4709 1355 4768 AIexandri
1386 4711 1627 4766 secundo
1664 4709 1779 4778 geri
1828 4711 2026 4773 potuit,
2135 4709 2684 4780 imperimuiuetmte,
2714 4710 3016 4778 Asclepiadi
3041 4713 3325 4780 successit,
3348 4715 3720 4780 quemadnm-

443 4805 567 4842 cum
595 4799 789 4858 quarto
820 4788 1030 4855 imperii
1057 4785 1171 4852 ejus
1198 4797 1341 4837 auuo
1366 4777 1699 4858 Artaxerxes
1723 4819 1737 4838 .
1758 4793 1890 4858 cum
1922 4793 2029 4845 quo
2132 4779 2256 4858 dum
2287 4780 2338 4832 iu
2371 4777 2631 4858 Chronico
2664 4782 2856 4836 scribit
2878 4777 2996 4850 ipse
3021 4779 3285 4836 Eusebius
3310 4798 3325 4834 :
3350 4777 3498 4852 quod
3537 4785 3718 4837 Baro-

447 4847 725 4912 dimicavit
789 4847 1134 4914 Alexander,
1181 4867 1411 4923 regnare
1457 4851 1705 4923 coeperit.
1756 4847 2029 4923 Ijraaterea
2132 4848 2552 4923 nius_s_equitur.

443 4925 778 4981 Herodianus
805 4927 897 4980 lib.
922 4937 996 4984 vt.
1017 4941 1135 4994 cap.
1163 4925 1219 4988 4,
1244 4917 1315 4978 de
1345 4917 1651 4994 Alexandro
1675 4920 1726 4972 in
1753 4917 2028 4994 orientem
2201 4918 2313 4994 (4})
2349 4917 2580 4994 Euseb,
2611 4918 2752 4974 Hist.
2772 4923 2946 4994 sccl”
2975 4920 3070 4976 lib.
3101 4935 3174 4994 vi,
3210 4935 3333 4989 cap.
3362 4920 3454 4970 96.

445 4998 822 5060 proﬁciscente
849 4989 1098 5063 loqueus'
1124 4995 1241 5059 ait,
1297 4993 1500 5046 nullmn
1532 4990 1699 5063 fuisse
1730 4990 1844 5063 qui
1871 4989 2026 5040 siccis
2201 4989 2315 5057 (45)
2349 4989 2583 5063 Persica:
2617 4991 3717 5063 ετινεάὶιίοηὶι-ηειιιίσκνη.εξψηεεεηηιε

443 5054 606 5121 acutis
632 5054 1290 5121 abeuntent'Alexamtrmu
1325 5061 1618 5131 aspexerit,
1659 5054 1880 5131 imperio
1917 5068 2024 5110 tam
2131 5054 2356 5124 tempus.
2406 5054 2693 5130 Expressis
2737 5064 2917 5115 verbis
2976 5059 3272 5131 Per-sicula
3301 5054 3513 5131 bellum
3563 5072 3716 5110 anno

441 5138 635 5190 multos
668 5153 833 5190 annos
865 5135 1245 5190 modestissime
1279 5123 1670 5186 administrata.
1697 5123 1877 5194 Quare
1933 5141 2024 5180 ne-
2127 5123 2419 5186 Alexandri
2453 5123 2666 5184 decimo
2703 5143 2898 5197 quarto
2918 5125 3209 5197 contigisse
3241 5123 3715 5197 docetﬂerodia-

442 5221 548 5276 que
586 5206 896 5261 Alexander
924 5205 1134 5276 imperii
1168 5203 1249 5276 sui
1282 5201 1442 5256 initio
1462 5197 1794 5276 cum_I_’ersis
1818 5211 2024 5276 pugua-
2128 5213 2230 5251 nus
2263 5201 2359 5256 lib.
2396 5216 2470 5276 γι.
2502 5200 2667 5268 Cujus
2710 5195 3076 5276 testimonium
3117 5195 3266 5247 litem
3305 5196 3531 5276 penitus
3575 5198 3717 5251 diri-

444 5265 543 5341 εἴη,
573 5290 750 5344 neque
780 5291 900 5330 cum
955 5265 1023 5329 ad
1083 5273 1357 5344 Persicam
1409 5268 1806 5344 expeditionem
1857 5268 2024 5344 proii-
2130 5279 2322 5344 meret,
2375 5271 2425 5324 ni
2479 5265 2778 5344 constaret.
2803 5267 3167 5344 Alexandrum
3213 5273 3335 5332 post
3389 5265 3711 5344 incuriam";

443 5337 741 5400 ciscereiur
768 5347 1098 5410 Alexander,
1131 5343 1393 5412 Origenes
1416 5337 1502 5412 est
1539 5355 1569 5391 a
1625 5339 1902 5412 hiautmzea
1963 5337 2021 5412 in_
2127 5339 2393 5412 decimum
2416 5351 2669 5410 quartum
2701 5337 2782 5391 sui
2810 5337 3021 5412 imperii
3044 5349 3248 5412 annum
3271 5349 3481 5412 paucos
3504 5338 3714 5412 vixisse

444 5414 722 5469 Orientem
771 5428 1013 5470 vocatus.
1073 5405 1150 5467 Ac
1191 5405 1414 5479 pFuiude
1479 5410 1593 5462 htec
1644 5408 1897 5479 Origeuis
1955 5405 2021 5458 ad
2126 5408 2264 5462 dies.
2287 5411 2392 5464 Sed
2425 5405 2567 5464 anno
2599 5419 2808 5462 tantum
2839 5408 2932 5479 vel;
2949 5407 3165 5479 biennio
3191 5408 3404 5479 erravit
3439 5406 3711 5461 Herodia-

444 5483 782 5554 Mammaaam
813 5485 1075 5554 profectio
1109 5474 1447 5554 assig_:_iand:t_
1470 5488 1582 5554 est1
1608 5476 1668 5531 ut
1711 5487 1860 5531 recte
1883 5490 2020 5530 con-
2127 5493 2250 5554 nus.
2292 5479 2479 5554 Neque
2503 5485 2648 5554 enim
2664 5477 2971 5554 _verisimi_le
2995 5483 3088 5554 .cst
3115 5474 3414 5554 duodecim
3471 5489 3569 5531 aut
3601 5489 3712 5532 tre-

444 5553 566 5621 jicit
596 5543 877 5619 liarouitis,
910 5556 976 5608 ad
1012 5543 1449 5606 annunt'Iihristi
1480 5548 1610 5611 218,
1641 5563 1752 5616 quo
1779 5557 2022 5613 tempore
2125 5549 2301 5602 decim
2326 5543 2486 5604 an'nis
2513 5551 2564 5602 in
2597 5545 2882 5621 celebriori
2921 5543 3077 5611 huius
3115 5545 3328 5612 imperii
3383 5544 3572 5621 ῖδφιο)
3601 5563 3712 5615 (1³³0

447 5617 774 5693 ΕΙθεειιιιιιυε
803 5617 1036 5693 primum
1067 5623 1276 5693 imperii
1314 5624 1600 5693 suiageus
1641 5631 1838 5671 annum
1858 5656 1874 5684 ,
1902 5623 2023 5693 post
2127 5626 2368 5693 tempore
2393 5620 2776 5693 ipsellurebat,
2809 5632 2930 5693 eum
2957 5629 3170 5693 errasse
3190 5654 3206 5680 ,
3243 5625 3408 5693 atque
3429 5617 3505 5693 _in
3535 5619 3707 5670 tinem

445 5684 669 5746 Mac'rini
699 5684 904 5747 cladem
936 5684 1277 5746 Antiochiam
1307 5690 1451 5742 venit
1476 5684 2022 5757 Mauttnaeacomita-
2124 5684 2700 5757 Alexandrirejecisse
2726 5689 2868 5756 quod
2900 5684 3058 5753 hujus
3098 5684 3335 5752 imperii
3367 5687 3530 5741 initio
3572 5703 3708 5742 con-

448 5776 554 5832 tus.
597 5763 748 5827 Quod
789 5764 978 5832 objicit
1028 5761 1258 5832 IIuetius
1285 5757 1594 5832 ΔΕυδεζηωη
1628 5758 1711 5832 _in
1769 5754 2021 5832 Historiae
2127 5757 2356 5832 tigisset.

446 5831 534 5884 tib.
567 5823 775 5900 νιξεαρ.
804 5823 894 5896 2f,
927 5842 1196 5900 postquam
1226 5829 1589 5882 Alexandrum
1609 5827 2016 5894 imperatoriam
2174 5823 2310 5897 ’(44)
2337 5827 2560 5894 Euseb,
2596 5827 2736 5881 Hist.
2771 5825 2978 5889 scolam,
3006 5823 3098 5879 lib.
3127 5839 3200 5890 vt,
3240 5839 3360 5895 cap.
3390 5826 3485 5880 Ξῖ).
