3866 6522
179 436 272 498 ϐξτ
1211 428 1721 486 ORIGENIANORl

1831 425 1957 481 LIB.
2003 426 2042 489 I,
2083 424 2235 480 CAP.
2278 423 2340 480 11.

3299 418 3402 478 αδδ

179 556 436 616 mentariis
468 554 739 610 illustrare
765 553 1030 625 Origenes
1057 570 1219 611 orsus
1264 565 1369 620 est,
1428 554 1718 622 impulsore
1749 556 1790 612 Δ
1821 561 1864 602 et
1895 549 2122 620 antplius
2161 548 2396 601 notarios
2421 589 2434 612 ,
2470 560 2749 614 eorumque
2788 558 3061 612 expensas,
3089 551 3134 594 et
3158 542 3402 594 .wrarin-

176 648 464 712 Ambrosio,
498 644 589 714 qui
625 660 730 699 non
781 646 962 700 verbis
1015 645 1333 706 Incendebat
1379 646 1551 702 solum
1573 686 1588 707 ,
1623 645 1718 700 sed

175 738 457 810 sumptibus
509 737 673 793 etiam
720 739 1123 808 suppeditabat.
1173 738 1394 808 Legitur
1437 737 1580 808 apud
1611 737 1715 790 Co.-

174 833 402 896 drenum,
433 829 574 900 quod
604 837 660 884 et
687 830 753 883 ab
776 845 842 883 eo
870 839 1220 898 sumpserunt
1253 827 1451 887 Suidas
1505 835 1562 886 et
1588 827 1717 898 Gly-

174 937 277 986 cas,
297 921 577 992 Origenem
613 935 710 991 per
736 935 1001 980 annorum
1029 921 1334 977 octodecim
1355 920 1590 991 spatium
1619 918 1721 974 Lito

178 1025 305 1070 teras
335 1029 520 1070 sacras
555 1013 723 1069 fuisse
756 1015 1194 1085 interpretatum.
1242 1013 1481 1069 Ninime’
1505 1013 1556 1068 id
1602 1015 1722 1082 qui»

175 1103 281 1158 dem
332 1103 600 1158 consentit
654 1101 872 1158 Eusebii
932 1103 1258 1168 rationibus,
1308 1103 1400 1172 qui
1431 1101 1720 1172 Origenem

171 1193 506 1264 sexagenario
551 1193 809 1264 majorem
863 1196 1264 1252 Commentariis
1310 1197 1364 1250 ia
1409 1194 1722 1250 Mattlueum

173 1286 454 1344 illustrasse
499 1287 716 1352 scribit,
765 1288 986 1358 triginta
1041 1287 1254 1344 scilicet
1306 1289 1486 1352 annis.
1547 1304 1722 1357 eoque

169 1377 400 1448 amplius,
426 1389 713 1450 postquam
745 1379 1084 1449 Scripturam
1135 1381 1371 1450 primum
1409 1382 1579 1450 cmpit
1625 1395 1722 1434 ex-

168 1485 369 1540 ponere.
418 1471 514 1527 Sin
568 1472 642 1528 ita
698 1473 812 1529 haec
865 1473 1179 1545 accipienda
1234 1483 1455 1528 censeat
1504 1472 1719 1541 aliquis,

169 1563 307 1632 quasi
335 1564 594 1634 quidquid
648 1566 700 1619 in
737 1579 1026 1620 sacrorum
1078 1563 1425 1620 Voluminum
1463 1566 1723 1633 interpre—

171 1658 406 1712 tationem
443 1657 678 1714 diversis
725 1658 1066 1727 temporibus
1105 1659 1203 1715 otii
1253 1658 1486 1714 contulit
1531 1657 1720 1727 Orige-

170 1765 271 1816 nes,
321 1750 622 1806 octodecim
681 1766 948 1806 annorum
1024 1751 1260 1821 spatium
1333 1751 1717 1819 exmquaverit.

1826 657 1942 695 runt
1972 657 2147 708 parem
2181 655 2456 692 numerum
2484 654 2501 691 :
2531 637 2770 705 quodque
2803 634 2884 688 his
2913 633 3085 704 majus
3108 642 3204 691 est.
3235 632 3402 684 incre-

1824 732 1977 784 dibili
2003 731 2179 785 studto
2213 729 2444 798 quotidie
2484 730 2546 782 ab
2604 744 2662 782 eo
2705 742 2834 794 opus
2876 725 3107 794 exigens.
3157 720 3307 778 Unde
3345 722 3401 776 in

1821 823 2053 890 quadam
2082 821 2305 890 epistola
2345 819 2745 889 ἑργοδιώκτην
2776 834 2890 873 eum
2938 814 3187 884 Origenes
3227 820 3400 870 uocat.

1823 914 1914 969 Sic
1945 928 2006 968 ea
2039 914 2246 980 accepit
2283 913 2571 981 interpres,
2611 911 2763 982 quasi
2798 923 2902 966 una
2933 908 3075 964 serie
3113 904 3398 962 scribenda

1822 1007 1931 1060 sint
1957 1005 2055 1059 ista
2091 1022 2104 1058 :
2139 1002 2205 1057 ln
2229 1020 2330 1076 qua
2365 1012 2616 1069 praesente
2642 1001 2867 1070 Origene
2907 1016 2960 1053 se
2991 998 3136 1069 loqui
3164 997 3218 1051 in
3240 995 3403 1051 eccle-

1820 1097 1899 1152 sia
1936 1096 2200 1167 signiﬁcat
2253 1096 2311 1148 in
2357 1094 2517 1164 hujus
2571 1093 3005 1158 aemulationem,
3055 1100 3166 1145 tum
3208 1089 3403 1144 deinde

1823 1186 2138 1256 apponenda
2193 1185 2260 1239 sit
2312 1185 2494 1239 τελεία
2552 1184 2776 1255 στιγμή.
2849 1180 2940 1234 Sic
2988 1182 3131 1236 enim
3188 1178 3400 1232 vertit:

1836 1265 1922 1331 Ἰἷν
1948 1273 2029 1342 οἷς
2061 1277 2328 1348 παρόντος
2366 1275 2671 1347 Ὠριγένους
2699 1273 2885 1328 ἑαυτὸν
2905 1269 3241 1341 ὡμιληκέναι
3263 1269 3404 1328 κατὰ

1825 1371 2056 1440 μίμησιν
2099 1369 2261 1422 αὐτοῦ
2293 1371 2350 1421 ὲν
2395 1372 2458 1440 τῇ
2511 1367 2777 1439 ἐκκλησίᾳ
2823 1365 3003 1436 δηλοῖ·
3062 1361 3402 1433 Ἀμερόσιο;,

1820 1463 2000 1516 ὅντινα
2028 1461 2135 1516 ἀπὸ
2162 1461 2260 1530 τῆς
2288 1460 2493 1530 πλάνης
2518 1459 2838 1530 Μαρκίωνος
2879 1459 2958 1520 είς
2994 1456 3090 1525 τὴν
3142 1454 3403 1525 ἀληθινὴν

1822 1552 2002 1608 πίστιν
2017 1552 2339 1626 ἐπιπρέψαι
2369 1552 2712 1623 προείρηται,
2735 1548 3112 1620 προύτρέψατο
3141 1547 3403 1615 Ὡριγένει

1821 1644 1919 1709 τὰς
1943 1644 2095 1708 θείας
2113 1645 2329 1715 ὑπομνη
2341 1643 2563 1715 ματίσαι
2587 1640 2828 1713 Γραφὰς,
2861 1639 3226 1712 παρεσχηκὼς
3253 1637 3404 1707 αὐτῷ

1822 1736 1964 1790 ἑπτὰ
1994 1737 2026 1808 ἢ
2063 1736 2157 1791 καὶ
2184 1736 2399 1798 πλείους
2427 1733 2730 1806 νοταρίους.
2765 1732 2951 1800 Neque
2981 1732 3082 1787 hac
3112 1731 3214 1784 ftue
3252 1729 3402 1784 stetit

169 1842 362 1910 longius
387 1843 551 1898 etiam
584 1842 888 1906 dissentio;
920 1842 1188 1912 ejusmodi
1229 1844 1427 1914 quippe
1453 1842 1717 1896 ratione“.
1751 1903 1784 1914 ﬁ
1827 1826 2026 1886 malum
2055 1845 2070 1893 ς
2103 1827 2171 1880 ad
2222 1827 2485 1894 priStinos
2540 1825 2806 1892 siquidem
2863 1837 3081 1878 εττυι-θε
3138 1835 3400 1874 ηογοιίιιη

173 1933 461 2004 neutiquam
496 1934 623 1990 duci
677 1951 836 2005 posse
866 1903 1144 1992 existimo,
1178 1903 1376 1990 Mum;-
1403 1933 1717 1990 οι-εάῑωιίιιε
1751 1903 1790 1959 Β
1823 1920 2192 1976 accessionem
2225 1918 2354 1973 fecit
2383 1915 2612 1970 Pliotius
2637 1956 2649 1976 ,
2701 1913 2784 1967 vir
2829 1913 3068 1979 alioquin
3119 1909 3404 1964 litterariis

164 2033 236 2078 est
257 2039 317 2080 ex
346 2024 480 2080 male
501 2023 647 2081 lecto
678 2025 762 2081 vel
801 2026 1072 2097 descripto
1102 2025 1392 2097 Epiphanii
1441 2024 1554 2095 (45)
1600 2023 1718 2078 loco

168 2124 506 2173 commentum
530 2117 584 2173 id
611 2117 896 2188 prodiisse.
928 2118 1219 2189 Postquam
1238 2118 1381 2174 enim
1404 2116 1719 2188 abOrigene

169 2208 443 2275 postulasse
470 2211 823 2267 Ambrosium
852 2211 1008 2277 dixit,
1043 2221 1102 2267 ut
1159 2225 1347 2268 sacras
1407 2210 1719 2280 Scripturas

168 2299 617 2372 interpretaretur,
649 2301 701 2358 id
729 2303 806 2359 ait
841 2302 1015 2373 ipsum
1065 2303 1117 2358 in
1151 2302 1316 2376 Tyrio
1360 2318 1575 2362 secessu
1624 2318 1720 2372 per

166 2403 272 2447 octo
299 2406 352 2449 et
375 2394 565 2466 viginti
616 2411 791 2452 annos
834 2394 1049 2452 fecisse.
1081 2394 1194 2466 (46)
1243 2396 1364 2452 Alio
1415 2396 1545 2451 item
1601 2395 1719 2451 loco

166 2485 326 2540 divina
365 2486 650 2542 Volumina
683 2486 970 2556 Origenem
1003 2487 1132 2557 Tyri
1162 2488 1355 2543 scribit
1397 2487 1721 2559 explanasse

167 2575 248 2628 ἐπὶ
275 2575 366 2648 ἐτη
392 2582 499 2648 κη’.
530 2577 798 2634 Similiter
831 2577 1055 2646 Suidas,
1083 2579 1218 2634 alios
1251 2589 1468 2635 secutus
1489 2620 1505 2646 ,
1535 2587 1721 2633 narrat

165 2663 410 2720 Ambrosii
448 2676 642 2739 rogatu
696 2666 1012 2738 Scripturas
1056 2665 1346 2739 Origenem
1403 2669 1721 2740 explauasse

165 2756 244 2808 ἐπὶ
272 2755 359 2830 ἔτη
397 2766 486 2831 ιη’.
525 2758 692 2820 Vides
735 2775 996 2828 germana
1028 2761 1142 2818 hinc
1185 2776 1374 2817 eorum
1423 2776 1550 2817 esse
1601 2777 1720 2832 quas

166 2851 361 2918 scripsit
409 2852 779 2924 Epiphanius;
849 2865 1208 2924 praeterquam
1263 2857 1406 2920 quod
1464 2870 1722 2912 numerus

165 2946 238 3010 mf
293 2942 339 2996 in
395 2949 461 3014 ιη’
512 2946 888 3015 degeneravit.
933 2946 1008 3000 De
1067 2962 1316 3002 secessus
1363 2957 1542 3002 autem
1571 2947 1720 3018 Tyrii

165 3031 338 3098 spatio,
380 3033 523 3102 quod
587 3035 888 3104 assignavit
934 3037 1302 3108 Epiphanius,
1365 3039 1719 3107 quali-stionem

166 3123 308 3189 paulo
338 3134 454 3196 post
485 3128 832 3184 habebimus.

1821 2012 2069 2067 laudibus
2102 2009 2386 2064 abundans
2417 2027 2431 2060 :
2465 2006 2606 2062 hunc
2637 2007 2839 2076 quippe
2864 1999 3269 2072 llieronymiani
3316 2000 3403 2052 in-

1824 2102 2079 2174 tcrpretis
2104 2114 2260 2171 quem
2289 2107 2508 2154 secutus
2536 2106 2648 2152 est.
2705 2098 2880 2149 locum
2946 2092 3036 2145 tali
3095 2092 3402 2146 interductu

1821 2192 2069 2250 distinxit
2099 2191 2220 2246 :’Ev
2242 2185 2321 2253 οἴς
2347 2187 2614 2260 παρόντος
2652 2183 2962 2256 Ὠριγένους
2985 2181 3173 2236 ἑαυτὸν
3192 2178 3403 2250 ὡμιλη-

1822 2287 1973 2340 κέναι
2024 2282 2165 2338 κατὰ
2221 2281 2452 2352 μίμησιν
2505 2277 2666 2333 αὐτοῦ
2727 2279 2783 2330 ὲν
2825 2278 2891 2346 τῇ
2945 2273 3212 2344 ἐκκλησίᾳ
3256 2271 3407 2343 δηλοί

1834 2377 2180 2448 Ἀμϐρόσιος,
2209 2375 2388 2426 ὅντινα
2419 2371 2525 2424 ἀπὸ
2557 2371 2656 2439 τῆς
2702 2369 2910 2437 πλάνης
2950 2366 3275 2435 Μαρκίωνος
3325 2366 3404 2426 εἰς

1820 2472 1918 2542 τὴν
1943 2467 2198 2540 ἀληθινὴν
2219 2466 2399 2518 πίστιν
2415 2460 2737 2534 ἐπιστρέψαι
2760 2458 3079 2531 προείρηται
3099 2472 3110 2484 ⁸
3139 2455 3406 2529 προύτρὲ-

1820 2562 1958 2632 ψατο
1990 2559 2218 2631 (supple,
2265 2553 2600 2623 Ἱππόλυτος)
2647 2552 2912 2624 Ὠριγένει
2943 2549 3043 2614 τὰς
3076 2549 3227 2611 Θείας
3271 2549 3406 2602 ὑπο·-

1829 2653 2169 2726 μνηματίσαι
2197 2650 2442 2724 Γραφὰς,
2475 2646 2839 2721 παρεσχηκὼς
2873 2644 3021 2716 αὐτῷ
3055 2643 3212 2704 ἑπτὰ,
3245 2642 3278 2712 ἦ
3310 2642 3405 2695 καὶ

1824 2744 2045 2808 πλείους
2079 2739 2378 2812 νοταρίους.
2417 2737 2494 2792 lla
2527 2739 2721 2807 legisse
2764 2735 3012 2790 Photium
3047 2733 3181 2804 (46⁸)
3221 2733 3402 2786 decla-

1824 2847 1946 2892 rant
1974 2837 2085 2890 ltmc
2115 2834 2258 2887 illius
2289 2849 2304 2886 :
2351 2831 2582 2900 Λέγεται
2620 2829 2676 2882 δὲ
2711 2829 2804 2882 καὶ
2833 2821 2988 2890 οὗτος
3034 2821 3404 2897 (Ἱππόλυτος)

1823 2927 2176 2999 προσομιλεῖν
2223 2926 2302 2996 τῷ
2347 2923 2461 2995 λαῷ
2498 2921 2640 2977 κατὰ
2681 2921 2928 2999 μίμησιν.
2953 2917 3289 2990 Ὠριγένους,
3341 2911 3403 2970 οὗ

1823 2989 1917 3073 καὶ
1951 2989 2186 3091 σονήθης
2217 2989 2570 3087 μάλιστακαὶ
2603 2989 2840 3083 ἐραστὴς
2876 2989 2987 3061 sibi:
3013 3007 3188 3074 λόγων
3225 3005 3405 3075 ὑπῆρ-

1824 3129 1938 3184 χεν,
1966 3113 2041 3175 ὼς
2069 3111 2163 3165 καὶ
2188 3105 2600 3181 προτρέψασθαι
2626 3105 2810 3168 αὑτὸν,
2837 3104 2936 3174 τὴν
2971 3102 3121 3155 θείαν
3155 3101 3402 3169 ὑπομνη-

229 3191 797 3292 ScribitHierouymus
824 3218 1108 3290 De’script.
1135 3222 1319 3278 eccles.
1355 3223 1408 3278 in
1441 3225 1717 3296 Hippolyt.

1829 3201 2321 3276 ματίσαιΓραφήνο
2368 3195 2786 3267 ἐγκαταστήσας
2831 3191 2980 3264 αὐτῷ
3025 3194 3120 3246 καὶ
3162 3193 3400 3260 ὑπογρα-

165 3307 484 3365 Ambrosium
505 3311 575 3365 ad
608 3309 896 3367 Librorqu
921 3328 1202 3368 sacrorum
1220 3284 1721 3384 interpretationem

1827 3297 1960 3366 φέας
1989 3293 2128 3347 ἑπτὰ
2156 3291 2560 3363 ταχυγράφους,
2597 3288 2688 3339 καὶ
2715 3287 2934 3358 ἐτέρους
2963 3285 3248 3348 τοσούτους
3271 3284 3405 3354 γρά-

168 3397 426 3465 Origenem
482 3400 782 3468 incitasse,
833 3403 887 3458 in
963 3404 1366 3461 simulatione-tu
1428 3405 1721 3478 Hippolyti,

169 3492 310 3548 editis
347 3493 456 3565 jam
511 3495 568 3549 in
623 3496 960 3566 scripturam
1013 3499 1263 3567 plurimis
1311 3500 1724 3556 con‘tmentariis

169 3584 345 3651 optime
360 3588 423 3642 de
436 3587 679 3644 Ecclesia
701 3589 904 3644 meriti.
949 3589 1335 3662 Hieronymum
1361 3591 1554 3649 fefellit
1585 3594 1723 3652 male

169 3674 447 3735 intellectus
475 3679 782 3746 Eusebius,
829 3681 921 3751 qui
959 3691 1080 3752 post
1133 3695 1481 3738 enumeratas
1525 3683 1724 3754 "ippo-

169 3765 248 3836 lyti
273 3772 588 3841 scriptiones
634 3774 749 3828 hate
799 3773 1078 3844 subiungit
1106 3774 1201 3832 lib.
1236 3791 1284 3828 vn
1325 3775 1490 3842 "ist,
1524 3793 1574 3832 c.
1609 3778 1719 3836 ἃδε

167 3860 244 3927 Ἐξ
260 3863 455 3919 ἐκείνου
482 3867 539 3920 δὲ
564 3867 937 3939 καὶὨριγένει
966 3867 1073 3921 τῶν
1101 3870 1180 3932 εἰς
1208 3867 1305 3932 τὰς
1335 3867 1485 3932 θείας
1501 3869 1723 3940 Γραφὰς

169 3953 544 4029 ὑπομνημάτων
587 3959 796 4028 ἐγίνετο
829 3959 1010 4031 ἀρχὴ,
1062 3960 1384 4031 Ἀμϐροσίου
1426 3964 1483 4024 ὲς
1515 3961 1583 4015 τὰ
1621 3960 1721 4033 μὰρ

167 4043 300 4101 λιστα
343 4050 736 4124 παρορμῶντος
779 4053 961 4107 αὐτόν.
1006 4053 1061 4108 ld
1115 4063 1200 4107 est
1242 4069 1254 4103 :
1291 4054 1367 4108 Ab
1410 4071 1472 4110 eo
1519 4073 1723 4127 quoque

168 4149 368 4205 tempore
399 4143 617 4213 Origeni
643 4144 698 4198 in
741 4145 947 4198 diuinas
977 4143 1283 4213 Scripturas
1335 4148 1722 4201 commentandi

168 4227 353 4286 initium
398 4235 604 4303 factum
638 4244 735 4303 est,
771 4234 922 4290 ualde
948 4250 1069 4289 eum
1113 4235 1365 4288 incitante
1415 4236 1718 4291 Ambrosio.

170 4318 504 4394 Hieronymus
537 4335 722 4380 autem
755 4339 942 4380 vocem
970 4326 1140 4390 hanc,
1171 4326 1404 4393 ἐκείνου,
1440 4342 1560 4397 quae
1594 4342 1721 4398 per-

169 4411 350 4469 tinebat
373 4416 436 4470 ad
456 4427 693 4488 tempus,
721 4432 1003 4488 perperam
1028 4419 1093 4470 ad
1120 4416 1469 4489 Hippolytum
1498 4420 1719 4475 retulit:

167 4504 224 4558 de
248 4523 344 4576 quo
393 4511 571 4566 simile
623 4512 757 4565 nihil
803 4511 970 4567 habet
1011 4508 1370 4581 Nicephorus.
1419 4508 1538 4565 iam
1593 4519 1718 4566 ante

1826 3402 2024 3458 φοντας
2070 3385 2150 3447 εἰς
2196 3379 2391 3444 κάλλος
2415 3423 2430 3446 ,
2467 3372 2542 3433 ὧν
2593 3373 2660 3448 ἦν
2706 3376 2797 3430 καὶ
2829 3377 2929 3447 τῆς
2960 3377 3205 3447 δαπάνης
3243 3374 3404 3438 αὐτὸς

1824 3475 2088 3550 χορηγόςο
2117 3473 2407 3530 καὶταῦτα
2445 3470 2885 3542 ὑπηρετούμενος
2926 3469 3072 3540 αὑτῷ
3094 3509 3109 3533 ,
3157 3471 3405 3522 ἀπαιτεῖν

1825 3569 1986 3625 αὑτὸν
2011 3569 2401 3639 ἀπαραιτήτως
2425 3565 2484 3618 τὸ
2507 3563 2686 3636 ἔργον.
2720 3563 2809 3629 Ἐξ
2832 3559 2892 3617 οὗ
2927 3563 3020 3616 καὶ
3043 3559 3404 3632 ὲργοδιώκτην

1825 3663 1882 3716 ὲν
1930 3663 2029 3736 μιᾷ
2074 3660 2183 3713 τῶν
2231 3658 2528 3715 ἐπιστολῶν
2577 3657 2727 3729 παρὰ
2773 3655 3078 3727 Ὠριγένους
3117 3654 3401 3725 κληθῆναι.

1823 3755 1954 3822 Quae
1984 3769 2106 3810 cum
2139 3768 2204 3809 ex
2234 3750 2547 3824 Hieronymi
2592 3749 2781 3806 Graeco
2825 3750 3124 3820 interprete
3163 3749 3404 3802 derivata

1823 3846 1953 3912 sint,
1980 3841 2296 3898 manifestus
2319 3849 2403 3897 est
2429 3842 2784 3911 quorumdam
2811 3854 2984 3902 error,
3009 3838 3248 3893 virorum
3269 3835 3408 3888 male

1822 3936 2204 4007 suspicacium,
2233 3933 2322 4004 qui
2360 3945 2620 4000 nuperum
2658 3945 2792 4000 opus
2841 3943 2962 3984 esse
3001 3927 3399 3997 interpretatio-

1825 4046 1946 4083 nem
1985 4029 2124 4080 hanc
2158 4024 2483 4088 coniectant.
2515 4021 2784 4078 Caeterum
2821 4021 2946 4076 hinc
2978 4019 3247 4089 aliquibus
3277 4032 3406 4088 per-

1823 4136 2042 4176 suasum
2073 4117 2174 4172 fuit
2217 4115 2564 4187 Hippolytum
2596 4112 2848 4184 Origeni,
2908 4127 3012 4167 non
3062 4111 3407 4166 Ambrosium

1824 4213 1890 4266 ad
1921 4208 2270 4281 explicandos
2292 4208 2368 4262 rei
2396 4207 2676 4262 litterariae
2705 4215 2951 4274 sumptus
2978 4213 3174 4274 praesto
3197 4200 3404 4257 fuisse:
3499 4238 3504 4244 ο

1822 4301 1964 4372 quod
1999 4314 2162 4370 quam
2197 4313 2386 4354 verum
2420 4297 2511 4362 sit,
2543 4295 2714 4351 lector
2735 4295 3034 4359 existimet,
3063 4304 3119 4348 et
3147 4290 3411 4364 quemad»

1825 4393 2040 4449 modum
2073 4389 2221 4446 falsae
2246 4389 2529 4460 opiniones
2553 4387 2706 4456 quasi
2739 4400 2804 4440 ex
2839 4386 3061 4440 traduce
3107 4397 3407 4455 propagen-

1825 4495 1932 4541 tur.
2013 4483 2212 4539 Fraudi
2284 4481 2481 4552 quippe
2537 4479 2638 4534 fuit.
2715 4477 3044 4548 Hieronymo
3120 4475 3404 4538 Eusebius,

169 4567 376 4655 uenam
405 4600 623 4659 valesio
646 4603 700 4658 id
729 4603 1081 4658 observatum
1125 4567 1227 4658 e'sL
1273 4602 1487 4658 Falsa,“
1528 4603 1719 4658 "iam,
1753 4598 1795 4653 ι)
1823 4578 2012 4634 Graeco
2042 4573 2323 4643 interpreti
2348 4571 2737 4641 Hieronymus,
2765 4569 2959 4625 Pbotio
2991 4567 3216 4624 Graecus
3240 4568 3405 4623 inter.

169 4691 294 4756 nytni
335 4693 754 4762 esplicationem
808 4710 948 4750 nova
1008 4696 1400 4764 depravatione
1456 4697 1722 4765 pervertit

170 4788 332 4834 auctor
358 4783 560 4840 Graeca:
602 4785 1071 4854 interpretationis
1109 4785 1230 4838 libri
1269 4783 1344 4838 De
1380 4786 1722 4854 scriptoribus

171 4872 526 4929 ecclesiasticis.
547 4874 675 4930 Haec
702 4876 865 4930 habet
885 4873 1250 4945 Hieronymus
1284 4893 1296 4928 :
1331 4871 1551 4942 Scripsit
1580 4873 1726 4943 (Hip-

175 4959 380 5036 POlylus)
430 4969 716 5022 nonnullos
760 4969 816 5021 in
871 4967 1177 5036 Scripturas
1224 4966 1660 5029 commentarios,
1698 4980 1725 5017 e

173 5053 333 5118 quibus
360 5058 450 5112 hos
480 5059 680 5128 reperi:
709 5061 762 5110 in
795 5057 1157 5127 Ἐξαήμερογ
1179 5097 1195 5111 .
1229 5097 1242 5110 .
1273 5097 1286 5111 .
1309 5094 1322 5109 .
1347 5096 1361 5110 .
1392 5054 1469 5109 De
1497 5053 1720 5116 Pascha,

173 5142 431 5204 Adversum
457 5169 634 5206 omnes
651 5155 896 5218 hazreses,
923 5161 971 5204 et
999 5149 1156 5219 Πρὸς
1181 5147 1447 5219 ὁμιλιῶν,
1477 5147 1550 5202 De
1573 5148 1728 5201 laude

177 5236 359 5295 Domini
391 5242 717 5311 Saluatoris;
761 5248 817 5299 in
857 5262 961 5315 qua
996 5255 1251 5313 prasente
1286 5242 1515 5312 Origene
1553 5257 1607 5294 se
1650 5241 1728 5294 lo-

174 5331 249 5392 qui
286 5334 335 5385 in
391 5334 629 5390 Ecclesia
664 5338 951 5406 signiﬁcat.
1004 5333 1069 5388 In
1121 5335 1280 5403 Itujus
1339 5333 1728 5386 wmulationem

176 5422 473 5493 Ambrosius,
527 5444 680 5497 quem
724 5429 790 5482 de
846 5426 1134 5482 Marcionis
1175 5427 1364 5480 Itwrest'
1427 5425 1496 5476 ad
1554 5439 1728 5477 ceram

176 5511 310 5570 ﬁdem
331 5532 622 5573 correctum
638 5521 895 5585 diximus,
925 5520 1233 5574 cohortatus
1262 5527 1336 5574 est
1374 5515 1651 5587 Origenem
1677 5517 1729 5568 in

178 5598 457 5674 Scripturas
482 5613 890 5666 commentarios
917 5612 1165 5675 scribere,
1190 5610 1423 5679 prwbens
1457 5611 1504 5662 ei
1535 5618 1727 5676 septem

237 5808 343 5884 με)
371 5810 563 5884 epiph.
598 5814 728 5884 liter.
760 5812 850 5875 δι,
883 5829 1002 5884 cap.
1035 5813 1088 5868 δ.
1122 5785 1130 5800 ”

243 5879 343 5950 (“3)
370 5879 588 5955 Eppia,
621 5883 693 5940 De
715 5900 878 5942 mens.
906 5879 1152 5956 et'pond”
1183 5899 1229 5938 c.
1264 5882 1350 5936 '18.

1830 4687 1978 4744 pres,
2004 4666 2302 4724 innumeris
2333 4666 2454 4720 aliis
2481 4667 2594 4735 ipse
2621 4662 2865 4724 Pbotius,
2897 4669 2952 4716 et
2983 4676 3144 4731 quem
3193 4660 3261 4714 ab
3305 4658 3412 4712 alio

1829 4761 2197 4832 unusquisque
2232 4757 2439 4828 accepit
2481 4771 2759 4819 errorem,
2792 4755 2946 4809 novis
2988 4753 3184 4809 deinde
3216 4766 3410 4807 cumu-

1831 4855 1978 4913 lavit.
2025 4853 2132 4908 Sed
2185 4852 2299 4906 luec
2336 4851 2626 4904 hactenus.
2671 4847 2936 4902 Omnibus
3005 4845 3168 4914 igitur
3250 4843 3411 4896 rebus

1828 4945 2051 5015 Urigeni
2085 4941 2466 4999 commodabat
2490 4940 2842 5005 Ambrosius,
2871 4947 2925 4994 et
2962 4948 3300 5006 quaecunque
3345 4932 3409 4985 ad

1835 5034 2078 5105 corporis
2115 5031 2317 5087 cultum
2347 5028 2712 5098 pertinebant,
2742 5041 2806 5082 ac
2843 5025 3019 5081 studia
3040 5065 3056 5091 ,
3089 5024 3236 5091 large
3263 5023 3409 5086 huic,

1835 5127 1990 5198 quasi
2022 5124 2226 5193 virgula
2253 5123 2456 5187 divina,
2485 5125 2552 5174 ab
2603 5134 2669 5175 eo
2720 5117 3120 5190 praebebantur.
3162 5115 3414 5170 Nolarios

1837 5222 2016 5290 itaque
2042 5218 2276 5272 habebat
2310 5215 2376 5269 ad
2411 5228 2629 5268 manum
2672 5213 2789 5282 plus
2815 5219 3056 5279 septem,
3086 5209 3178 5278 qui
3213 5208 3412 5262 dictata

1839 5329 1902 5366 es
1929 5325 2026 5364 ore
2063 5306 2332 5378 loquentis
2363 5309 2716 5378 exciperent,
2749 5302 2969 5355 totidem
3004 5299 3256 5353 librarios
3289 5312 3413 5352 cum

1839 5403 2049 5473 puellis,
2076 5414 2196 5469 qua:
2221 5409 2576 5469 properanter
2607 5395 2811 5465 scripta
2851 5392 3077 5448 nitidius
3100 5401 3414 5447 exstarent.

1909 5496 1997 5548 lx.
2030 5492 2143 5564 (47)
2172 5491 2359 5560 Neque
2387 5489 2486 5545 sibi
2515 5502 2649 5544 sane
2695 5487 2798 5542 hac
2820 5483 3001 5538 oblata
3028 5483 3291 5538 facultate
3321 5482 3416 5536 de-

1841 5589 1976 5653 fuit;
2027 5582 2506 5641 beneﬁcentissimi
2549 5579 2751 5649 quippe
2800 5576 3038 5632 hominis
3090 5573 3417 5630 liberalitate

1910 5801 2260 5874 HWLPIIOL,
2290 5799 2416 5874 eod.
2444 5799 2568 5874 tat.

1905 5868 2258 5946 (~‘t7)'Euseb.,
2297 5870 2502 5926 Hister.
2535 5871 2627 5928 lib.
2657 5886 2731 5940 rt,
2758 5885 2875 5940 Cap.
2905 5868 2998 5925 24.
