  <div class='ocr_page' id='page_1' title='image "/cluster/home/n/w/nwhite01/storage/ocr_20150623/17/hvd.32044051719607/341.png"; bbox 0 0 3866 6516; ppageno 0'>
   <div class='ocr_carea' id='block_1_1' title="bbox 431 428 538 493">
    <p class='ocr_par' dir='ltr' id='par_1_1' title="bbox 431 428 538 493">
     <span class='ocr_line' id='line_1_1' title="bbox 431 428 538 493; baseline 0.037 -4"><span class='ocrx_word' id='word_1_1' title='bbox 431 428 538 493; x_wconf 74' lang='lat'><strong>659</strong></span> 
     </span>
    </p>
   </div>
   <div class='ocr_carea' id='block_1_2' title="bbox 1704 418 2396 491">
    <p class='ocr_par' dir='ltr' id='par_1_2' title="bbox 1704 418 2396 491">
     <span class='ocr_line' id='line_1_2' title="bbox 1704 418 2396 491; baseline -0.007 0"><span class='ocrx_word' id='word_1_2' title='bbox 1704 418 1764 491; x_wconf 77' lang='grc' dir='ltr'><strong>Ρ.</strong></span> <span class='ocrx_word' id='word_1_3' title='bbox 1805 432 2124 489; x_wconf 83' lang='lat' dir='ltr'><strong>DANlELlS</strong></span> <span class='ocrx_word' id='word_1_4' title='bbox 2156 428 2396 490; x_wconf 71' lang='lat' dir='ltr'><strong>num!</strong></span> 
     </span>
    </p>
   </div>
   <div class='ocr_carea' id='block_1_3' title="bbox 431 541 3694 631">
    <p class='ocr_par' dir='ltr' id='par_1_3' title="bbox 431 541 3694 631">
     <span class='ocr_line' id='line_1_3' title="bbox 431 541 3694 631; baseline -0.003 -22"><span class='ocrx_word' id='word_1_5' title='bbox 431 568 586 621; x_wconf 88' lang='lat' dir='ltr'><strong>usus,</strong></span> <span class='ocrx_word' id='word_1_6' title='bbox 621 569 867 631; x_wconf 82' lang='lat' dir='ltr'><strong>quinque</strong></span> <span class='ocrx_word' id='word_1_7' title='bbox 897 556 1112 626; x_wconf 83' lang='lat' dir='ltr'><strong>priores</strong></span> <span class='ocrx_word' id='word_1_8' title='bbox 1144 554 1656 612; x_wconf 76' lang='lat' dir='ltr'><strong>Commentariorum</strong></span> <span class='ocrx_word' id='word_1_9' title='bbox 1673 559 1726 612; x_wconf 89' lang='lat' dir='ltr'><strong>in</strong></span> <span class='ocrx_word' id='word_1_10' title='bbox 1749 558 2012 615; x_wconf 82' lang='lat' dir='ltr'><strong>Joannem</strong></span> <span class='ocrx_word' id='word_1_11' title='bbox 2042 559 2088 617; x_wconf 78' lang='grc' dir='ltr'>Α</span> <span class='ocrx_word' id='word_1_12' title='bbox 2119 552 2561 626; x_wconf 71' lang='lat' dir='ltr'><strong>frequentatione</strong></span> <span class='ocrx_word' id='word_1_13' title='bbox 2616 550 2765 606; x_wconf 80' lang='lat' dir='ltr'><strong>aliud</strong></span> <span class='ocrx_word' id='word_1_14' title='bbox 2824 548 3156 605; x_wconf 86' lang='lat' dir='ltr'><strong>Atheniense</strong></span> <span class='ocrx_word' id='word_1_15' title='bbox 3184 546 3290 602; x_wconf 91' lang='lat' dir='ltr'><strong>iter</strong></span> <span class='ocrx_word' id='word_1_16' title='bbox 3347 545 3419 601; x_wconf 83' lang='lat' dir='ltr'><strong>ab</strong></span> <span class='ocrx_word' id='word_1_17' title='bbox 3464 541 3694 613; x_wconf 73' lang='lat' dir='ltr'><strong>Origene</strong></span> 
     </span>
    </p>
   </div>
   <div class='ocr_carea' id='block_1_4' title="bbox 430 647 2011 725">
    <p class='ocr_par' dir='ltr' id='par_1_4' title="bbox 430 647 2011 725">
     <span class='ocr_line' id='line_1_4' title="bbox 430 647 2011 725; baseline 0.004 -24"><span class='ocrx_word' id='word_1_18' title='bbox 430 652 630 711; x_wconf 87' lang='lat' dir='ltr'><strong>tomos,</strong></span> <span class='ocrx_word' id='word_1_19' title='bbox 658 655 713 701; x_wconf 90' lang='lat' dir='ltr'><strong>et</strong></span> <span class='ocrx_word' id='word_1_20' title='bbox 745 647 958 725; x_wconf 82' lang='lat' dir='ltr'><strong>initium</strong></span> <span class='ocrx_word' id='word_1_21' title='bbox 984 648 1123 705; x_wconf 82' lang='lat' dir='ltr'><strong>sexti</strong></span> <span class='ocrx_word' id='word_1_22' title='bbox 1150 648 1496 703; x_wconf 70' lang='lat' dir='ltr'><strong>Alexandriae</strong></span> <span class='ocrx_word' id='word_1_23' title='bbox 1520 649 1625 705; x_wconf 92' lang='lat' dir='ltr'><strong>hoc</strong></span> <span class='ocrx_word' id='word_1_24' title='bbox 1654 658 1922 724; x_wconf 84' lang='lat' dir='ltr'><strong>tempore,</strong></span> <span class='ocrx_word' id='word_1_25' title='bbox 1957 662 2011 707; x_wconf 90' lang='lat' dir='ltr'><strong>et</strong></span> 
     </span>
    </p>
   </div>
   <div class='ocr_carea' id='block_1_5' title="bbox 428 737 2010 811">
    <p class='ocr_par' dir='ltr' id='par_1_5' title="bbox 428 737 2010 811">
     <span class='ocr_line' id='line_1_5' title="bbox 428 737 2010 811; baseline 0.004 -18"><span class='ocrx_word' id='word_1_26' title='bbox 428 753 497 794; x_wconf 80' lang='lat' dir='ltr'><strong>ex</strong></span> <span class='ocrx_word' id='word_1_27' title='bbox 535 737 796 804; x_wconf 87' lang='lat' dir='ltr'><strong>Achaico,</strong></span> <span class='ocrx_word' id='word_1_28' title='bbox 832 741 974 809; x_wconf 90' lang='lat' dir='ltr'><strong>quod</strong></span> <span class='ocrx_word' id='word_1_29' title='bbox 1019 756 1143 796; x_wconf 80' lang='lat' dir='ltr'><strong>mox</strong></span> <span class='ocrx_word' id='word_1_30' title='bbox 1198 755 1557 811; x_wconf 80' lang='lat' dir='ltr'><strong>exponemus,</strong></span> <span class='ocrx_word' id='word_1_31' title='bbox 1611 743 1805 799; x_wconf 90' lang='lat' dir='ltr'><strong>itinere</strong></span> <span class='ocrx_word' id='word_1_32' title='bbox 1841 746 2010 800; x_wconf 77' lang='lat' dir='ltr'><strong>redux</strong></span> 
     </span>
    </p>
   </div>
   <div class='ocr_carea' id='block_1_6' title="bbox 428 829 2013 904">
    <p class='ocr_par' dir='ltr' id='par_1_6' title="bbox 428 829 2013 904">
     <span class='ocr_line' id='line_1_6' title="bbox 428 829 2013 904; baseline 0.006 -20"><span class='ocrx_word' id='word_1_33' title='bbox 428 829 754 886; x_wconf 86' lang='lat' dir='ltr'><strong>elaboravit.</strong></span> <span class='ocrx_word' id='word_1_34' title='bbox 796 829 933 887; x_wconf 88' lang='lat' dir='ltr'><strong>Octo</strong></span> <span class='ocrx_word' id='word_1_35' title='bbox 964 832 1095 888; x_wconf 89' lang='lat' dir='ltr'><strong>item</strong></span> <span class='ocrx_word' id='word_1_36' title='bbox 1136 834 1350 904; x_wconf 85' lang='lat' dir='ltr'><strong>priores</strong></span> <span class='ocrx_word' id='word_1_37' title='bbox 1399 836 1454 888; x_wconf 85' lang='lat' dir='ltr'><strong>in</strong></span> <span class='ocrx_word' id='word_1_38' title='bbox 1496 832 1735 890; x_wconf 84' lang='lat' dir='ltr'><strong>Genesim</strong></span> <span class='ocrx_word' id='word_1_39' title='bbox 1773 846 1946 892; x_wconf 84' lang='lat' dir='ltr'><strong>tomos</strong></span> <span class='ocrx_word' id='word_1_40' title='bbox 1982 852 2013 893; x_wconf 90' lang='lat' dir='ltr'><strong>e</strong></span> 
     </span>
    </p>
   </div>
   <div class='ocr_carea' id='block_1_7' title="bbox 429 923 2014 996">
    <p class='ocr_par' dir='ltr' id='par_1_7' title="bbox 429 923 2014 996">
     <span class='ocr_line' id='line_1_7' title="bbox 429 923 2014 996; baseline 0.006 -23"><span class='ocrx_word' id='word_1_41' title='bbox 429 923 719 976; x_wconf 79' lang='lat' dir='ltr'><strong>duodecim</strong></span> <span class='ocrx_word' id='word_1_42' title='bbox 772 923 1052 994; x_wconf 77' lang='lat' dir='ltr'><strong>confecit;</strong></span> <span class='ocrx_word' id='word_1_43' title='bbox 1108 925 1345 996; x_wconf 76' lang='lat' dir='ltr'><strong>psalmos</strong></span> <span class='ocrx_word' id='word_1_44' title='bbox 1386 928 1451 981; x_wconf 89' lang='lat' dir='ltr'><strong>ad</strong></span> <span class='ocrx_word' id='word_1_45' title='bbox 1505 928 1618 983; x_wconf 68' lang='lat' dir='ltr'><strong>haec</strong></span> <span class='ocrx_word' id='word_1_46' title='bbox 1658 929 1905 996; x_wconf 77' lang='lat' dir='ltr'><strong>exposuit</strong></span> <span class='ocrx_word' id='word_1_47' title='bbox 1933 928 2014 983; x_wconf 86' lang='lat' dir='ltr'><strong>vi-</strong></span> 
     </span>
    </p>
   </div>
   <div class='ocr_carea' id='block_1_8' title="bbox 428 1013 2013 1090">
    <p class='ocr_par' dir='ltr' id='par_1_8' title="bbox 428 1013 2013 1090">
     <span class='ocr_line' id='line_1_8' title="bbox 428 1013 2013 1090; baseline 0.005 -23"><span class='ocrx_word' id='word_1_48' title='bbox 428 1013 562 1083; x_wconf 77' lang='lat' dir='ltr'><strong>ginti</strong></span> <span class='ocrx_word' id='word_1_49' title='bbox 593 1018 832 1087; x_wconf 91' lang='lat' dir='ltr'><strong>quinque</strong></span> <span class='ocrx_word' id='word_1_50' title='bbox 853 1018 1086 1088; x_wconf 90' lang='lat' dir='ltr'><strong>priores,</strong></span> <span class='ocrx_word' id='word_1_51' title='bbox 1109 1019 1359 1089; x_wconf 82' lang='lat' dir='ltr'><strong>quamvis</strong></span> <span class='ocrx_word' id='word_1_52' title='bbox 1382 1019 1563 1090; x_wconf 85' lang='lat' dir='ltr'><strong>plures</strong></span> <span class='ocrx_word' id='word_1_53' title='bbox 1587 1020 1750 1074; x_wconf 87' lang='lat' dir='ltr'><strong>etiam</strong></span> <span class='ocrx_word' id='word_1_54' title='bbox 1784 1022 2013 1075; x_wconf 85' lang='lat' dir='ltr'><strong>subinde</strong></span> 
     </span>
    </p>
   </div>
   <div class='ocr_carea' id='block_1_9' title="bbox 428 1108 2014 1180">
    <p class='ocr_par' dir='ltr' id='par_1_9' title="bbox 428 1108 2014 1180">
     <span class='ocr_line' id='line_1_9' title="bbox 428 1108 2014 1180; baseline 0.002 -19"><span class='ocrx_word' id='word_1_55' title='bbox 428 1108 790 1171; x_wconf 72' lang='lat' dir='ltr'><strong>enarraret-it,</strong></span> <span class='ocrx_word' id='word_1_56' title='bbox 827 1117 886 1162; x_wconf 93' lang='lat' dir='ltr'><strong>ut</strong></span> <span class='ocrx_word' id='word_1_57' title='bbox 911 1110 1156 1165; x_wconf 82' lang='lat' dir='ltr'><strong>dicemus</strong></span> <span class='ocrx_word' id='word_1_58' title='bbox 1188 1109 1375 1176; x_wconf 91' lang='lat' dir='ltr'><strong>infra;</strong></span> <span class='ocrx_word' id='word_1_59' title='bbox 1411 1120 1465 1164; x_wconf 91' lang='lat' dir='ltr'><strong>et</strong></span> <span class='ocrx_word' id='word_1_60' title='bbox 1503 1108 1755 1164; x_wconf 76' lang='lat' dir='ltr'><strong>Jeremiae</strong></span> <span class='ocrx_word' id='word_1_61' title='bbox 1796 1124 2014 1180; x_wconf 89' lang='lat' dir='ltr'><strong>quoque</strong></span> 
     </span>
    </p>
   </div>
   <div class='ocr_carea' id='block_1_10' title="bbox 428 1196 2009 1271">
    <p class='ocr_par' dir='ltr' id='par_1_10' title="bbox 428 1196 2009 1271">
     <span class='ocr_line' id='line_1_10' title="bbox 428 1196 2009 1271; baseline 0.003 -18"><span class='ocrx_word' id='word_1_62' title='bbox 428 1196 853 1255; x_wconf 69' lang='lat' dir='ltr'><strong>Lamentationes</strong></span> <span class='ocrx_word' id='word_1_63' title='bbox 896 1202 1024 1256; x_wconf 88' lang='lat' dir='ltr'><strong>totis</strong></span> <span class='ocrx_word' id='word_1_64' title='bbox 1071 1202 1445 1257; x_wconf 85' lang='lat' dir='ltr'><strong>voluminibus</strong></span> <span class='ocrx_word' id='word_1_65' title='bbox 1495 1203 1882 1271; x_wconf 84' lang='lat' dir='ltr'><strong>interpretatus</strong></span> <span class='ocrx_word' id='word_1_66' title='bbox 1908 1210 2009 1257; x_wconf 84' lang='lat' dir='ltr'><strong>est.</strong></span> 
     </span>
    </p>
   </div>
   <div class='ocr_carea' id='block_1_11' title="bbox 428 1291 2015 1363">
    <p class='ocr_par' dir='ltr' id='par_1_11' title="bbox 428 1291 2015 1363">
     <span class='ocr_line' id='line_1_11' title="bbox 428 1291 2015 1363; baseline 0.001 -17"><span class='ocrx_word' id='word_1_67' title='bbox 428 1292 580 1346; x_wconf 84' lang='lat' dir='ltr'><strong>Adde</strong></span> <span class='ocrx_word' id='word_1_68' title='bbox 599 1291 766 1346; x_wconf 88' lang='lat' dir='ltr'><strong>libros</strong></span> <span class='ocrx_word' id='word_1_69' title='bbox 792 1292 867 1346; x_wconf 91' lang='lat' dir='ltr'><strong>De</strong></span> <span class='ocrx_word' id='word_1_70' title='bbox 885 1294 1158 1363; x_wconf 76' lang='lat' dir='ltr'><strong>principiis</strong></span> <span class='ocrx_word' id='word_1_71' title='bbox 1189 1302 1245 1348; x_wconf 91' lang='lat' dir='ltr'><strong>et</strong></span> <span class='ocrx_word' id='word_1_72' title='bbox 1263 1292 1628 1363; x_wconf 73' lang='grc' dir='ltr'><strong>Στρωμιιτεῒς</strong></span> <span class='ocrx_word' id='word_1_73' title='bbox 1650 1295 1858 1357; x_wconf 88' lang='lat' dir='ltr'><strong>decem,</strong></span> <span class='ocrx_word' id='word_1_74' title='bbox 1879 1307 2015 1363; x_wconf 88' lang='lat' dir='ltr'><strong>quos</strong></span> 
     </span>
    </p>
   </div>
   <div class='ocr_carea' id='block_1_12' title="bbox 429 1374 1731 1454">
    <p class='ocr_par' dir='ltr' id='par_1_12' title="bbox 429 1374 1731 1454">
     <span class='ocr_line' id='line_1_12' title="bbox 429 1374 1731 1454; baseline -0.001 -16"><span class='ocrx_word' id='word_1_75' title='bbox 429 1385 618 1438; x_wconf 85' lang='lat' dir='ltr'><strong>eadem</strong></span> <span class='ocrx_word' id='word_1_76' title='bbox 657 1374 984 1453; x_wconf 77' lang='lat' dir='ltr'><strong>tempestate</strong></span> <span class='ocrx_word' id='word_1_77' title='bbox 1018 1386 1364 1441; x_wconf 65' lang='lat' dir='ltr'><strong>Alexandriae</strong></span> <span class='ocrx_word' id='word_1_78' title='bbox 1397 1386 1731 1454; x_wconf 90' lang='lat' dir='ltr'><strong>composuit.</strong></span> 
     </span>
    </p>
   </div>
   <div class='ocr_carea' id='block_1_13' title="bbox 503 1476 2013 1551">
    <p class='ocr_par' dir='ltr' id='par_1_13' title="bbox 503 1476 2013 1551">
     <span class='ocr_line' id='line_1_13' title="bbox 503 1476 2013 1551; baseline -0.001 -19"><span class='ocrx_word' id='word_1_79' title='bbox 503 1477 570 1532; x_wconf 75' lang='grc' dir='ltr'><strong>Χ.</strong></span> <span class='ocrx_word' id='word_1_80' title='bbox 621 1478 732 1551; x_wconf 72' lang='lat'><strong>(48)</strong></span> <span class='ocrx_word' id='word_1_81' title='bbox 759 1478 852 1534; x_wconf 86' lang='lat' dir='ltr'><strong>llis</strong></span> <span class='ocrx_word' id='word_1_82' title='bbox 877 1479 1147 1532; x_wconf 89' lang='lat' dir='ltr'><strong>intentum</strong></span> <span class='ocrx_word' id='word_1_83' title='bbox 1188 1479 1383 1534; x_wconf 87' lang='lat' dir='ltr'><strong>studiis</strong></span> <span class='ocrx_word' id='word_1_84' title='bbox 1418 1477 1713 1547; x_wconf 88' lang='lat' dir='ltr'><strong>Origenem</strong></span> <span class='ocrx_word' id='word_1_85' title='bbox 1752 1476 2013 1548; x_wconf 58' lang='lat' dir='ltr'><strong>interpela</strong></span> 
     </span>
    </p>
   </div>
   <div class='ocr_carea' id='block_1_14' title="bbox 430 1571 2012 1643">
    <p class='ocr_par' dir='ltr' id='par_1_14' title="bbox 430 1571 2012 1643">
     <span class='ocr_line' id='line_1_14' title="bbox 430 1571 2012 1643; baseline 0.001 -21"><span class='ocrx_word' id='word_1_86' title='bbox 430 1571 614 1625; x_wconf 77' lang='lat' dir='ltr'><strong>larunt</strong></span> <span class='ocrx_word' id='word_1_87' title='bbox 684 1572 895 1643; x_wconf 87' lang='lat' dir='ltr'><strong>uegolia</strong></span> <span class='ocrx_word' id='word_1_88' title='bbox 956 1572 1362 1639; x_wconf 84' lang='lat' dir='ltr'><strong>ecclesiastica,</strong></span> <span class='ocrx_word' id='word_1_89' title='bbox 1420 1586 1651 1642; x_wconf 91' lang='lat' dir='ltr'><strong>quorum</strong></span> <span class='ocrx_word' id='word_1_90' title='bbox 1726 1571 1899 1642; x_wconf 86' lang='lat' dir='ltr'><strong>gratia</strong></span> <span class='ocrx_word' id='word_1_91' title='bbox 1960 1575 2012 1624; x_wconf 93' lang='lat' dir='ltr'><strong>ln</strong></span> 
     </span>
    </p>
   </div>
   <div class='ocr_carea' id='block_1_15' title="bbox 425 1660 2015 1734">
    <p class='ocr_par' dir='ltr' id='par_1_15' title="bbox 425 1660 2015 1734">
     <span class='ocr_line' id='line_1_15' title="bbox 425 1660 2015 1734; baseline -0.002 -18"><span class='ocrx_word' id='word_1_92' title='bbox 425 1660 686 1716; x_wconf 71' lang='lat' dir='ltr'><strong>Athaiam</strong></span> <span class='ocrx_word' id='word_1_93' title='bbox 720 1660 995 1732; x_wconf 86' lang='lat' dir='ltr'><strong>profectus</strong></span> <span class='ocrx_word' id='word_1_94' title='bbox 1016 1673 1119 1716; x_wconf 89' lang='lat' dir='ltr'><strong>est.</strong></span> <span class='ocrx_word' id='word_1_95' title='bbox 1153 1661 1378 1733; x_wconf 82' lang='lat' dir='ltr'><strong>Negotia</strong></span> <span class='ocrx_word' id='word_1_96' title='bbox 1404 1662 1495 1717; x_wconf 90' lang='lat' dir='ltr'><strong>illa</strong></span> <span class='ocrx_word' id='word_1_97' title='bbox 1519 1678 1639 1734; x_wconf 64' lang='lat' dir='ltr'><strong>qua!</strong></span> <span class='ocrx_word' id='word_1_98' title='bbox 1660 1661 1887 1725; x_wconf 89' lang='lat' dir='ltr'><strong>fuerint,</strong></span> <span class='ocrx_word' id='word_1_99' title='bbox 1910 1675 2015 1715; x_wconf 90' lang='lat' dir='ltr'><strong>non</strong></span> 
     </span>
    </p>
   </div>
   <div class='ocr_carea' id='block_1_16' title="bbox 430 1753 2015 1821">
    <p class='ocr_par' dir='ltr' id='par_1_16' title="bbox 430 1753 2015 1821">
     <span class='ocr_line' id='line_1_16' title="bbox 430 1753 2015 1821; baseline -0.003 -13"><span class='ocrx_word' id='word_1_100' title='bbox 430 1753 696 1821; x_wconf 70' lang='lat' dir='ltr'><strong>crpressit</strong></span> <span class='ocrx_word' id='word_1_101' title='bbox 729 1753 1031 1820; x_wconf 86' lang='lat' dir='ltr'><strong>Eusebius;</strong></span> <span class='ocrx_word' id='word_1_102' title='bbox 1062 1754 1350 1821; x_wconf 86' lang='lat' dir='ltr'><strong>Baronius,</strong></span> <span class='ocrx_word' id='word_1_103' title='bbox 1381 1756 1449 1810; x_wconf 89' lang='lat' dir='ltr'><strong>ad</strong></span> <span class='ocrx_word' id='word_1_104' title='bbox 1483 1770 1573 1810; x_wconf 89' lang='lat' dir='ltr'><strong>an.</strong></span> <span class='ocrx_word' id='word_1_105' title='bbox 1603 1755 1734 1821; x_wconf 71' lang='lat'><strong>250,</strong></span> <span class='ocrx_word' id='word_1_106' title='bbox 1772 1770 1921 1809; x_wconf 90' lang='lat' dir='ltr'><strong>num.</strong></span> <span class='ocrx_word' id='word_1_107' title='bbox 1958 1754 2015 1820; x_wconf 87' lang='lat'><strong>7,</strong></span> 
     </span>
    </p>
   </div>
   <div class='ocr_carea' id='block_1_17' title="bbox 433 1846 2017 1918">
    <p class='ocr_par' dir='ltr' id='par_1_17' title="bbox 433 1846 2017 1918">
     <span class='ocr_line' id='line_1_17' title="bbox 433 1846 2017 1918; baseline 0 -18"><span class='ocrx_word' id='word_1_108' title='bbox 433 1846 767 1917; x_wconf 86' lang='lat' dir='ltr'><strong>conjecturis</strong></span> <span class='ocrx_word' id='word_1_109' title='bbox 798 1846 1042 1914; x_wconf 87' lang='lat' dir='ltr'><strong>reperire</strong></span> <span class='ocrx_word' id='word_1_110' title='bbox 1072 1848 1283 1911; x_wconf 88' lang='lat' dir='ltr'><strong>voluit;</strong></span> <span class='ocrx_word' id='word_1_111' title='bbox 1331 1861 1506 1918; x_wconf 85' lang='lat' dir='ltr'><strong>eaque</strong></span> <span class='ocrx_word' id='word_1_112' title='bbox 1541 1847 1610 1903; x_wconf 89' lang='lat' dir='ltr'><strong>de</strong></span> <span class='ocrx_word' id='word_1_113' title='bbox 1637 1862 1801 1901; x_wconf 89' lang='lat' dir='ltr'><strong>causa</strong></span> <span class='ocrx_word' id='word_1_114' title='bbox 1836 1847 2017 1916; x_wconf 84' lang='lat' dir='ltr'><strong>profe-</strong></span> 
     </span>
    </p>
   </div>
   <div class='ocr_carea' id='block_1_18' title="bbox 434 1937 2018 2010">
    <p class='ocr_par' dir='ltr' id='par_1_18' title="bbox 434 1937 2018 2010">
     <span class='ocr_line' id='line_1_18' title="bbox 434 1937 2018 2010; baseline 0 -17"><span class='ocrx_word' id='word_1_115' title='bbox 434 1948 576 1994; x_wconf 92' lang='lat' dir='ltr'><strong>ctum</strong></span> <span class='ocrx_word' id='word_1_116' title='bbox 608 1938 661 1993; x_wconf 92' lang='lat' dir='ltr'><strong>in</strong></span> <span class='ocrx_word' id='word_1_117' title='bbox 687 1937 951 1994; x_wconf 67' lang='lat' dir='ltr'><strong>Graeciam</strong></span> <span class='ocrx_word' id='word_1_118' title='bbox 976 1939 1262 2010; x_wconf 84' lang='lat' dir='ltr'><strong>Origenetn</strong></span> <span class='ocrx_word' id='word_1_119' title='bbox 1289 1941 1520 2006; x_wconf 85' lang='lat' dir='ltr'><strong>divinat,</strong></span> <span class='ocrx_word' id='word_1_120' title='bbox 1548 1938 1663 2010; x_wconf 69' lang='grc'><strong>(49)</strong></span> <span class='ocrx_word' id='word_1_121' title='bbox 1696 1949 1754 1994; x_wconf 90' lang='lat' dir='ltr'><strong>ut</strong></span> <span class='ocrx_word' id='word_1_122' title='bbox 1785 1939 2018 2008; x_wconf 81' lang='lat' dir='ltr'><strong>Nicepo-</strong></span> 
     </span>
    </p>
   </div>
   <div class='ocr_carea' id='block_1_19' title="bbox 434 2030 2018 2101">
    <p class='ocr_par' dir='ltr' id='par_1_19' title="bbox 434 2030 2018 2101">
     <span class='ocr_line' id='line_1_19' title="bbox 434 2030 2018 2101; baseline 0 -16"><span class='ocrx_word' id='word_1_123' title='bbox 434 2030 615 2086; x_wconf 65' lang='lat' dir='ltr'><strong>litauat</strong></span> <span class='ocrx_word' id='word_1_124' title='bbox 646 2030 899 2086; x_wconf 90' lang='lat' dir='ltr'><strong>editionis</strong></span> <span class='ocrx_word' id='word_1_125' title='bbox 929 2033 1077 2085; x_wconf 88' lang='lat' dir='ltr'><strong>circa</strong></span> <span class='ocrx_word' id='word_1_126' title='bbox 1119 2033 1231 2086; x_wconf 67' lang='lat' dir='ltr'><strong>haec</strong></span> <span class='ocrx_word' id='word_1_127' title='bbox 1264 2042 1506 2101; x_wconf 88' lang='lat' dir='ltr'><strong>tempora</strong></span> <span class='ocrx_word' id='word_1_128' title='bbox 1533 2042 1763 2101; x_wconf 63' lang='lat' dir='ltr'><strong>repertae</strong></span> <span class='ocrx_word' id='word_1_129' title='bbox 1796 2046 2018 2101; x_wconf 89' lang='lat' dir='ltr'><strong>compos</strong></span> 
     </span>
    </p>
   </div>
   <div class='ocr_carea' id='block_1_20' title="bbox 435 2121 2017 2194">
    <p class='ocr_par' dir='ltr' id='par_1_20' title="bbox 435 2121 2017 2194">
     <span class='ocr_line' id='line_1_20' title="bbox 435 2121 2017 2194; baseline 0.001 -19"><span class='ocrx_word' id='word_1_130' title='bbox 435 2122 612 2177; x_wconf 90' lang='lat' dir='ltr'><strong>lieret.</strong></span> <span class='ocrx_word' id='word_1_131' title='bbox 661 2121 768 2177; x_wconf 91' lang='lat' dir='ltr'><strong>Sed</strong></span> <span class='ocrx_word' id='word_1_132' title='bbox 823 2136 1083 2193; x_wconf 87' lang='lat' dir='ltr'><strong>quorsum</strong></span> <span class='ocrx_word' id='word_1_133' title='bbox 1135 2124 1200 2177; x_wconf 92' lang='lat' dir='ltr'><strong>ad</strong></span> <span class='ocrx_word' id='word_1_134' title='bbox 1234 2125 1572 2194; x_wconf 73' lang='lat' dir='ltr'><strong>excogitatas</strong></span> <span class='ocrx_word' id='word_1_135' title='bbox 1631 2122 2017 2177; x_wconf 84' lang='lat' dir='ltr'><strong>descendemus</strong></span> 
     </span>
    </p>
   </div>
   <div class='ocr_carea' id='block_1_21' title="bbox 432 2211 2018 2285">
    <p class='ocr_par' dir='ltr' id='par_1_21' title="bbox 432 2211 2018 2285">
     <span class='ocr_line' id='line_1_21' title="bbox 432 2211 2018 2285; baseline 0.001 -20"><span class='ocrx_word' id='word_1_136' title='bbox 432 2211 801 2282; x_wconf 84' lang='lat' dir='ltr'><strong>conjecturas,</strong></span> <span class='ocrx_word' id='word_1_137' title='bbox 837 2228 960 2268; x_wconf 85' lang='lat' dir='ltr'><strong>cunt</strong></span> <span class='ocrx_word' id='word_1_138' title='bbox 1012 2214 1215 2269; x_wconf 88' lang='lat' dir='ltr'><strong>veritas</strong></span> <span class='ocrx_word' id='word_1_139' title='bbox 1249 2214 1362 2285; x_wconf 86' lang='lat' dir='ltr'><strong>ipsa</strong></span> <span class='ocrx_word' id='word_1_140' title='bbox 1404 2213 1580 2283; x_wconf 86' lang='lat' dir='ltr'><strong>palam</strong></span> <span class='ocrx_word' id='word_1_141' title='bbox 1617 2213 1838 2268; x_wconf 84' lang='lat' dir='ltr'><strong>exstet?</strong></span> <span class='ocrx_word' id='word_1_142' title='bbox 1868 2211 2018 2268; x_wconf 87' lang='lat' dir='ltr'><strong>Scri-</strong></span> 
     </span>
    </p>
   </div>
   <div class='ocr_carea' id='block_1_22' title="bbox 431 2304 2013 2381">
    <p class='ocr_par' dir='ltr' id='par_1_22' title="bbox 431 2304 2013 2381">
     <span class='ocr_line' id='line_1_22' title="bbox 431 2304 2013 2381; baseline 0.001 -22"><span class='ocrx_word' id='word_1_143' title='bbox 431 2304 565 2359; x_wconf 89' lang='lat' dir='ltr'><strong>bunt</strong></span> <span class='ocrx_word' id='word_1_144' title='bbox 596 2305 862 2377; x_wconf 84' lang='lat' dir='ltr'><strong>siquidem</strong></span> <span class='ocrx_word' id='word_1_145' title='bbox 886 2304 1250 2381; x_wconf 75' lang='lat' dir='ltr'><strong>Hieronymus</strong></span> <span class='ocrx_word' id='word_1_146' title='bbox 1283 2305 1357 2360; x_wconf 85' lang='lat' dir='ltr'><strong>De</strong></span> <span class='ocrx_word' id='word_1_147' title='bbox 1380 2307 1560 2372; x_wconf 78' lang='lat' dir='ltr'><strong>script.</strong></span> <span class='ocrx_word' id='word_1_148' title='bbox 1598 2307 1784 2362; x_wconf 85' lang='lat' dir='ltr'><strong>eccles.</strong></span> <span class='ocrx_word' id='word_1_149' title='bbox 1816 2349 1830 2371; x_wconf 88' lang='lat'><strong>,</strong></span> <span class='ocrx_word' id='word_1_150' title='bbox 1886 2321 2013 2375; x_wconf 85' lang='lat' dir='ltr'><strong>cap.</strong></span> 
     </span>
    </p>
   </div>
   <div class='ocr_carea' id='block_1_23' title="bbox 431 2397 2014 2468">
    <p class='ocr_par' dir='ltr' id='par_1_23' title="bbox 431 2397 2014 2468">
     <span class='ocr_line' id='line_1_23' title="bbox 431 2397 2014 2468; baseline 0 -17"><span class='ocrx_word' id='word_1_151' title='bbox 431 2398 523 2461; x_wconf 88' lang='lat'><strong>65,</strong></span> <span class='ocrx_word' id='word_1_152' title='bbox 560 2409 615 2453; x_wconf 92' lang='lat' dir='ltr'><strong>et</strong></span> <span class='ocrx_word' id='word_1_153' title='bbox 646 2397 874 2454; x_wconf 81' lang='lat' dir='ltr'><strong>Ruﬁnus</strong></span> <span class='ocrx_word' id='word_1_154' title='bbox 905 2400 958 2452; x_wconf 93' lang='lat' dir='ltr'><strong>in</strong></span> <span class='ocrx_word' id='word_1_155' title='bbox 993 2398 1238 2468; x_wconf 73' lang='lat' dir='ltr'><strong>Exposit.</strong></span> <span class='ocrx_word' id='word_1_156' title='bbox 1272 2413 1396 2468; x_wconf 88' lang='lat' dir='ltr'><strong>cap.</strong></span> <span class='ocrx_word' id='word_1_157' title='bbox 1422 2398 1512 2462; x_wconf 68' lang='lat'><strong>25,</strong></span> <span class='ocrx_word' id='word_1_158' title='bbox 1540 2398 1633 2452; x_wconf 93' lang='lat' dir='ltr'><strong>lib.</strong></span> <span class='ocrx_word' id='word_1_159' title='bbox 1658 2415 1733 2460; x_wconf 80' lang='lat' dir='ltr'><strong>vr,</strong></span> <span class='ocrx_word' id='word_1_160' title='bbox 1771 2398 2014 2462; x_wconf 89' lang='lat' dir='ltr'><strong>Eusebii,</strong></span> 
     </span>
    </p>
   </div>
   <div class='ocr_carea' id='block_1_24' title="bbox 429 2489 2016 2560">
    <p class='ocr_par' dir='ltr' id='par_1_24' title="bbox 429 2489 2016 2560">
     <span class='ocr_line' id='line_1_24' title="bbox 429 2489 2016 2560; baseline 0.001 -16"><span class='ocrx_word' id='word_1_161' title='bbox 429 2492 653 2545; x_wconf 68' lang='lat' dir='ltr'><strong>Achaiae</strong></span> <span class='ocrx_word' id='word_1_162' title='bbox 678 2489 948 2545; x_wconf 87' lang='lat' dir='ltr'><strong>Ecelesias</strong></span> <span class='ocrx_word' id='word_1_163' title='bbox 972 2490 1221 2560; x_wconf 85' lang='lat' dir='ltr'><strong>plurimis</strong></span> <span class='ocrx_word' id='word_1_164' title='bbox 1247 2501 1374 2545; x_wconf 79' lang='lat' dir='ltr'><strong>tunc</strong></span> <span class='ocrx_word' id='word_1_165' title='bbox 1404 2490 1706 2545; x_wconf 68' lang='lat' dir='ltr'><strong>haeresibus</strong></span> <span class='ocrx_word' id='word_1_166' title='bbox 1734 2489 1901 2544; x_wconf 89' lang='lat' dir='ltr'><strong>fuisse</strong></span> <span class='ocrx_word' id='word_1_167' title='bbox 1925 2506 2016 2545; x_wconf 85' lang='lat' dir='ltr'><strong>ve-</strong></span> 
     </span>
    </p>
   </div>
   <div class='ocr_carea' id='block_1_25' title="bbox 432 2580 2011 2651">
    <p class='ocr_par' dir='ltr' id='par_1_25' title="bbox 432 2580 2011 2651">
     <span class='ocr_line' id='line_1_25' title="bbox 432 2580 2011 2651; baseline 0.002 -19"><span class='ocrx_word' id='word_1_168' title='bbox 432 2589 621 2643; x_wconf 74' lang='lat' dir='ltr'><strong>xatas;</strong></span> <span class='ocrx_word' id='word_1_169' title='bbox 653 2580 850 2650; x_wconf 89' lang='lat' dir='ltr'><strong>quibus</strong></span> <span class='ocrx_word' id='word_1_170' title='bbox 870 2581 1247 2651; x_wconf 82' lang='lat' dir='ltr'><strong>expugnandis</strong></span> <span class='ocrx_word' id='word_1_171' title='bbox 1280 2581 1666 2651; x_wconf 68' lang='lat' dir='ltr'><strong>idoneumprte</strong></span> <span class='ocrx_word' id='word_1_172' title='bbox 1693 2582 1906 2636; x_wconf 68' lang='lat' dir='ltr'><strong>caeteris</strong></span> <span class='ocrx_word' id='word_1_173' title='bbox 1936 2581 2011 2635; x_wconf 83' lang='lat' dir='ltr'><strong>vi-</strong></span> 
     </span>
    </p>
   </div>
   <div class='ocr_carea' id='block_1_26' title="bbox 434 2671 2014 2742">
    <p class='ocr_par' dir='ltr' id='par_1_26' title="bbox 434 2671 2014 2742">
     <span class='ocr_line' id='line_1_26' title="bbox 434 2671 2014 2742; baseline 0 -17"><span class='ocrx_word' id='word_1_174' title='bbox 434 2686 553 2725; x_wconf 87' lang='lat' dir='ltr'><strong>sntn</strong></span> <span class='ocrx_word' id='word_1_175' title='bbox 584 2671 913 2741; x_wconf 85' lang='lat' dir='ltr'><strong>Origenem;</strong></span> <span class='ocrx_word' id='word_1_176' title='bbox 946 2687 1065 2726; x_wconf 87' lang='lat' dir='ltr'><strong>eam</strong></span> <span class='ocrx_word' id='word_1_177' title='bbox 1093 2671 1172 2726; x_wconf 94' lang='lat' dir='ltr'><strong>illi</strong></span> <span class='ocrx_word' id='word_1_178' title='bbox 1204 2687 1425 2727; x_wconf 86' lang='lat' dir='ltr'><strong>causam</strong></span> <span class='ocrx_word' id='word_1_179' title='bbox 1466 2673 1520 2727; x_wconf 92' lang='lat' dir='ltr'><strong>in</strong></span> <span class='ocrx_word' id='word_1_180' title='bbox 1557 2671 1820 2728; x_wconf 74' lang='lat' dir='ltr'><strong>Graeciam</strong></span> <span class='ocrx_word' id='word_1_181' title='bbox 1850 2673 2014 2742; x_wconf 83' lang='lat' dir='ltr'><strong>proli-</strong></span> 
     </span>
    </p>
   </div>
   <div class='ocr_carea' id='block_1_27' title="bbox 434 2762 2016 2820">
    <p class='ocr_par' dir='ltr' id='par_1_27' title="bbox 434 2762 2016 2820">
     <span class='ocr_line' id='line_1_27' title="bbox 434 2762 2016 2820; baseline 0.002 -4"><span class='ocrx_word' id='word_1_182' title='bbox 434 2762 675 2818; x_wconf 89' lang='lat' dir='ltr'><strong>ciscendi</strong></span> <span class='ocrx_word' id='word_1_183' title='bbox 709 2763 900 2819; x_wconf 89' lang='lat' dir='ltr'><strong>fuisse.</strong></span> <span class='ocrx_word' id='word_1_184' title='bbox 935 2763 1070 2819; x_wconf 91' lang='lat' dir='ltr'><strong>llluc</strong></span> <span class='ocrx_word' id='word_1_185' title='bbox 1099 2779 1231 2819; x_wconf 85' lang='lat' dir='ltr'><strong>vero</strong></span> <span class='ocrx_word' id='word_1_186' title='bbox 1260 2766 1592 2820; x_wconf 88' lang='lat' dir='ltr'><strong>accersitum</strong></span> <span class='ocrx_word' id='word_1_187' title='bbox 1635 2766 1705 2820; x_wconf 90' lang='lat' dir='ltr'><strong>ab</strong></span> <span class='ocrx_word' id='word_1_188' title='bbox 1727 2766 2016 2820; x_wconf 78' lang='lat' dir='ltr'><strong>Ambrosio</strong></span> 
     </span>
    </p>
   </div>
   <div class='ocr_carea' id='block_1_28' title="bbox 434 2856 2013 2928">
    <p class='ocr_par' dir='ltr' id='par_1_28' title="bbox 434 2856 2013 2928">
     <span class='ocr_line' id='line_1_28' title="bbox 434 2856 2013 2928; baseline 0.003 -22"><span class='ocrx_word' id='word_1_189' title='bbox 434 2868 541 2907; x_wconf 89' lang='lat' dir='ltr'><strong>non</strong></span> <span class='ocrx_word' id='word_1_190' title='bbox 567 2856 799 2911; x_wconf 86' lang='lat' dir='ltr'><strong>absurde</strong></span> <span class='ocrx_word' id='word_1_191' title='bbox 822 2857 1089 2928; x_wconf 89' lang='lat' dir='ltr'><strong>quispiam</strong></span> <span class='ocrx_word' id='word_1_192' title='bbox 1113 2857 1508 2928; x_wconf 77' lang='lat' dir='ltr'><strong>suspicabitur;</strong></span> <span class='ocrx_word' id='word_1_193' title='bbox 1539 2873 1664 2913; x_wconf 85' lang='lat' dir='ltr'><strong>nam</strong></span> <span class='ocrx_word' id='word_1_194' title='bbox 1682 2859 2013 2913; x_wconf 80' lang='lat' dir='ltr'><strong>Alexandria</strong></span> 
     </span>
    </p>
   </div>
   <div class='ocr_carea' id='block_1_29' title="bbox 433 2947 2015 3022">
    <p class='ocr_par' dir='ltr' id='par_1_29' title="bbox 433 2947 2015 3022">
     <span class='ocr_line' id='line_1_29' title="bbox 433 2947 2015 3022; baseline 0.003 -21"><span class='ocrx_word' id='word_1_195' title='bbox 433 2947 626 3006; x_wconf 83' lang='lat' dir='ltr'><strong>crebro</strong></span> <span class='ocrx_word' id='word_1_196' title='bbox 649 2948 887 3004; x_wconf 86' lang='lat' dir='ltr'><strong>abfuisse</strong></span> <span class='ocrx_word' id='word_1_197' title='bbox 915 2950 1259 3005; x_wconf 86' lang='lat' dir='ltr'><strong>Ambrosium</strong></span> <span class='ocrx_word' id='word_1_198' title='bbox 1284 2960 1499 3005; x_wconf 86' lang='lat' dir='ltr'><strong>constat</strong></span> <span class='ocrx_word' id='word_1_199' title='bbox 1526 2962 1604 3017; x_wconf 86' lang='lat' dir='ltr'><strong>et,</strong></span> <span class='ocrx_word' id='word_1_200' title='bbox 1625 2962 1907 3022; x_wconf 84' lang='lat' dir='ltr'><strong>postquam</strong></span> <span class='ocrx_word' id='word_1_201' title='bbox 1928 2951 2015 3006; x_wconf 86' lang='lat' dir='ltr'><strong>itt-</strong></span> 
     </span>
    </p>
   </div>
   <div class='ocr_carea' id='block_1_30' title="bbox 438 3041 2013 3110">
    <p class='ocr_par' dir='ltr' id='par_1_30' title="bbox 438 3041 2013 3110">
     <span class='ocr_line' id='line_1_30' title="bbox 438 3041 2013 3110; baseline 0.004 -19"><span class='ocrx_word' id='word_1_202' title='bbox 438 3051 520 3092; x_wconf 80' lang='lat' dir='ltr'><strong>tnr</strong></span> <span class='ocrx_word' id='word_1_203' title='bbox 547 3054 640 3093; x_wconf 90' lang='lat' dir='ltr'><strong>eos</strong></span> <span class='ocrx_word' id='word_1_204' title='bbox 682 3041 1032 3095; x_wconf 80' lang='lat' dir='ltr'><strong>necessitudo</strong></span> <span class='ocrx_word' id='word_1_205' title='bbox 1063 3043 1391 3108; x_wconf 77' lang='lat' dir='ltr'><strong>intercessu,</strong></span> <span class='ocrx_word' id='word_1_206' title='bbox 1446 3043 1679 3099; x_wconf 89' lang='lat' dir='ltr'><strong>Athenis</strong></span> <span class='ocrx_word' id='word_1_207' title='bbox 1714 3043 1902 3110; x_wconf 85' lang='lat' dir='ltr'><strong>fuisse,</strong></span> <span class='ocrx_word' id='word_1_208' title='bbox 1928 3053 2013 3098; x_wconf 89' lang='lat' dir='ltr'><strong>at-</strong></span> 
     </span>
    </p>
   </div>
   <div class='ocr_carea' id='block_1_31' title="bbox 435 3132 2015 3203">
    <p class='ocr_par' dir='ltr' id='par_1_31' title="bbox 435 3132 2015 3203">
     <span class='ocr_line' id='line_1_31' title="bbox 435 3132 2015 3203; baseline 0.004 -19"><span class='ocrx_word' id='word_1_209' title='bbox 435 3146 541 3200; x_wconf 91' lang='lat' dir='ltr'><strong>que</strong></span> <span class='ocrx_word' id='word_1_210' title='bbox 574 3132 699 3187; x_wconf 86' lang='lat' dir='ltr'><strong>inde</strong></span> <span class='ocrx_word' id='word_1_211' title='bbox 754 3132 964 3187; x_wconf 87' lang='lat' dir='ltr'><strong>litteras</strong></span> <span class='ocrx_word' id='word_1_212' title='bbox 1001 3139 1065 3188; x_wconf 87' lang='lat' dir='ltr'><strong>ad</strong></span> <span class='ocrx_word' id='word_1_213' title='bbox 1100 3132 1392 3203; x_wconf 75' lang='lat' dir='ltr'><strong>Origenetu</strong></span> <span class='ocrx_word' id='word_1_214' title='bbox 1447 3136 1685 3196; x_wconf 70' lang='lat' dir='ltr'><strong>dedisse.</strong></span> <span class='ocrx_word' id='word_1_215' title='bbox 1714 3152 1779 3192; x_wconf 81' lang='lat' dir='ltr'><strong>ex</strong></span> <span class='ocrx_word' id='word_1_216' title='bbox 1823 3137 2015 3192; x_wconf 88' lang='lat' dir='ltr'><strong>lliero—</strong></span> 
     </span>
    </p>
   </div>
   <div class='ocr_carea' id='block_1_32' title="bbox 437 3225 2015 3302">
    <p class='ocr_par' dir='ltr' id='par_1_32' title="bbox 437 3225 2015 3302">
     <span class='ocr_line' id='line_1_32' title="bbox 437 3225 2015 3302; baseline 0.004 -26"><span class='ocrx_word' id='word_1_217' title='bbox 437 3239 600 3294; x_wconf 76' lang='lat' dir='ltr'><strong>nymo</strong></span> <span class='ocrx_word' id='word_1_218' title='bbox 622 3225 832 3281; x_wconf 86' lang='lat' dir='ltr'><strong>discere</strong></span> <span class='ocrx_word' id='word_1_219' title='bbox 854 3226 985 3282; x_wconf 88' lang='lat' dir='ltr'><strong>licet</strong></span> <span class='ocrx_word' id='word_1_220' title='bbox 1011 3227 1171 3296; x_wconf 81' lang='lat' dir='ltr'><strong>epist.</strong></span> <span class='ocrx_word' id='word_1_221' title='bbox 1200 3226 1267 3281; x_wconf 86' lang='lat' dir='ltr'><strong>l8</strong></span> <span class='ocrx_word' id='word_1_222' title='bbox 1288 3228 1354 3281; x_wconf 88' lang='lat' dir='ltr'><strong>ad</strong></span> <span class='ocrx_word' id='word_1_223' title='bbox 1387 3226 1722 3285; x_wconf 85' lang='lat' dir='ltr'><strong>Marcellam.</strong></span> <span class='ocrx_word' id='word_1_224' title='bbox 1754 3228 1877 3284; x_wconf 68' lang='lat' dir='ltr'><strong>Haec</strong></span> <span class='ocrx_word' id='word_1_225' title='bbox 1900 3230 2015 3302; x_wconf 91' lang='lat' dir='ltr'><strong>qui-</strong></span> 
     </span>
    </p>
   </div>
   <div class='ocr_carea' id='block_1_33' title="bbox 439 3318 2017 3389">
    <p class='ocr_par' dir='ltr' id='par_1_33' title="bbox 439 3318 2017 3389">
     <span class='ocr_line' id='line_1_33' title="bbox 439 3318 2017 3389; baseline 0.004 -19"><span class='ocrx_word' id='word_1_226' title='bbox 439 3318 558 3371; x_wconf 88' lang='lat' dir='ltr'><strong>dem</strong></span> <span class='ocrx_word' id='word_1_227' title='bbox 591 3321 965 3389; x_wconf 84' lang='lat' dir='ltr'><strong>proponimus,</strong></span> <span class='ocrx_word' id='word_1_228' title='bbox 998 3335 1106 3375; x_wconf 91' lang='lat' dir='ltr'><strong>non</strong></span> <span class='ocrx_word' id='word_1_229' title='bbox 1146 3320 1467 3376; x_wconf 84' lang='lat' dir='ltr'><strong>asseritnus.</strong></span> <span class='ocrx_word' id='word_1_230' title='bbox 1512 3320 1649 3377; x_wconf 91' lang='lat' dir='ltr'><strong>llinc</strong></span> <span class='ocrx_word' id='word_1_231' title='bbox 1672 3322 1832 3377; x_wconf 85' lang='lat' dir='ltr'><strong>etiam</strong></span> <span class='ocrx_word' id='word_1_232' title='bbox 1861 3323 2017 3377; x_wconf 87' lang='lat' dir='ltr'><strong>hahi-</strong></span> 
     </span>
    </p>
   </div>
   <div class='ocr_carea' id='block_1_34' title="bbox 440 3411 2018 3483">
    <p class='ocr_par' dir='ltr' id='par_1_34' title="bbox 440 3411 2018 3483">
     <span class='ocr_line' id='line_1_34' title="bbox 440 3411 2018 3483; baseline 0.006 -21"><span class='ocrx_word' id='word_1_233' title='bbox 440 3421 507 3467; x_wconf 72' lang='lat' dir='ltr'><strong>ta:</strong></span> <span class='ocrx_word' id='word_1_234' title='bbox 559 3411 662 3466; x_wconf 91' lang='lat' dir='ltr'><strong>sibi</strong></span> <span class='ocrx_word' id='word_1_235' title='bbox 718 3428 839 3466; x_wconf 90' lang='lat' dir='ltr'><strong>cum</strong></span> <span class='ocrx_word' id='word_1_236' title='bbox 889 3411 1250 3468; x_wconf 61' lang='lat' dir='ltr'><strong>baresiarcha</strong></span> <span class='ocrx_word' id='word_1_237' title='bbox 1299 3414 1536 3483; x_wconf 87' lang='lat' dir='ltr'><strong>quodam</strong></span> <span class='ocrx_word' id='word_1_238' title='bbox 1587 3416 2018 3471; x_wconf 87' lang='lat' dir='ltr'><strong>concertationis</strong></span> 
     </span>
    </p>
   </div>
   <div class='ocr_carea' id='block_1_35' title="bbox 439 3504 2015 3572">
    <p class='ocr_par' dir='ltr' id='par_1_35' title="bbox 439 3504 2015 3572">
     <span class='ocr_line' id='line_1_35' title="bbox 439 3504 2015 3572; baseline 0.003 -14"><span class='ocrx_word' id='word_1_239' title='bbox 439 3504 720 3572; x_wconf 78' lang='lat' dir='ltr'><strong>exemplar</strong></span> <span class='ocrx_word' id='word_1_240' title='bbox 738 3506 805 3560; x_wconf 87' lang='lat' dir='ltr'><strong>ad</strong></span> <span class='ocrx_word' id='word_1_241' title='bbox 823 3506 1095 3561; x_wconf 91' lang='lat' dir='ltr'><strong>amicosin</strong></span> <span class='ocrx_word' id='word_1_242' title='bbox 1116 3505 1455 3563; x_wconf 72' lang='lat' dir='ltr'><strong>Palaestinam</strong></span> <span class='ocrx_word' id='word_1_243' title='bbox 1476 3508 1624 3563; x_wconf 90' lang='lat' dir='ltr'><strong>misit</strong></span> <span class='ocrx_word' id='word_1_244' title='bbox 1639 3510 2015 3572; x_wconf 82' lang='lat' dir='ltr'><strong>Adamantius,</strong></span> 
     </span>
    </p>
   </div>
   <div class='ocr_carea' id='block_1_36' title="bbox 439 3596 2018 3670">
    <p class='ocr_par' dir='ltr' id='par_1_36' title="bbox 439 3596 2018 3670">
     <span class='ocr_line' id='line_1_36' title="bbox 439 3596 2018 3670; baseline 0.006 -22"><span class='ocrx_word' id='word_1_245' title='bbox 439 3599 530 3663; x_wconf 80' lang='lat' dir='ltr'><strong>qui</strong></span> <span class='ocrx_word' id='word_1_246' title='bbox 562 3596 712 3654; x_wconf 83' lang='lat' dir='ltr'><strong>falsis</strong></span> <span class='ocrx_word' id='word_1_247' title='bbox 740 3599 806 3654; x_wconf 92' lang='lat' dir='ltr'><strong>de</strong></span> <span class='ocrx_word' id='word_1_248' title='bbox 846 3614 929 3663; x_wconf 86' lang='lat' dir='ltr'><strong>se,</strong></span> <span class='ocrx_word' id='word_1_249' title='bbox 981 3600 1157 3669; x_wconf 88' lang='lat' dir='ltr'><strong>deque</strong></span> <span class='ocrx_word' id='word_1_250' title='bbox 1187 3614 1250 3654; x_wconf 90' lang='lat' dir='ltr'><strong>ea</strong></span> <span class='ocrx_word' id='word_1_251' title='bbox 1309 3601 1673 3670; x_wconf 89' lang='lat' dir='ltr'><strong>disputatione</strong></span> <span class='ocrx_word' id='word_1_252' title='bbox 1706 3602 2018 3657; x_wconf 89' lang='lat' dir='ltr'><strong>rmnoribus</strong></span> 
     </span>
    </p>
   </div>
   <div class='ocr_carea' id='block_1_37' title="bbox 438 3691 2017 3763">
    <p class='ocr_par' dir='ltr' id='par_1_37' title="bbox 438 3691 2017 3763">
     <span class='ocr_line' id='line_1_37' title="bbox 438 3691 2017 3763; baseline 0.004 -21"><span class='ocrx_word' id='word_1_253' title='bbox 438 3699 777 3745; x_wconf 87' lang='lat' dir='ltr'><strong>occurreret.</strong></span> <span class='ocrx_word' id='word_1_254' title='bbox 812 3692 1045 3746; x_wconf 88' lang='lat' dir='ltr'><strong>Athenis</strong></span> <span class='ocrx_word' id='word_1_255' title='bbox 1074 3707 1280 3747; x_wconf 88' lang='lat' dir='ltr'><strong>moram</strong></span> <span class='ocrx_word' id='word_1_256' title='bbox 1325 3692 1524 3749; x_wconf 84' lang='lat' dir='ltr'><strong>fecisse</strong></span> <span class='ocrx_word' id='word_1_257' title='bbox 1567 3691 1856 3763; x_wconf 84' lang='lat' dir='ltr'><strong>Origenetn</strong></span> <span class='ocrx_word' id='word_1_258' title='bbox 1898 3710 2017 3749; x_wconf 87' lang='lat' dir='ltr'><strong>cer-</strong></span> 
     </span>
    </p>
   </div>
   <div class='ocr_carea' id='block_1_38' title="bbox 442 3783 2018 3849">
    <p class='ocr_par' dir='ltr' id='par_1_38' title="bbox 442 3783 2018 3849">
     <span class='ocr_line' id='line_1_38' title="bbox 442 3783 2018 3849; baseline 0.004 -15"><span class='ocrx_word' id='word_1_259' title='bbox 442 3790 554 3834; x_wconf 87' lang='lat' dir='ltr'><strong>tutn</strong></span> <span class='ocrx_word' id='word_1_260' title='bbox 587 3789 689 3842; x_wconf 90' lang='lat' dir='ltr'><strong>est,</strong></span> <span class='ocrx_word' id='word_1_261' title='bbox 722 3796 885 3836; x_wconf 76' lang='lat' dir='ltr'><strong>mora:</strong></span> <span class='ocrx_word' id='word_1_262' title='bbox 920 3790 1131 3849; x_wconf 89' lang='lat' dir='ltr'><strong>tempus</strong></span> <span class='ocrx_word' id='word_1_263' title='bbox 1181 3783 1448 3838; x_wconf 91' lang='lat' dir='ltr'><strong>incertum</strong></span> <span class='ocrx_word' id='word_1_264' title='bbox 1477 3800 1492 3838; x_wconf 91' lang='lat'><strong>:</strong></span> <span class='ocrx_word' id='word_1_265' title='bbox 1552 3784 1785 3838; x_wconf 86' lang='lat' dir='ltr'><strong>rediisse</strong></span> <span class='ocrx_word' id='word_1_266' title='bbox 1837 3795 2018 3840; x_wconf 91' lang='lat' dir='ltr'><strong>tamen</strong></span> 
     </span>
    </p>
   </div>
   <div class='ocr_carea' id='block_1_39' title="bbox 438 3871 2021 3945">
    <p class='ocr_par' dir='ltr' id='par_1_39' title="bbox 438 3871 2021 3945">
     <span class='ocr_line' id='line_1_39' title="bbox 438 3871 2021 3945; baseline 0.004 -22"><span class='ocrx_word' id='word_1_267' title='bbox 438 3871 687 3941; x_wconf 81' lang='lat' dir='ltr'><strong>sequenti</strong></span> <span class='ocrx_word' id='word_1_268' title='bbox 717 3886 883 3938; x_wconf 88' lang='lat' dir='ltr'><strong>anno,</strong></span> <span class='ocrx_word' id='word_1_269' title='bbox 919 3871 1004 3927; x_wconf 90' lang='lat' dir='ltr'><strong>vel</strong></span> <span class='ocrx_word' id='word_1_270' title='bbox 1038 3872 1257 3927; x_wconf 89' lang='lat' dir='ltr'><strong>biennio</strong></span> <span class='ocrx_word' id='word_1_271' title='bbox 1288 3882 1433 3942; x_wconf 90' lang='lat' dir='ltr'><strong>post,</strong></span> <span class='ocrx_word' id='word_1_272' title='bbox 1482 3873 1627 3930; x_wconf 89' lang='lat' dir='ltr'><strong>inter</strong></span> <span class='ocrx_word' id='word_1_273' title='bbox 1657 3874 2021 3945; x_wconf 83' lang='lat' dir='ltr'><strong>chronologos</strong></span> 
     </span>
    </p>
   </div>
   <div class='ocr_carea' id='block_1_40' title="bbox 439 3963 2020 4035">
    <p class='ocr_par' dir='ltr' id='par_1_40' title="bbox 439 3963 2020 4035">
     <span class='ocr_line' id='line_1_40' title="bbox 439 3963 2020 4035; baseline 0.004 -17"><span class='ocrx_word' id='word_1_274' title='bbox 439 3974 698 4018; x_wconf 82' lang='lat' dir='ltr'><strong>constare</strong></span> <span class='ocrx_word' id='word_1_275' title='bbox 731 3964 909 4021; x_wconf 83' lang='lat' dir='ltr'><strong>video.</strong></span> <span class='ocrx_word' id='word_1_276' title='bbox 950 3963 1211 4035; x_wconf 85' lang='lat' dir='ltr'><strong>Equidem</strong></span> <span class='ocrx_word' id='word_1_277' title='bbox 1236 3981 1343 4021; x_wconf 89' lang='lat' dir='ltr'><strong>non</strong></span> <span class='ocrx_word' id='word_1_278' title='bbox 1382 3965 1551 4021; x_wconf 90' lang='lat' dir='ltr'><strong>multo</strong></span> <span class='ocrx_word' id='word_1_279' title='bbox 1586 3967 1767 4023; x_wconf 89' lang='lat' dir='ltr'><strong>minus</strong></span> <span class='ocrx_word' id='word_1_280' title='bbox 1796 3968 2020 4024; x_wconf 88' lang='lat' dir='ltr'><strong>biennio</strong></span> 
     </span>
    </p>
   </div>
   <div class='ocr_carea' id='block_1_41' title="bbox 440 4053 2020 4125">
    <p class='ocr_par' dir='ltr' id='par_1_41' title="bbox 440 4053 2020 4125">
     <span class='ocr_line' id='line_1_41' title="bbox 440 4053 2020 4125; baseline 0.001 -14"><span class='ocrx_word' id='word_1_281' title='bbox 440 4053 654 4111; x_wconf 81' lang='lat' dir='ltr'><strong>itineris</strong></span> <span class='ocrx_word' id='word_1_282' title='bbox 690 4054 912 4111; x_wconf 83' lang='lat' dir='ltr'><strong>Achaici</strong></span> <span class='ocrx_word' id='word_1_283' title='bbox 942 4063 1157 4125; x_wconf 88' lang='lat' dir='ltr'><strong>tempus</strong></span> <span class='ocrx_word' id='word_1_284' title='bbox 1208 4055 1377 4111; x_wconf 89' lang='lat' dir='ltr'><strong>fuisse</strong></span> <span class='ocrx_word' id='word_1_285' title='bbox 1437 4057 1740 4123; x_wconf 79' lang='lat' dir='ltr'><strong>existimo;</strong></span> <span class='ocrx_word' id='word_1_286' title='bbox 1784 4073 1909 4112; x_wconf 89' lang='lat' dir='ltr'><strong>nam</strong></span> <span class='ocrx_word' id='word_1_287' title='bbox 1962 4067 2020 4112; x_wconf 92' lang='lat' dir='ltr'><strong>et</strong></span> 
     </span>
    </p>
   </div>
   <div class='ocr_carea' id='block_1_42' title="bbox 441 4145 2014 4219">
    <p class='ocr_par' dir='ltr' id='par_1_42' title="bbox 441 4145 2014 4219">
     <span class='ocr_line' id='line_1_42' title="bbox 441 4145 2014 4219; baseline 0.003 -18"><span class='ocrx_word' id='word_1_288' title='bbox 441 4161 540 4219; x_wconf 84' lang='lat' dir='ltr'><strong>per</strong></span> <span class='ocrx_word' id='word_1_289' title='bbox 559 4145 902 4201; x_wconf 62' lang='lat' dir='ltr'><strong>Palaestinam</strong></span> <span class='ocrx_word' id='word_1_290' title='bbox 934 4147 1038 4201; x_wconf 89' lang='lat' dir='ltr'><strong>iter</strong></span> <span class='ocrx_word' id='word_1_291' title='bbox 1070 4148 1279 4214; x_wconf 90' lang='lat' dir='ltr'><strong>habuit,</strong></span> <span class='ocrx_word' id='word_1_292' title='bbox 1315 4148 1499 4219; x_wconf 91' lang='lat' dir='ltr'><strong>ibique</strong></span> <span class='ocrx_word' id='word_1_293' title='bbox 1528 4159 1772 4205; x_wconf 88' lang='lat' dir='ltr'><strong>moratus</strong></span> <span class='ocrx_word' id='word_1_294' title='bbox 1805 4159 1888 4205; x_wconf 88' lang='lat' dir='ltr'><strong>est</strong></span> <span class='ocrx_word' id='word_1_295' title='bbox 1911 4150 2014 4205; x_wconf 87' lang='lat' dir='ltr'><strong>ali-</strong></span> 
     </span>
    </p>
   </div>
   <div class='ocr_carea' id='block_1_43' title="bbox 443 4240 2023 4313">
    <p class='ocr_par' dir='ltr' id='par_1_43' title="bbox 443 4240 2023 4313">
     <span class='ocr_line' id='line_1_43' title="bbox 443 4240 2023 4313; baseline 0.005 -24"><span class='ocrx_word' id='word_1_296' title='bbox 443 4240 702 4313; x_wconf 87' lang='lat' dir='ltr'><strong>quandiu,</strong></span> <span class='ocrx_word' id='word_1_297' title='bbox 738 4250 790 4296; x_wconf 90' lang='lat' dir='ltr'><strong>et</strong></span> <span class='ocrx_word' id='word_1_298' title='bbox 815 4240 1051 4311; x_wconf 86' lang='lat' dir='ltr'><strong>spatium</strong></span> <span class='ocrx_word' id='word_1_299' title='bbox 1079 4242 1298 4311; x_wconf 85' lang='lat' dir='ltr'><strong>aliquod</strong></span> <span class='ocrx_word' id='word_1_300' title='bbox 1332 4242 1499 4296; x_wconf 91' lang='lat' dir='ltr'><strong>itione</strong></span> <span class='ocrx_word' id='word_1_301' title='bbox 1520 4257 1583 4298; x_wconf 91' lang='lat' dir='ltr'><strong>ac</strong></span> <span class='ocrx_word' id='word_1_302' title='bbox 1612 4242 1876 4297; x_wconf 88' lang='lat' dir='ltr'><strong>reditioue</strong></span> <span class='ocrx_word' id='word_1_303' title='bbox 1892 4258 2023 4297; x_wconf 84' lang='lat' dir='ltr'><strong>con-</strong></span> 
     </span>
    </p>
   </div>
   <div class='ocr_carea' id='block_1_44' title="bbox 443 4333 2021 4401">
    <p class='ocr_par' dir='ltr' id='par_1_44' title="bbox 443 4333 2021 4401">
     <span class='ocr_line' id='line_1_44' title="bbox 443 4333 2021 4401; baseline 0.002 -17"><span class='ocrx_word' id='word_1_304' title='bbox 443 4341 715 4401; x_wconf 85' lang='lat' dir='ltr'><strong>sumptum</strong></span> <span class='ocrx_word' id='word_1_305' title='bbox 744 4342 848 4395; x_wconf 81' lang='lat' dir='ltr'><strong>est,</strong></span> <span class='ocrx_word' id='word_1_306' title='bbox 872 4344 926 4388; x_wconf 87' lang='lat' dir='ltr'><strong>et</strong></span> <span class='ocrx_word' id='word_1_307' title='bbox 950 4334 1002 4387; x_wconf 91' lang='lat' dir='ltr'><strong>in</strong></span> <span class='ocrx_word' id='word_1_308' title='bbox 1033 4334 1259 4397; x_wconf 90' lang='lat' dir='ltr'><strong>Achaia,</strong></span> <span class='ocrx_word' id='word_1_309' title='bbox 1286 4347 1408 4388; x_wconf 90' lang='lat' dir='ltr'><strong>cum</strong></span> <span class='ocrx_word' id='word_1_310' title='bbox 1428 4334 1701 4389; x_wconf 66' lang='lat' dir='ltr'><strong>hmreticis</strong></span> <span class='ocrx_word' id='word_1_311' title='bbox 1727 4333 2021 4398; x_wconf 89' lang='lat' dir='ltr'><strong>velitando,</strong></span> 
     </span>
    </p>
   </div>
   <div class='ocr_carea' id='block_1_45' title="bbox 446 4424 2021 4496">
    <p class='ocr_par' dir='ltr' id='par_1_45' title="bbox 446 4424 2021 4496">
     <span class='ocr_line' id='line_1_45' title="bbox 446 4424 2021 4496; baseline 0.003 -19"><span class='ocrx_word' id='word_1_312' title='bbox 446 4434 501 4478; x_wconf 91' lang='lat' dir='ltr'><strong>et</strong></span> <span class='ocrx_word' id='word_1_313' title='bbox 528 4424 763 4479; x_wconf 82' lang='lat' dir='ltr'><strong>Athenis</strong></span> <span class='ocrx_word' id='word_1_314' title='bbox 784 4425 1205 4493; x_wconf 86' lang='lat' dir='ltr'><strong>perlustrandis,</strong></span> <span class='ocrx_word' id='word_1_315' title='bbox 1237 4427 1549 4496; x_wconf 87' lang='lat' dir='ltr'><strong>scholisque</strong></span> <span class='ocrx_word' id='word_1_316' title='bbox 1574 4425 2021 4496; x_wconf 79' lang='lat' dir='ltr'><strong>pltilOSOphorum</strong></span> 
     </span>
    </p>
   </div>
   <div class='ocr_carea' id='block_1_46' title="bbox 443 4513 2022 4586">
    <p class='ocr_par' dir='ltr' id='par_1_46' title="bbox 443 4513 2022 4586">
     <span class='ocr_line' id='line_1_46' title="bbox 443 4513 2022 4586; baseline 0.002 -19"><span class='ocrx_word' id='word_1_317' title='bbox 443 4513 862 4586; x_wconf 88' lang='lat' dir='ltr'><strong>frequentaudis</strong></span> <span class='ocrx_word' id='word_1_318' title='bbox 899 4516 1067 4586; x_wconf 86' lang='lat' dir='ltr'><strong>(quod</strong></span> <span class='ocrx_word' id='word_1_319' title='bbox 1112 4517 1180 4570; x_wconf 91' lang='lat' dir='ltr'><strong>ab</strong></span> <span class='ocrx_word' id='word_1_320' title='bbox 1232 4531 1298 4571; x_wconf 91' lang='lat' dir='ltr'><strong>eo</strong></span> <span class='ocrx_word' id='word_1_321' title='bbox 1338 4516 1539 4572; x_wconf 85' lang='lat' dir='ltr'><strong>factum</strong></span> <span class='ocrx_word' id='word_1_322' title='bbox 1590 4527 1860 4572; x_wconf 86' lang='lat' dir='ltr'><strong>testantur</strong></span> <span class='ocrx_word' id='word_1_323' title='bbox 1892 4516 2022 4586; x_wconf 88' lang='lat' dir='ltr'><strong>Epi-</strong></span> 
     </span>
    </p>
   </div>
   <div class='ocr_carea' id='block_1_47' title="bbox 2113 637 3679 710">
    <p class='ocr_par' dir='ltr' id='par_1_47' title="bbox 2113 637 3679 710">
     <span class='ocr_line' id='line_1_47' title="bbox 2113 637 3679 710; baseline -0.01 -8"><span class='ocrx_word' id='word_1_324' title='bbox 2113 650 2243 703; x_wconf 88' lang='lat' dir='ltr'><strong>olim</strong></span> <span class='ocrx_word' id='word_1_325' title='bbox 2292 646 2640 702; x_wconf 90' lang='lat' dir='ltr'><strong>adolescente</strong></span> <span class='ocrx_word' id='word_1_326' title='bbox 2692 643 3003 698; x_wconf 88' lang='lat' dir='ltr'><strong>institutum</strong></span> <span class='ocrx_word' id='word_1_327' title='bbox 3040 642 3357 710; x_wconf 80' lang='lat' dir='ltr'><strong>contingant</strong></span> <span class='ocrx_word' id='word_1_328' title='bbox 3388 637 3679 699; x_wconf 82' lang='lat' dir='ltr'><strong>Baronius,</strong></span> 
     </span>
    </p>
   </div>
   <div class='ocr_carea' id='block_1_48' title="bbox 2113 725 3679 805">
    <p class='ocr_par' dir='ltr' id='par_1_48' title="bbox 2113 725 3679 805">
     <span class='ocr_line' id='line_1_48' title="bbox 2113 725 3679 805; baseline -0.007 -14"><span class='ocrx_word' id='word_1_329' title='bbox 2113 739 2181 793; x_wconf 89' lang='lat' dir='ltr'><strong>ad</strong></span> <span class='ocrx_word' id='word_1_330' title='bbox 2207 754 2295 792; x_wconf 89' lang='lat' dir='ltr'><strong>an.</strong></span> <span class='ocrx_word' id='word_1_331' title='bbox 2321 738 2451 805; x_wconf 65' lang='lat'><strong>2&#39;52,</strong></span> <span class='ocrx_word' id='word_1_332' title='bbox 2485 753 2632 792; x_wconf 91' lang='lat' dir='ltr'><strong>num.</strong></span> <span class='ocrx_word' id='word_1_333' title='bbox 2662 736 2717 802; x_wconf 71' lang='lat'><strong>4,</strong></span> <span class='ocrx_word' id='word_1_334' title='bbox 2746 747 2799 791; x_wconf 92' lang='lat' dir='ltr'><strong>et</strong></span> <span class='ocrx_word' id='word_1_335' title='bbox 2830 734 3085 791; x_wconf 85' lang='lat' dir='ltr'><strong>Petavius</strong></span> <span class='ocrx_word' id='word_1_336' title='bbox 3112 731 3181 787; x_wconf 89' lang='lat' dir='ltr'><strong>ad</strong></span> <span class='ocrx_word' id='word_1_337' title='bbox 3209 731 3407 799; x_wconf 83' lang='lat' dir='ltr'><strong>Epiplt.</strong></span> <span class='ocrx_word' id='word_1_338' title='bbox 3435 729 3567 783; x_wconf 56' lang='grc' dir='ltr'><strong>διν.</strong></span> <span class='ocrx_word' id='word_1_339' title='bbox 3598 725 3679 792; x_wconf 72' lang='grc'><strong>64,</strong></span> 
     </span>
    </p>
   </div>
   <div class='ocr_carea' id='block_1_49' title="bbox 2113 817 3679 897">
    <p class='ocr_par' dir='ltr' id='par_1_49' title="bbox 2113 817 3679 897">
     <span class='ocr_line' id='line_1_49' title="bbox 2113 817 3679 897; baseline -0.008 -14"><span class='ocrx_word' id='word_1_340' title='bbox 2113 832 2233 897; x_wconf 76' lang='lat' dir='ltr'><strong>cap.</strong></span> <span class='ocrx_word' id='word_1_341' title='bbox 2264 829 2470 894; x_wconf 84' lang='lat' dir='ltr'><strong>l;nam</strong></span> <span class='ocrx_word' id='word_1_342' title='bbox 2500 830 2568 883; x_wconf 90' lang='lat' dir='ltr'><strong>ad</strong></span> <span class='ocrx_word' id='word_1_343' title='bbox 2596 826 2954 897; x_wconf 87' lang='lat' dir='ltr'><strong>philosophos</strong></span> <span class='ocrx_word' id='word_1_344' title='bbox 2978 834 3032 879; x_wconf 90' lang='lat' dir='ltr'><strong>et</strong></span> <span class='ocrx_word' id='word_1_345' title='bbox 3062 821 3487 878; x_wconf 88' lang='lat' dir='ltr'><strong>rhetoresibant</strong></span> <span class='ocrx_word' id='word_1_346' title='bbox 3507 817 3679 885; x_wconf 81' lang='lat' dir='ltr'><strong>cujus-</strong></span> 
     </span>
    </p>
   </div>
   <div class='ocr_carea' id='block_1_50' title="bbox 2113 911 3673 990">
    <p class='ocr_par' dir='ltr' id='par_1_50' title="bbox 2113 911 3673 990">
     <span class='ocr_line' id='line_1_50' title="bbox 2113 911 3673 990; baseline -0.008 -15"><span class='ocrx_word' id='word_1_347' title='bbox 2113 936 2331 990; x_wconf 83' lang='lat' dir='ltr'><strong>cunque</strong></span> <span class='ocrx_word' id='word_1_348' title='bbox 2354 920 2532 975; x_wconf 66' lang='lat' dir='ltr'><strong>aetatis</strong></span> <span class='ocrx_word' id='word_1_349' title='bbox 2566 919 2836 982; x_wconf 88' lang='lat' dir='ltr'><strong>homines,</strong></span> <span class='ocrx_word' id='word_1_350' title='bbox 2866 932 3045 987; x_wconf 90' lang='lat' dir='ltr'><strong>neque</strong></span> <span class='ocrx_word' id='word_1_351' title='bbox 3084 913 3381 971; x_wconf 83' lang='lat' dir='ltr'><strong>verisimile</strong></span> <span class='ocrx_word' id='word_1_352' title='bbox 3430 922 3516 966; x_wconf 88' lang='lat' dir='ltr'><strong>est</strong></span> <span class='ocrx_word' id='word_1_353' title='bbox 3559 911 3673 966; x_wconf 83' lang='lat' dir='ltr'><strong>Ori-</strong></span> 
     </span>
    </p>
   </div>
   <div class='ocr_carea' id='block_1_51' title="bbox 2115 1004 3675 1084">
    <p class='ocr_par' dir='ltr' id='par_1_51' title="bbox 2115 1004 3675 1084">
     <span class='ocr_line' id='line_1_51' title="bbox 2115 1004 3675 1084; baseline -0.008 -16"><span class='ocrx_word' id='word_1_354' title='bbox 2115 1028 2306 1084; x_wconf 84' lang='lat' dir='ltr'><strong>genetu</strong></span> <span class='ocrx_word' id='word_1_355' title='bbox 2360 1012 2733 1082; x_wconf 62' lang='lat' dir='ltr'><strong>philosophiae,</strong></span> <span class='ocrx_word' id='word_1_356' title='bbox 2779 1010 3219 1081; x_wconf 86' lang='lat' dir='ltr'><strong>reliquarumque</strong></span> <span class='ocrx_word' id='word_1_357' title='bbox 3276 1004 3675 1073; x_wconf 79' lang='lat' dir='ltr'><strong>disciplinarum</strong></span> 
     </span>
    </p>
   </div>
   <div class='ocr_carea' id='block_1_52' title="bbox 2115 1088 3680 1174">
    <p class='ocr_par' dir='ltr' id='par_1_52' title="bbox 2115 1088 3680 1174">
     <span class='ocr_line' id='line_1_52' title="bbox 2115 1088 3680 1174; baseline -0.007 -16"><span class='ocrx_word' id='word_1_358' title='bbox 2115 1119 2299 1159; x_wconf 89' lang='lat' dir='ltr'><strong>amore</strong></span> <span class='ocrx_word' id='word_1_359' title='bbox 2324 1088 2659 1174; x_wconf 68' lang='lat' dir='ltr'><strong>ﬂagrantem,</strong></span> <span class='ocrx_word' id='word_1_360' title='bbox 2692 1104 2744 1157; x_wconf 92' lang='lat' dir='ltr'><strong>in</strong></span> <span class='ocrx_word' id='word_1_361' title='bbox 2773 1118 2833 1158; x_wconf 87' lang='lat' dir='ltr'><strong>ea</strong></span> <span class='ocrx_word' id='word_1_362' title='bbox 2865 1105 3148 1173; x_wconf 79' lang='lat' dir='ltr'><strong>degentem</strong></span> <span class='ocrx_word' id='word_1_363' title='bbox 3186 1102 3319 1154; x_wconf 91' lang='lat' dir='ltr'><strong>urbe</strong></span> <span class='ocrx_word' id='word_1_364' title='bbox 3347 1112 3470 1168; x_wconf 73' lang='lat' dir='ltr'><strong>quae</strong></span> <span class='ocrx_word' id='word_1_365' title='bbox 3495 1096 3680 1149; x_wconf 80' lang='lat' dir='ltr'><strong>artium</strong></span> 
     </span>
    </p>
   </div>
   <div class='ocr_carea' id='block_1_53' title="bbox 2114 1190 3679 1265">
    <p class='ocr_par' dir='ltr' id='par_1_53' title="bbox 2114 1190 3679 1265">
     <span class='ocr_line' id='line_1_53' title="bbox 2114 1190 3679 1265; baseline -0.006 -13"><span class='ocrx_word' id='word_1_366' title='bbox 2114 1200 2352 1252; x_wconf 89' lang='lat' dir='ltr'><strong>omnium</strong></span> <span class='ocrx_word' id='word_1_367' title='bbox 2381 1198 2649 1252; x_wconf 84' lang='lat' dir='ltr'><strong>inventrix</strong></span> <span class='ocrx_word' id='word_1_368' title='bbox 2679 1198 2995 1262; x_wconf 86' lang='lat' dir='ltr'><strong>haberetur,</strong></span> <span class='ocrx_word' id='word_1_369' title='bbox 3021 1196 3151 1251; x_wconf 86' lang='lat' dir='ltr'><strong>etin</strong></span> <span class='ocrx_word' id='word_1_370' title='bbox 3178 1208 3281 1265; x_wconf 89' lang='lat' dir='ltr'><strong>qua</strong></span> <span class='ocrx_word' id='word_1_371' title='bbox 3310 1208 3437 1247; x_wconf 90' lang='lat' dir='ltr'><strong>cum</strong></span> <span class='ocrx_word' id='word_1_372' title='bbox 3466 1190 3679 1253; x_wconf 82' lang='lat' dir='ltr'><strong>civium,</strong></span> 
     </span>
    </p>
   </div>
   <div class='ocr_carea' id='block_1_54' title="bbox 2118 1281 3681 1359">
    <p class='ocr_par' dir='ltr' id='par_1_54' title="bbox 2118 1281 3681 1359">
     <span class='ocr_line' id='line_1_54' title="bbox 2118 1281 3681 1359; baseline -0.007 -15"><span class='ocrx_word' id='word_1_373' title='bbox 2118 1300 2231 1344; x_wconf 87' lang='lat' dir='ltr'><strong>tum</strong></span> <span class='ocrx_word' id='word_1_374' title='bbox 2257 1291 2591 1343; x_wconf 87' lang='lat' dir='ltr'><strong>advenarum</strong></span> <span class='ocrx_word' id='word_1_375' title='bbox 2637 1289 2968 1359; x_wconf 65' lang='lat' dir='ltr'><strong>praecipuum</strong></span> <span class='ocrx_word' id='word_1_376' title='bbox 3001 1298 3144 1341; x_wconf 82' lang='lat' dir='ltr'><strong>esset</strong></span> <span class='ocrx_word' id='word_1_377' title='bbox 3163 1285 3404 1340; x_wconf 86' lang='lat' dir='ltr'><strong>studium</strong></span> <span class='ocrx_word' id='word_1_378' title='bbox 3432 1283 3555 1336; x_wconf 85' lang='lat' dir='ltr'><strong>novi</strong></span> <span class='ocrx_word' id='word_1_379' title='bbox 3585 1281 3681 1335; x_wconf 66' lang='lat' dir='ltr'><strong>alio</strong></span> 
     </span>
    </p>
   </div>
   <div class='ocr_carea' id='block_1_55' title="bbox 2116 1374 3682 1448">
    <p class='ocr_par' dir='ltr' id='par_1_55' title="bbox 2116 1374 3682 1448">
     <span class='ocr_line' id='line_1_55' title="bbox 2116 1374 3682 1448; baseline -0.003 -17"><span class='ocrx_word' id='word_1_380' title='bbox 2116 1380 2242 1448; x_wconf 91' lang='lat' dir='ltr'><strong>quid</strong></span> <span class='ocrx_word' id='word_1_381' title='bbox 2277 1379 2360 1435; x_wconf 90' lang='lat' dir='ltr'><strong>vel</strong></span> <span class='ocrx_word' id='word_1_382' title='bbox 2386 1380 2591 1447; x_wconf 82' lang='lat' dir='ltr'><strong>dicere,</strong></span> <span class='ocrx_word' id='word_1_383' title='bbox 2647 1379 2730 1435; x_wconf 90' lang='lat' dir='ltr'><strong>vel</strong></span> <span class='ocrx_word' id='word_1_384' title='bbox 2767 1379 2977 1442; x_wconf 84' lang='lat' dir='ltr'><strong>audire,</strong></span> <span class='ocrx_word' id='word_1_385' title='bbox 3018 1387 3179 1432; x_wconf 64' lang='lat' dir='ltr'><strong>:rtate</strong></span> <span class='ocrx_word' id='word_1_386' title='bbox 3213 1376 3382 1431; x_wconf 86' lang='lat' dir='ltr'><strong>fuisse</strong></span> <span class='ocrx_word' id='word_1_387' title='bbox 3429 1374 3682 1429; x_wconf 79' lang='lat' dir='ltr'><strong>absterri-</strong></span> 
     </span>
    </p>
   </div>
   <div class='ocr_carea' id='block_1_56' title="bbox 2119 1466 3678 1542">
    <p class='ocr_par' dir='ltr' id='par_1_56' title="bbox 2119 1466 3678 1542">
     <span class='ocr_line' id='line_1_56' title="bbox 2119 1466 3678 1542; baseline -0.007 -14"><span class='ocrx_word' id='word_1_388' title='bbox 2119 1484 2227 1528; x_wconf 88' lang='lat' dir='ltr'><strong>tum</strong></span> <span class='ocrx_word' id='word_1_389' title='bbox 2258 1475 2553 1542; x_wconf 90' lang='lat' dir='ltr'><strong>quominus</strong></span> <span class='ocrx_word' id='word_1_390' title='bbox 2583 1472 2824 1527; x_wconf 80' lang='lat' dir='ltr'><strong>civitatis</strong></span> <span class='ocrx_word' id='word_1_391' title='bbox 2854 1469 3257 1525; x_wconf 86' lang='lat' dir='ltr'><strong>consuetudine</strong></span> <span class='ocrx_word' id='word_1_392' title='bbox 3279 1468 3346 1522; x_wconf 87' lang='lat' dir='ltr'><strong>ad</strong></span> <span class='ocrx_word' id='word_1_393' title='bbox 3370 1466 3678 1535; x_wconf 79' lang='lat' dir='ltr'><strong>explendam</strong></span> 
     </span>
    </p>
   </div>
   <div class='ocr_carea' id='block_1_57' title="bbox 2117 1560 3685 1636">
    <p class='ocr_par' dir='ltr' id='par_1_57' title="bbox 2117 1560 3685 1636">
     <span class='ocr_line' id='line_1_57' title="bbox 2117 1560 3685 1636; baseline -0.006 -13"><span class='ocrx_word' id='word_1_394' title='bbox 2117 1567 2463 1636; x_wconf 88' lang='lat' dir='ltr'><strong>cupiditatem</strong></span> <span class='ocrx_word' id='word_1_395' title='bbox 2507 1574 2778 1622; x_wconf 89' lang='lat' dir='ltr'><strong>uteretur.</strong></span> <span class='ocrx_word' id='word_1_396' title='bbox 2814 1564 2989 1633; x_wconf 88' lang='lat' dir='ltr'><strong>Supra</strong></span> <span class='ocrx_word' id='word_1_397' title='bbox 3024 1564 3245 1633; x_wconf 88' lang='lat' dir='ltr'><strong>quidem</strong></span> <span class='ocrx_word' id='word_1_398' title='bbox 3287 1560 3685 1616; x_wconf 78' lang='lat' dir='ltr'><strong>observavimus</strong></span> 
     </span>
    </p>
   </div>
   <div class='ocr_carea' id='block_1_58' title="bbox 2120 1652 3685 1734">
    <p class='ocr_par' dir='ltr' id='par_1_58' title="bbox 2120 1652 3685 1734">
     <span class='ocr_line' id='line_1_58' title="bbox 2120 1652 3685 1734; baseline -0.006 -21"><span class='ocrx_word' id='word_1_399' title='bbox 2120 1660 2398 1714; x_wconf 80' lang='lat' dir='ltr'><strong>testificari</strong></span> <span class='ocrx_word' id='word_1_400' title='bbox 2431 1659 2821 1730; x_wconf 82' lang='lat' dir='ltr'><strong>Porphyrium,</strong></span> <span class='ocrx_word' id='word_1_401' title='bbox 2845 1658 2911 1711; x_wconf 87' lang='lat' dir='ltr'><strong>ad</strong></span> <span class='ocrx_word' id='word_1_402' title='bbox 2938 1656 3224 1734; x_wconf 64' lang='lat' dir='ltr'><strong>Plotinum</strong></span> <span class='ocrx_word' id='word_1_403' title='bbox 3265 1655 3455 1710; x_wconf 61' lang='lat' dir='ltr'><strong>Romae</strong></span> <span class='ocrx_word' id='word_1_404' title='bbox 3477 1652 3685 1723; x_wconf 83' lang='lat' dir='ltr'><strong>publice</strong></span> 
     </span>
    </p>
   </div>
   <div class='ocr_carea' id='block_1_59' title="bbox 2118 1742 3682 1820">
    <p class='ocr_par' dir='ltr' id='par_1_59' title="bbox 2118 1742 3682 1820">
     <span class='ocr_line' id='line_1_59' title="bbox 2118 1742 3682 1820; baseline -0.009 -13"><span class='ocrx_word' id='word_1_405' title='bbox 2118 1752 2403 1807; x_wconf 90' lang='lat' dir='ltr'><strong>docentem</strong></span> <span class='ocrx_word' id='word_1_406' title='bbox 2424 1749 2719 1820; x_wconf 86' lang='lat' dir='ltr'><strong>aliquando</strong></span> <span class='ocrx_word' id='word_1_407' title='bbox 2745 1748 3044 1803; x_wconf 85' lang='lat' dir='ltr'><strong>accessisse</strong></span> <span class='ocrx_word' id='word_1_408' title='bbox 3067 1744 3356 1816; x_wconf 86' lang='lat' dir='ltr'><strong>Origenem</strong></span> <span class='ocrx_word' id='word_1_409' title='bbox 3383 1742 3682 1814; x_wconf 73' lang='lat' dir='ltr'><strong>quemdam,</strong></span> 
     </span>
    </p>
   </div>
   <div class='ocr_carea' id='block_1_60' title="bbox 2120 1832 3680 1912">
    <p class='ocr_par' dir='ltr' id='par_1_60' title="bbox 2120 1832 3680 1912">
     <span class='ocr_line' id='line_1_60' title="bbox 2120 1832 3680 1912; baseline -0.007 -11"><span class='ocrx_word' id='word_1_410' title='bbox 2120 1846 2282 1902; x_wconf 85' lang='lat' dir='ltr'><strong>alium</strong></span> <span class='ocrx_word' id='word_1_411' title='bbox 2317 1848 2384 1901; x_wconf 91' lang='lat' dir='ltr'><strong>ab</strong></span> <span class='ocrx_word' id='word_1_412' title='bbox 2413 1842 2763 1908; x_wconf 88' lang='lat' dir='ltr'><strong>Adamantio,</strong></span> <span class='ocrx_word' id='word_1_413' title='bbox 2808 1832 3004 1897; x_wconf 89' lang='lat' dir='ltr'><strong>Plotini</strong></span> <span class='ocrx_word' id='word_1_414' title='bbox 3035 1840 3326 1912; x_wconf 78' lang='lat' dir='ltr'><strong>aequalem,</strong></span> <span class='ocrx_word' id='word_1_415' title='bbox 3354 1853 3533 1908; x_wconf 89' lang='lat' dir='ltr'><strong>eoque</strong></span> <span class='ocrx_word' id='word_1_416' title='bbox 3552 1851 3680 1891; x_wconf 88' lang='lat' dir='ltr'><strong>con-</strong></span> 
     </span>
    </p>
   </div>
   <div class='ocr_carea' id='block_1_61' title="bbox 2120 1930 3676 2013">
    <p class='ocr_par' dir='ltr' id='par_1_61' title="bbox 2120 1930 3676 2013">
     <span class='ocr_line' id='line_1_61' title="bbox 2120 1930 3676 2013; baseline -0.008 -16"><span class='ocrx_word' id='word_1_417' title='bbox 2120 1951 2304 2013; x_wconf 90' lang='lat' dir='ltr'><strong>specto</strong></span> <span class='ocrx_word' id='word_1_418' title='bbox 2338 1941 2536 1995; x_wconf 80' lang='lat' dir='ltr'><strong>victum</strong></span> <span class='ocrx_word' id='word_1_419' title='bbox 2578 1939 2783 2010; x_wconf 89' lang='lat' dir='ltr'><strong>pudore</strong></span> <span class='ocrx_word' id='word_1_420' title='bbox 2812 1938 3081 1992; x_wconf 89' lang='lat' dir='ltr'><strong>Plotinum</strong></span> <span class='ocrx_word' id='word_1_421' title='bbox 3130 1935 3342 1990; x_wconf 88' lang='lat' dir='ltr'><strong>dicendi</strong></span> <span class='ocrx_word' id='word_1_422' title='bbox 3391 1933 3552 1988; x_wconf 80' lang='lat' dir='ltr'><strong>linem</strong></span> <span class='ocrx_word' id='word_1_423' title='bbox 3603 1930 3676 1984; x_wconf 87' lang='lat' dir='ltr'><strong>fe-</strong></span> 
     </span>
    </p>
   </div>
   <div class='ocr_carea' id='block_1_62' title="bbox 2119 2025 3688 2101">
    <p class='ocr_par' dir='ltr' id='par_1_62' title="bbox 2119 2025 3688 2101">
     <span class='ocr_line' id='line_1_62' title="bbox 2119 2025 3688 2101; baseline -0.008 -11"><span class='ocrx_word' id='word_1_424' title='bbox 2119 2035 2281 2090; x_wconf 86' lang='lat' dir='ltr'><strong>cisse.</strong></span> <span class='ocrx_word' id='word_1_425' title='bbox 2310 2031 2467 2087; x_wconf 91' lang='lat' dir='ltr'><strong>Prius</strong></span> <span class='ocrx_word' id='word_1_426' title='bbox 2492 2031 2633 2087; x_wconf 90' lang='lat' dir='ltr'><strong>idem</strong></span> <span class='ocrx_word' id='word_1_427' title='bbox 2660 2034 2867 2086; x_wconf 79' lang='lat' dir='ltr'><strong>factum</strong></span> <span class='ocrx_word' id='word_1_428' title='bbox 2897 2031 3125 2101; x_wconf 85' lang='lat' dir='ltr'><strong>legimus</strong></span> <span class='ocrx_word' id='word_1_429' title='bbox 3156 2045 3186 2084; x_wconf 88' lang='lat' dir='ltr'><strong>a</strong></span> <span class='ocrx_word' id='word_1_430' title='bbox 3209 2027 3410 2088; x_wconf 85' lang='lat' dir='ltr'><strong>Tullio.</strong></span> <span class='ocrx_word' id='word_1_431' title='bbox 3441 2025 3536 2096; x_wconf 88' lang='lat' dir='ltr'><strong>qui</strong></span> <span class='ocrx_word' id='word_1_432' title='bbox 3574 2035 3688 2078; x_wconf 88' lang='lat' dir='ltr'><strong>octo</strong></span> 
     </span>
    </p>
   </div>
   <div class='ocr_carea' id='block_1_63' title="bbox 2116 2118 3689 2198">
    <p class='ocr_par' dir='ltr' id='par_1_63' title="bbox 2116 2118 3689 2198">
     <span class='ocr_line' id='line_1_63' title="bbox 2116 2118 3689 2198; baseline -0.007 -17"><span class='ocrx_word' id='word_1_433' title='bbox 2116 2127 2229 2198; x_wconf 79' lang='lat' dir='ltr'><strong>jam</strong></span> <span class='ocrx_word' id='word_1_434' title='bbox 2267 2137 2322 2183; x_wconf 90' lang='lat' dir='ltr'><strong>et</strong></span> <span class='ocrx_word' id='word_1_435' title='bbox 2350 2126 2541 2197; x_wconf 79' lang='lat' dir='ltr'><strong>viginti</strong></span> <span class='ocrx_word' id='word_1_436' title='bbox 2575 2141 2748 2180; x_wconf 89' lang='lat' dir='ltr'><strong>annos</strong></span> <span class='ocrx_word' id='word_1_437' title='bbox 2783 2136 2964 2190; x_wconf 88' lang='lat' dir='ltr'><strong>natus,</strong></span> <span class='ocrx_word' id='word_1_438' title='bbox 2990 2139 3112 2179; x_wconf 88' lang='lat' dir='ltr'><strong>cum</strong></span> <span class='ocrx_word' id='word_1_439' title='bbox 3141 2124 3327 2178; x_wconf 72' lang='lat' dir='ltr'><strong>Roma:</strong></span> <span class='ocrx_word' id='word_1_440' title='bbox 3355 2129 3501 2175; x_wconf 87' lang='lat' dir='ltr'><strong>esset</strong></span> <span class='ocrx_word' id='word_1_441' title='bbox 3548 2118 3689 2173; x_wconf 86' lang='lat' dir='ltr'><strong>hien-</strong></span> 
     </span>
    </p>
   </div>
   <div class='ocr_carea' id='block_1_64' title="bbox 2119 2208 3690 2287">
    <p class='ocr_par' dir='ltr' id='par_1_64' title="bbox 2119 2208 3690 2287">
     <span class='ocr_line' id='line_1_64' title="bbox 2119 2208 3690 2287; baseline -0.006 -13"><span class='ocrx_word' id='word_1_442' title='bbox 2119 2221 2264 2275; x_wconf 90' lang='lat' dir='ltr'><strong>uium</strong></span> <span class='ocrx_word' id='word_1_443' title='bbox 2296 2229 2543 2275; x_wconf 86' lang='lat' dir='ltr'><strong>versatus</strong></span> <span class='ocrx_word' id='word_1_444' title='bbox 2580 2221 2633 2274; x_wconf 89' lang='lat' dir='ltr'><strong>in</strong></span> <span class='ocrx_word' id='word_1_445' title='bbox 2662 2219 2874 2283; x_wconf 86' lang='lat' dir='ltr'><strong>causis,</strong></span> <span class='ocrx_word' id='word_1_446' title='bbox 2904 2228 2960 2275; x_wconf 88' lang='lat' dir='ltr'><strong>et</strong></span> <span class='ocrx_word' id='word_1_447' title='bbox 3004 2218 3119 2287; x_wconf 86' lang='lat' dir='ltr'><strong>jam</strong></span> <span class='ocrx_word' id='word_1_448' title='bbox 3161 2218 3304 2271; x_wconf 88' lang='lat' dir='ltr'><strong>inter</strong></span> <span class='ocrx_word' id='word_1_449' title='bbox 3353 2214 3560 2284; x_wconf 87' lang='lat' dir='ltr'><strong>primos</strong></span> <span class='ocrx_word' id='word_1_450' title='bbox 3592 2208 3690 2266; x_wconf 81' lang='lat' dir='ltr'><strong>Ur-</strong></span> 
     </span>
    </p>
   </div>
   <div class='ocr_carea' id='block_1_65' title="bbox 2117 2306 3670 2383">
    <p class='ocr_par' dir='ltr' id='par_1_65' title="bbox 2117 2306 3670 2383">
     <span class='ocr_line' id='line_1_65' title="bbox 2117 2306 3670 2383; baseline -0.005 -15"><span class='ocrx_word' id='word_1_451' title='bbox 2117 2313 2202 2368; x_wconf 85' lang='lat' dir='ltr'><strong>bis</strong></span> <span class='ocrx_word' id='word_1_452' title='bbox 2237 2325 2482 2368; x_wconf 89' lang='lat' dir='ltr'><strong>oratorcs</strong></span> <span class='ocrx_word' id='word_1_453' title='bbox 2503 2323 2817 2383; x_wconf 82' lang='lat' dir='ltr'><strong>poneretur,</strong></span> <span class='ocrx_word' id='word_1_454' title='bbox 2848 2314 3086 2367; x_wconf 87' lang='lat' dir='ltr'><strong>Athenas</strong></span> <span class='ocrx_word' id='word_1_455' title='bbox 3132 2322 3313 2365; x_wconf 87' lang='lat' dir='ltr'><strong>tamen</strong></span> <span class='ocrx_word' id='word_1_456' title='bbox 3374 2309 3441 2362; x_wconf 74' lang='lat' dir='ltr'><strong>ad</strong></span> <span class='ocrx_word' id='word_1_457' title='bbox 3486 2306 3670 2361; x_wconf 83' lang='lat' dir='ltr'><strong>Antio-</strong></span> 
     </span>
    </p>
   </div>
   <div class='ocr_carea' id='block_1_66' title="bbox 2116 2399 3675 2471">
    <p class='ocr_par' dir='ltr' id='par_1_66' title="bbox 2116 2399 3675 2471">
     <span class='ocr_line' id='line_1_66' title="bbox 2116 2399 3675 2471; baseline -0.006 -13"><span class='ocrx_word' id='word_1_458' title='bbox 2116 2403 2276 2458; x_wconf 89' lang='lat' dir='ltr'><strong>chmn</strong></span> <span class='ocrx_word' id='word_1_459' title='bbox 2350 2402 2725 2471; x_wconf 90' lang='lat' dir='ltr'><strong>philosophum</strong></span> <span class='ocrx_word' id='word_1_460' title='bbox 2783 2410 2838 2458; x_wconf 94' lang='lat' dir='ltr'><strong>et</strong></span> <span class='ocrx_word' id='word_1_461' title='bbox 2890 2401 3223 2456; x_wconf 86' lang='lat' dir='ltr'><strong>Demetrium</strong></span> <span class='ocrx_word' id='word_1_462' title='bbox 3294 2399 3570 2453; x_wconf 87' lang='lat' dir='ltr'><strong>rhetorem</strong></span> <span class='ocrx_word' id='word_1_463' title='bbox 3619 2409 3675 2449; x_wconf 85' lang='lat' dir='ltr'><strong>se</strong></span> 
     </span>
    </p>
   </div>
   <div class='ocr_carea' id='block_1_67' title="bbox 2116 2489 3679 2562">
    <p class='ocr_par' dir='ltr' id='par_1_67' title="bbox 2116 2489 3679 2562">
     <span class='ocr_line' id='line_1_67' title="bbox 2116 2489 3679 2562; baseline -0.007 -9"><span class='ocrx_word' id='word_1_464' title='bbox 2116 2496 2366 2553; x_wconf 84' lang='lat' dir='ltr'><strong>contulit.</strong></span> <span class='ocrx_word' id='word_1_465' title='bbox 2403 2495 2532 2550; x_wconf 90' lang='lat' dir='ltr'><strong>lude</strong></span> <span class='ocrx_word' id='word_1_466' title='bbox 2564 2497 2630 2550; x_wconf 88' lang='lat' dir='ltr'><strong>ad</strong></span> <span class='ocrx_word' id='word_1_467' title='bbox 2664 2496 2937 2551; x_wconf 86' lang='lat' dir='ltr'><strong>Asiaticos</strong></span> <span class='ocrx_word' id='word_1_468' title='bbox 2982 2504 3248 2557; x_wconf 81' lang='lat' dir='ltr'><strong>oratores,</strong></span> <span class='ocrx_word' id='word_1_469' title='bbox 3282 2493 3575 2562; x_wconf 87' lang='lat' dir='ltr'><strong>ipsumque</strong></span> <span class='ocrx_word' id='word_1_470' title='bbox 3593 2489 3679 2542; x_wconf 85' lang='lat' dir='ltr'><strong>de-</strong></span> 
     </span>
    </p>
   </div>
   <div class='ocr_carea' id='block_1_68' title="bbox 2118 2580 3686 2659">
    <p class='ocr_par' dir='ltr' id='par_1_68' title="bbox 2118 2580 3686 2659">
     <span class='ocr_line' id='line_1_68' title="bbox 2118 2580 3686 2659; baseline -0.004 -17"><span class='ocrx_word' id='word_1_471' title='bbox 2118 2605 2262 2642; x_wconf 89' lang='lat' dir='ltr'><strong>mum</strong></span> <span class='ocrx_word' id='word_1_472' title='bbox 2294 2588 2561 2644; x_wconf 77' lang='lat' dir='ltr'><strong>Melonem</strong></span> <span class='ocrx_word' id='word_1_473' title='bbox 2588 2604 2646 2643; x_wconf 91' lang='lat' dir='ltr'><strong>se</strong></span> <span class='ocrx_word' id='word_1_474' title='bbox 2680 2588 2990 2659; x_wconf 86' lang='lat' dir='ltr'><strong>applicavit.</strong></span> <span class='ocrx_word' id='word_1_475' title='bbox 3029 2587 3168 2655; x_wconf 87' lang='lat' dir='ltr'><strong>Quin</strong></span> <span class='ocrx_word' id='word_1_476' title='bbox 3212 2597 3268 2641; x_wconf 93' lang='lat' dir='ltr'><strong>et</strong></span> <span class='ocrx_word' id='word_1_477' title='bbox 3295 2584 3523 2639; x_wconf 89' lang='lat' dir='ltr'><strong>Antonii</strong></span> <span class='ocrx_word' id='word_1_478' title='bbox 3556 2580 3686 2638; x_wconf 82' lang='lat' dir='ltr'><strong>Gni-</strong></span> 
     </span>
    </p>
   </div>
   <div class='ocr_carea' id='block_1_69' title="bbox 2063 2678 3683 2756">
    <p class='ocr_par' dir='ltr' id='par_1_69' title="bbox 2063 2678 3683 2756">
     <span class='ocr_line' id='line_1_69' title="bbox 2063 2678 3683 2756; baseline -0.004 -24"><span class='ocrx_word' id='word_1_479' title='bbox 2063 2749 2070 2756; x_wconf 31' lang='lat'><strong>.</strong></span> <span class='ocrx_word' id='word_1_480' title='bbox 2116 2679 2312 2748; x_wconf 88' lang='lat' dir='ltr'><strong>phouis</strong></span> <span class='ocrx_word' id='word_1_481' title='bbox 2339 2678 2579 2733; x_wconf 86' lang='lat' dir='ltr'><strong>scholam</strong></span> <span class='ocrx_word' id='word_1_482' title='bbox 2630 2678 3008 2748; x_wconf 88' lang='lat' dir='ltr'><strong>frequentasse</strong></span> <span class='ocrx_word' id='word_1_483' title='bbox 3037 2723 3051 2745; x_wconf 87' lang='lat'><strong>,</strong></span> <span class='ocrx_word' id='word_1_484' title='bbox 3086 2679 3255 2733; x_wconf 87' lang='lat' dir='ltr'><strong>etiam</strong></span> <span class='ocrx_word' id='word_1_485' title='bbox 3293 2692 3419 2733; x_wconf 88' lang='lat' dir='ltr'><strong>eum</strong></span> <span class='ocrx_word' id='word_1_486' title='bbox 3462 2685 3683 2745; x_wconf 66' lang='lat' dir='ltr'><strong>praetura</strong></span> 
     </span>
    </p>
   </div>
   <div class='ocr_carea' id='block_1_70' title="bbox 2118 2765 3681 2840">
    <p class='ocr_par' dir='ltr' id='par_1_70' title="bbox 2118 2765 3681 2840">
     <span class='ocr_line' id='line_1_70' title="bbox 2118 2765 3681 2840; baseline -0.003 -17"><span class='ocrx_word' id='word_1_487' title='bbox 2118 2769 2455 2840; x_wconf 86' lang='lat' dir='ltr'><strong>fungeretur,</strong></span> <span class='ocrx_word' id='word_1_488' title='bbox 2488 2785 2517 2824; x_wconf 90' lang='lat' dir='ltr'><strong>a</strong></span> <span class='ocrx_word' id='word_1_489' title='bbox 2539 2769 2802 2826; x_wconf 90' lang='lat' dir='ltr'><strong>Suetonio</strong></span> <span class='ocrx_word' id='word_1_490' title='bbox 2837 2770 3155 2840; x_wconf 86' lang='lat' dir='ltr'><strong>Tranquillo</strong></span> <span class='ocrx_word' id='word_1_491' title='bbox 3184 2769 3463 2840; x_wconf 90' lang='lat' dir='ltr'><strong>proditum</strong></span> <span class='ocrx_word' id='word_1_492' title='bbox 3489 2776 3573 2821; x_wconf 88' lang='lat' dir='ltr'><strong>est</strong></span> <span class='ocrx_word' id='word_1_493' title='bbox 3595 2765 3681 2819; x_wconf 89' lang='lat' dir='ltr'><strong>lib.</strong></span> 
     </span>
    </p>
   </div>
   <div class='ocr_carea' id='block_1_71' title="bbox 2117 2858 3673 2934">
    <p class='ocr_par' dir='ltr' id='par_1_71' title="bbox 2117 2858 3673 2934">
     <span class='ocr_line' id='line_1_71' title="bbox 2117 2858 3673 2934; baseline -0.005 -16"><span class='ocrx_word' id='word_1_494' title='bbox 2117 2863 2193 2918; x_wconf 88' lang='lat' dir='ltr'><strong>De</strong></span> <span class='ocrx_word' id='word_1_495' title='bbox 2223 2862 2421 2918; x_wconf 76' lang='lat' dir='ltr'><strong>illustr.</strong></span> <span class='ocrx_word' id='word_1_496' title='bbox 2453 2873 2762 2933; x_wconf 87' lang='lat' dir='ltr'><strong>granmtat.,</strong></span> <span class='ocrx_word' id='word_1_497' title='bbox 2790 2878 2911 2934; x_wconf 87' lang='lat' dir='ltr'><strong>cap.</strong></span> <span class='ocrx_word' id='word_1_498' title='bbox 2945 2862 2998 2919; x_wconf 91' lang='lat'><strong>7.</strong></span> <span class='ocrx_word' id='word_1_499' title='bbox 3027 2861 3171 2917; x_wconf 86' lang='lat' dir='ltr'><strong>Sane</strong></span> <span class='ocrx_word' id='word_1_500' title='bbox 3206 2861 3260 2914; x_wconf 90' lang='lat' dir='ltr'><strong>in</strong></span> <span class='ocrx_word' id='word_1_501' title='bbox 3310 2860 3415 2915; x_wconf 85' lang='lat' dir='ltr'><strong>hac</strong></span> <span class='ocrx_word' id='word_1_502' title='bbox 3446 2858 3673 2914; x_wconf 74' lang='lat' dir='ltr'><strong>Achaica</strong></span> 
     </span>
    </p>
   </div>
   <div class='ocr_carea' id='block_1_72' title="bbox 2116 2953 3673 3028">
    <p class='ocr_par' dir='ltr' id='par_1_72' title="bbox 2116 2953 3673 3028">
     <span class='ocr_line' id='line_1_72' title="bbox 2116 2953 3673 3028; baseline -0.007 -18"><span class='ocrx_word' id='word_1_503' title='bbox 2116 2956 2461 3012; x_wconf 89' lang='lat' dir='ltr'><strong>remansione</strong></span> <span class='ocrx_word' id='word_1_504' title='bbox 2504 2954 2618 3028; x_wconf 84' lang='lat'><strong>(50)</strong></span> <span class='ocrx_word' id='word_1_505' title='bbox 2664 2954 3094 3025; x_wconf 83' lang='lat' dir='ltr'><strong>Nicopolitanam</strong></span> <span class='ocrx_word' id='word_1_506' title='bbox 3134 2953 3427 3007; x_wconf 85' lang='lat' dir='ltr'><strong>editionem</strong></span> <span class='ocrx_word' id='word_1_507' title='bbox 3466 2960 3673 3005; x_wconf 84' lang='lat' dir='ltr'><strong>nactum</strong></span> 
     </span>
    </p>
   </div>
   <div class='ocr_carea' id='block_1_73' title="bbox 2115 3040 3686 3116">
    <p class='ocr_par' dir='ltr' id='par_1_73' title="bbox 2115 3040 3686 3116">
     <span class='ocr_line' id='line_1_73' title="bbox 2115 3040 3686 3116; baseline -0.005 -16"><span class='ocrx_word' id='word_1_508' title='bbox 2115 3044 2283 3101; x_wconf 91' lang='lat' dir='ltr'><strong>fuisse</strong></span> <span class='ocrx_word' id='word_1_509' title='bbox 2305 3044 2591 3116; x_wconf 83' lang='lat' dir='ltr'><strong>Origenem</strong></span> <span class='ocrx_word' id='word_1_510' title='bbox 2628 3045 2890 3102; x_wconf 84' lang='lat' dir='ltr'><strong>credibile</strong></span> <span class='ocrx_word' id='word_1_511' title='bbox 2911 3054 3031 3111; x_wconf 90' lang='lat' dir='ltr'><strong>est;</strong></span> <span class='ocrx_word' id='word_1_512' title='bbox 3062 3059 3281 3100; x_wconf 87' lang='lat' dir='ltr'><strong>causam</strong></span> <span class='ocrx_word' id='word_1_513' title='bbox 3309 3043 3455 3097; x_wconf 86' lang='lat' dir='ltr'><strong>bane</strong></span> <span class='ocrx_word' id='word_1_514' title='bbox 3487 3040 3686 3096; x_wconf 86' lang='lat' dir='ltr'><strong>itineris</strong></span> 
     </span>
    </p>
   </div>
   <div class='ocr_carea' id='block_1_74' title="bbox 2116 3138 2927 3207">
    <p class='ocr_par' dir='ltr' id='par_1_74' title="bbox 2116 3138 2927 3207">
     <span class='ocr_line' id='line_1_74' title="bbox 2116 3138 2927 3207; baseline -0.002 -14"><span class='ocrx_word' id='word_1_515' title='bbox 2116 3138 2394 3205; x_wconf 85' lang='lat' dir='ltr'><strong>habuisse,</strong></span> <span class='ocrx_word' id='word_1_516' title='bbox 2419 3156 2526 3194; x_wconf 90' lang='lat' dir='ltr'><strong>non</strong></span> <span class='ocrx_word' id='word_1_517' title='bbox 2565 3140 2718 3194; x_wconf 88' lang='lat' dir='ltr'><strong>item.</strong></span> <span class='ocrx_word' id='word_1_518' title='bbox 2918 3198 2927 3207; x_wconf 30' lang='grc' dir='ltr'>κ</span> 
     </span>
    </p>
   </div>
   <div class='ocr_carea' id='block_1_75' title="bbox 2192 3227 3688 3303">
    <p class='ocr_par' dir='ltr' id='par_1_75' title="bbox 2192 3227 3688 3303">
     <span class='ocr_line' id='line_1_75' title="bbox 2192 3227 3688 3303; baseline -0.005 -17"><span class='ocrx_word' id='word_1_519' title='bbox 2192 3231 2280 3286; x_wconf 83' lang='grc' dir='ltr'><strong>ΧΙ.</strong></span> <span class='ocrx_word' id='word_1_520' title='bbox 2309 3232 2617 3303; x_wconf 80' lang='lat' dir='ltr'><strong>Digressum</strong></span> <span class='ocrx_word' id='word_1_521' title='bbox 2651 3232 2797 3295; x_wconf 88' lang='lat' dir='ltr'><strong>inde,</strong></span> <span class='ocrx_word' id='word_1_522' title='bbox 2852 3230 3063 3300; x_wconf 77' lang='lat' dir='ltr'><strong>Epheso</strong></span> <span class='ocrx_word' id='word_1_523' title='bbox 3095 3227 3377 3284; x_wconf 85' lang='lat' dir='ltr'><strong>trausiisse</strong></span> <span class='ocrx_word' id='word_1_524' title='bbox 3401 3242 3509 3282; x_wconf 89' lang='lat' dir='ltr'><strong>non</strong></span> <span class='ocrx_word' id='word_1_525' title='bbox 3560 3239 3688 3295; x_wconf 72' lang='lat' dir='ltr'><strong>pra:—</strong></span> 
     </span>
    </p>
   </div>
   <div class='ocr_carea' id='block_1_76' title="bbox 2120 3318 3687 3392">
    <p class='ocr_par' dir='ltr' id='par_1_76' title="bbox 2120 3318 3687 3392">
     <span class='ocr_line' id='line_1_76' title="bbox 2120 3318 3687 3392; baseline -0.008 -9"><span class='ocrx_word' id='word_1_526' title='bbox 2120 3340 2203 3383; x_wconf 88' lang='lat' dir='ltr'><strong>ter</strong></span> <span class='ocrx_word' id='word_1_527' title='bbox 2226 3327 2756 3383; x_wconf 87' lang='lat' dir='ltr'><strong>verisimilitudinem</strong></span> <span class='ocrx_word' id='word_1_528' title='bbox 2789 3325 2936 3380; x_wconf 87' lang='lat' dir='ltr'><strong>credi</strong></span> <span class='ocrx_word' id='word_1_529' title='bbox 2962 3333 3167 3392; x_wconf 88' lang='lat' dir='ltr'><strong>potest.</strong></span> <span class='ocrx_word' id='word_1_530' title='bbox 3197 3319 3401 3376; x_wconf 90' lang='lat' dir='ltr'><strong>Scribit</strong></span> <span class='ocrx_word' id='word_1_531' title='bbox 3432 3318 3687 3387; x_wconf 83' lang='lat' dir='ltr'><strong>siquidem</strong></span> 
     </span>
    </p>
   </div>
   <div class='ocr_carea' id='block_1_77' title="bbox 2118 3408 3691 3489">
    <p class='ocr_par' dir='ltr' id='par_1_77' title="bbox 2118 3408 3691 3489">
     <span class='ocr_line' id='line_1_77' title="bbox 2118 3408 3691 3489; baseline -0.008 -16"><span class='ocrx_word' id='word_1_532' title='bbox 2118 3416 2385 3489; x_wconf 75' lang='lat' dir='ltr'><strong>Origenes</strong></span> <span class='ocrx_word' id='word_1_533' title='bbox 2413 3418 2465 3471; x_wconf 90' lang='lat' dir='ltr'><strong>in</strong></span> <span class='ocrx_word' id='word_1_534' title='bbox 2490 3417 2719 3486; x_wconf 83' lang='lat' dir='ltr'><strong>epistola</strong></span> <span class='ocrx_word' id='word_1_535' title='bbox 2744 3415 2810 3470; x_wconf 90' lang='lat' dir='ltr'><strong>ad</strong></span> <span class='ocrx_word' id='word_1_536' title='bbox 2838 3415 3042 3469; x_wconf 83' lang='lat' dir='ltr'><strong>amicos</strong></span> <span class='ocrx_word' id='word_1_537' title='bbox 3057 3412 3479 3475; x_wconf 79' lang='lat' dir='ltr'><strong>Alexandrinos,</strong></span> <span class='ocrx_word' id='word_1_538' title='bbox 3518 3425 3578 3465; x_wconf 88' lang='lat' dir='ltr'><strong>se</strong></span> <span class='ocrx_word' id='word_1_539' title='bbox 3604 3408 3691 3462; x_wconf 84' lang='lat' dir='ltr'><strong>ali-</strong></span> 
     </span>
    </p>
   </div>
   <div class='ocr_carea' id='block_1_78' title="bbox 2119 3503 3681 3581">
    <p class='ocr_par' dir='ltr' id='par_1_78' title="bbox 2119 3503 3681 3581">
     <span class='ocr_line' id='line_1_78' title="bbox 2119 3503 3681 3581; baseline -0.004 -18"><span class='ocrx_word' id='word_1_540' title='bbox 2119 3512 2337 3581; x_wconf 84' lang='lat' dir='ltr'><strong>quando</strong></span> <span class='ocrx_word' id='word_1_541' title='bbox 2366 3509 2563 3578; x_wconf 86' lang='lat' dir='ltr'><strong>Ephesi</strong></span> <span class='ocrx_word' id='word_1_542' title='bbox 2611 3509 2662 3562; x_wconf 93' lang='lat' dir='ltr'><strong>in</strong></span> <span class='ocrx_word' id='word_1_543' title='bbox 2714 3507 3027 3563; x_wconf 65' lang='lat' dir='ltr'><strong>haereticum</strong></span> <span class='ocrx_word' id='word_1_544' title='bbox 3061 3506 3351 3575; x_wconf 88' lang='lat' dir='ltr'><strong>quemdam</strong></span> <span class='ocrx_word' id='word_1_545' title='bbox 3390 3503 3681 3566; x_wconf 86' lang='lat' dir='ltr'><strong>incidisse,</strong></span> 
     </span>
    </p>
   </div>
   <div class='ocr_carea' id='block_1_79' title="bbox 2120 3593 3689 3671">
    <p class='ocr_par' dir='ltr' id='par_1_79' title="bbox 2120 3593 3689 3671">
     <span class='ocr_line' id='line_1_79' title="bbox 2120 3593 3689 3671; baseline -0.006 -15"><span class='ocrx_word' id='word_1_546' title='bbox 2120 3602 2211 3671; x_wconf 90' lang='lat' dir='ltr'><strong>qui</strong></span> <span class='ocrx_word' id='word_1_547' title='bbox 2243 3617 2367 3656; x_wconf 90' lang='lat' dir='ltr'><strong>cum</strong></span> <span class='ocrx_word' id='word_1_548' title='bbox 2398 3615 2467 3656; x_wconf 86' lang='lat' dir='ltr'><strong>ne</strong></span> <span class='ocrx_word' id='word_1_549' title='bbox 2491 3603 2715 3655; x_wconf 88' lang='lat' dir='ltr'><strong>verbum</strong></span> <span class='ocrx_word' id='word_1_550' title='bbox 2744 3599 2960 3669; x_wconf 82' lang='lat' dir='ltr'><strong>quidem</strong></span> <span class='ocrx_word' id='word_1_551' title='bbox 3020 3612 3204 3653; x_wconf 87' lang='lat' dir='ltr'><strong>secum</strong></span> <span class='ocrx_word' id='word_1_552' title='bbox 3231 3595 3486 3652; x_wconf 89' lang='lat' dir='ltr'><strong>conferre</strong></span> <span class='ocrx_word' id='word_1_553' title='bbox 3531 3593 3689 3650; x_wconf 65' lang='lat' dir='ltr'><strong>sumi--</strong></span> 
     </span>
    </p>
   </div>
   <div class='ocr_carea' id='block_1_80' title="bbox 2120 3685 3686 3761">
    <p class='ocr_par' dir='ltr' id='par_1_80' title="bbox 2120 3685 3686 3761">
     <span class='ocr_line' id='line_1_80' title="bbox 2120 3685 3686 3761; baseline -0.005 -14"><span class='ocrx_word' id='word_1_554' title='bbox 2120 3693 2347 3757; x_wconf 88' lang='lat' dir='ltr'><strong>nuisset,</strong></span> <span class='ocrx_word' id='word_1_555' title='bbox 2383 3707 2442 3746; x_wconf 91' lang='lat' dir='ltr'><strong>se</strong></span> <span class='ocrx_word' id='word_1_556' title='bbox 2469 3701 2647 3745; x_wconf 83' lang='lat' dir='ltr'><strong>tamen</strong></span> <span class='ocrx_word' id='word_1_557' title='bbox 2678 3690 2804 3746; x_wconf 92' lang='lat' dir='ltr'><strong>inde</strong></span> <span class='ocrx_word' id='word_1_558' title='bbox 2832 3689 3077 3761; x_wconf 88' lang='lat' dir='ltr'><strong>profecto</strong></span> <span class='ocrx_word' id='word_1_559' title='bbox 3093 3687 3383 3743; x_wconf 79' lang='lat' dir='ltr'><strong>conﬁctam</strong></span> <span class='ocrx_word' id='word_1_560' title='bbox 3411 3685 3561 3741; x_wconf 68' lang='lat' dir='ltr'><strong>falsa:</strong></span> <span class='ocrx_word' id='word_1_561' title='bbox 3588 3685 3686 3739; x_wconf 83' lang='lat' dir='ltr'><strong>dis—</strong></span> 
     </span>
    </p>
   </div>
   <div class='ocr_carea' id='block_1_81' title="bbox 2120 3778 3686 3856">
    <p class='ocr_par' dir='ltr' id='par_1_81' title="bbox 2120 3778 3686 3856">
     <span class='ocr_line' id='line_1_81' title="bbox 2120 3778 3686 3856; baseline -0.004 -18"><span class='ocrx_word' id='word_1_562' title='bbox 2120 3784 2424 3856; x_wconf 89' lang='lat' dir='ltr'><strong>putationis</strong></span> <span class='ocrx_word' id='word_1_563' title='bbox 2473 3784 2760 3841; x_wconf 87' lang='lat' dir='ltr'><strong>historiam</strong></span> <span class='ocrx_word' id='word_1_564' title='bbox 2798 3782 3016 3838; x_wconf 89' lang='lat' dir='ltr'><strong>misisse</strong></span> <span class='ocrx_word' id='word_1_565' title='bbox 3051 3780 3117 3836; x_wconf 87' lang='lat' dir='ltr'><strong>ad</strong></span> <span class='ocrx_word' id='word_1_566' title='bbox 3143 3780 3466 3850; x_wconf 89' lang='lat' dir='ltr'><strong>discipulos,</strong></span> <span class='ocrx_word' id='word_1_567' title='bbox 3532 3778 3686 3833; x_wconf 79' lang='lat' dir='ltr'><strong>alius-</strong></span> 
     </span>
    </p>
   </div>
   <div class='ocr_carea' id='block_1_82' title="bbox 2121 3871 3684 3947">
    <p class='ocr_par' dir='ltr' id='par_1_82' title="bbox 2121 3871 3684 3947">
     <span class='ocr_line' id='line_1_82' title="bbox 2121 3871 3684 3947; baseline -0.006 -14"><span class='ocrx_word' id='word_1_568' title='bbox 2121 3893 2226 3947; x_wconf 90' lang='lat' dir='ltr'><strong>que</strong></span> <span class='ocrx_word' id='word_1_569' title='bbox 2261 3898 2274 3933; x_wconf 89' lang='lat'><strong>:</strong></span> <span class='ocrx_word' id='word_1_570' title='bbox 2303 3887 2501 3932; x_wconf 91' lang='lat' dir='ltr'><strong>ateum</strong></span> <span class='ocrx_word' id='word_1_571' title='bbox 2531 3876 2745 3931; x_wconf 89' lang='lat' dir='ltr'><strong>demum</strong></span> <span class='ocrx_word' id='word_1_572' title='bbox 2768 3875 3072 3931; x_wconf 63' lang='lat' dir='ltr'><strong>Antiochia</strong></span> <span class='ocrx_word' id='word_1_573' title='bbox 3094 3889 3262 3929; x_wconf 88' lang='lat' dir='ltr'><strong>vanos</strong></span> <span class='ocrx_word' id='word_1_574' title='bbox 3281 3872 3434 3928; x_wconf 69' lang='lat' dir='ltr'><strong>falsae</strong></span> <span class='ocrx_word' id='word_1_575' title='bbox 3459 3871 3684 3927; x_wconf 73' lang='lat' dir='ltr'><strong>victoria:</strong></span> 
     </span>
    </p>
   </div>
   <div class='ocr_carea' id='block_1_83' title="bbox 2122 3964 3681 4038">
    <p class='ocr_par' dir='ltr' id='par_1_83' title="bbox 2122 3964 3681 4038">
     <span class='ocr_line' id='line_1_83' title="bbox 2122 3964 3681 4038; baseline -0.004 -15"><span class='ocrx_word' id='word_1_576' title='bbox 2122 3982 2371 4024; x_wconf 87' lang='lat' dir='ltr'><strong>rumores</strong></span> <span class='ocrx_word' id='word_1_577' title='bbox 2404 3976 2775 4038; x_wconf 86' lang='lat' dir='ltr'><strong>spargentem,</strong></span> <span class='ocrx_word' id='word_1_578' title='bbox 2812 3976 3100 4036; x_wconf 88' lang='lat' dir='ltr'><strong>postquam</strong></span> <span class='ocrx_word' id='word_1_579' title='bbox 3149 3965 3277 4021; x_wconf 90' lang='lat' dir='ltr'><strong>illuc</strong></span> <span class='ocrx_word' id='word_1_580' title='bbox 3307 3964 3560 4028; x_wconf 87' lang='lat' dir='ltr'><strong>accessit,</strong></span> <span class='ocrx_word' id='word_1_581' title='bbox 3590 3978 3681 4034; x_wconf 68' lang='lat' dir='ltr'><strong>pa-</strong></span> 
     </span>
    </p>
   </div>
   <div class='ocr_carea' id='block_1_84' title="bbox 2122 4059 3677 4132">
    <p class='ocr_par' dir='ltr' id='par_1_84' title="bbox 2122 4059 3677 4132">
     <span class='ocr_line' id='line_1_84' title="bbox 2122 4059 3677 4132; baseline -0.004 -15"><span class='ocrx_word' id='word_1_582' title='bbox 2122 4061 2264 4117; x_wconf 88' lang='lat' dir='ltr'><strong>blice</strong></span> <span class='ocrx_word' id='word_1_583' title='bbox 2299 4061 2632 4132; x_wconf 82' lang='lat' dir='ltr'><strong>coarguisse,</strong></span> <span class='ocrx_word' id='word_1_584' title='bbox 2675 4061 3020 4130; x_wconf 88' lang='lat' dir='ltr'><strong>hominisque</strong></span> <span class='ocrx_word' id='word_1_585' title='bbox 3038 4060 3334 4114; x_wconf 84' lang='lat' dir='ltr'><strong>vanitatem</strong></span> <span class='ocrx_word' id='word_1_586' title='bbox 3365 4059 3677 4114; x_wconf 85' lang='lat' dir='ltr'><strong>confutasse.</strong></span> 
     </span>
    </p>
   </div>
   <div class='ocr_carea' id='block_1_85' title="bbox 2121 4151 3680 4225">
    <p class='ocr_par' dir='ltr' id='par_1_85' title="bbox 2121 4151 3680 4225">
     <span class='ocr_line' id='line_1_85' title="bbox 2121 4151 3680 4225; baseline -0.002 -17"><span class='ocrx_word' id='word_1_587' title='bbox 2121 4153 2177 4209; x_wconf 87' lang='lat' dir='ltr'><strong>1d</strong></span> <span class='ocrx_word' id='word_1_588' title='bbox 2212 4156 2257 4211; x_wconf 91' lang='lat' dir='ltr'><strong>si</strong></span> <span class='ocrx_word' id='word_1_589' title='bbox 2281 4155 2404 4225; x_wconf 89' lang='lat' dir='ltr'><strong>quis</strong></span> <span class='ocrx_word' id='word_1_590' title='bbox 2438 4165 2548 4209; x_wconf 87' lang='lat' dir='ltr'><strong>tum</strong></span> <span class='ocrx_word' id='word_1_591' title='bbox 2593 4156 2887 4225; x_wconf 82' lang='lat' dir='ltr'><strong>contigisse</strong></span> <span class='ocrx_word' id='word_1_592' title='bbox 2942 4153 3093 4218; x_wconf 86' lang='lat' dir='ltr'><strong>velit,</strong></span> <span class='ocrx_word' id='word_1_593' title='bbox 3145 4169 3268 4209; x_wconf 91' lang='lat' dir='ltr'><strong>cum</strong></span> <span class='ocrx_word' id='word_1_594' title='bbox 3322 4155 3415 4211; x_wconf 78' lang='lat' dir='ltr'><strong>vix</strong></span> <span class='ocrx_word' id='word_1_595' title='bbox 3446 4156 3499 4211; x_wconf 90' lang='lat' dir='ltr'><strong>in</strong></span> <span class='ocrx_word' id='word_1_596' title='bbox 3552 4151 3680 4208; x_wconf 85' lang='lat' dir='ltr'><strong>aliud</strong></span> 
     </span>
    </p>
   </div>
   <div class='ocr_carea' id='block_1_86' title="bbox 2125 4245 3679 4319">
    <p class='ocr_par' dir='ltr' id='par_1_86' title="bbox 2125 4245 3679 4319">
     <span class='ocr_line' id='line_1_86' title="bbox 2125 4245 3679 4319; baseline -0.005 -16"><span class='ocrx_word' id='word_1_597' title='bbox 2125 4258 2335 4317; x_wconf 89' lang='lat' dir='ltr'><strong>tempus</strong></span> <span class='ocrx_word' id='word_1_598' title='bbox 2389 4248 2540 4319; x_wconf 85' lang='lat' dir='ltr'><strong>rejici</strong></span> <span class='ocrx_word' id='word_1_599' title='bbox 2576 4249 2768 4318; x_wconf 91' lang='lat' dir='ltr'><strong>possit,</strong></span> <span class='ocrx_word' id='word_1_600' title='bbox 2803 4247 3000 4302; x_wconf 81' lang='lat' dir='ltr'><strong>favebo</strong></span> <span class='ocrx_word' id='word_1_601' title='bbox 3055 4245 3433 4314; x_wconf 68' lang='lat' dir='ltr'><strong>conjecturae:</strong></span> <span class='ocrx_word' id='word_1_602' title='bbox 3496 4246 3589 4303; x_wconf 81' lang='lat' dir='ltr'><strong>sed</strong></span> <span class='ocrx_word' id='word_1_603' title='bbox 3631 4251 3679 4298; x_wconf 80' lang='lat' dir='ltr'><strong>et</strong></span> 
     </span>
    </p>
   </div>
   <div class='ocr_carea' id='block_1_87' title="bbox 2124 4338 3681 4410">
    <p class='ocr_par' dir='ltr' id='par_1_87' title="bbox 2124 4338 3681 4410">
     <span class='ocr_line' id='line_1_87' title="bbox 2124 4338 3681 4410; baseline -0.004 -14"><span class='ocrx_word' id='word_1_604' title='bbox 2124 4341 2214 4396; x_wconf 89' lang='lat' dir='ltr'><strong>hic</strong></span> <span class='ocrx_word' id='word_1_605' title='bbox 2240 4355 2455 4410; x_wconf 84' lang='lat' dir='ltr'><strong>quoque</strong></span> <span class='ocrx_word' id='word_1_606' title='bbox 2497 4338 2764 4409; x_wconf 90' lang='lat' dir='ltr'><strong>judicium</strong></span> <span class='ocrx_word' id='word_1_607' title='bbox 2809 4355 2966 4395; x_wconf 88' lang='lat' dir='ltr'><strong>sumn</strong></span> <span class='ocrx_word' id='word_1_608' title='bbox 3025 4341 3126 4396; x_wconf 89' lang='lat' dir='ltr'><strong>sibi</strong></span> <span class='ocrx_word' id='word_1_609' title='bbox 3159 4338 3681 4409; x_wconf 78' lang='lat' dir='ltr'><strong>unusquisqueinte-</strong></span> 
     </span>
    </p>
   </div>
   <div class='ocr_carea' id='block_1_88' title="bbox 2122 4427 3685 4500">
    <p class='ocr_par' dir='ltr' id='par_1_88' title="bbox 2122 4427 3685 4500">
     <span class='ocr_line' id='line_1_88' title="bbox 2122 4427 3685 4500; baseline -0.001 -20"><span class='ocrx_word' id='word_1_610' title='bbox 2122 4443 2277 4499; x_wconf 89' lang='lat' dir='ltr'><strong>grum</strong></span> <span class='ocrx_word' id='word_1_611' title='bbox 2306 4428 2526 4493; x_wconf 83' lang='lat' dir='ltr'><strong>habeat,</strong></span> <span class='ocrx_word' id='word_1_612' title='bbox 2554 4443 2654 4483; x_wconf 91' lang='lat' dir='ltr'><strong>nec</strong></span> <span class='ocrx_word' id='word_1_613' title='bbox 2681 4444 2874 4483; x_wconf 88' lang='lat' dir='ltr'><strong>omnes</strong></span> <span class='ocrx_word' id='word_1_614' title='bbox 2913 4429 3058 4484; x_wconf 89' lang='lat' dir='ltr'><strong>enim</strong></span> <span class='ocrx_word' id='word_1_615' title='bbox 3103 4427 3358 4500; x_wconf 86' lang='lat' dir='ltr'><strong>Origenis</strong></span> <span class='ocrx_word' id='word_1_616' title='bbox 3390 4428 3685 4498; x_wconf 78' lang='lat' dir='ltr'><strong>peregrina-</strong></span> 
     </span>
    </p>
   </div>
   <div class='ocr_carea' id='block_1_89' title="bbox 2126 4517 3685 4586">
    <p class='ocr_par' dir='ltr' id='par_1_89' title="bbox 2126 4517 3685 4586">
     <span class='ocr_line' id='line_1_89' title="bbox 2126 4517 3685 4586; baseline -0.001 -14"><span class='ocrx_word' id='word_1_617' title='bbox 2126 4519 2304 4573; x_wconf 81' lang='lat' dir='ltr'><strong>tiones</strong></span> <span class='ocrx_word' id='word_1_618' title='bbox 2350 4519 2551 4573; x_wconf 90' lang='lat' dir='ltr'><strong>litteris</strong></span> <span class='ocrx_word' id='word_1_619' title='bbox 2583 4518 2754 4575; x_wconf 78' lang='lat' dir='ltr'><strong>l‘uisse</strong></span> <span class='ocrx_word' id='word_1_620' title='bbox 2805 4518 3030 4574; x_wconf 88' lang='lat' dir='ltr'><strong>traditas</strong></span> <span class='ocrx_word' id='word_1_621' title='bbox 3077 4519 3361 4586; x_wconf 73' lang='lat' dir='ltr'><strong>existimo,</strong></span> <span class='ocrx_word' id='word_1_622' title='bbox 3415 4534 3537 4575; x_wconf 91' lang='lat' dir='ltr'><strong>cum</strong></span> <span class='ocrx_word' id='word_1_623' title='bbox 3583 4517 3685 4586; x_wconf 83' lang='lat' dir='ltr'><strong>ipse</strong></span> 
     </span>
    </p>
   </div>
   <div class='ocr_carea' id='block_1_90' title="bbox 443 4605 3686 4696">
    <p class='ocr_par' dir='ltr' id='par_1_90' title="bbox 443 4605 3686 4696">
     <span class='ocr_line' id='line_1_90' title="bbox 443 4605 3686 4696; baseline -0.001 -34"><span class='ocrx_word' id='word_1_624' title='bbox 443 4607 678 4675; x_wconf 84' lang='lat' dir='ltr'><strong>phanins</strong></span> <span class='ocrx_word' id='word_1_625' title='bbox 695 4608 828 4662; x_wconf 83' lang='lat' dir='ltr'><strong>haer.</strong></span> <span class='ocrx_word' id='word_1_626' title='bbox 855 4608 944 4669; x_wconf 66' lang='lat'><strong>64.</strong></span> <span class='ocrx_word' id='word_1_627' title='bbox 977 4624 1097 4679; x_wconf 88' lang='lat' dir='ltr'><strong>cap.</strong></span> <span class='ocrx_word' id='word_1_628' title='bbox 1128 4608 1178 4675; x_wconf 90' lang='lat' dir='ltr'><strong>l,</strong></span> <span class='ocrx_word' id='word_1_629' title='bbox 1200 4619 1252 4665; x_wconf 93' lang='lat' dir='ltr'><strong>et</strong></span> <span class='ocrx_word' id='word_1_630' title='bbox 1278 4609 1499 4665; x_wconf 85' lang='lat' dir='ltr'><strong>Nicetas</strong></span> <span class='ocrx_word' id='word_1_631' title='bbox 1548 4608 1806 4664; x_wconf 82' lang='lat' dir='ltr'><strong>Thesanr.</strong></span> <span class='ocrx_word' id='word_1_632' title='bbox 1840 4612 2021 4665; x_wconf 78' lang='lat' dir='ltr'><strong>ortho-</strong></span> <span class='ocrx_word' id='word_1_633' title='bbox 2054 4640 2097 4696; x_wconf 68' lang='grc' dir='ltr'><strong>ι)</strong></span> <span class='ocrx_word' id='word_1_634' title='bbox 2128 4607 2431 4674; x_wconf 66' lang='lat' dir='ltr'><strong>praesertim</strong></span> <span class='ocrx_word' id='word_1_635' title='bbox 2478 4605 2680 4662; x_wconf 88' lang='lat' dir='ltr'><strong>alicubi</strong></span> <span class='ocrx_word' id='word_1_636' title='bbox 2719 4619 2778 4661; x_wconf 89' lang='lat' dir='ltr'><strong>se</strong></span> <span class='ocrx_word' id='word_1_637' title='bbox 2816 4606 2984 4660; x_wconf 88' lang='lat' dir='ltr'><strong>multa</strong></span> <span class='ocrx_word' id='word_1_638' title='bbox 3017 4615 3178 4661; x_wconf 73' lang='lat' dir='ltr'><strong>terra:</strong></span> <span class='ocrx_word' id='word_1_639' title='bbox 3211 4605 3328 4661; x_wconf 89' lang='lat' dir='ltr'><strong>loca</strong></span> <span class='ocrx_word' id='word_1_640' title='bbox 3385 4616 3686 4677; x_wconf 77' lang='lat' dir='ltr'><strong>peragrasse</strong></span> 
     </span>
    </p>
   </div>
   <div class='ocr_carea' id='block_1_91' title="bbox 444 4700 2020 4771">
    <p class='ocr_par' dir='ltr' id='par_1_91' title="bbox 444 4700 2020 4771">
     <span class='ocr_line' id='line_1_91' title="bbox 444 4700 2020 4771; baseline 0.002 -16"><span class='ocrx_word' id='word_1_641' title='bbox 444 4700 601 4757; x_wconf 77' lang='lat' dir='ltr'><strong>doxre</strong></span> <span class='ocrx_word' id='word_1_642' title='bbox 638 4700 763 4771; x_wconf 75' lang='lat' dir='ltr'><strong>ﬁdei</strong></span> <span class='ocrx_word' id='word_1_643' title='bbox 813 4702 908 4756; x_wconf 91' lang='lat' dir='ltr'><strong>lib.</strong></span> <span class='ocrx_word' id='word_1_644' title='bbox 943 4717 1016 4767; x_wconf 85' lang='lat' dir='ltr'><strong>tv,</strong></span> <span class='ocrx_word' id='word_1_645' title='bbox 1050 4702 1247 4759; x_wconf 67' lang='lat' dir='ltr'><strong>haeres.</strong></span> <span class='ocrx_word' id='word_1_646' title='bbox 1283 4703 1374 4769; x_wconf 75' lang='grc'><strong>31,</strong></span> <span class='ocrx_word' id='word_1_647' title='bbox 1401 4712 1457 4758; x_wconf 94' lang='lat' dir='ltr'><strong>et</strong></span> <span class='ocrx_word' id='word_1_648' title='bbox 1487 4703 1593 4758; x_wconf 91' lang='lat' dir='ltr'><strong>huc</strong></span> <span class='ocrx_word' id='word_1_649' title='bbox 1622 4704 1905 4758; x_wconf 92' lang='lat' dir='ltr'><strong>commode</strong></span> <span class='ocrx_word' id='word_1_650' title='bbox 1933 4719 2020 4758; x_wconf 85' lang='lat' dir='ltr'><strong>re-</strong></span> 
     </span>
    </p>
   </div>
   <div class='ocr_carea' id='block_1_92' title="bbox 445 4788 2020 4863">
    <p class='ocr_par' dir='ltr' id='par_1_92' title="bbox 445 4788 2020 4863">
     <span class='ocr_line' id='line_1_92' title="bbox 445 4788 2020 4863; baseline -0.001 -18"><span class='ocrx_word' id='word_1_651' title='bbox 445 4789 576 4845; x_wconf 89' lang='lat' dir='ltr'><strong>ferri</strong></span> <span class='ocrx_word' id='word_1_652' title='bbox 618 4792 843 4863; x_wconf 82' lang='lat' dir='ltr'><strong>potest),</strong></span> <span class='ocrx_word' id='word_1_653' title='bbox 877 4801 962 4845; x_wconf 90' lang='lat' dir='ltr'><strong>sat</strong></span> <span class='ocrx_word' id='word_1_654' title='bbox 1013 4791 1229 4860; x_wconf 76' lang='lat' dir='ltr'><strong>longum</strong></span> <span class='ocrx_word' id='word_1_655' title='bbox 1261 4801 1476 4861; x_wconf 89' lang='lat' dir='ltr'><strong>tempus</strong></span> <span class='ocrx_word' id='word_1_656' title='bbox 1504 4789 1799 4848; x_wconf 88' lang='lat' dir='ltr'><strong>contritum</strong></span> <span class='ocrx_word' id='word_1_657' title='bbox 1852 4788 2020 4844; x_wconf 88' lang='lat' dir='ltr'><strong>fuisse</strong></span> 
     </span>
    </p>
   </div>
   <div class='ocr_carea' id='block_1_93' title="bbox 445 4879 2017 4941">
    <p class='ocr_par' dir='ltr' id='par_1_93' title="bbox 445 4879 2017 4941">
     <span class='ocr_line' id='line_1_93' title="bbox 445 4879 2017 4941; baseline 0.001 -5"><span class='ocrx_word' id='word_1_658' title='bbox 445 4897 667 4939; x_wconf 88' lang='lat' dir='ltr'><strong>necesse</strong></span> <span class='ocrx_word' id='word_1_659' title='bbox 688 4892 790 4939; x_wconf 88' lang='lat' dir='ltr'><strong>est.</strong></span> <span class='ocrx_word' id='word_1_660' title='bbox 824 4882 936 4939; x_wconf 86' lang='lat' dir='ltr'><strong>Nec</strong></span> <span class='ocrx_word' id='word_1_661' title='bbox 980 4897 1161 4938; x_wconf 75' lang='lat' dir='ltr'><strong>causa:</strong></span> <span class='ocrx_word' id='word_1_662' title='bbox 1188 4891 1271 4939; x_wconf 89' lang='lat' dir='ltr'><strong>est</strong></span> <span class='ocrx_word' id='word_1_663' title='bbox 1322 4896 1419 4938; x_wconf 90' lang='lat' dir='ltr'><strong>cur</strong></span> <span class='ocrx_word' id='word_1_664' title='bbox 1449 4896 1519 4941; x_wconf 74' lang='lat' dir='ltr'><strong>ex</strong></span> <span class='ocrx_word' id='word_1_665' title='bbox 1550 4881 1650 4936; x_wconf 90' lang='lat' dir='ltr'><strong>hac</strong></span> <span class='ocrx_word' id='word_1_666' title='bbox 1704 4879 2017 4938; x_wconf 89' lang='lat' dir='ltr'><strong>scholarum</strong></span> 
     </span>
    </p>
   </div>
   <div class='ocr_carea' id='block_1_94' title="bbox 545 5041 1783 5115">
    <p class='ocr_par' dir='ltr' id='par_1_94' title="bbox 545 5041 1783 5115">
     <span class='ocr_line' id='line_1_94' title="bbox 545 5041 1783 5115; baseline 0 -16"><span class='ocrx_word' id='word_1_667' title='bbox 545 5045 637 5115; x_wconf 73' lang='grc'><strong>48)</strong></span> <span class='ocrx_word' id='word_1_668' title='bbox 674 5044 900 5115; x_wconf 67' lang='lat' dir='ltr'><strong>Euseb,</strong></span> <span class='ocrx_word' id='word_1_669' title='bbox 944 5041 1089 5115; x_wconf 83' lang='lat' dir='ltr'><strong>Hist.</strong></span> <span class='ocrx_word' id='word_1_670' title='bbox 1122 5044 1275 5111; x_wconf 85' lang='lat' dir='ltr'><strong>ecel.,</strong></span> <span class='ocrx_word' id='word_1_671' title='bbox 1313 5043 1407 5099; x_wconf 87' lang='lat' dir='ltr'><strong>lib.</strong></span> <span class='ocrx_word' id='word_1_672' title='bbox 1437 5058 1511 5107; x_wconf 84' lang='lat' dir='ltr'><strong>vt,</strong></span> <span class='ocrx_word' id='word_1_673' title='bbox 1540 5060 1663 5115; x_wconf 88' lang='lat' dir='ltr'><strong>cap.</strong></span> <span class='ocrx_word' id='word_1_674' title='bbox 1688 5044 1783 5099; x_wconf 72' lang='lat'><strong>23.</strong></span> 
     </span>
    </p>
   </div>
   <div class='ocr_carea' id='block_1_95' title="bbox 547 5113 2033 5184">
    <p class='ocr_par' dir='ltr' id='par_1_95' title="bbox 547 5113 2033 5184">
     <span class='ocr_line' id='line_1_95' title="bbox 547 5113 2033 5184; baseline -0.003 -13"><span class='ocrx_word' id='word_1_675' title='bbox 547 5113 639 5184; x_wconf 69' lang='grc'><strong>49)</strong></span> <span class='ocrx_word' id='word_1_676' title='bbox 673 5113 743 5169; x_wconf 87' lang='lat' dir='ltr'><strong>Ut</strong></span> <span class='ocrx_word' id='word_1_677' title='bbox 780 5114 1167 5177; x_wconf 82' lang='lat' dir='ltr'><strong>Nicopolitana:</strong></span> <span class='ocrx_word' id='word_1_678' title='bbox 1195 5115 1442 5169; x_wconf 84' lang='lat' dir='ltr'><strong>editionis</strong></span> <span class='ocrx_word' id='word_1_679' title='bbox 1472 5113 1614 5169; x_wconf 83' lang='lat' dir='ltr'><strong>circa</strong></span> <span class='ocrx_word' id='word_1_680' title='bbox 1643 5117 1755 5169; x_wconf 77' lang='grc' dir='ltr'><strong><em>Ιιιεο</em></strong></span> <span class='ocrx_word' id='word_1_681' title='bbox 1798 5124 2033 5184; x_wconf 84' lang='lat' dir='ltr'><strong>tempora</strong></span> 
     </span>
    </p>
   </div>
   <div class='ocr_carea' id='block_1_96' title="bbox 454 5184 2021 5253">
    <p class='ocr_par' dir='ltr' id='par_1_96' title="bbox 454 5184 2021 5253">
     <span class='ocr_line' id='line_1_96' title="bbox 454 5184 2021 5253; baseline -0.003 -11"><span class='ocrx_word' id='word_1_682' title='bbox 454 5198 693 5253; x_wconf 67' lang='lat' dir='ltr'><strong>reperire.</strong></span> <span class='ocrx_word' id='word_1_683' title='bbox 736 5185 923 5240; x_wconf 75' lang='lat' dir='ltr'><strong>Refert</strong></span> <span class='ocrx_word' id='word_1_684' title='bbox 967 5184 1233 5240; x_wconf 86' lang='lat' dir='ltr'><strong>Eusebius</strong></span> <span class='ocrx_word' id='word_1_685' title='bbox 1273 5184 1415 5240; x_wconf 79' lang='lat' dir='ltr'><strong>Hist.</strong></span> <span class='ocrx_word' id='word_1_686' title='bbox 1478 5187 1575 5241; x_wconf 90' lang='lat' dir='ltr'><strong>lib.</strong></span> <span class='ocrx_word' id='word_1_687' title='bbox 1631 5200 1702 5248; x_wconf 84' lang='lat' dir='ltr'><strong>vt,</strong></span> <span class='ocrx_word' id='word_1_688' title='bbox 1756 5199 1877 5253; x_wconf 87' lang='lat' dir='ltr'><strong>cap.</strong></span> <span class='ocrx_word' id='word_1_689' title='bbox 1922 5184 2021 5249; x_wconf 69' lang='lat'><strong>16,</strong></span> 
     </span>
    </p>
   </div>
   <div class='ocr_carea' id='block_1_97' title="bbox 455 5255 2031 5326">
    <p class='ocr_par' dir='ltr' id='par_1_97' title="bbox 455 5255 2031 5326">
     <span class='ocr_line' id='line_1_97' title="bbox 455 5255 2031 5326; baseline -0.003 -15"><span class='ocrx_word' id='word_1_690' title='bbox 455 5272 616 5314; x_wconf 84' lang='lat' dir='ltr'><strong>unam</strong></span> <span class='ocrx_word' id='word_1_691' title='bbox 645 5270 710 5310; x_wconf 79' lang='lat' dir='ltr'><strong>ex</strong></span> <span class='ocrx_word' id='word_1_692' title='bbox 741 5257 914 5311; x_wconf 89' lang='lat' dir='ltr'><strong>tribus</strong></span> <span class='ocrx_word' id='word_1_693' title='bbox 949 5256 1237 5326; x_wconf 86' lang='lat' dir='ltr'><strong>anonymis</strong></span> <span class='ocrx_word' id='word_1_694' title='bbox 1265 5255 1564 5326; x_wconf 72' lang='lat' dir='ltr'><strong>Scriptum</strong></span> <span class='ocrx_word' id='word_1_695' title='bbox 1624 5256 2031 5326; x_wconf 83' lang='lat' dir='ltr'><strong>interpretatio-</strong></span> 
     </span>
    </p>
   </div>
   <div class='ocr_carea' id='block_1_98' title="bbox 453 5323 2032 5394">
    <p class='ocr_par' dir='ltr' id='par_1_98' title="bbox 453 5323 2032 5394">
     <span class='ocr_line' id='line_1_98' title="bbox 453 5323 2032 5394; baseline -0.002 -13"><span class='ocrx_word' id='word_1_696' title='bbox 453 5327 620 5381; x_wconf 86' lang='lat' dir='ltr'><strong>nibus</strong></span> <span class='ocrx_word' id='word_1_697' title='bbox 659 5326 862 5394; x_wconf 91' lang='lat' dir='ltr'><strong>quibus</strong></span> <span class='ocrx_word' id='word_1_698' title='bbox 903 5327 957 5380; x_wconf 91' lang='lat' dir='ltr'><strong>in</strong></span> <span class='ocrx_word' id='word_1_699' title='bbox 995 5323 1254 5393; x_wconf 58' lang='lat' dir='ltr'><strong>Heiaplis</strong></span> <span class='ocrx_word' id='word_1_700' title='bbox 1283 5323 1414 5380; x_wconf 79' lang='lat' dir='ltr'><strong>usus</strong></span> <span class='ocrx_word' id='word_1_701' title='bbox 1444 5337 1530 5383; x_wconf 90' lang='lat' dir='ltr'><strong>est</strong></span> <span class='ocrx_word' id='word_1_702' title='bbox 1558 5323 1841 5394; x_wconf 83' lang='lat' dir='ltr'><strong>Origenes,</strong></span> <span class='ocrx_word' id='word_1_703' title='bbox 1875 5324 2032 5378; x_wconf 77' lang='lat' dir='ltr'><strong>Nico-</strong></span> 
     </span>
    </p>
   </div>
   <div class='ocr_carea' id='block_1_99' title="bbox 452 5394 2028 5466">
    <p class='ocr_par' dir='ltr' id='par_1_99' title="bbox 452 5394 2028 5466">
     <span class='ocr_line' id='line_1_99' title="bbox 452 5394 2028 5466; baseline -0.002 -15"><span class='ocrx_word' id='word_1_704' title='bbox 452 5398 562 5466; x_wconf 92' lang='lat' dir='ltr'><strong>poli</strong></span> <span class='ocrx_word' id='word_1_705' title='bbox 584 5397 740 5466; x_wconf 75' lang='lat' dir='ltr'><strong>juxta</strong></span> <span class='ocrx_word' id='word_1_706' title='bbox 763 5398 978 5451; x_wconf 90' lang='lat' dir='ltr'><strong>Actium</strong></span> <span class='ocrx_word' id='word_1_707' title='bbox 1012 5396 1179 5451; x_wconf 83' lang='lat' dir='ltr'><strong>fuisse</strong></span> <span class='ocrx_word' id='word_1_708' title='bbox 1211 5397 1509 5462; x_wconf 88' lang='lat' dir='ltr'><strong>iuventam,</strong></span> <span class='ocrx_word' id='word_1_709' title='bbox 1542 5398 1634 5452; x_wconf 90' lang='lat' dir='ltr'><strong>sed</strong></span> <span class='ocrx_word' id='word_1_710' title='bbox 1663 5410 1910 5465; x_wconf 64' lang='lat' dir='ltr'><strong>quianam</strong></span> <span class='ocrx_word' id='word_1_711' title='bbox 1940 5394 2028 5448; x_wconf 85' lang='lat' dir='ltr'><strong>illa</strong></span> 
     </span>
    </p>
   </div>
   <div class='ocr_carea' id='block_1_100' title="bbox 452 5466 2030 5593">
    <p class='ocr_par' dir='ltr' id='par_1_100' title="bbox 452 5466 2030 5593">
     <span class='ocr_line' id='line_1_100' title="bbox 452 5466 2024 5536; baseline -0.003 -15"><span class='ocrx_word' id='word_1_712' title='bbox 452 5468 549 5528; x_wconf 87' lang='lat' dir='ltr'><strong>sit,</strong></span> <span class='ocrx_word' id='word_1_713' title='bbox 581 5483 649 5521; x_wconf 86' lang='lat' dir='ltr'><strong>an</strong></span> <span class='ocrx_word' id='word_1_714' title='bbox 692 5467 899 5536; x_wconf 85' lang='lat' dir='ltr'><strong>quinta,</strong></span> <span class='ocrx_word' id='word_1_715' title='bbox 941 5482 1009 5521; x_wconf 87' lang='lat' dir='ltr'><strong>an</strong></span> <span class='ocrx_word' id='word_1_716' title='bbox 1057 5475 1236 5531; x_wconf 79' lang='lat' dir='ltr'><strong>sexta,</strong></span> <span class='ocrx_word' id='word_1_717' title='bbox 1269 5476 1325 5520; x_wconf 91' lang='lat' dir='ltr'><strong>et</strong></span> <span class='ocrx_word' id='word_1_718' title='bbox 1353 5482 1463 5536; x_wconf 89' lang='lat' dir='ltr'><strong>quo</strong></span> <span class='ocrx_word' id='word_1_719' title='bbox 1505 5478 1748 5534; x_wconf 88' lang='lat' dir='ltr'><strong>tempore</strong></span> <span class='ocrx_word' id='word_1_720' title='bbox 1782 5466 2024 5529; x_wconf 89' lang='lat' dir='ltr'><strong>iuventa,</strong></span> 
     </span>
     <span class='ocr_line' id='line_1_101' title="bbox 452 5535 2030 5593; baseline -0.002 0"><span class='ocrx_word' id='word_1_721' title='bbox 452 5552 560 5593; x_wconf 88' lang='lat' dir='ltr'><strong>non</strong></span> <span class='ocrx_word' id='word_1_722' title='bbox 591 5536 833 5592; x_wconf 85' lang='lat' dir='ltr'><strong>adnotat.</strong></span> <span class='ocrx_word' id='word_1_723' title='bbox 857 5540 1064 5593; x_wconf 85' lang='lat' dir='ltr'><strong>Auctor</strong></span> <span class='ocrx_word' id='word_1_724' title='bbox 1089 5535 1388 5593; x_wconf 79' lang='lat' dir='ltr'><strong>Sunouseos</strong></span> <span class='ocrx_word' id='word_1_725' title='bbox 1430 5537 1574 5593; x_wconf 90' lang='lat' dir='ltr'><strong>inter</strong></span> <span class='ocrx_word' id='word_1_726' title='bbox 1606 5551 1768 5593; x_wconf 85' lang='lat' dir='ltr'><strong>onera</strong></span> <span class='ocrx_word' id='word_1_727' title='bbox 1796 5536 2030 5590; x_wconf 82' lang='lat' dir='ltr'><strong>Athana-</strong></span> 
     </span>
    </p>
   </div>
   <div class='ocr_carea' id='block_1_101' title="bbox 452 5552 2028 5677">
    <p class='ocr_par' dir='ltr' id='par_1_101' title="bbox 452 5552 2028 5677">
     <span class='ocr_line' id='line_1_102' title="bbox 452 5552 2028 5608; baseline -0.002 -15"><span class='ocrx_word' id='word_1_728' title='bbox 452 5552 560 5593; x_wconf 87' lang='lat' dir='ltr'><strong>non</strong></span> <span class='ocrx_word' id='word_1_729' title='bbox 591 5552 833 5592; x_wconf 78' lang='lat' dir='ltr'><strong>adnotat.</strong></span> <span class='ocrx_word' id='word_1_730' title='bbox 857 5552 1064 5593; x_wconf 78' lang='lat' dir='ltr'><strong>Auctor</strong></span> <span class='ocrx_word' id='word_1_731' title='bbox 1089 5552 1388 5608; x_wconf 70' lang='lat' dir='ltr'><strong>eynopseos</strong></span> <span class='ocrx_word' id='word_1_732' title='bbox 1430 5552 1574 5593; x_wconf 85' lang='lat' dir='ltr'><strong>tuter</strong></span> <span class='ocrx_word' id='word_1_733' title='bbox 1606 5552 1768 5605; x_wconf 86' lang='lat' dir='ltr'><strong>opera</strong></span> <span class='ocrx_word' id='word_1_734' title='bbox 1796 5552 2028 5590; x_wconf 71' lang='lat' dir='ltr'><strong>amana-</strong></span> 
     </span>
     <span class='ocr_line' id='line_1_103' title="bbox 453 5606 2028 5677; baseline -0.001 -16"><span class='ocrx_word' id='word_1_735' title='bbox 453 5607 814 5677; x_wconf 65' lang='lat' dir='ltr'><strong>siauacnsae,</strong></span> <span class='ocrx_word' id='word_1_736' title='bbox 851 5616 906 5662; x_wconf 90' lang='lat' dir='ltr'><strong>et</strong></span> <span class='ocrx_word' id='word_1_737' title='bbox 934 5606 1273 5676; x_wconf 87' lang='lat' dir='ltr'><strong>Epiphanius</strong></span> <span class='ocrx_word' id='word_1_738' title='bbox 1297 5607 1394 5660; x_wconf 91' lang='lat' dir='ltr'><strong>lib.</strong></span> <span class='ocrx_word' id='word_1_739' title='bbox 1449 5607 1527 5661; x_wconf 87' lang='lat' dir='ltr'><strong>De</strong></span> <span class='ocrx_word' id='word_1_740' title='bbox 1564 5607 1728 5677; x_wconf 10' lang='lat' dir='ltr'><strong>pandi.</strong></span> <span class='ocrx_word' id='word_1_741' title='bbox 1766 5614 1816 5659; x_wconf 88' lang='lat' dir='ltr'><strong>et</strong></span> <span class='ocrx_word' id='word_1_742' title='bbox 1863 5621 2028 5659; x_wconf 84' lang='lat' dir='ltr'><strong>mens.</strong></span> 
     </span>
    </p>
   </div>
   <div class='ocr_carea' id='block_1_102' title="bbox 2127 4694 3686 4766">
    <p class='ocr_par' dir='ltr' id='par_1_102' title="bbox 2127 4694 3686 4766">
     <span class='ocr_line' id='line_1_104' title="bbox 2127 4694 3686 4766; baseline -0.004 -16"><span class='ocrx_word' id='word_1_743' title='bbox 2127 4698 2337 4751; x_wconf 88' lang='lat' dir='ltr'><strong>doceat.</strong></span> <span class='ocrx_word' id='word_1_744' title='bbox 2369 4696 2504 4762; x_wconf 71' lang='lat' dir='ltr'><strong>Qua:</strong></span> <span class='ocrx_word' id='word_1_745' title='bbox 2532 4695 2640 4751; x_wconf 87' lang='lat' dir='ltr'><strong>hoc</strong></span> <span class='ocrx_word' id='word_1_746' title='bbox 2670 4709 2799 4766; x_wconf 81' lang='lat' dir='ltr'><strong>ergo</strong></span> <span class='ocrx_word' id='word_1_747' title='bbox 2825 4695 2964 4761; x_wconf 91' lang='lat' dir='ltr'><strong>locu,</strong></span> <span class='ocrx_word' id='word_1_748' title='bbox 2991 4706 3046 4750; x_wconf 90' lang='lat' dir='ltr'><strong>et</strong></span> <span class='ocrx_word' id='word_1_749' title='bbox 3074 4695 3203 4750; x_wconf 87' lang='lat' dir='ltr'><strong>alibi</strong></span> <span class='ocrx_word' id='word_1_750' title='bbox 3234 4697 3439 4765; x_wconf 88' lang='lat' dir='ltr'><strong>passim</strong></span> <span class='ocrx_word' id='word_1_751' title='bbox 3460 4694 3686 4750; x_wconf 80' lang='lat' dir='ltr'><strong>dubitau-</strong></span> 
     </span>
    </p>
   </div>
   <div class='ocr_carea' id='block_1_103' title="bbox 2129 4785 3682 4857">
    <p class='ocr_par' dir='ltr' id='par_1_103' title="bbox 2129 4785 3682 4857">
     <span class='ocr_line' id='line_1_105' title="bbox 2129 4785 3682 4857; baseline -0.005 -15"><span class='ocrx_word' id='word_1_752' title='bbox 2129 4797 2211 4842; x_wconf 89' lang='lat' dir='ltr'><strong>ter</strong></span> <span class='ocrx_word' id='word_1_753' title='bbox 2234 4795 2616 4857; x_wconf 87' lang='lat' dir='ltr'><strong>proponuntur</strong></span> <span class='ocrx_word' id='word_1_754' title='bbox 2637 4802 2666 4840; x_wconf 89' lang='lat' dir='ltr'><strong>a</strong></span> <span class='ocrx_word' id='word_1_755' title='bbox 2691 4788 2869 4852; x_wconf 90' lang='lat' dir='ltr'><strong>uobis,</strong></span> <span class='ocrx_word' id='word_1_756' title='bbox 2894 4788 2975 4842; x_wconf 90' lang='lat' dir='ltr'><strong>sic</strong></span> <span class='ocrx_word' id='word_1_757' title='bbox 2990 4786 3161 4841; x_wconf 91' lang='lat' dir='ltr'><strong>lector</strong></span> <span class='ocrx_word' id='word_1_758' title='bbox 3183 4785 3423 4854; x_wconf 85' lang='lat' dir='ltr'><strong>accipiat</strong></span> <span class='ocrx_word' id='word_1_759' title='bbox 3446 4794 3682 4853; x_wconf 76' lang='lat' dir='ltr'><strong>tanquam</strong></span> 
     </span>
    </p>
   </div>
   <div class='ocr_carea' id='block_1_104' title="bbox 2130 4873 3682 4951">
    <p class='ocr_par' dir='ltr' id='par_1_104' title="bbox 2130 4873 3682 4951">
     <span class='ocr_line' id='line_1_106' title="bbox 2130 4873 3682 4951; baseline -0.008 -16"><span class='ocrx_word' id='word_1_760' title='bbox 2130 4894 2311 4935; x_wconf 89' lang='lat' dir='ltr'><strong>meras</strong></span> <span class='ocrx_word' id='word_1_761' title='bbox 2331 4879 2696 4951; x_wconf 86' lang='lat' dir='ltr'><strong>conjecturas,</strong></span> <span class='ocrx_word' id='word_1_762' title='bbox 2725 4879 2929 4951; x_wconf 86' lang='lat' dir='ltr'><strong>aliqua,</strong></span> <span class='ocrx_word' id='word_1_763' title='bbox 2968 4880 3012 4935; x_wconf 80' lang='lat' dir='ltr'><strong>si</strong></span> <span class='ocrx_word' id='word_1_764' title='bbox 3038 4877 3200 4944; x_wconf 82' lang='lat' dir='ltr'><strong>forte,</strong></span> <span class='ocrx_word' id='word_1_765' title='bbox 3231 4873 3682 4933; x_wconf 82' lang='lat' dir='ltr'><strong>verisimilitudine</strong></span> 
     </span>
    </p>
   </div>
   <div class='ocr_carea' id='block_1_105' title="bbox 2131 5030 3681 5110">
    <p class='ocr_par' dir='ltr' id='par_1_105' title="bbox 2131 5030 3681 5110">
     <span class='ocr_line' id='line_1_107' title="bbox 2131 5030 3681 5110; baseline -0.009 -12"><span class='ocrx_word' id='word_1_766' title='bbox 2131 5043 2534 5110; x_wconf 87' lang='lat' dir='ltr'><strong>constet_aliam</strong></span> <span class='ocrx_word' id='word_1_767' title='bbox 2566 5058 2629 5097; x_wconf 81' lang='lat' dir='ltr'><strong>ex</strong></span> <span class='ocrx_word' id='word_1_768' title='bbox 2659 5040 2743 5096; x_wconf 86' lang='lat' dir='ltr'><strong>his</strong></span> <span class='ocrx_word' id='word_1_769' title='bbox 2777 5038 3107 5110; x_wconf 81' lang='lat' dir='ltr'><strong>editionihus</strong></span> <span class='ocrx_word' id='word_1_770' title='bbox 3148 5035 3500 5110; x_wconf 73' lang='lat' dir='ltr'><strong>Hieriehuute</strong></span> <span class='ocrx_word' id='word_1_771' title='bbox 3527 5030 3681 5110; x_wconf 57' lang='lat' dir='ltr'><strong>fuisse</strong></span> 
     </span>
    </p>
   </div>
   <div class='ocr_carea' id='block_1_106' title="bbox 2133 5102 3683 5186">
    <p class='ocr_par' dir='ltr' id='par_1_106' title="bbox 2133 5102 3683 5186">
     <span class='ocr_line' id='line_1_108' title="bbox 2133 5102 3683 5186; baseline -0.011 -17"><span class='ocrx_word' id='word_1_772' title='bbox 2133 5104 2400 5186; x_wconf 74' lang='lat' dir='ltr'><strong>repertam</strong></span> <span class='ocrx_word' id='word_1_773' title='bbox 2426 5114 2762 5183; x_wconf 88' lang='lat' dir='ltr'><strong>temporibus</strong></span> <span class='ocrx_word' id='word_1_774' title='bbox 2792 5109 3106 5186; x_wconf 50' lang='lat' dir='ltr'><strong>Caracallae,</strong></span> <span class='ocrx_word' id='word_1_775' title='bbox 3131 5108 3292 5186; x_wconf 79' lang='lat' dir='ltr'><strong>aliam</strong></span> <span class='ocrx_word' id='word_1_776' title='bbox 3321 5102 3558 5186; x_wconf 75' lang='lat' dir='ltr'><strong>Nicopoli</strong></span> <span class='ocrx_word' id='word_1_777' title='bbox 3580 5102 3683 5186; x_wconf 56' lang='lat' dir='ltr'><strong>iut-</strong></span> 
     </span>
    </p>
   </div>
   <div class='ocr_carea' id='block_1_107' title="bbox 2133 5176 3677 5253">
    <p class='ocr_par' dir='ltr' id='par_1_107' title="bbox 2133 5176 3677 5253">
     <span class='ocr_line' id='line_1_109' title="bbox 2133 5176 3677 5253; baseline -0.011 -13"><span class='ocrx_word' id='word_1_778' title='bbox 2133 5176 2356 5253; x_wconf 45' lang='lat' dir='ltr'><strong>pe&#39;rante</strong></span> <span class='ocrx_word' id='word_1_779' title='bbox 2373 5176 2709 5253; x_wconf 75' lang='lat' dir='ltr'><strong>Alexandro,</strong></span> <span class='ocrx_word' id='word_1_780' title='bbox 2723 5190 2873 5235; x_wconf 85' lang='lat' dir='ltr'><strong>certe</strong></span> <span class='ocrx_word' id='word_1_781' title='bbox 2891 5178 3301 5234; x_wconf 82' lang='lat' dir='ltr'><strong>Hiericltuntiua</strong></span> <span class='ocrx_word' id='word_1_782' title='bbox 3322 5176 3489 5253; x_wconf 72' lang='lat' dir='ltr'><strong>editio</strong></span> <span class='ocrx_word' id='word_1_783' title='bbox 3509 5176 3677 5253; x_wconf 67' lang='lat' dir='ltr'><strong>quum</strong></span> 
     </span>
    </p>
   </div>
   <div class='ocr_carea' id='block_1_108' title="bbox 2129 5242 3680 5322">
    <p class='ocr_par' dir='ltr' id='par_1_108' title="bbox 2129 5242 3680 5322">
     <span class='ocr_line' id='line_1_110' title="bbox 2129 5242 3680 5322; baseline -0.005 -16"><span class='ocrx_word' id='word_1_784' title='bbox 2129 5242 2251 5309; x_wconf 75' lang='lat' dir='ltr'><strong>esse</strong></span> <span class='ocrx_word' id='word_1_785' title='bbox 2278 5254 2459 5318; x_wconf 89' lang='lat' dir='ltr'><strong>debet,</strong></span> <span class='ocrx_word' id='word_1_786' title='bbox 2493 5252 2866 5322; x_wconf 83' lang='lat' dir='ltr'><strong>Nicopolitaua</strong></span> <span class='ocrx_word' id='word_1_787' title='bbox 2905 5266 3035 5304; x_wconf 91' lang='lat' dir='ltr'><strong>vero</strong></span> <span class='ocrx_word' id='word_1_788' title='bbox 3075 5260 3263 5313; x_wconf 79' lang='lat' dir='ltr'><strong>sexta;</strong></span> <span class='ocrx_word' id='word_1_789' title='bbox 3296 5242 3680 5322; x_wconf 32' lang='lat' dir='ltr'><strong>siquide&#39;uﬂba&#39;</strong></span> 
     </span>
    </p>
   </div>
   <div class='ocr_carea' id='block_1_109' title="bbox 2130 5316 3678 5394">
    <p class='ocr_par' dir='ltr' id='par_1_109' title="bbox 2130 5316 3678 5394">
     <span class='ocr_line' id='line_1_111' title="bbox 2130 5316 3678 5394; baseline -0.014 -17"><span class='ocrx_word' id='word_1_790' title='bbox 2130 5325 2238 5378; x_wconf 83' lang='lat' dir='ltr'><strong>hita</strong></span> <span class='ocrx_word' id='word_1_791' title='bbox 2278 5316 2601 5394; x_wconf 86' lang='lat' dir='ltr'><strong>temporum,</strong></span> <span class='ocrx_word' id='word_1_792' title='bbox 2620 5316 2818 5391; x_wconf 82' lang='lat' dir='ltr'><strong>quibus</strong></span> <span class='ocrx_word' id='word_1_793' title='bbox 2846 5322 3079 5394; x_wconf 59' lang='lat' dir='ltr'><strong>involuta</strong></span> <span class='ocrx_word' id='word_1_794' title='bbox 3108 5328 3251 5380; x_wconf 83' lang='lat' dir='ltr'><strong>sunt,</strong></span> <span class='ocrx_word' id='word_1_795' title='bbox 3282 5320 3510 5377; x_wconf 87' lang='lat' dir='ltr'><strong>ratione,</strong></span> <span class='ocrx_word' id='word_1_796' title='bbox 3529 5316 3678 5394; x_wconf 52' lang='lat' dir='ltr'><strong>fliam</strong></span> 
     </span>
    </p>
   </div>
   <div class='ocr_carea' id='block_1_110' title="bbox 2130 5381 3678 5459">
    <p class='ocr_par' dir='ltr' id='par_1_110' title="bbox 2130 5381 3678 5459">
     <span class='ocr_line' id='line_1_112' title="bbox 2130 5381 3678 5459; baseline -0.009 -13"><span class='ocrx_word' id='word_1_797' title='bbox 2130 5381 2818 5459; x_wconf 37' lang='lat' dir='ltr'><strong>quintam:aliatn&#39;sextatn</strong></span> <span class='ocrx_word' id='word_1_798' title='bbox 2853 5392 2920 5443; x_wconf 85' lang='lat' dir='ltr'><strong>ab</strong></span> <span class='ocrx_word' id='word_1_799' title='bbox 2948 5390 3182 5459; x_wconf 77' lang='lat' dir='ltr'><strong>Origene</strong></span> <span class='ocrx_word' id='word_1_800' title='bbox 3221 5396 3467 5442; x_wconf 81' lang='lat' dir='ltr'><strong>vocatam</strong></span> <span class='ocrx_word' id='word_1_801' title='bbox 3526 5381 3678 5433; x_wconf 80' lang='lat' dir='ltr'><strong>fuisse</strong></span> 
     </span>
    </p>
   </div>
   <div class='ocr_carea' id='block_1_111' title="bbox 2124 5463 3594 5532">
    <p class='ocr_par' dir='ltr' id='par_1_111' title="bbox 2124 5463 3594 5532">
     <span class='ocr_line' id='line_1_113' title="bbox 2124 5463 3594 5532; baseline 0.006 -13"><span class='ocrx_word' id='word_1_802' title='bbox 2124 5465 2312 5519; x_wconf 83' lang='lat' dir='ltr'><strong>scribit</strong></span> <span class='ocrx_word' id='word_1_803' title='bbox 2338 5466 2474 5519; x_wconf 89' lang='lat' dir='ltr'><strong>idem</strong></span> <span class='ocrx_word' id='word_1_804' title='bbox 2505 5463 2854 5532; x_wconf 48' lang='lat' dir='ltr'><strong>Epiphauiusg</strong></span> <span class='ocrx_word' id='word_1_805' title='bbox 2906 5530 2913 5532; x_wconf 12' lang='grc' dir='ltr'>ξ</span> <span class='ocrx_word' id='word_1_806' title='bbox 3338 5527 3353 5532; x_wconf 86' lang='lat'>_</span> <span class='ocrx_word' id='word_1_807' title='bbox 3395 5526 3406 5532; x_wconf 89' lang='lat'><strong>_</strong></span> <span class='ocrx_word' id='word_1_808' title='bbox 3514 5524 3546 5532; x_wconf 80' lang='grc'><em>,,</em></span> <span class='ocrx_word' id='word_1_809' title='bbox 3585 5519 3594 5528; x_wconf 91' lang='grc'><strong>.</strong></span> 
     </span>
    </p>
   </div>
   <div class='ocr_carea' id='block_1_112' title="bbox 2199 5524 3673 5606">
    <p class='ocr_par' dir='ltr' id='par_1_112' title="bbox 2199 5524 3673 5606">
     <span class='ocr_line' id='line_1_114' title="bbox 2199 5524 3673 5606; baseline -0.009 -16"><span class='ocrx_word' id='word_1_810' title='bbox 2199 5535 2312 5606; x_wconf 77' lang='grc'><strong>(50)</strong></span> <span class='ocrx_word' id='word_1_811' title='bbox 2334 5534 2382 5588; x_wconf 88' lang='grc' dir='ltr'><em>Ν</em></span> <span class='ocrx_word' id='word_1_812' title='bbox 2390 5524 2764 5606; x_wconf 69' lang='lat' dir='ltr'><strong>icopolitanant</strong></span> <span class='ocrx_word' id='word_1_813' title='bbox 2788 5530 3064 5606; x_wconf 72' lang='lat' dir='ltr'><strong>editionem</strong></span> <span class='ocrx_word' id='word_1_814' title='bbox 3088 5524 3673 5606; x_wconf 56' lang='lat' dir='ltr'><strong>nactuntfnisseﬂrigf-</strong></span> 
     </span>
    </p>
   </div>
   <div class='ocr_carea' id='block_1_113' title="bbox 2130 5590 3666 5668">
    <p class='ocr_par' dir='ltr' id='par_1_113' title="bbox 2130 5590 3666 5668">
     <span class='ocr_line' id='line_1_115' title="bbox 2130 5590 3666 5668; baseline -0.014 -8"><span class='ocrx_word' id='word_1_815' title='bbox 2130 5590 2245 5660; x_wconf 72' lang='lat' dir='ltr'><strong>nent</strong></span> <span class='ocrx_word' id='word_1_816' title='bbox 2273 5590 2523 5659; x_wconf 58' lang='lat' dir='ltr'><strong>credibile</strong></span> <span class='ocrx_word' id='word_1_817' title='bbox 2550 5614 2650 5657; x_wconf 81' lang='lat' dir='ltr'><strong>est.</strong></span> <span class='ocrx_word' id='word_1_818' title='bbox 2675 5601 2989 5664; x_wconf 74' lang='lat' dir='ltr'><strong>Caraeallaz,</strong></span> <span class='ocrx_word' id='word_1_819' title='bbox 3028 5601 3201 5668; x_wconf 90' lang='lat' dir='ltr'><strong>inquit</strong></span> <span class='ocrx_word' id='word_1_820' title='bbox 3248 5590 3666 5668; x_wconf 39' lang='lat' dir='ltr'><strong>Epiphaniusﬂlib.</strong></span> 
     </span>
    </p>
   </div>
   <div class='ocr_carea' id='block_1_114' title="bbox 453 5660 3665 5748">
    <p class='ocr_par' dir='ltr' id='par_1_114' title="bbox 453 5660 3665 5748">
     <span class='ocr_line' id='line_1_116' title="bbox 453 5660 3665 5748; baseline -0.005 -16"><span class='ocrx_word' id='word_1_821' title='bbox 453 5660 580 5745; x_wconf 79' lang='lat' dir='ltr'><strong>cap.</strong></span> <span class='ocrx_word' id='word_1_822' title='bbox 618 5660 947 5741; x_wconf 20' lang='lat' dir='ltr'><strong>18,7seitam</strong></span> <span class='ocrx_word' id='word_1_823' title='bbox 973 5660 1114 5748; x_wconf 49' lang='lat' dir='ltr'><strong>ilia-uc</strong></span> <span class='ocrx_word' id='word_1_824' title='bbox 1137 5660 1265 5732; x_wconf 84' lang='lat' dir='ltr'><strong>esse</strong></span> <span class='ocrx_word' id='word_1_825' title='bbox 1281 5660 1606 5748; x_wconf 66' lang='lat' dir='ltr'><strong>pertendut&#39;tt</strong></span> <span class='ocrx_word' id='word_1_826' title='bbox 1630 5676 2034 5748; x_wconf 12' lang='lat' dir='ltr'><strong>:gﬂieronymns</strong></span> <span class='ocrx_word' id='word_1_827' title='bbox 2130 5674 2208 5730; x_wconf 86' lang='lat' dir='ltr'><strong>De</strong></span> <span class='ocrx_word' id='word_1_828' title='bbox 2232 5677 2390 5748; x_wconf 83' lang='lat' dir='ltr'><strong>pond.</strong></span> <span class='ocrx_word' id='word_1_829' title='bbox 2418 5686 2466 5728; x_wconf 86' lang='lat' dir='ltr'><strong>et</strong></span> <span class='ocrx_word' id='word_1_830' title='bbox 2486 5691 2675 5748; x_wconf 53' lang='lat' dir='ltr'><strong>mena,</strong></span> <span class='ocrx_word' id='word_1_831' title='bbox 2699 5686 2819 5738; x_wconf 83' lang='lat' dir='ltr'><strong>cap.</strong></span> <span class='ocrx_word' id='word_1_832' title='bbox 2846 5671 2934 5748; x_wconf 49' lang='lat'><strong>18,</strong></span> <span class='ocrx_word' id='word_1_833' title='bbox 2958 5660 3185 5725; x_wconf 62' lang='lat' dir='ltr'><strong>succedit</strong></span> <span class='ocrx_word' id='word_1_834' title='bbox 3212 5660 3501 5748; x_wconf 63' lang='lat' dir='ltr'><strong>Antonius:</strong></span> <span class='ocrx_word' id='word_1_835' title='bbox 3525 5660 3665 5748; x_wconf 49' lang='grc' dir='ltr'><strong>αέξζιξῖ</strong></span> 
     </span>
    </p>
   </div>
   <div class='ocr_carea' id='block_1_115' title="bbox 459 5746 2032 5815">
    <p class='ocr_par' dir='ltr' id='par_1_115' title="bbox 459 5746 2032 5815">
     <span class='ocr_line' id='line_1_117' title="bbox 459 5746 2032 5815; baseline -0.001 -18"><span class='ocrx_word' id='word_1_836' title='bbox 459 5761 590 5802; x_wconf 88' lang='lat' dir='ltr'><strong>vero</strong></span> <span class='ocrx_word' id='word_1_837' title='bbox 611 5748 886 5815; x_wconf 86' lang='lat' dir='ltr'><strong>quintam,</strong></span> <span class='ocrx_word' id='word_1_838' title='bbox 911 5755 966 5800; x_wconf 91' lang='lat' dir='ltr'><strong>et</strong></span> <span class='ocrx_word' id='word_1_839' title='bbox 1007 5746 1084 5803; x_wconf 86' lang='lat' dir='ltr'><strong>ita</strong></span> <span class='ocrx_word' id='word_1_840' title='bbox 1114 5746 1339 5802; x_wconf 83' lang='lat' dir='ltr'><strong>narrare</strong></span> <span class='ocrx_word' id='word_1_841' title='bbox 1378 5747 1551 5815; x_wconf 89' lang='lat' dir='ltr'><strong>ipsum</strong></span> <span class='ocrx_word' id='word_1_842' title='bbox 1578 5746 1864 5814; x_wconf 79' lang='lat' dir='ltr'><strong>Origenem</strong></span> <span class='ocrx_word' id='word_1_843' title='bbox 1893 5746 2032 5799; x_wconf 81' lang='lat' dir='ltr'><strong>scri-</strong></span> 
     </span>
    </p>
   </div>
   <div class='ocr_carea' id='block_1_116' title="bbox 460 5815 2037 5887">
    <p class='ocr_par' dir='ltr' id='par_1_116' title="bbox 460 5815 2037 5887">
     <span class='ocr_line' id='line_1_118' title="bbox 460 5815 2037 5887; baseline -0.001 -16"><span class='ocrx_word' id='word_1_844' title='bbox 460 5815 542 5871; x_wconf 90' lang='lat' dir='ltr'><strong>bit</strong></span> <span class='ocrx_word' id='word_1_845' title='bbox 587 5816 805 5887; x_wconf 78' lang='lat' dir='ltr'><strong>Prolog.</strong></span> <span class='ocrx_word' id='word_1_846' title='bbox 853 5834 907 5887; x_wconf 73' lang='lat' dir='ltr'><strong>tn</strong></span> <span class='ocrx_word' id='word_1_847' title='bbox 937 5815 1095 5871; x_wconf 82' lang='lat' dir='ltr'><strong>Cant.</strong></span> <span class='ocrx_word' id='word_1_848' title='bbox 1139 5819 1333 5871; x_wconf 74' lang='lat' dir='ltr'><strong>cantio.</strong></span> <span class='ocrx_word' id='word_1_849' title='bbox 1369 5816 1476 5871; x_wconf 87' lang='lat' dir='ltr'><strong>Sed</strong></span> <span class='ocrx_word' id='word_1_850' title='bbox 1518 5816 2037 5887; x_wconf 67' lang='lat' dir='ltr'><strong>Epiphaniotnagts</strong></span> 
     </span>
    </p>
   </div>
   <div class='ocr_carea' id='block_1_117' title="bbox 452 5885 2038 5958">
    <p class='ocr_par' dir='ltr' id='par_1_117' title="bbox 452 5885 2038 5958">
     <span class='ocr_line' id='line_1_119' title="bbox 452 5885 2038 5958; baseline -0.003 -13"><span class='ocrx_word' id='word_1_851' title='bbox 452 5885 820 5945; x_wconf 67' lang='lat' dir='ltr'><strong>adhaerentes.</strong></span> <span class='ocrx_word' id='word_1_852' title='bbox 846 5885 983 5945; x_wconf 87' lang='lat' dir='ltr'><strong>Cum</strong></span> <span class='ocrx_word' id='word_1_853' title='bbox 1006 5886 1150 5945; x_wconf 86' lang='lat' dir='ltr'><strong>enim</strong></span> <span class='ocrx_word' id='word_1_854' title='bbox 1177 5895 1290 5943; x_wconf 91' lang='lat' dir='ltr'><strong>tum</strong></span> <span class='ocrx_word' id='word_1_855' title='bbox 1319 5902 1387 5945; x_wconf 70' lang='lat' dir='ltr'><strong>ex</strong></span> <span class='ocrx_word' id='word_1_856' title='bbox 1408 5888 1550 5958; x_wconf 88' lang='lat' dir='ltr'><strong>ipso,</strong></span> <span class='ocrx_word' id='word_1_857' title='bbox 1572 5885 1688 5942; x_wconf 86' lang='lat' dir='ltr'><strong>tum</strong></span> <span class='ocrx_word' id='word_1_858' title='bbox 1714 5902 1777 5944; x_wconf 77' lang='lat' dir='ltr'><strong>ex</strong></span> <span class='ocrx_word' id='word_1_859' title='bbox 1807 5886 2038 5942; x_wconf 81' lang='lat' dir='ltr'><strong>Eusebio</strong></span> 
     </span>
    </p>
   </div>
   <div class='ocr_carea' id='block_1_118' title="bbox 2130 5729 3666 5815">
    <p class='ocr_par' dir='ltr' id='par_1_118' title="bbox 2130 5729 3666 5815">
     <span class='ocr_line' id='line_1_120' title="bbox 2130 5729 3666 5815; baseline 0.001 -19"><span class='ocrx_word' id='word_1_860' title='bbox 2130 5729 2519 5815; x_wconf 59' lang='lat' dir='ltr'><strong>qni&#39;imperavit</strong></span> <span class='ocrx_word' id='word_1_861' title='bbox 2546 5729 2714 5797; x_wconf 70' lang='lat' dir='ltr'><strong>(ianos</strong></span> <span class='ocrx_word' id='word_1_862' title='bbox 2742 5729 2815 5815; x_wconf 59' lang='lat' dir='ltr'><strong>tv.</strong></span> <span class='ocrx_word' id='word_1_863' title='bbox 2843 5729 3067 5815; x_wconf 71' lang='lat' dir='ltr'><strong>Secutus</strong></span> <span class='ocrx_word' id='word_1_864' title='bbox 3106 5750 3179 5792; x_wconf 85' lang='lat' dir='ltr'><strong>est</strong></span> <span class='ocrx_word' id='word_1_865' title='bbox 3229 5738 3518 5815; x_wconf 66' lang='lat' dir='ltr'><strong>Alexander</strong></span> <span class='ocrx_word' id='word_1_866' title='bbox 3538 5729 3666 5815; x_wconf 59' lang='lat' dir='ltr'><strong>[mff</strong></span> 
     </span>
    </p>
   </div>
   <div class='ocr_carea' id='block_1_119' title="bbox 2136 5805 3664 5877">
    <p class='ocr_par' dir='ltr' id='par_1_119' title="bbox 2136 5805 3664 5877">
     <span class='ocr_line' id='line_1_121' title="bbox 2136 5805 3664 5877; baseline -0.012 -8"><span class='ocrx_word' id='word_1_867' title='bbox 2136 5805 2431 5870; x_wconf 71' lang='lat' dir='ltr'><strong>Mamnta&#39;a:</strong></span> <span class='ocrx_word' id='word_1_868' title='bbox 2451 5816 2602 5868; x_wconf 87' lang='lat' dir='ltr'><strong>annis</strong></span> <span class='ocrx_word' id='word_1_869' title='bbox 2629 5829 2746 5868; x_wconf 68' lang='grc' dir='ltr'>λιιι.</span> <span class='ocrx_word' id='word_1_870' title='bbox 2780 5811 2844 5865; x_wconf 89' lang='lat' dir='ltr'><strong>In</strong></span> <span class='ocrx_word' id='word_1_871' title='bbox 2876 5811 3047 5864; x_wconf 82' lang='lat' dir='ltr'><strong>medio</strong></span> <span class='ocrx_word' id='word_1_872' title='bbox 3070 5821 3359 5877; x_wconf 77' lang='lat' dir='ltr'><strong>temporum</strong></span> <span class='ocrx_word' id='word_1_873' title='bbox 3382 5805 3594 5877; x_wconf 68' lang='lat' dir='ltr'><strong>illorum.</strong></span> <span class='ocrx_word' id='word_1_874' title='bbox 3614 5811 3664 5846; x_wconf 73' lang='grc' dir='ltr'><strong>ιν</strong></span> 
     </span>
    </p>
   </div>
   <div class='ocr_carea' id='block_1_120' title="bbox 2140 5877 3660 5963">
    <p class='ocr_par' dir='ltr' id='par_1_120' title="bbox 2140 5877 3660 5963">
     <span class='ocr_line' id='line_1_122' title="bbox 2140 5877 3660 5963; baseline -0.001 -25"><span class='ocrx_word' id='word_1_875' title='bbox 2140 5886 2292 5963; x_wconf 75' lang='grc' dir='ltr'><strong>μέσῳ</strong></span> <span class='ocrx_word' id='word_1_876' title='bbox 2323 5886 2431 5941; x_wconf 84' lang='grc' dir='ltr'><strong>τῶν</strong></span> <span class='ocrx_word' id='word_1_877' title='bbox 2465 5885 2670 5959; x_wconf 68' lang='grc' dir='ltr'><strong>χρόνων</strong></span> <span class='ocrx_word' id='word_1_878' title='bbox 2712 5882 2942 5949; x_wconf 77' lang='grc' dir='ltr'><strong>τούτων,</strong></span> <span class='ocrx_word' id='word_1_879' title='bbox 2970 5881 3128 5937; x_wconf 79' lang='lat' dir='ltr'><strong>editio</strong></span> <span class='ocrx_word' id='word_1_880' title='bbox 3153 5888 3326 5941; x_wconf 69' lang='lat' dir='ltr'><strong>sexta,</strong></span> <span class='ocrx_word' id='word_1_881' title='bbox 3357 5889 3469 5947; x_wconf 65' lang='lat' dir='ltr'><strong>qua?</strong></span> <span class='ocrx_word' id='word_1_882' title='bbox 3497 5878 3542 5927; x_wconf 68' lang='grc' dir='ltr'><strong>ιι</strong></span> <span class='ocrx_word' id='word_1_883' title='bbox 3562 5877 3660 5937; x_wconf 62' lang='lat' dir='ltr'><strong>lli“</strong></span> 
     </span>
    </p>
   </div>
  </div>
