3878 6518
474 427 574 486 6’37

1739 415 1799 470 P.
1840 411 2155 470 DANIELIS
2187 405 2421 464 HUETII

3619 391 3728 448 668

474 545 667 603 fuisset
697 561 840 610 reus,
862 558 985 598 eum
1015 557 1118 595 non
1151 550 1258 594 tam
1282 551 1471 594 severe
1497 544 1854 592 tractaturum
1882 535 2049 589 fuisse
2082 537 2122 594 Α
2153 529 2414 596 plaribus,
2443 537 2587 578 anno
2615 517 2908 576 Alexandri
2937 530 3015 571 xu
3035 555 3051 581 ,
3079 514 3161 570 vel
3195 528 3278 580 ιι,
3309 523 3368 610 ut
3403 512 3570 610 habet
3595 509 3736 566 Sca-

475 637 804 692 Demetrium
857 633 1117 688 credibile
1174 639 1294 694 est,
1330 644 1454 684 cum
1515 628 1816 698 praesertim
1879 628 2049 696 ipsius

472 729 940 786 commendatione
970 725 1140 780 fretus
1171 726 1237 778 ad
1276 740 1399 778 eum
1440 739 1499 778 se
1536 720 1837 792 promoveri
1876 719 2050 790 digni-

475 821 600 876 tatis
625 820 846 889 gradum
873 833 1064 887 passus
1092 816 1302 872 fuisset.
1332 816 1550 869 Minime
1579 828 1707 868 vero
1734 810 1861 865 facti
1889 809 2050 878 hujus

472 912 834 968 narrationem
865 913 931 964 ab
956 910 1186 965 Eusebio
1213 909 1462 963 consulto
1491 906 1914 976 prietermissam
1949 917 2040 970 pu-

473 1003 604 1066 t'em,
631 1014 686 1057 ut
727 1002 1042 1057 idololatriae
1069 1002 1298 1058 crimine
1332 1000 1590 1055 liberaret
1619 997 1933 1065 Origenern,
1965 991 2048 1044 vel

469 1097 614 1167 quod
665 1096 982 1165 poenitentia
1027 1095 1231 1148 elutum
1281 1091 1566 1163 postmodo
1614 1087 1878 1157 ﬂagitium
1909 1084 2048 1138 obli-

468 1187 613 1242 vioni
653 1188 972 1242 tradendum
1006 1195 1263 1253 putaret;
1297 1183 1409 1254 (61)
1438 1183 1531 1237 sed
1557 1181 1701 1250 quod
1741 1193 1826 1233 res
1856 1177 2050 1244 Orige-

471 1282 556 1334 nis
593 1281 813 1349 proprio
846 1290 900 1334 ct
929 1278 1204 1332 luculento
1235 1275 1502 1345 Apologia:
1549 1288 1711 1342 opere
1751 1270 1861 1340 jam
1890 1279 2047 1323 antea

469 1372 662 1427 fuisset
700 1373 1051 1442 complexus,
1091 1370 1142 1423 in
1186 1367 1426 1421 Historia
1469 1372 1648 1420 autem
1683 1365 1901 1418 duceret
1932 1375 2050 1414 esse

468 1464 645 1519 obiter
688 1464 1053 1530 attingendas.
1084 1462 1212 1516 lude
1252 1461 1424 1514 tacuit
1473 1457 1733 1512 eximium
1769 1455 1938 1509 illud.
1988 1467 2052 1507 ac

467 1557 614 1610 omni
647 1556 804 1609 laude
835 1555 1058 1623 dignum
1105 1553 1354 1624 Origenis
1390 1551 1596 1605 facinus
1628 1547 1791 1620 (quod
1828 1549 1878 1600 in
1913 1548 2048 1600 idem

469 1646 723 1700 incidisse
788 1655 998 1714 tempus
1047 1646 1324 1700 meritoria:
1392 1641 1668 1697 mandavit
1726 1637 1945 1693 Nicetas
1997 1638 2047 1690 in

470 1733 622 1788 Thes.
653 1734 864 1787 orthod.
893 1733 988 1802 ﬁd.
1019 1735 1142 1788 libr.
1177 1750 1261 1798 tv,
1310 1734 1441 1787 haer.
1478 1732 1570 1801 51)
1599 1772 1615 1797 ,
1644 1732 1858 1801 quando
1895 1731 2049 1796 juxta

466 1824 846 1897 IEgyptiorum
884 1828 1228 1880 sacerdotum
1265 1839 1469 1880 morem
1505 1839 1533 1876 a
1567 1821 1856 1894 gentilibus
1889 1821 2049 1873 adra-

2151 619 2414 686 ligeriana
2430 615 2680 671 Chronici
2717 615 2876 683 hujus
2901 613 3089 667 editio.
3119 610 3195 665 Ex
3222 610 3308 665 his
3334 604 3735 662 hallucinatum

2151 713 2323 782 liquet
2349 707 2735 779 Epiphaniam,
2769 705 2861 776 qui
2902 705 3190 774 Origenem
3233 701 3540 770 imperante
3567 693 3739 748 Decio

2147 800 2488 857 Alexandriae
2519 796 2780 852 claruisse
2807 795 3027 864 scripsit
3062 794 3195 848 hair.
3223 789 3324 853 64,
3354 800 3476 856 cap.
3510 784 3537 840 1
3558 825 3574 850 ,
3606 798 3738 837 cum

2149 907 2424 963 nunquam
2459 903 2581 944 eum
2621 888 2852 957 posthac
2899 886 3027 940 illuc
3058 896 3362 953 regressum
3402 864 3575 933 fuisse
3604 889 3743 929 con-

2149 994 2275 1039 stet.
2301 983 2638 1051 Quapropter
2661 979 2898 1033 concedo
2923 977 2974 1030 in
3001 974 3204 1030 Petavii
3236 970 3591 1032 sententiam,
3621 964 3743 1036 (65)

2152 1074 2336 1129 Severi
2369 1086 2561 1127 nomen
2589 1069 2736 1124 Decii
2771 1067 2988 1123 nomine
3016 1079 3295 1136 perperam
3333 1061 3401 1114 ab
3427 1054 3741 1128 Epiphanio

2149 1173 2542 1222 commutatum
2592 1160 2887 1231 opinantis.
2936 1152 3323 1212 Vehementius
3357 1151 3526 1205 etiam
3565 1144 3744 1200 hallu-

2151 1260 2390 1314 cinatum
2428 1264 2646 1311 constat
2681 1253 3047 1308 Abrahamum
3096 1247 3400 1303 Scultetum
3436 1239 3596 1314 (65),
3643 1237 3746 1307 qui

2150 1351 2432 1420 Origenem
2481 1355 2708 1414 narrat,
2761 1354 3047 1415 postquam
3102 1335 3430 1394 Alexandria
3490 1333 3628 1386 exiit
3681 1339 3749 1384 ut

2152 1441 2358 1498 atmulis
2405 1440 2660 1501 cederet,
2685 1451 2750 1491 eo
2801 1443 3113 1490 revocatum
3144 1441 3335 1486 omnes
3379 1439 3554 1481 sacra:
3584 1422 3743 1476 Scri-

2152 1547 2320 1608 ptura:
2354 1534 2519 1588 libros
2545 1531 2850 1585 illustrasse
2876 1521 3315 1581 commentariis.

2221 1626 2360 1681 XIV.
2409 1623 2662 1693 Confugit
2698 1635 2830 1690 ergo
2871 1617 3174 1674 Caesaream
3212 1614 3278 1667 ad
3327 1608 3743 1672 Theoctistum,

2151 1719 2488 1788 benigneque
2517 1718 2586 1769 ab
2615 1727 2681 1768 eo
2709 1723 2763 1768 et
2805 1709 3099 1766 liberaliter
3126 1714 3410 1774 exceptus,
3437 1711 3494 1757 et
3524 1700 3596 1755 ab
3621 1716 3747 1753 ont-

2155 1812 2309 1865 nibus
2358 1808 2572 1878 injuriis
2614 1815 2669 1859 et
2723 1801 3070 1859 contumeliis
3103 1798 3405 1870 prohibitus
3445 1803 3552 1848 est.
3596 1791 3747 1846 Hinc

467 1935 592 1982 sus,
619 1920 683 1972 ad
719 1919 901 1973 fanum
932 1919 1211 1988 Serapidis
1239 1918 1577 1974 Christianos
1612 1929 1802 1970 omnes
1827 1912 1893 1967 ad
1925 1928 2046 1982 pro-

2157 1918 2289 1956 uova
2319 1897 2550 1955 suffusus
2615 1893 2988 1950 malevolentia
3033 1889 3336 1946 Demetrius
3361 1884 3590 1957 Egypti
3623 1884 3748 1952 epi-

467 2013 808 2078 pugnamlum
859 2010 1060 2063 Christi
1115 2025 1308 2063 nomen
1360 2009 1508 2063 clara
1560 2023 1695 2063 voce
1738 2004 2048 2060 concitavit.

469 2103 681 2158 Falsum
713 2117 877 2171 porro
905 2111 958 2158 et
989 2102 1276 2156 conﬁctam
1313 2116 1435 2156 esse
1464 2099 1807 2172 Origeniana:
1837 2095 2053 2149 idolola-

469 2195 586 2248 tria:
619 2194 926 2256 historiam,
956 2208 1022 2246 ac
1048 2193 1350 2261 Epiphanio
1379 2193 1446 2246 ab
1475 2191 1652 2245 aliena
1686 2205 1846 2243 manu
1881 2188 2052 2240 inser-

469 2296 575 2341 tam
621 2287 892 2355 pertendit
941 2285 1242 2348 Baronius,
1291 2285 1357 2338 ad
1421 2301 1511 2338 an.
1543 2283 1687 2347 253,
1741 2296 1887 2335 num.
1927 2279 2051 2344 120,

467 2377 806 2447 plurimaque
829 2375 1071 2445 congerit
1100 2377 1151 2430 in
1185 2391 1304 2430 eam
1330 2375 1683 2435 sententiam,
1724 2370 1835 2443 (62)
1871 2383 1991 2439 qme
2021 2383 2051 2421 a

467 2466 687 2521 Petavio
704 2466 916 2520 erudite
937 2463 1214 2519 confutata
1241 2465 1411 2520 habes
1427 2467 1476 2517 in
1494 2461 2050 2516 Animadversionibus

472 2554 890 2625 Epiphanianis.
931 2556 1063 2610 Rem
1113 2557 1202 2610 alii
1232 2558 1476 2609 tribuum
1511 2554 1656 2608 Decii
1701 2553 2049 2622 temporibus.

467 2649 594 2705 llaec
625 2651 763 2704 infra
796 2652 1170 2719 expendentus
1205 2650 1552 2704 accuratius:
1589 2651 1683 2702 sed
1722 2648 1773 2702 in
1801 2657 2048 2701 anteces-

468 2759 586 2798 sum
617 2742 912 2797 asserimus
940 2757 1114 2812 neque
1142 2757 1238 2796 nos
1266 2741 1456 2796 horum
1487 2739 1756 2810 opinioni,
1779 2739 1863 2794 vel
1893 2739 2051 2792 Baro-

468 2835 539 2886 nii
565 2832 890 2901 conjectura:
913 2831 1162 2886 assentiri
1188 2847 1366 2901 posse.
1415 2831 1525 2902 (65)
1557 2831 1707 2886 Fidei
1734 2846 1949 2900 quoque
1972 2831 2053 2883 iu—

468 2925 775 2994 tcgritatem
809 2929 858 2978 in
897 2923 1050 2977 libris
1081 2923 1354 2993 plerisque
1377 2965 1392 2990 ,
1421 2939 1483 2975 ac
1515 2938 1580 2977 eo
1613 2922 1910 2992 praesertim
1958 2921 2048 2984 qui

467 3025 552 3072 est
583 3016 659 3070 De
691 3017 958 3085 principiis
989 3055 1006 3080 ,
1039 3016 1106 3069 ab
1149 3015 1386 3086 Origene
1417 3015 1670 3069 violatam
1701 3013 1751 3066 id
1794 3013 2051 3080 temporis

465 3119 817 3176 conquestum
863 3109 1033 3164 fuisse
1079 3109 1413 3163 Demetrium
1473 3116 1896 3162 consentaneum
1943 3114 2047 3172 est,

465 3201 664 3269 quippe
689 3201 778 3270 qui
810 3202 990 3255 omnia
1021 3203 1281 3255 adversus
1304 3215 1426 3254 eum
1455 3207 1770 3270 argumenta
1807 3198 2049 3252 studiose

465 3293 767 3361 colligeret.
817 3293 1145 3348 Alexandria
1199 3295 1383 3361 itaque
1431 3292 1746 3346 elituiuatus
1787 3290 2050 3358 Origenes

467 3384 771 3438 Caesaream
805 3384 1081 3439 Stratonis
1111 3384 1420 3446 concessit,
1467 3381 1652 3452 ibique
1686 3381 1868 3436 sedem
1905 3381 2046 3444 lixit,

466 3489 609 3528 anno
639 3475 815 3528 aetatis
852 3490 998 3539 XLVI,
1031 3474 1232 3529 Christi
1263 3475 1387 3536 251,
1421 3472 1715 3526 Alexandri
1757 3470 1946 3524 Severi
1977 3486 2046 3537 x;

466 3560 554 3614 vel
579 3569 638 3613 ut
666 3570 748 3614 est
772 3561 823 3614 in
850 3562 1126 3616 nonnullis
1153 3561 1368 3616 Eusebii
1405 3561 1710 3625 codicibus,
1731 3569 1786 3615 et
1816 3560 1866 3613 in
1901 3558 2050 3614 Nice-

469 3653 660 3722 phoro.
703 3664 758 3709 et
789 3654 842 3708 in
873 3654 1196 3726 quibusdam
1242 3653 1531 3710 Eusebiani
1572 3653 1820 3708 Chronici
1856 3668 2046 3708 exeru-

467 3894 582 3933 rum
613 3878 778 3948 fuisse
817 3881 1134 3934 Demetrium
1166 3879 1413 3934 credibile
1459 3889 1564 3944 est,
1603 3891 1709 3934 etc.
1745 3880 1914 3934 Esto:
1949 3880 2039 3934 sed

466 3950 589 4004 lldei
621 3966 837 4019 quoque
881 3951 1243 4020 integritatem
1280 3953 1330 4003 in
1376 3951 1530 4004 libris
1557 3951 1830 4019 plerisque
1856 3965 1941 4012 ac,
1978 3967 2044 4005 eo

465 4022 799 4090 praesertim,
829 4021 918 4090 qui
951 4032 1036 4075 est
1081 4021 1156 4074 De
1183 4021 1452 4090 principiis
1472 4059 1488 4085 ,
1523 4022 1591 4073 ab
1620 4020 1852 4090 Origene
1879 4021 2046 4075 viola-

468 4089 577 4144 tam
606 4091 655 4144 id
683 4089 942 4161 tetnporis
963 4103 1320 4160 conquestum
1353 4089 1523 4144 fuisse
1556 4089 1882 4161 Demetrium
1915 4107 2045 4144 cou-

464 4160 921 4223 sentaueumest,
944 4172 1001 4215 ut
1033 4164 1147 4230 ipse
1175 4161 1337 4232 paulo
1362 4170 1484 4229 post
1510 4162 1586 4214 ait
1612 4160 1858 4232 Huetius.
1889 4161 2040 4227 Quod

463 4245 595 4300 sane
645 4232 918 4286 Demetrio
960 4233 1094 4286 satis
1145 4231 1305 4294 erat,
1357 4240 1414 4284 ut
1455 4247 1522 4285 ex
1572 4231 1765 4300 insigni
1795 4232 2045 4300 Origenis

463 4299 632 4370 gloria
663 4301 868 4369 jamdiu
900 4303 950 4355 in
977 4304 1097 4356 sinu
1125 4303 1415 4357 collectum
1443 4301 1655 4356 invidia:
1686 4299 1835 4357 virus
1864 4299 2039 4356 tutum

463 4384 761 4453 evonmeret,
785 4387 1018 4442 eumque
1044 4383 1151 4426 tam
1182 4388 1371 4428 severe
1404 4373 1671 4426 tractandi
1700 4388 1887 4427 ausam
1918 4374 2044 4428 inde

463 4452 749 4507 arriperet.

534 4511 646 4584 (6|)
681 4511 804 4584 ,Sed
841 4512 980 4584 quod
1023 4529 1103 4567 res
1150 4511 1388 4584 Origenis
1431 4513 1640 4581 proprio
1695 4523 1741 4566 et
1779 4513 2043 4568 luculento

2155 2009 2345 2063 scapos
2371 2031 2387 2052 .
2435 2000 2494 2044 ut
2530 1989 2676 2054 dixi,
2721 1988 2773 2042 in
2819 1986 3080 2058 synodum
3118 1983 3292 2052 cogit,
3329 1978 3750 2047 Origenemque

2155 2085 2489 2157 presbyterio
2525 2079 2796 2148 abjudicat
2817 2118 2833 2144 ,
2885 2087 2938 2132 et
2966 2079 3034 2132 ab
3062 2075 3320 2130 Ecclesiae
3352 2071 3625 2128 societate
3656 2084 3750 2123 se-

2149 2177 2348 2248 juugit,
2376 2176 2628 2228 universo
2654 2169 3038 2241 propemodum
3065 2168 3196 2222 orbe
3227 2168 3506 2220 decretura
3537 2177 3750 2232 appro-

2155 2272 2313 2324 bante
2349 2277 2402 2322 et
2432 2266 2811 2322 coniirmaute.
2850 2263 3118 2316 Ardentes
3164 2273 3380 2329 quoque
3409 2258 3464 2312 in
3512 2272 3643 2310 eum
3687 2263 3750 2308 et

2153 2361 2424 2415 aculeatas
2455 2369 2868 2429 quoquoversus
2916 2352 3289 2409 disseminavit
3331 2351 3550 2405 litteras
3589 2367 3604 2403 :
3644 2346 3750 2402 sed

2155 2454 2388 2508 hominis
2420 2450 2710 2505 iracundia:
2741 2448 2896 2503 simul
2928 2457 2983 2502 et
3013 2447 3153 2510 vitae,
3173 2446 3384 2519 eodem,
3407 2451 3468 2496 ut
3492 2443 3748 2503 videtur,

2152 2564 2258 2619 quo
2287 2545 2532 2600 discessit
2565 2544 2826 2614 Origenes
2854 2557 3018 2608 anno,
3050 2543 3208 2595 linem
3234 2551 3444 2592 matura
3475 2551 3628 2590 mors
3657 2551 3752 2603 po-

2153 2637 2260 2688 suit
2299 2635 2349 2687 in
2387 2633 2616 2703 ejusque
2646 2631 3016 2700 episcopatum
3051 2625 3304 2682 Heraclas
3333 2622 3600 2678 suffectus
3634 2632 3744 2674 est.

2152 2727 2276 2782 llaec
2304 2742 2369 2781 eo
2395 2725 2586 2781 ordine
2619 2731 2808 2776 narrat
2851 2719 3117 2775 Eusebius
3161 2718 3214 2772 in
3251 2715 3531 2780 Historia,
3562 2730 3679 2783 quo
3719 2728 3749 2766 a

2152 2819 2309 2873 nobis
2338 2818 2607 2884 descripta
2639 2823 2800 2880 sunt;
2830 2812 2991 2866 aliter
3020 2811 3073 2865 in
3104 2809 3383 2873 Chronico,
3417 2808 3471 2861 in
3496 2821 3608 2876 quo
3636 2806 3748 2860 De-

2153 2910 2331 2964 metrii
2351 2924 2496 2963 mors
2523 2906 2771 2978 Origenis
2801 2905 3003 2959 exitum
3036 2911 3148 2959 toto
3175 2901 3400 2957 biennio
3426 2900 3742 2969 praevertit,

2152 3003 2292 3074 quod
2324 3000 2636 3070 neutiquam
2663 3006 2808 3053 stare
2837 3005 3033 3068 potest.
3117 2991 3123 2998 ’

2224 3093 2340 3149 XV.
2370 3092 2528 3146 Certe
2553 3131 2570 3156 ,
2617 3107 2685 3146 ne
2719 3089 2849 3160 quid
2901 3085 3232 3144 dissimulem
3256 3125 3273 3149 ,
3307 3081 3638 3140 Gennadius
3687 3081 3744 3136 in

2152 3189 2275 3244 libr.
2306 3186 2384 3242 De
2412 3187 2511 3241 vir.
2539 3186 2736 3240 illustr.
2762 3225 2778 3251 ,
2823 3196 2942 3254 cap.
2990 3183 3061 3237 '55
3082 3225 3096 3248 ,
3142 3179 3331 3235 scribit
3372 3176 3745 3247 Theophilum

2151 3279 2576 3336 Alexandrinum
2607 3276 2917 3347 episcopum
2965 3271 3252 3328 tradidisse
3300 3287 3404 3324 non
3455 3285 3488 3322 a
3521 3284 3580 3322 se
3610 3266 3747 3322 Ori-

2146 3389 2336 3444 geuem
2367 3372 2596 3442 primum
2616 3409 2633 3436 ,
2661 3367 2750 3422 sed
2781 3368 2844 3421 ab
2870 3368 3100 3438 antiquis
3132 3364 3408 3426 Patribus,
3436 3371 3483 3415 et
3509 3361 3749 3415 maxime

2149 3464 2377 3520 Heracla
2414 3464 2575 3534 fuisse
2625 3470 2675 3516 et
2709 3479 2741 3514 a
2763 3460 3084 3530 presbyterio
3115 3457 3362 3528 ejectum,
3393 3466 3441 3509 et
3473 3455 3541 3510 de
3572 3455 3747 3509 eccle-

2145 3559 2227 3613 sia
2263 3557 2493 3627 pulsum,
2526 3566 2574 3609 et
2609 3556 2672 3608 de
2707 3555 2917 3608 civitate
2938 3552 3199 3622 fugatum.
3239 3549 3348 3622 (66)
3376 3549 3527 3604 Idem
3578 3549 3750 3604 habet

2147 3651 2380 3722 scriptor
2418 3649 2555 3705 Vita:
2577 3645 2637 3704 S.
2658 3647 2935 3702 Pachomii
2963 3645 3097 3718 (67),
3132 3653 3186 3701 et
3212 3643 3445 3714 epistola
3472 3641 3742 3714 synodica

2150 3878 2410 3949 synodus,
2439 3885 2549 3949 tum
2575 3889 2641 3929 ex
2668 3873 2846 3949 ipsius
2876 3869 3142 3949 Origenis
3161 3870 3401 3949 epistola_
3422 3872 3498 3949 ad
3535 3871 3746 3949 amicos

2153 3941 2413 4018 quosdam
2439 3941 2861 4018 Alexandrinos,
2881 3941 3237 4018 ubi-queritur
3258 3941 3744 4018 quodadversarii

2153 4012 2258 4084 sui,
2288 4033 2353 4072 ac
2383 4017 2623 4072 haeretici
2653 4016 2904 4084 quidam,
2940 4014 3137 4081 aliique
3178 4013 3420 4084 nonnulli
3467 4012 3746 4084 Ecclesias

2153 4081 2481 4144 conturbare
2495 4081 2759 4149 volentes,
2782 4085 2948 4139 libros
2970 4098 3097 4137 suos
3123 4083 3561 4137 adulterassent.
3588 4081 3747 4138 lianc

2149 4161 2313 4214 etiam
2383 4166 2607 4228 propter
2661 4154 3313 4228 dogruatum_novit_atem
3364 4163 3422 4206 et
3485 4154 3742 4228 lueresim

2149 4223 2464 4284 damnatum
2494 4227 2660 4282 luisse
2683 4223 2936 4280 dicebant
2961 4223 3080 4294 ejus
3111 4223 3326 4294 inimici
3351 4230 3521 4276 aetate
3543 4223 3743 4277 Hiero-

2150 4301 2295 4370 nymi
2321 4340 2336 4364 ,
2366 4297 2824 4370 quemadmodum
2871 4293 3244 4370 ipse'testatur
3285 4293 3665 4370 Hieronymus
3692 4295 3742 4346 in

2151 4363 2642 4437 epistola—quadam
2668 4368 2733 4419 ad
2761 4364 3006 4437 Paulam,
3035 4365 3188 4430 cujus
3219 4363 3554 4437 particulam
3585 4363 3744 4417 aﬂ‘ert

2151 4434 2379 4494 Rutiuus
2403 4434 2498 4493 lib.
2536 4454 2574 4492 ll
2620 4436 2870 4491 Invectiv.
2925 4435 3069 4488 Idem
3105 4437 3261 4487 docet
3301 4434 3538 4501 epistola
3571 4449 3742 4504 syno-

2151 4512 2270 4564 dica
2298 4514 2674 4580 episcoporum
2705 4505 3122 4580 Egypti‘atque
3158 4504 3511 4580 Alexandria:
3533 4544 3551 4570 ,
3584 4505 3744 4580 cujus

463 4573 740 4651 Apologia:
769 4573 921 4652 opere
954 4583 1070 4651 jam
1098 4573 1268 4637 antea"
1285 4573 1467 4652 fuisset
1497 4573 1822 4651 cotttplexus,
1848 4595 1955 4638 etc.
1987 4583 2044 4637 Si
2077 4573 2124 4630 Ι)
2151 4573 2514 4650 fragmentum
2547 4579 2770 4652 adducit
2782 4573 3148 4652 ‘Justinianus
3177 4577 3228 4626 in
3250 4573 3494 4652 epistola
3532 4575 3602 4629 ad
3635 4577 3741 4629 Me-

464 4652 731 4720 praecipue
753 4653 822 4704 oh
847 4651 1167 4706 idololatria:
1197 4655 1441 4716 crimen,
1483 4662 1538 4705 ut
1581 4654 1852 4721 pertendit
1896 4655 2042 4709 H—ue-

466 4725 603 4784 tius,
633 4722 938 4793 sacerdotio
966 4734 1020 4775 et
1049 4723 1290 4778 Ecclesia
1321 4724 1600 4778 abdicatus
1628 4723 1818 4778 fuisset
1852 4721 2044 4793 Orige-

465 4806 582 4852 nes.
616 4792 837 4844 minime
873 4793 1114 4858 profecto
1144 4793 1270 4847 facti
1309 4793 1474 4862 hujus
1503 4795 1872 4849 narrationem
1907 4792 2046 4862 prae-

466 4863 788 4933 ter-ritisisset
842 4863 1128 4918 Eusebius.
1179 4867 1437 4931 Altamen
1493 4879 1559 4918 ne
1607 4864 1770 4917 ullum
1821 4866 2043 4933 quidem

466 4933 688 5009 hujusce
715 4931 900 5009 llugitii
937 4936 1156 4988 verbum
1184 4935 1235 4987 in
1263 4934 1518 5004 Apologia
1541 4949 1637 4989 sua
1671 4931 1871 5009 fecisse
1895 4935 2046 5009 vide-

465 5013 569 5054 tur.
610 5001 743 5056 lllud
773 5001 913 5055 cuitu
940 5047 954 5070 ,
989 5009 1030 5056 si
1065 5001 1584 5066 commemorasset,
1619 5015 1769 5059 certe
1817 5004 2042 5059 Photius

461 5074 705 5144 quiicod.
731 5073 938 5137 li8,ex
964 5075 1076 5144 ipsa
1113 5075 1197 5128 illa
1226 5073 1479 5141 Apologia
1508 5075 1673 5144 refert
1698 5077 1839 5128 unde
1867 5078 2045 5130 animis

463 5142 516 5195 in
548 5143 836 5224 Origeuem
864 5159 893 5197 a
929 5142 1200 5200 lleiuetrio
1229 5148 1464 5198 excitata
1513 5143 1683 5199 fuerit
1723 5155 2041 5212 tempestas,

460 5229 565 5266 11011
592 5226 882 5269 01111815891..

531 5284 642 5353 (62)
672 5283 802 5348 Qua:
834 5304 866 5338 a
897 5286 1113 5339 Petario
1140 5286 1344 5339 erudite
1384 5285 1660 5354 confutata
1706 5286 1865 5340 habes
1889 5327 1904 5351 ,
1933 5295 2040 5342 etc.

461 5353 698 5427 Levibus
748 5357 1040 5427 admodum
1085 5357 1420 5427 argtnnentis
1463 5353 1750 5410 veritatem
1805 5357 2045 5411 historiae

462 5425 704 5505 vindicat
749 5424 1044 5482 Petavius:
1088 5424 1209 5496 quae
1251 5427 1296 5480 si
1338 5442 1461 5480 cum
1521 5427 1726 5482 nostris
1767 5427 2040 5492 conferas,

463 5504 718 5550 cnnttuuo
748 5504 930 5549 ruunt.

535 5565 647 5632 (65)
677 5563 830 5616 Fidei
857 5567 1438 5638 quoqueintegritatem
1477 5567 1532 5620 in
1574 5567 1719 5620 libris
1755 5565 2040 5638 pierisque,

462 5653 526 5688 ac
564 5651 622 5687 eo
663 5639 951 5706 nrazsertim
989 5637 1079 5704 qui
1128 5647 1199 5688 est
1239 5640 1314 5691 De
1352 5638 1667 5706 principiis,
1708 5647 1772 5691 ab
1819 5638 2044 5705 Origene

471 5718 714 5759 .wtatam
745 5705 796 5755 id
831 5707 1077 5776 temporis
1119 5718 1455 5776 conquestum
1502 5705 1670 5774 fuisse
1720 5709 2043 5762 Demetrium

465 5783 870 5845 consentaneum
896 5785 994 5828 est.
1026 5775 1156 5828 Illud
1195 5775 1412 5845 quidem
1446 5791 1638 5830 eruere
1679 5779 1803 5833 licet
1835 5789 1946 5830 tum
1976 5794 2038 5829 ex

467 5846 534 5910 iis
581 5858 702 5914 qua:
751 5844 1010 5901 adversus
1065 5844 1356 5914 Origeueut
1405 5847 1646 5902 decrevrt
1699 5851 2040 5903 Demetriaua

2147 4643 2296 4713 nam,
2323 4653 2465 4719 quod
2495 4647 2656 4717 paulo
2687 4647 2826 4719 infra
2854 4643 3352 4719 eshibetliuetius.

2215 4714 2538 4789 (GM-Severi
2570 4734 2756 4789 nomen
2789 4717 2929 4771 Decii
2957 4718 3185 4781 nomine,
3209 4727 3315 4770 etc.
3341 4714 3737 4789 verumtamen

2147 4781 2482 4860 Epiphanius
2514 4789 2606 4843 lib.
2641 4788 2714 4860 De
2737 4789 2967 4860 pond._et
2993 4801 3179 4849 meus.,
3220 4801 3359 4860 paqu
3379 4781 3510 4860 114,
3539 4785 3737 4854 Orige-

2149 4853 2269 4915 neni
2297 4863 2364 4915 ab
2396 4853 2916 4929 imperatorisDecii
2948 4853 3543 4929 tempore,ad_Gallum
3571 4853 3739 4924 usque

2145 4942 2201 4986 et
2229 4925 2605 4992 Volusianum,
2637 4939 2692 4982 et
2716 4928 2854 4981 ultra
2881 4927 3130 4980 ﬂoruisse
3155 4925 3366 4979 scribit.
3402 4925 3503 4980 Ubi
3537 4929 3735 4993 duplex

2146 5016 2323 5068 error,
2352 5015 2476 5055 cum
2514 4998 2710 5053 Decius
2744 5013 2841 5066 pro
2873 5000 3073 5068 Severo
3113 4997 3354 5068 ponitur,
3387 4997 3450 5068 et'
3483 4997 3736 5065 Origenis

2146 5065 2316 5126 mors
2343 5073 2483 5125 ultra
2530 5065 2819 5137 imperium
2858 5066 2995 5121 Galli
3033 5077 3088 5121 et
3133 5065 3410 5137 Volusiani
3464 5068 3733 5137 rejieitur.

2147 5143 2300 5208 Quod
2331 5136 2648 5209 argumento
2675 5147 2758 5191 est
2798 5152 2902 5190 non
2950 5136 3275 5209 imprudenti
3329 5136 3557 5209 Decium
3594 5139 3732 5191 irreo

2147 5207 2321 5282 psisse
2351 5207 2448 5282 pro
2484 5209 2707 5269 Severo,
2735 5209 2826 5261 sed
2872 5208 2945 5282 ita
2993 5208 3288 5282 credidisse
3334 5207 3731 5282 Epiphaniam,

2147 5275 2386 5352 adeoque
2411 5284 2594 5334 rudem
2611 5288 2664 5332 et
2686 5280 3033 5352 peregrinum
3058 5279 3109 5331 in
3125 5275 3377 5347 Origenis
3395 5278 3506 5331 vita
3531 5278 3729 5331 luisse:

2146 5355 2288 5423 quod
2303 5347 2454 5407 'infra
2483 5351 2684 5423 fatetur
2715 5350 2828 5423 ipse
2852 5347 3097 5423 fine-tius.

2218 5423 2330 5495 (65)
2381 5425 2512 5544 Aibr.
2553 5415 2749 5477 ScultJ
2776 5420 2830 5472 in
2862 5416 3092 5474 Medati.
3117 5417 3275 5471 theol.
3316 5415 3586 5484 Patrum,
3638 5418 3728 5473 lib.

2218 5509 2378 5544 .can.
2454 5530 2468 5544 .

2145 5509 2221 5558 Vt,
2257 5509 2378 5558 cap.
2415 5509 2468 5544 ι.

2217 5509 2510 5634 (ἐῶρὶάιέηι
2541 5559 2958 5634 habetscrhiptor
3005 5553 3587 5634 Yitre_AS._Pa_chomii.
3624 5557 3721 5634 (lb-

2146 5627 2348 5688 servari
2381 5633 2540 5686 velim
2570 5633 2620 5684 in
2661 5627 2776 5682 Vita
2795 5627 2855 5684 S.
2899 5628 3167 5682 Paclromii
3194 5644 3223 5681 a
3255 5629 3521 5684 Bollando
3544 5629 3728 5684 Latine

2145 5707 2286 5758 edita
2317 5704 2383 5757 Ην
2408 5703 2553 5766 Maii,
2587 5700 2825 5754 Heraclae
2853 5700 3181 5754 mentionem
3211 5714 3316 5753 non
3351 5715 3499 5754 esse.

2217 5773 2330 5845 (67)
2367 5772 2466 5829 Vit.
2497 5771 2662 5845 Parit.
2689 5769 2779 5824 lib.
2804 5785 2935 5845 με).
2962 5769 3236 5836 ίὲδςΒοΙΙη
3269 5785 3358 5824 stv
3390 5769 3543 5837 Μαίη
3575 5769 3683 5842 521
3711 5784 3726 5834 ;

2147 5841 2352 5901 Couctl.
2386 5855 2514 5900 tom.
2549 5841 2610 5908 ν,
2641 5855 2763 5912 pag.
2796 5841 2922 5896 660.
3011 5889 3015 5892 .
3163 5886 3165 5888 .
