3866 6532
168 436 270 494 669

1222 436 1800 502 ORIGENIANORUH
1838 444 1969 502 LIB.
2009 447 2052 513 i,
2089 444 2242 504 CAP.
2282 444 2351 506 li.

3302 446 3409 504 670

165 550 793 624 episeoporumEgypti,
815 553 971 625 cujus
1003 555 1369 629 fragmentum
1394 562 1552 618 adert
1575 563 1740 620 Justi-
1770 570 1816 627 Α
1842 566 2155 636 gnationem
2186 582 2215 621 a
2242 567 2518 624 Demetrio
2550 567 2764 626 litteras
2790 569 2993 638 scripta
3016 582 3080 624 ea
3112 582 3273 639 quam
3298 566 3409 623 disi

166 644 356 698 nianus
389 643 443 696 in
473 645 700 714 epistola
722 648 792 701 ad
818 646 1048 703 Menam.
1074 649 1249 706 Verba
1282 654 1397 709 haec
1425 667 1578 711 sunt:
1611 658 1735 730 Ἀρι
1839 662 1907 713 ad
1937 662 2141 716 amicos
2180 662 2441 728 quosdam
2482 676 2609 715 suos
2639 661 3021 716 Alexandriam
3070 660 3297 731 epistola
3326 660 3411 713 Iu-

164 732 388 804 ξαμένου
408 733 522 806 γὰρ
538 736 700 789 αὐτοῦ
718 736 1067 811 βλασφήμους
1092 743 1308 814 ὁμιλίας
1322 747 1551 817 ὁμιλεῖν,
1568 750 1597 801 ὁ
1611 751 1733 803 κατ’

160 825 329 879 ἐκεῖνο
362 828 674 901 μακαρίτης
708 829 980 902 Ἡρακλᾶς
1027 835 1056 887 ὁ
1089 835 1403 904 ἐπίσκοπος,
1429 838 1504 903 ὡς
1527 841 1732 913 ἀροτὴρ

161 919 249 973 καὶ
274 919 661 1004 ᾀμετελουργὸς
691 922 989 995 φιλαλήθης
1013 925 1107 979 τοῦ
1136 929 1236 997 τῆς
1271 930 1600 1002 Ἐκκλησίας
1621 952 1730 1004 χω-

162 1001 599 1081 ρίου’τυγχάνων,
624 1014 689 1067 ἐκ
719 1014 886 1083 μέσου
922 1016 1015 1070 τοῦ
1049 1019 1215 1073 καλοῦ
1248 1020 1392 1075 σίτου
1424 1001 1733 1092 subvexa—isﬁ-

159 1100 466 1168 ἐτιλεν,,ὼς
498 1104 594 1159 τοῦ
624 1106 860 1179 πονηροῦ
896 1106 1132 1173 ζιζανίου
1165 1113 1292 1167 ὄντα
1328 1115 1560 1188 ἀληθῶς.
1598 1116 1732 1173 Cum

158 1196 285 1249 enim
311 1196 504 1264 impias
534 1200 798 1254 orationes
838 1200 1031 1257 habere
1062 1207 1316 1273 coepisset.
1342 1209 1508 1263 beatis
1534 1227 1732 1265 memo-

157 1285 248 1339 rite
282 1284 549 1343 Heraclas
588 1294 879 1361 cpiscopus,
922 1298 1014 1362 qui
1049 1309 1174 1353 tunc
1202 1301 1446 1369 ﬂorebat,
1474 1313 1729 1371 tanquam

159 1388 330 1432 arator
364 1388 417 1434 et
438 1384 637 1437 vinitor
669 1386 903 1441 veritatis
931 1391 1200 1445 studiosus
1225 1393 1567 1448 ecclesiastici
1589 1396 1726 1464 agri,

156 1487 262 1524 eum
292 1488 320 1526 e
344 1474 522 1527 medio
553 1477 788 1544 pulchra
811 1481 1015 1549 segetis,
1065 1483 1142 1536 sic
1182 1496 1432 1555 tanquam
1467 1504 1584 1541 vere
1609 1505 1726 1541 ma-

157 1564 252 1618 lam
276 1565 543 1621 zizaniam
569 1570 761 1627 evellit.
786 1570 992 1639 Quibus
1017 1574 1120 1630 alia
1149 1591 1313 1631 causa
1347 1593 1447 1632 cur
1473 1579 1726 1647 expulsus

157 1658 307 1712 fuerit
330 1657 599 1727 Origenes
624 1675 823 1733 prteter
851 1667 1161 1735 superiores
1203 1668 1449 1724 affertur.
1485 1669 1596 1742 (68)
1633 1671 1726 1725 Est

156 1750 317 1806 simile
345 1753 630 1823 quidpiam
673 1758 814 1828 apud
860 1757 1080 1814 Petrum
1138 1761 1562 1816 Alexandrinum
1605 1763 1718 1831 epi-

154 1858 359 1914 scopum
409 1848 463 1902 in
514 1847 882 1922 Mystagogia,
920 1850 1075 1920 cujus
1133 1853 1457 1921 particulam
1509 1870 1722 1924 quoque

1834 751 2079 807 culenter
2111 754 2434 809 confutavit.
2471 753 2525 808 In
2566 769 2669 823 qua
2708 754 2919 809 etiamsi
2946 753 3245 808 maledictis
3277 753 3405 808 abs-

1834 844 2006 899 tinere
2053 860 2112 899 se
2161 844 2300 899 velle
2341 845 2598 909 declarat,
2669 860 2862 915 aspere
2917 835 3097 900 tamen
3126 854 3179 900 et
3207 844 3408 899 acerbe

1834 934 2188 1002 Demetrium,
2221 938 2379 1005 eique
2422 938 2823 992 consentientes
2865 939 3149 993 adversum
3191 952 3251 992 se
3292 935 3406 1004 epi-

1832 1038 2027 1095 scopos
2077 1027 2414 1095 perstringit,
2463 1034 2518 1080 et
2564 1025 2765 1079 illatam
2798 1024 2897 1080 sibi
2954 1024 3402 1092 injttriam,.inﬂi-

1833 1131 2056 1189 ctosque
2088 1119 2577 1174 anathematismos
2612 1116 2829 1173 refellit.
2864 1116 2974 1171 Nec
3001 1118 3178 1171 minus
3200 1117 3271 1172 oh
3303 1115 3402 1171 De-

1835 1210 2016 1264 metrii
2068 1209 2289 1264 decreta
2325 1217 2379 1263 et
2424 1208 2825 1263 Alexandrinas
2857 1206 3094 1277 synodos
3147 1204 3403 1261 ecclesia-

1832 1300 1987 1354 sticis
2021 1299 2223 1354 muniis
2254 1298 2539 1354 defunctus
2576 1307 2691 1363 est;
2724 1298 2956 1351 docebat
2994 1295 3235 1365 publice,
3269 1304 3322 1350 et
3344 1294 3400 1349 iu

1828 1391 2054 1446 ecclesia
2114 1392 2183 1446 de
2240 1393 2404 1446 rebus
2452 1392 2626 1446 sacris
2668 1391 2738 1445 ad
2778 1390 3030 1459 pOpqum
3061 1389 3395 1478 disserebalo;

1828 1491 1991 1553 atque
2018 1483 2132 1538 haec
2166 1498 2271 1537 non
2302 1481 2655 1537 Caesariensis
2684 1482 2922 1550 episcopi
2955 1482 3133 1547 modo,
3160 1489 3215 1535 et
3245 1478 3404 1536 iero—

1827 1573 2139 1646 solymitani
2179 1575 2472 1644 permissu,
2510 1574 2603 1629 sed
2630 1574 2784 1640 jussu
2820 1574 3017 1638 etiam;
3048 1572 3138 1641 qui
3167 1573 3233 1627 ad
3256 1571 3402 1628 hunc

1828 1682 1990 1722 unum
2021 1667 2319 1736 Scriptura:
2350 1681 2521 1720 sacrm
2551 1664 2972 1732 interpretanda:
3003 1679 3200 1718 munus
3243 1665 3399 1717 detu-

1825 1756 2027 1811 lerunt.
2062 1757 2196 1813 Cum
2233 1758 2375 1812 enim
2417 1760 2468 1812 in
2517 1758 2636 1829 ejus
2679 1774 2841 1814 causa
2877 1759 3042 1813 varias
3090 1767 3272 1812 essent
3307 1772 3400 1811 va-

1828 1850 2034 1905 riorum
2066 1850 2371 1915 sententiis,
2399 1851 2640 1919 duasque
2668 1850 2814 1905 velut
2844 1850 2897 1905 in
2928 1859 3110 1921 partes
3144 1852 3397 1905 universa

155 1940 333 1993 recitat
362 1938 705 1999 Justittiatttts
739 1946 790 1999 in
824 1948 1011 2000 eadem
1034 1946 1258 2016 epistola
1286 1960 1301 2000 :
1349 1947 1414 2001 Τί
1457 1947 1513 2000 δὲ
1560 1922 1719 2013 etiam,
1755 1922 1797 1977 Β
1825 1939 2049 1995 abiisset
2071 1940 2318 1996 Ecclesia
2338 1981 2354 2005 ,
2382 1941 2610 1997 infensis
2638 1941 2866 2011 reliquis
2898 1941 3256 2010 patrocinium
3281 1939 3398 2007 ejus

157 2031 349 2100 inquit,
403 2034 684 2106 Ἠρακλᾶν
725 2037 817 2090 καί
874 2039 1188 2110 Δημήτριον
1236 2040 1363 2104 τοὺς
1420 2041 1722 2113 μακαρίους

155 2123 469 2189 ἐπισκόπους
500 2143 515 2191 ;
565 2128 713 2192 οἴους
744 2132 1084 2201 πειρασμοὺς
1130 2131 1444 2203 ὑπέστησαν
1491 2132 1597 2186 ὑπὸ
1627 2131 1719 2186 τοῦ

159 2212 399 2285 μανέντας
442 2217 776 2289 Ὧριγένους,
818 2222 911 2275 καὶ
941 2221 1106 2275 αὐτοῦ
1136 2222 1412 2293 σχίσματα
1435 2222 1721 2294 βάλλοντος

156 2310 206 2363 ιν
218 2312 617 2386 τῇἙκκλησίᾳ,
647 2315 715 2369 τὰ
739 2315 843 2380 ἕως
874 2317 1114 2388 σήμερον
1142 2318 1388 2389 ταραχὰς
1415 2318 1550 2391 αὐτῇ
1578 2319 1721 2389 ὲγει-

160 2416 338 2469 ραντα·
382 2402 523 2468 Quid
566 2416 746 2459 autem
790 2407 962 2461 dicam
994 2407 1280 2462 Heraclam
1323 2419 1369 2463 et
1400 2409 1719 2465 Demetrium

158 2492 314 2546 beatos
346 2495 623 2563 episcopos
662 2497 688 2551 ?
718 2496 913 2563 Quales
945 2500 1256 2555 tentationes
1287 2500 1352 2554 ab
1375 2502 1565 2557 insano
1596 2500 1721 2555 Ori-

158 2599 268 2653 gene
280 2585 420 2649 passi
437 2596 588 2651 sunt,
603 2599 780 2642 cumet
803 2590 1024 2643 dissidia
1048 2601 1238 2645 sereret
1256 2592 1309 2644 in
1330 2588 1584 2657 Ecclesia,
1602 2608 1719 2659 qua:

158 2675 218 2727 ad
242 2676 368 2731 hanc
398 2694 564 2749 usque
594 2680 730 2732 diem
769 2679 946 2733 turbas
976 2679 1031 2734 in
1073 2696 1133 2734 ea
1173 2680 1470 2735 excitarunt
1496 2680 1523 2732 .’
1554 2680 1717 2735 Deni-

158 2782 249 2838 que
267 2769 545 2836 Eusebius,
575 2780 636 2826 ut
664 2772 777 2841 jam
813 2787 842 2825 a
868 2788 955 2827 me
984 2782 1226 2828 notatum
1256 2780 1361 2838 est,
1383 2773 1434 2826 in
1459 2771 1717 2827 Chronico

160 2860 423 2932 Origenem
450 2864 736 2920 exsulasse
767 2866 918 2936 lingit
943 2905 959 2930 ,
991 2865 1208 2921 biennio
1266 2874 1550 2935 postquam
1596 2866 1711 2933 epi-

161 2972 335 3027 scopus
384 2970 608 3015 creatus
646 2970 731 3015 est
787 2959 1064 3015 Heraclas.
1107 2958 1218 3031 (69)
1246 2959 1427 3015 Facile
1469 2958 1715 3029 equidem

159 3050 386 3106 existimo
419 3052 679 3107 Demetrii
714 3052 978 3106 adversus
1018 3050 1304 3120 Origenem
1337 3053 1556 3106 decreto
1587 3053 1718 3106 asti-

161 3141 375 3209 pulatutn
418 3143 591 3199 fuisse
637 3141 918 3197 Heraclam
961 3142 1142 3196 adhuc
1191 3142 1610 3213 presbyterum,
1662 3151 1716 3198 et

1821 2049 1885 2089 ac
1946 2034 2311 2089 defensionem
2372 2035 2701 2101 Palaestina,
2759 2034 3034 2090 Phwoicia
3097 2041 3152 2087 et
3195 2032 3396 2088 Arabia

1822 2135 2181 2195 susceperunt
2211 2142 2225 2180 :
2250 2142 2479 2195 quarum
2511 2128 2838 2193 auctoritate
2858 2107 3027 2180 fretus
3061 2140 3181 2180 sese
3213 2140 3399 2180 sacer-

1820 2217 1968 2271 dotio
2009 2234 2071 2272 ac
2107 2219 2369 2273 Ecclesiae
2429 2217 2819 2274 communione
2857 2217 3126 2273 excidisse
3175 2217 3398 2271 minime

1824 2318 1977 2363 ratus
2010 2320 2116 2374 est,
2141 2319 2196 2365 et
2224 2309 2367 2365 inter
2390 2324 2485 2365 eas
2517 2310 2747 2380 gradum
2781 2325 2940 2368 suum
2975 2324 3040 2365 ac
3071 2308 3394 2379 dignitatem

1820 2399 2071 2457 obtinuit.

1895 2490 2058 2549 XVII.
2089 2490 2482 2563 Jerosolymam
2514 2507 2732 2563 quoque
2779 2492 2967 2547 iisdem
3005 2492 3226 2546 circiter
3259 2503 3396 2546 tem-

1821 2587 2041 2653 poribus
2078 2585 2230 2649 adiit,
2263 2586 2465 2640 Christi
2512 2584 2995 2654 apostolorumque
3053 2586 3270 2638 visurus
3302 2596 3395 2637 ve-

1819 2677 2001 2747 stigia.
2038 2677 2153 2749 (7i)
2177 2677 2250 2731 Ibi
2288 2678 2634 2732 vehementer
2655 2677 2724 2731 ab
2753 2691 2818 2730 eo
2856 2675 3011 2745 petiit
3046 2677 3394 2731 sacerdotum

1819 2769 2104 2839 collegium
2132 2768 2267 2839 (72),
2300 2780 2360 2824 ut
2405 2770 2457 2824 in
2491 2770 2722 2825 ecclesia
2772 2768 2932 2823 verba
2969 2767 3210 2833 laceret;
3246 2782 3396 2820 cum—

1819 2875 1924 2931 que
1953 2861 2059 2914 vim
2103 2865 2170 2915 ad
2202 2862 2602 2930 impetrandum
2635 2859 3022 2930 propemodum
3065 2859 3395 2914 adhiberent

1819 2955 1913 3023 qui
1952 2939 2223 3024 praeerant
2273 2954 2468 3021 sacris,
2501 2969 2793 3023 assurgens
2834 2956 2924 3010 ille
2949 2963 3228 3022 assumpto
3254 2952 3397 3005 libro

1820 3046 1960 3100 unde
2011 3044 2113 3100 sibi
2159 3056 2532 3115 argumentum
2583 3047 2860 3118 deligeret,
2898 3049 2950 3102 in
3002 3047 3148 3100 hunc
3194 3045 3396 3115 epsal-

1820 3153 1908 3191 mo
1939 3153 2091 3200 sus,
2141 3152 2355 3192 versum
2403 3137 2544 3193 forte
2604 3139 2794 3194 incidit
2835 3158 2850 3195 :
2890 3138 3162 3194 Peccatori
3215 3147 3394 3191 autent

164 3231 300 3289 simul
331 3243 386 3289 ut
429 3236 809 3307 episcopatum
856 3234 1081 3303 adeptus
1120 3240 1201 3286 est
1229 3272 1243 3297 ,
1286 3233 1588 3288 decessoris
1633 3233 1713 3288 sui
1742 3273 1784 3332 ϐ
1818 3227 1955 3283 dixit
1992 3229 2134 3284 Deus
2159 3246 2178 3284 :
2202 3228 2380 3294 Quare
2406 3238 2461 3283 tu
2487 3246 2709 3283 enarras
2729 3230 2974 3301 justitias
3005 3245 3171 3293 meas,
3204 3236 3254 3283 et
3296 3243 3395 3282 as-

165 3328 487 3385 conlirmasse
529 3329 794 3391 edictum,
823 3337 878 3381 et
917 3327 1217 3399 quominus
1246 3328 1629 3382 restitueretur
1661 3329 1711 3382 iu

163 3415 406 3488 integrum
431 3418 701 3487 Origenes
739 3417 1121 3488 impedivisse:
1156 3417 1231 3470 ait
1263 3417 1460 3486 quippe
1489 3414 1714 3472 Photius

162 3508 435 3574 cod.i18,
481 3511 667 3565 edicto
702 3508 961 3563 Demetrii
1010 3508 1400 3577 subscripsisse
1446 3517 1713 3577 quotquot

164 3599 475 3673 ipsiOrigeni
500 3610 667 3656 antea
691 3600 970 3670 sull'ragati
999 3599 1237 3654 fuerant.
1267 3598 1463 3654 Verum
1492 3614 1712 3669 persua-

163 3691 260 3745 deri
292 3708 390 3746 non
419 3707 641 3762 possum
675 3689 787 3759 jam
823 3700 934 3744 tum
963 3690 1162 3749 obiisse
1207 3691 1559 3755 Demetrium,
1588 3706 1710 3745 cuut

163 3780 461 3836 Alexandria
496 3782 747 3852 dejectus
771 3791 855 3836 est
881 3780 1160 3852 Origenes,
1196 3794 1249 3837 et
1275 3797 1373 3837 cur
1403 3782 1715 3852 espellere-

167 3881 241 3926 tur
264 3884 527 3929 auctorem
581 3873 750 3929 fuisse
792 3864 1073 3928 Heraclaut
1099 3914 1115 3937 ,
1153 3883 1343 3928 contra
1390 3873 1710 3929 Eusebiaute

168 3961 392 4021 Historia:
422 3966 894 4030 testiﬁcationem,
926 3975 982 4019 et
1023 3963 1334 4034 Hieronymi
1363 3964 1488 4020 libr.
1520 3981 1556 4019 Il
1589 3968 1706 4019 adv.

166 4052 319 4125 Ruﬁn.
344 4099 361 4127 ,
387 4073 506 4129 cap.
547 4059 584 4112 5
610 4098 626 4123 ,
677 4068 732 4114 et
782 4058 951 4128 ipsius
1000 4058 1162 4112 etiam
1205 4058 1456 4128 Origeuis
1481 4101 1495 4125 ,
1527 4061 1616 4128 qui
1656 4060 1709 4112 in

167 4149 357 4216 epistola
383 4154 447 4205 ad
472 4153 681 4207 amicos
701 4150 1102 4208 Alexandrinos
1122 4160 1246 4220 post
1268 4149 1520 4204 exsilium
1541 4150 1709 4219 ipsius

166 4243 340 4313 scripta
360 4284 377 4309 ,
406 4246 738 4300 Demetrium
773 4244 1022 4315 aliosque
1063 4242 1355 4299 adversum
1384 4260 1443 4297 se
1475 4258 1708 4299 consen-

168 4331 337 4393 tientes
360 4337 660 4393 ulciscitur.

228 4422 352 4483 XVI.
384 4429 497 4502 (70)
535 4430 829 4500 Postquam
883 4444 949 4484 ex
1001 4428 1107 4484 hoc
1138 4428 1365 4487 tumultu
1403 4428 1707 4485 Caesaream

167 4530 268 4573 sese
288 4525 479 4593 recepit
507 4522 794 4592 Origenes,
818 4522 975 4579 fama:
994 4538 1106 4578 suae
1133 4531 1210 4578 tot
1231 4522 1521 4579 calumniis
1540 4537 1710 4593 appe-

170 4609 262 4666 tita:
284 4616 567 4686 consuluit,
600 4625 656 4671 et
709 4617 1006 4673 submissus
1062 4618 1116 4673 in
1156 4617 1391 4673 nominis
1420 4616 1503 4673 sui
1532 4626 1706 4687 oppu-

1815 3322 1981 3375 sumis
2010 3331 2383 3377 testamentum
2413 3338 2586 3376 meum
2635 3338 2728 3391 per
2772 3338 2831 3377 os
2878 3322 3073 3376 tuum?
3099 3321 3215 3388 Quo
3254 3320 3394 3374 reci-

1815 3424 1951 3481 tato,
1981 3415 2143 3484 quasi
2178 3430 2274 3470 sua
2306 3415 2410 3470 sibi
2459 3430 2490 3469 a
2538 3415 2648 3470 Deo
2674 3414 2898 3484 perfidia
2943 3415 3392 3484 exprobraretur,

1815 3507 1867 3561 in
1901 3516 2081 3560 tantos
2112 3507 2291 3562 luctus
2337 3506 2549 3572 incidit,
2581 3516 2637 3560 ut
2671 3506 2980 3560 astantibus
3011 3504 3278 3559 universis
3314 3504 3393 3556 la-

1814 3605 2029 3670 crymas
2055 3609 2353 3655 excuteret.
2395 3598 2531 3653 Cum
2566 3613 2698 3653 vero
2734 3612 2794 3653 se
2843 3597 3136 3667 aliquando
3161 3594 3390 3660 Christi,

1814 3690 2296 3762 apostolorumque
2318 3692 2685 3761 perlustrasse
2716 3692 2943 3763 vestigia
2973 3689 3217 3760 signiﬁca
3230 3688 3390 3753 verit,

1814 3792 1947 3837 tom.
1985 3799 2035 3838 VI
2085 3785 2144 3838 in
2196 3784 2387 3847 leam,
2418 3800 2565 3839 num.
2600 3783 2695 3849 Ἡ,
2730 3799 2856 3854 pag.
2892 3783 3020 3846 MO,
3056 3783 3141 3837 his
3184 3792 3393 3851 tempo-

1814 3878 1966 3933 ribus
1993 3879 2043 3932 id
2070 3878 2232 3931 tribui
2257 3893 2414 3947 posse
2442 3894 2750 3934 eensemus.
2776 3879 2900 3932 Inde
2925 3892 3056 3934 vero
3085 3893 3191 3932 non
3221 3877 3392 3931 multo

1811 3980 1933 4042 post
1960 3970 2236 4040 digressus
2254 3980 2358 4024 est.

1883 4063 2069 4118 XVIII.
2105 4062 2308 4118 Scribit
2337 4060 2674 4133 Epiphanius
2709 4063 2840 4117 haer.
2868 4061 2962 4128 64,
2996 4078 3117 4133 cap.
3144 4063 3198 4130 5,
3228 4072 3284 4118 et
3311 4061 3392 4117 De

1807 4156 1970 4227 pond.
2003 4168 2050 4210 et
2087 4155 2277 4222 nicum,
2316 4170 2445 4225 cap.
2482 4156 2571 4220 18,
2602 4154 2808 4227 Tyrum
2840 4156 3179 4211 concessisse
3214 4156 3388 4225 ipsum

1811 4259 1935 4317 post
1978 4247 2495 4319 Jerosolymitanum
2526 4247 2648 4310 iter,
2678 4257 2847 4316 atque
2890 4246 2966 4301 ibi
2994 4261 3090 4316 per
3120 4261 3389 4301 annorum

1809 4352 1934 4398 octo
1961 4350 2018 4396 et
2050 4340 2243 4410 viginti
2287 4341 2578 4395 decursum
2634 4339 2686 4391 in
2750 4338 3193 4408 interpretandis,
3236 4337 3391 4405 juxta

1808 4433 2083 4489 Ambrosii
2135 4431 2432 4504 postulata,
2483 4430 2786 4501 Scripturis
2829 4433 2998 4484 otium
3050 4445 3208 4484 suum
3254 4445 3392 4484 cnn-

1810 4526 2132 4598 sumpsisse.
2171 4524 2414 4580 Dicerem
2471 4535 2791 4595 corruptum
2844 4540 2874 4578 a
2922 4523 3165 4578 librariis
3214 4538 3394 4576 nume-

1812 4631 1954 4681 rum,
1988 4615 2090 4671 nisi
2127 4615 2338 4671 duohus
2371 4616 2511 4683 apud
2537 4613 2902 4684 Epiphanium
2929 4612 3064 4669 locis
3099 4612 3395 4668 haberetur

224 4839 321 4912 (68)
346 4844 659 4917 Gombelis.,
684 4846 799 4900 Act.
828 4844 890 4900 V.
928 4846 1069 4902 Petr.
1097 4854 1154 4917 'p.
1176 4846 1321 4914 205;
1354 4846 1556 4900 Concil.
1576 4854 1708 4900 tom.
1745 4841 1789 4896 D
1821 4826 2154 4917 Demetriani
2181 4844 2394 4900 concilii
2430 4845 2571 4917 actis
2593 4838 3014 4917 subscripsisse.
3027 4842 3189 4917 Certe
3204 4843 3390 4917 nullibi

169 4906 354 4979 γένος.
387 4916 509 4973 652.

230 4932 540 5056 (ξῖιῗίξιῗξὶε
587 4988 825 5056 equidem
879 4988 1121 5040 existimo
1178 4988 1428 5041 Demetrii
1460 4987 1712 5040 adversus

175 5047 419 5127 Origenem
454 5047 664 5113 decreto
704 5057 1050 5124 astipulatum
1079 5057 1244 5127 fuisse
1270 5056 1711 5127 Heraclam,_etc.

171 5116 216 5170 Id
244 5116 293 5173 ut
317 5129 554 5181 crederet
584 5116 1100 5181 lluetius'atlductus
1140 5137 1223 5181 est
1270 5126 1408 5179 male
1440 5116 1714 5180 intellecto

172 5186 256 5266 hoc
283 5191 446 5250 Pltolii
481 5199 597 5251 loco
630 5199 751 5252 cod.
788 5197 889 5250 118
916 5216 928 5250 :
974 5196 1099 5251 Ἀλλ
1128 5197 1221 5266 ὅγε
1251 5196 1561 5266 Δημήτριος
1595 5196 1710 5266 ἅμα

174 5214 256 5239 um-
283 5214 446 5250 rltOlIl
481 5214 597 5251 loco
630 5214 751 5252 cuu.
788 5214 889 5250 ιιδ
916 5216 928 5250 :
978 5214 1099 5251 'AAA
1128 5214 1161 5250 ο
1196 5214 1221 5250 ε
1251 5214 1561 5266 Δημητριος
1595 5214 1710 5266 αμα

172 5260 318 5338 Ἒισὶν-
342 5267 651 5338 intendam;
704 5267 1050 5338 Αἰγυπτίοις.
1105 5214 1200 5321 ita-Ti
1254 5267 1352 5337 τῆς
1415 5265 1713 5338 ἱερωσύνης

173 5326 468 5409 ἀπεδξήρυξε,
499 5326 1257 5409 συνυῇογρὰψάντωῖκαὶητῇ
1305 5326 1576 5405 ἇποφᾶσει
1603 5326 1710 5409 tri-iv

177 5403 452 5473 συμψῆφων
473 5409 645 5481 μαύτῷ
680 5403 1083 5481 mensem,
1155 5403 1345 5461 verum
1412 5403 1707 5481 Demetrius

179 5482 266 5522 una
293 5489 397 5548 cum
440 5478 655 5548 ὥρῃ)ὶὲ
687 5478 943 5546 episcopis
981 5479 1209 5546 aliquot.
1247 5478 1542 5548 sacerdotio
1584 5493 1712 5546 quo-

177 5552 259 5619 que
297 5547 438 5600 illum
484 5547 752 5618 abjudicat
779 5590 794 5612 ,
832 5547 1275 5619 subscribentilms
1325 5547 1486 5619 etiam
1534 5549 1704 5601 edicto

179 5610 561 5689 illigattotquoi
595 5631 746 5673 antea
772 5610 1060 5689 stt/fragati
1086 5618 1134 5672 ei
1169 5616 1499 5689 fuissent._ln_
1532 5633 1598 5670 eo
1642 5633 1702 5672 se

182 5679 542 5758 decipi'passus
577 5701 677 5752 est,
706 5679 864 5758 quod"
898 5679 1084 5743 vocem
1136 5679 1285 5758 α’ὑτῷ
1314 5689 1380 5739 ad
1410 5686 1699 5758 Qrigenem

181 5747 377 5816 deferat,
396 5772 512 5809 cum
542 5762 605 5812 ad
640 5747 963 5814 Demetrium
994 5747 1272 5813 referenda
1301 5758 1392 5811 sit.
1415 5747 1535 5809 Hoc?
1556 5758 1699 5811 enim

183 5828 339 5899 fluunt“
369 5828 440 5899 ait
492 5828 732 5892 Pltolins,
781 5838 1044 5899 quotquot
1095 5829 1292 5899 prioris
1339 5828 1697 5899 Detttetriattte

135 5945 140 5951 .
182 5891 341 5955 διηυάί
387 5896 599 5956 decreto
635 5891 1111 5972 Subscripsérant;
1127 5898 1342 5955 eosdem
1380 5898 1694 5967 posterioris

1820 4916 1962 4980 apud
2017 4913 2400 4986 Hieronymum
2448 4916 2675 4986 legimus
2721 4913 3050 4986 ab_lleracla
3089 4915 3390 4986 quidquam

1821 4993 2007 5039 contra
2039 4983 2332 5054 Origeuem
2364 4983 2557 5054 actum
2579 4984 2761 5039 fuisse.
2791 4983 2987 5052 Ecquis
3013 4984 3156 5037 enim
3194 4983 3392 5054 iocre-

1821 5054 1912 5108 dat
1942 5056 2009 5108 de
2039 5051 2289 5118 Heracla,
2318 5071 2480 5124 quem
2533 5053 2797 5123 Origenes
2854 5051 2949 5122 per
3003 5054 3219 5118 triginta
3246 5123 3251 5124 γ
3281 5051 3395 5106 fere

1820 5139 1995 5195 annos
2025 5123 2348 5195 discipulum
2382 5125 2643 5195 habuerat
2682 5141 2696 5177 :
2731 5124 2817 5178 cui
2852 5124 3181 5195 Alexandria
3224 5123 3396 5195 disce-

1822 5194 1954 5248 dens
1982 5193 2329 5249 catech'eticze
2360 5194 2560 5249 scholae
2597 5208 2794 5247 munus
2844 5193 3080 5260 reliquit,
3117 5201 3170 5243 et
3199 5194 3289 5260 qui
3319 5193 3392 5244 si-

1822 5262 2096 5333 himetipsi
2128 5266 2441 5335 subrogavit
2474 5263 2786 5334 Dionysium
2839 5262 3088 5331 Origenis
3122 5262 3286 5314 etiam
3311 5261 3395 5314 di-

1818 5335 2121 5390 scipulum?
3342 5336 3356 5350 '

1917 5404 2009 5475 70)
2048 5402 2332 5476 Postquam
2384 5420 2449 5457 ea:
2503 5404 2613 5476 hoc»
2664 5401 3382 5476 tuinultu__Ccesaream,etc.

1817 5471 2121 5541 anu'tmo
2177 5471 2229 5528 in
2297 5476 2463 5529 hocce
2515 5472 2744 5526 articulo
2789 5475 2865 5525 ait
2896 5472 3140 5533 littetius,
3172 5471 3391 5525 minime

1815 5556 1966 5599 certe
2013 5546 2254 5599 cohaeret
2287 5561 2412 5599 cum
2443 5544 2696 5614 Origenis
2724 5541 2929 5613 ﬂagitio
2961 5552 3017 5596 et
3044 5541 3387 5611 ptenitentia,

1814 5626 1871 5668 ut
1896 5615 2007 5686 jam
2040 5615 2297 5686 diximus.

1883 5680 1999 5755 (⁷71)
2028 5683 2056 5737 Ι
2066 5686 2115 5738 bi
2145 5686 2470 5738 vehementer
2495 5685 2561 5736 ab
2592 5699 2650 5736 eo
2677 5685 2830 5752 petiit
2863 5682 3196 5738 sacerdotum
3227 5680 3389 5755 colle-

1808 5750 2110 5824 giu'm,'ete.
2144 5754 2268 5810 Haec
2314 5769 2379 5809 ex
2431 5755 2621 5807 iisdem
2649 5750 2876 5821 impuris
2909 5755 3146 5824 fontibus
3172 5767 3236 5809 ae
3267 5750 3390 5808 Ori-

1812 5823 2311 5897 geuisidololatria:
2342 5826 2623 5897 historiam
2671 5824 2851 5897 hausit
2881 5823 3237 5897 Epiphanius.

1830 5889 1838 5895 '
1873 5894 1987 5968 (τῇ)
2023 5896 2213 5968 ιςρίυιι.
2241 5897 2373 5952 nam.
2400 5895 2488 5960 οι,
2527 5908 2645 5964 cap.
2678 5895 2733 5949 s.
