3878 6546
463 408 566 464 675

1733 394 1798 450 ι).
1836 391 2153 451 DANIELIS
2191 354 2427 452 nue'ru

3609 397 3709 452 676

461 530 643 601 gorius
696 525 990 596 Nyssenus,
1053 534 1286 587 eumque
1347 533 1414 571 ex
1470 515 1639 570 variis
1697 523 1750 570 et
1806 513 2316 586 incertisApsisse
2343 531 2404 571 se
2433 517 2514 572 vel
2549 519 2814 574 recitasse
2870 516 3140 589 agnoscit,
3172 531 3349 586 neque
3389 530 3716 586 quemquam

461 621 801 677 ethnicorum
855 612 1302 685 philosophorum
1331 609 1400 662 de
1443 608 1551 664 Deo
1590 607 1876 662 sententiis
1922 605 2038 662 veri

461 711 556 765 Dei
595 706 839 762 notitiam
888 701 1134 756 hausisse
1175 699 1505 754 testificatur
1535 699 1588 752 in
1631 696 1754 751 Vita
1801 694 2041 765 Gregorii

463 795 871 864 Thaumaturgi,
903 809 1032 864 pag.
1063 793 1187 847 559.
1237 791 1432 846 Mirum
1465 805 1593 846 vero
1619 789 1904 859 scripsisse
1933 788 2039 844 Be-

459 892 584 948 dam
613 889 726 962 (79)
775 888 972 942 litteris
1011 887 1294 941 institutos
1321 885 1389 938 ab
1441 881 1676 952 Origene
1719 881 2039 950 Gregorium

460 995 516 1041 et
538 984 977 1045 Athenodorum,
1005 981 1310 1048 imperante
1333 977 1610 1033 Gordiano
1636 991 1650 1026 :
1680 974 1876 1028 mirum
1905 988 2042 1042 quo-

459 1091 567 1146 que
598 1073 941 1130 existimasse
971 1071 1351 1126 Casaubonum
1390 1067 1529 1132 ('80),
1558 1065 2038 1136 diligentissimum

458 1177 607 1224 certe
634 1167 832 1232 virum,
875 1179 972 1235 per
1006 1176 1180 1217 annos
1223 1162 1372 1230 ipsos
1400 1169 1524 1214 orto
1566 1157 1790 1228 Origeni
1817 1171 2037 1225 operam

459 1260 672 1316 dedisse
696 1255 1049 1324 Gregorium,
1083 1253 1167 1307 vel
1197 1252 1416 1322 spretis,
1452 1250 1536 1304 vel
1587 1249 1911 1305 inconsultis
1940 1249 2040 1302 Eu-

458 1351 611 1407 sebio
659 1359 715 1403 et
753 1348 1127 1416 Hieronymo,
1168 1346 1257 1414 qui
1303 1343 1730 1412 quinquennium
1779 1342 2042 1395 duntaxat

458 1441 761 1510 assignant.
805 1435 1021 1491 Homini
1059 1448 1256 1502 nempe
1299 1433 1456 1486 valde
1482 1432 1686 1501 alioqui
1739 1431 2037 1501 perspicaci

459 1532 713 1601 imposuit
744 1531 896 1584 locus
929 1528 1031 1582 iste
1056 1525 1304 1594 Gregorii
1337 1525 1508 1589 ipsius
1538 1523 1686 1595 (8i):
1729 1521 1891 1575 Ἀλλὰ
1943 1521 2040 1575 καὶ

455 1622 720 1693 ὀκταέτης
769 1637 855 1692 μοι
903 1618 1094 1690 χρόνος
1137 1609 1292 1679 οὗτος
1345 1614 1468 1686 ήδη,
1503 1614 1561 1680 ἐξ
1607 1608 1668 1668 οὗ
1720 1612 1844 1666 οὕτε
1879 1611 2041 1673 αὐτὸς

455 1712 624 1768 εἰπών
643 1729 719 1778 τι,
752 1707 1028 1781 ἢγράψας
1058 1707 1215 1776 λόγον
1233 1706 1354 1759 τινὰ
1388 1702 1560 1774 μέγαν
1591 1702 1625 1773 ἢ
1659 1700 1872 1773 μικρὸν,
1905 1699 2040 1762 ὅλως

456 1805 739 1876 τυγχάνωο
775 1800 900 1856 οὔτε
939 1800 1100 1854 ἄλλου
1137 1798 1346 1870 ἤκουσά
1363 1813 1480 1860 του,
1516 1795 1625 1866 ίδίᾳ
1654 1789 2038 1864 γράφοντοςιῆ

2143 609 2464 664 recitantem
2519 610 2758 673 audisse,
2789 621 3154 679 praeterquam
3207 605 3556 663 admirandos
3605 605 3725 658 illos

2141 697 2310 762 viros,
2349 714 2492 756 vera:
2551 701 2910 772 philosophiae
2972 708 3266 766 amatores,
3319 696 3726 764 condiscipulos

2141 803 2334 858 ηθιιιρε
2388 796 2540 856 διπῦε.
2590 792 2842 861 Origenis
2892 792 3079 847 itidem
3139 789 3440 844 auditores.
3501 785 3728 840 Minime

2141 892 2274 932 vero
2299 893 2357 932 se
2381 879 2500 934 illos
2527 879 2771 936 dicentes
2792 895 2889 951 per
2911 880 3222 934 octenuium
3255 876 3474 931 audisse
3509 872 3726 943 signiti-

2141 979 2250 1033 cat,
2278 971 2372 1025 sed
2424 986 2530 1024 non
2583 973 2752 1026 alium
2785 986 3112 1042 quemquam
3148 985 3243 1040 per
3273 967 3593 1024 octenuium
3631 977 3732 1016 au-

2144 1059 2314 1115 disse.
2372 1060 2579 1118 Scribit
2633 1061 2977 1129 Nicephorus
3030 1061 3171 1117 Hist.
3230 1059 3325 1115 lib.
3377 1073 3432 1124 v,
3470 1070 3598 1125 cap.
3634 1052 3729 1113 20,

2143 1149 2483 1220 Dionysium,
2545 1169 2670 1208 eum
2717 1153 2808 1222 qui
2879 1152 3123 1208 Ileracla:
3168 1159 3222 1204 et
3250 1149 3302 1203 in
3359 1146 3550 1202 schola
3581 1154 3639 1198 et
3674 1144 3726 1196 in

2140 1241 2452 1312 episcopatu
2478 1245 2848 1299 Alexandrino
2871 1258 3156 1298 successor
3183 1242 3306 1304 fuit,
3342 1240 3447 1294 hoc
3480 1249 3729 1304 tempore

2140 1334 2303 1388 etiam
2339 1335 2662 1392 Adamantio
2699 1347 3030 1408 praeceptore
3061 1351 3181 1390 esse
3235 1349 3410 1388 usum.
3448 1329 3729 1384 Eusebius

2141 1433 2311 1489 certe,
2340 1441 2500 1494 quem
2531 1443 2694 1480 unum
2750 1429 2838 1482 hic
2877 1428 3092 1480 videtur
3124 1434 3427 1479 assectatus
3455 1419 3730 1488 Nicepho-

2143 1532 2259 1584 rus,
2324 1518 2640 1591 Dionysium
2695 1521 3044 1575 Alexandria:
3108 1516 3360 1588 Origenis
3411 1516 3724 1568 auditorem

2142 1607 2311 1664 fuisse
2363 1612 2550 1676 docet;
2584 1613 2846 1666 Caesareae
2879 1626 3008 1665 vero
3041 1608 3209 1663 fuisse
3247 1607 3459 1670 itidem,
3494 1606 3550 1659 id
3596 1618 3730 1658 vero

2142 1703 2281 1768 apud
2317 1717 2440 1756 eum
2482 1719 2750 1773 nusquam
2785 1704 3044 1772 reperias.
3080 1705 3148 1755 At
3177 1716 3281 1755 non
3327 1698 3583 1754 docendo
3640 1713 3731 1752 so-

2144 1788 2379 1854 lum,sed
2404 1792 2691 1847 scribendo
2713 1793 2875 1846 etiam
2898 1808 2994 1860 pro
3017 1807 3165 1845 more
3189 1805 3289 1845 suo
3311 1787 3533 1857 publice
3560 1787 3728 1857 prod-

454 1869 789 1965 “youngi
839 1893 933 1946 nat
979 1891 1216 1961 δημοσίᾳ
1256 1887 1665 1957 πανηγυρικοὺς
1703 1884 1895 1952 λόγους
1944 1881 2024 1934 ita?

2142 1895 2261 1935 esse
2329 1883 2382 1935 in
2431 1885 2533 1937 hoc
2577 1882 2897 1938 Caesariensi
2948 1898 3168 1938 secessu
3198 1881 3466 1950 Origenes
3517 1887 3731 1949 satage-

454 1987 847 2055 ἀγωνιστικοὺς
896 1981 1291 2053 παρεχομένου,
1335 1979 1416 2032 ὅτι
1449 1977 1523 2049 μὴ
1560 1976 1669 2030 τῶν
1718 1973 2036 2046 θαυμασίων

456 2080 663 2134 τούτων
703 2076 935 2150 ἀνδρῶν,
962 2075 1069 2128 τῶν
1115 2073 1212 2145 τὴν
1239 2071 1409 2142 καλὴν
1441 2069 1758 2140 φιλοσοφίαν
1785 2069 2036 2122 ἀσπασα-

468 2172 668 2243 μένων.
702 2171 786 2226 Ab
820 2179 944 2224 octo
991 2167 1150 2222 annis
1179 2178 1485 2219 sermonem
1529 2163 1736 2218 nullum
1772 2159 1857 2215 vel
1894 2158 2032 2215 scri-

2144 1973 2236 2028 bat
2265 1993 2278 2028 :
2307 1974 2460 2029 Isaia:
2485 1976 2687 2045 quippe
2718 1988 2774 2030 et
2806 1975 3102 2032 Ezechielis
3131 1973 3388 2030 vaticinia
3408 1982 3542 2028 tunc
3572 1986 3727 2028 com-

2144 2068 2424 2122 mentariis
2455 2066 2766 2123 illustravit.

1758 2419 2141 2510 CAPUT
2217 2419 2408 2508 III.

451 2611 496 2666 Ι.
524 2611 824 2666 Alexandro
843 2611 1072 2694 “severo
1110 2613 1342 2694 succedit
1392 2610 1941 2694 Memmiana-Sexta
1959 2611 2302 2694 "persecutio.
2352 2610 2415 2666 Il.
2465 2606 2751 2694 Gregorius
2800 2619 2850 2663 et
2893 2609 3259 2694 Athenodorus
3310 2609 3730 2694 Νςρεςίεηῖεαρι

527 2692 784 2751 repetunt.
837 2681 1088 2747 Origenes
1137 2683 1432 2737 Cwsaream
1459 2683 1805 2750 Cappadociae
1848 2683 1915 2735 ad
1950 2680 2326 2734 Firmilianum
2361 2680 2613 2750 confugit,
2669 2681 2793 2751 latet
2835 2683 2975 2749 apud
3020 2681 3317 2751 Julianarn.
3349 2680 3432 2734 Ill.
3476 2682 3728 2750 llexapla

521 2748 754 2806 inchoat.
794 2754 880 2808 IV.
917 2751 1111 2807 Scribit
1139 2754 1327 2806 librum
1362 2755 1436 2806 De
1486 2748 1768 2823 martyrio.
1807 2751 2238 2823 VaiMaximinus
2284 2748 2712 2823 perit,succedit
2752 2748 3072 2823 Gordianus.
3105 2749 3194 2803 Vl.
3227 2750 3484 2823 Origenes
3533 2748 3730 2805 iterum

523 2824 750 2876 Athenas
777 2824 1150 2892 proﬁciscitur,
1171 2823 1505 2892 Ambrosium
1525 2821 1688 2876 obiter
1714 2823 1826 2876 adit
1865 2821 2208 2883 Nicomediw,
2257 2821 2474 2892 Athenis
2507 2822 2724 2873 absolvit
2757 2822 3186 2892 Commentarios
3211 2838 3333 2892 suos
3367 2823 3420 2874 in
3451 2821 3728 2876 Joannem

521 2901 573 2946 et
597 2896 649 2945 in
677 2887 1035 2959 Ezechielem,
1057 2895 1190 2948 alios
1229 2891 1440 2946 inchoat
1482 2893 1538 2946 in
1582 2894 1862 2947 Canticum
1884 2893 2240 2946 canticorum.
2283 2893 2384 2944 \"ll.
2413 2887 2713 2946 Cwsaream
2745 2891 3007 2946 Stratonis
3051 2893 3250 2955 repetit,
3279 2891 3731 2946 Commentarios

523 2963 577 3017 in
619 2962 904 3017 Canticum
926 2964 1168 3025 absolvit,
1199 2962 1575 3017 Firmilianum
1600 2965 1787 3016 iterum
1833 2963 1889 3016 in
1926 2962 2274 3032 “disciplinam
2306 2964 2514 3032 recipit.
2543 2961 2674 3017 VIII.
2702 2966 2784 3032 At!
2816 2963 3219 3032 convincendan
3244 2961 3445 3032 Berylli
3473 2963 3729 3016 lintresim

517 3032 765 3086 Bostram
809 3037 1113 3097 accersitur,
1141 3035 1194 3086 in
1230 3032 1578 3087 Palwstinam
1605 3035 1757 3088 redit.
1791 3033 1882 3086 IX.
1910 3031 2030 3102 Obit
2065 3029 2387 3095 Gordianus,
2411 3029 2986 3102 succeditrl’hilippus.
3034 3031 3100 3086 X.
3142 3030 3330 3085 Utrum
3352 3029 3412 3085 “‹ι
3462 3035 3729 3102 Dionysio

521 3103 878 3157 Alexandrino
909 3115 1237 3173 oppugnatus
1270 3103 1430 3173 fuerit
1458 3103 1732 3173 Origenes.
1776 3103 1864 3158 XI.
1898 3100 2149 3168 Origenes
2177 3105 2532 3173 sexagenario
2563 3101 2738 3173 major
2775 3103 2956 3173 scribit
2981 3115 3166 3156 contra
3205 3103 3442 3166 Celsum,
3491 3107 3547 3156 in
3583 3100 3732 3156 Mat-

520 3174 740 3236 thteum,
779 3183 838 3227 et
873 3173 928 3227 in
972 3170 1632 3241 duodecim'Propheta's;
1682 3176 1806 3228 item
1847 3175 2152 3226 innumeras
2190 3174 2461 3236 epistolas.
2499 3172 2612 3226 XII.
2647 3170 2850 3225 Utrum
2906 3170 3186 3240 Philippus
3223 3179 3520 3238 imperator
3561 3174 3731 3240 fuerit

518 3242 873 3313 Christianus.
921 3243 1053 3298 XIII.
1084 3242 1348 3297 Homilias
1369 3261 1493 3313 suos
1524 3253 1635 3297 tum
1665 3242 2114 3313 primumexcipi
2149 3250 2353 3308 patitur
2375 3242 2654 3312 Origenes,
2685 3243 2810 3309 ﬁdei
2846 3259 2956 3297 sate
3001 3246 3378 3310 prolessionem
3438 3245 3609 3295 mittit
3657 3245 3729 3294 ad

517 3312 817 3367 Fabianum
859 3331 1048 3382 papam
1091 3321 1142 3366 et
1193 3314 1328 3368 alios
1361 3306 1840 3383 episcopostlV.
1903 3306 2158 3366 Vocatur‘
2188 3314 2256 3366 ad
2309 3306 2588 3367 concilium
2639 3306 2889 3368 adversus
2931 3306 3164 3368 Arabum
3203 3315 3493 3377 hwresim;
3540 3313 3730 3366 scribit

515 3388 762 3439 adversus
804 3383 1132 3439 Helcesaitas
1158 3399 1179 3450 ;
1217 3385 1510 3454 Appellitas
1535 3385 1811 3456 pro/ligat.

516 3604 561 3661 Ι.
598 3607 734 3661 Dum
778 3605 866 3660 his
902 3606 1167 3662 intentum
1187 3606 1431 3660 animum
1454 3605 1616 3661 habet
1640 3605 2024 3674 Adamantius,
2055 3612 2099 3669 (Ζ
2133 3621 2425 3679 aggressus
2468 3615 2574 3670 est,
2616 3620 2678 3660 ac
2745 3605 3086 3660 Christianos
3145 3604 3518 3674 potissimum.
3570 3602 3732 3673 Quos

444 3714 618 3756 caesus
651 3711 736 3755 est
765 3714 887 3754 cum
915 3699 1196 3754 Mammaea
1229 3709 1406 3754 matre
1430 3699 1740 3754 Alexander
1769 3699 2028 3765 Severus,

445 3800 570 3861 post
603 3790 1046 3846 administratum
1079 3790 1238 3845 annis
1263 3790 1526 3846 tredecim
1566 3790 1828 3860 singulari
1857 3792 2032 3846 conti-

446 3883 628 3937 nentia
657 3893 712 3937 et
741 3883 998 3953 aequitate
1030 3883 1339 3951 imperimn.
1382 3881 1616 3936 Sceleris
1643 3894 1832 3937 auctor
1858 3881 2027 3936 Maxi-

444 3973 647 4039 minus,
681 3975 842 4030 homo
866 3985 1026 4048 gente
1055 3992 1119 4030 ac
1155 3973 1395 4029 moribus
1423 3975 1709 4036 barbarus,
1737 3976 1790 4028 in
1808 3973 2024 4029 demor-

445 4068 523 4122 tui
573 4069 747 4124 locum
782 4069 1049 4125 sulfectus
1077 4080 1186 4137 est,
1218 4069 1305 4124 cui
1341 4082 1442 4122 nec
1471 4065 1735 4122 obtulisse
1770 4076 2020 4131 mortem,

443 4171 502 4217 et
550 4162 602 4215 in
646 4161 764 4230 ejus
815 4163 1132 4233 dignitatem
1189 4161 1462 4217 involasse
1513 4167 1828 4223 contentus,
1876 4159 2020 4228 piam

444 4253 631 4321 optimi
662 4255 1002 4324 imperatoris
1022 4254 1303 4318 familiam,
1345 4265 1400 4310 et
1426 4267 1778 4324 quoscunque
1800 4251 2019 4317 charos,

443 4345 570 4399 dum
597 4359 742 4402 esset
772 4349 824 4402 in
862 4348 1018 4414 vivis,
1065 4349 1356 4413 habuerat,
1385 4346 1563 4402 ferino
1594 4346 1700 4400 ritu
1751 4345 2018 4400 devexare

444 4505 990 4579 medicintestudiosa
1014 4509 1264 4578 juventus
1301 4509 1615 4579 confluebat,
1651 4507 1816 4562 fuisse
1839 4523 2028 4563 versa-

444 4583 581 4637 tum,
611 4592 674 4648 ac
709 4577 939 4648 demum
973 4577 1212 4648 omnibus
1242 4577 1513 4647 sapientia:
1559 4579 1861 4648 disciplinis
1892 4595 2016 4645 per-

443 4648 610 4724 cursis
639 4647 903 4724 incidisse
924 4646 979 4699 in
1010 4646 1388 4702 Firmilianum
1411 4646 1706 4720 quemdam
1732 4649 2034 4724 patricium.

443 4715 826 4782 Cappadocem,
857 4718 1006 4785 eique
1058 4721 1225 4772 animi
1255 4721 1336 4773 sui
1369 4715 1648 4773 consilium
1686 4715 1748 4772 ac
1780 4722 1902 4772 vitte
1929 4719 2015 4770 in-

440 4786 714 4860 stitutum,
768 4795 825 4840 ut
862 4791 1068 4860 amico,
1117 4791 1464 4858 patefecisse,
1518 4791 1661 4860 quod
1705 4788 1905 4843 scilicet
1943 4790 2013 4841 ad

444 4853 610 4929 Deum
668 4857 906 4929 intentos
918 4856 1033 4925 jam
1067 4853 1274 4914 haberet
1323 4861 1511 4912 mentis
1531 4853 1724 4912 'oculos
1747 4875 1765 4912 :
1792 4873 2015 4929 cumque

2135 3717 2254 3757 cum
2279 3718 2399 3757 esse
2443 3702 2637 3757 fuisset
2663 3717 2854 3773 passus
2884 3703 3218 3766 Alexander,
3261 3703 3512 3758 futiditus
3537 3705 3732 3759 delere

2131 3794 2455 3850 Maximinus
2493 3795 2722 3864 optavit.
2761 3793 2965 3849 Bellum
3005 3807 3159 3850 atrox
3214 3795 3398 3863 itaque
3454 3795 3732 3850 Ecclesia!

2134 3883 2381 3950 infertur,
2428 3869 2783 3955 neglectoque
2825 3882 3258 3939 Christianorum
3302 3885 3488 3953 vulgo,
3535 3901 3733 3940 sacer-

2133 3978 2287 4031 dotes
2317 3978 2478 4030 morti
2532 3992 2596 4031 ac
2641 3977 2906 4048 supplicio
2947 3979 3315 4042 destinantur,
3346 3989 3406 4032 ut
3446 3979 3730 4034 detractis

2129 4069 2396 4123 columnis
2431 4069 2700 4124 labefacta
2729 4071 2872 4125 aedes
2899 4081 3199 4128 corrueret.
3230 4070 3305 4137 Id,
3334 4071 3418 4125 vel
3443 4072 3516 4125 ob
3550 4087 3728 4124 unum

2128 4161 2365 4215 maxime
2394 4160 2709 4228 Origenem,
2744 4161 2956 4217 consilii
2981 4162 3151 4217 fuisse
3185 4172 3506 4232 susceptum
3548 4165 3729 4218 refert

2127 4251 2356 4305 Orosius
2385 4251 2480 4307 lib.
2513 4267 2608 4316 vn,
2643 4267 2765 4323 cap.
2801 4253 2904 4318 i9;
2961 4265 3018 4308 et
3053 4263 3172 4324 post
3205 4270 3329 4308 eum
3385 4254 3535 4310 Beda
3579 4256 3725 4326 (δὲ),

2126 4343 2465 4413 Freculphus
2504 4341 2702 4400 Chron.
2750 4354 2880 4399 tum.
2909 4345 2973 4406 II.
3004 4345 3098 4400 lib.
3134 4361 3216 4411 Ill,
3246 4360 3295 4399 ς.
3335 4346 3394 4413 2,
3427 4355 3486 4400 et
3514 4347 3728 4402 Maria-

2137 4509 2264 4562 tiam
2311 4520 2692 4578 Aamoremque
2758 4505 3059 4561 instillavit.
3094 4505 3347 4578 "Videtur
3405 4505 3724 4578 Nyssenus,

2134 4594 2254 4630 cum
2297 4575 2617 4647 Gregorium
2655 4577 2860 4646 legeret
2883 4578 3052 4632 fuisse
3079 4577 3328 4647 Origenis
3353 4575 3722 4647 discipulum,

2128 4647 2271 4701 hunc
2296 4645 2428 4701 vero
2473 4645 2820 4701 Alexandria:
2844 4648 3116 4716 docuisse,
3152 4645 3514 4703 esistitnasse
3549 4652 3726 4704 isthic

2126 4719 2180 4770 in
2219 4717 2475 4787 Origenis
2526 4731 2658 4787 eum
2703 4718 2962 4772 transisse
3006 4719 3368 4787 disciplinam.
3423 4717 3636 4776 Verum
3675 4722 3725 4778 si

2122 4785 2592 4859 Alrexanilriamriit
2622 4785 2938 4858 Gregorius.
2969 4785 3254 4859 probabile
3301 4799 3388 4840 est
3421 4791 3722 4857 (quoniam

2121 4858 2195 4912 ibi
2232 4857 2622 4930 philosophica
2655 4857 2829 4912 studia
2864 4857 3130 4913 tractasse
3175 4859 3400 4930 dicitur)
3452 4861 3725 4930 Origenis

440 4928 590 5000 paria
620 4927 798 4978 animo
827 4917 1279 5000 agiiareconsilia
1321 4930 1670 5000 cognovisset,
1703 4929 1886 4982 relicto
1911 4917 2017 4982 om-
2049 4917 2094 4973 ι)
2120 4917 2347 5000 consilio
2395 4917 2520 4982 ill-uc
2544 4927 2831 5000 __C:esarea
2881 4932 3024 4983 circa
3057 4945 3256 4983 annum
3289 4917 3403 5000 235i
3431 4917 3726 4997 quovtem-

443 4996 753 5066 niexternte
784 4998 1128 5066 philosophia:
1173 4996 1703 5060 studiofaccessisse
1745 5015 1850 5052 una
1893 5015 2013 5054 cum

441 5064 535 5138 illo
571 5073 638 5118 ad
666 5083 783 5119 eum
806 5070 894 5136 qui
939 5064 1029 5123 illo
1073 5085 1300 5138 tempore
1330 5070 1751 5123 Christianorum
1775 5068 2012 5137 philoso-

439 5136 578 5210 phia:
592 5137 829 5210 princeps
854 5150 988 5203 erat,
1015 5136 1292 5210 Origenem
1321 5141 1581 5204 uidelicet,
1607 5139 1780 5208 cujus,
1807 5151 2014 5206 propter

439 5207 661 5273 scripta,
694 5209 839 5276 fama
886 5207 1129 5263 celebris'
1153 5223 1288 5264 erat.
1339 5211 1395 5264 In
1449 5227 1514 5265 ea
1547 5207 1728 5263 autem
1762 5211 2014 5267 oratione

439 5290 599 5342 quam
627 5277 875 5350 Caesarea
909 5280 1184 5350 rediturus
1212 5282 1264 5333 in
1303 5281 1537 5350 patriam
1573 5281 1639 5332 ad
1674 5280 1850 5350 ipsum
1888 5278 2010 5335 Ori-

437 5359 628 5420 genem
688 5348 877 5420 habuit
927 5346 1253 5420 Gregorius,
1291 5346 1397 5404 non
1456 5349 1635 5404 innuit
1672 5346 1732 5403 se
1771 5350 2011 5420 _Athenis

438 5416 738 5482 habitasse,
761 5419 858 5473 sed
885 5416 1172 5473 admodum
1221 5420 1623 5475 adolescentem
1677 5420 1729 5472 in
1768 5418 2010 5474 Pallesti-

438 5501 561 5538 nam
590 5488 888 5557 profectum
920 5503 1042 5541 cum
1063 5504 1249 5543 sorore
1269 5505 1388 5558 qua:
1404 5497 1470 5542 ad
1508 5490 1684 5543 virum
1703 5488 2005 5545 Palaestina:

438 5559 681 5622 praesidis
739 5572 1068 5611 assessorem
1119 5561 1393 5614 tendebat.
1427 5560 1634 5614 Iudicat
1681 5561 1874 5614 deinde
1923 5577 2003 5622 se.

438 5625 632 5698 βοΐ]ιο
665 5629 959 5698 praeterita.
990 5638 1131 5683 recta
1190 5632 1403 5683 venisse
1447 5631 1771 5691 Caesaream.
1823 5630 2006 5698 ibique

437 5694 491 5768 in
523 5694 808 5768 Origéuem
836 5696 1113 5760 incidisse,
1145 5701 1234 5768 qui
1263 5701 1310 5754 ei
1341 5702 1538 5753 deinde
1562 5709 1616 5752 et
1650 5714 1756 5752 una
1797 5694 2007 5754 scilicet

439 5764 595 5818 fratri
627 5764 817 5837 auctor
847 5767 949 5821 luit
982 5779 1037 5820 ut
1059 5764 1414 5837 philosophia:
1442 5771 1636 5822 darent
1663 5783 1906 5836 operam,
1941 5785 2007 5824 ac

436 5838 638 5891 anausim
671 5836 880 5890 illorum
915 5838 1114 5892 animis
1153 5841 1478 5894 Christianae
1531 5840 1810 5909 religionis
1853 5843 1999 5896 noti-

2124 5013 2252 5063 pore
2283 4998 2498 5052 furebat
2543 4997 2822 5052 Maximini
2857 5002 3182 5067 persecutio,
3212 5014 3336 5052 cum
3380 4997 3558 5055 fratre
3583 5015 3722 5056 eum

2120 5083 2243 5139 esse
2269 5068 2591 5137 profectum,
2621 5079 2677 5122 ut
2705 5081 2988 5139 perapecta
3019 5071 3091 5124 ibi
3119 5069 3568 5124 Christianorum
3595 5073 3726 5139 pht-

2121 5137 2471 5208 losophorum
2531 5139 2812 5207 disciplina
2835 5137 2848 5139 “
2869 5151 2924 5194 et
2974 5150 3162 5194 sancta
3192 5141 3320 5193 vita:
3373 5137 3623 5203 ratione,
3657 5143 3718 5195 in

2121 5210 2485 5279 suscipiendae
2523 5209 2645 5261 lidci
2693 5210 2966 5264 desiderio
3007 5211 3167 5265 ambo
3196 5212 3719 5277 conﬁrmarentur;

2120 5279 2354 5349 indeque
2409 5295 2512 5334 una
2555 5293 2676 5332 cum
2733 5292 2927 5335 sancto
2971 5279 3310 5346 Firtuiliano,
3351 5283 3720 5349 postmodum

2119 5349 2384 5422 (lassarea:
2440 5352 2492 5403 iu
2529 5349 2868 5422 Cappadocia
2920 5353 3198 5422 episcopo,
3237 5351 3290 5405 in
3332 5351 3720 5422 Palaestinam

2118 5421 2186 5494 ad
2214 5420 2499 5494 Origeuem
2535 5418 2678 5494 circa
2711 5436 2910 5476 annum
2954 5418 3092 5494 957,
3112 5418 3206 5478 vel
3250 5419 3384 5487 238,
3429 5437 3722 5491 reversos,

2111 5490 2382 5557 baptismo
2410 5506 2531 5544 esse
2562 5490 2780 5544 tinctos.

2211 5560 2294 5624 79)
2329 5559 2494 5625 Beda,
2519 5557 2592 5611 De
2613 5575 2704 5612 se:
2728 5571 2870 5615 total.
2905 5563 3110 5625 mundi,
3138 5563 3189 5615 in
3216 5561 3522 5620 Gordiano.

2211 5563 2294 5624 79)
2329 5563 2494 5625 Beda,
2519 5563 2592 5611 De
2613 5575 2704 5612 se:
2728 5571 2870 5615 total.
2905 5563 3110 5625 mundi,
3138 5563 3189 5615 in
3216 5563 3522 5620 Gordiano.

2185 5563 2296 5701 ἔδυ)
2332 5631 2570 5685 Casaub.
2605 5630 2657 5682 in
2715 5628 2848 5687 Not.
2893 5635 2961 5686 ad
3005 5650 3190 5702 paneg.
3235 5631 3464 5704 Gregor.
3515 5632 3719 5690 Thais-

2115 5711 2241 5752 mat.

2208 5771 2300 5844 8i)
2326 5769 2750 5844 Gregn'l‘haum.
2791 5771 2846 5825 in
2878 5771 3109 5844 Paneg.,
3140 5789 3193 5826 n.
3229 5772 3284 5826 1.

2208 5778 2300 5832 δι)
2330 5778 2493 5838 Greg.
2521 5778 2750 5825 'l'ltaum.
2791 5778 2846 5825 in
2878 5778 3105 5844 Paneg.,
3140 5789 3193 5826 n.
3229 5778 3284 5826 1.

2185 5778 2298 5912 ius)
2323 5841 2464 5897 Beda
2497 5842 2572 5894 De
2595 5856 2688 5894 sex
2720 5847 2950 5912 wtatib.,
2982 5848 3034 5898 in
3062 5843 3385 5903 Maximino.
