3866 6526
164 413 258 473 ϐ’ἱΊ

1192 407 1766 466 ORIGENIANORUM
1803 407 1995 476 LIBJ,
2032 409 2183 470 CAP.
2231 409 2319 467 Ill.

3289 411 3396 471 878

162 549 250 589 nus
295 533 487 588 Scotus
529 529 592 586 ad
639 546 731 585 an.
768 499 982 587 Christi
1028 528 1154 585 259.
1208 529 1440 594 Idcirco,
1497 532 1715 601 opinor,
1747 539 1792 592 Α
1821 530 2106 586 succisivis
2141 531 2292 587 horis
2323 532 2472 586 varia
2500 531 2674 601 ipsum
2707 531 3042 602 exemplaria
3073 532 3234 588 simul
3265 549 3395 586 con—

159 627 284 696 quod
314 624 467 692 hujus
497 623 766 695 praecipue
801 623 1022 692 pietate,
1056 624 1293 692 scriptis,
1332 625 1704 690 concionibus,

158 729 204 774 et
255 716 497 786 exemplo
534 715 842 771 Christiana
889 717 1020 772 fides
1077 733 1333 787 magnum
1363 717 1476 788 jam
1528 719 1706 776 incre~

155 820 375 866 mentum
401 809 723 879 accepisset,
753 819 807 864 et
829 824 994 878 porro
1022 820 1250 880 captura
1281 812 1578 866 videretur.

214 900 271 957 ll.
295 902 562 972 lngruenti
599 902 839 971 periculo
869 901 990 972 fuga
1022 919 1082 960 se
1112 903 1370 960 subduxit
1415 905 1703 974 Origenes,

155 994 253 1068 (83)
277 1011 395 1050 cum
455 995 616 1065 paulo
664 1006 788 1049 ante
823 994 1165 1065 Gregorium,
1197 1007 1255 1050 et
1293 997 1703 1052 Athenodorum

153 1096 258 1156 post
282 1096 502 1141 exactos
539 1089 592 1140 in
648 1085 904 1142 exhedris
956 1087 1071 1140 suis
1121 1102 1296 1142 annos
1345 1087 1586 1156 quinque
1648 1089 1702 1142 in

151 1180 361 1250 patriam
398 1179 667 1234 redituros
697 1195 726 1232 a
751 1193 809 1232 se
831 1178 1123 1234 amisisset.
1163 1179 1228 1232 Et
1266 1189 1377 1232 tum
1412 1180 1478 1233 ad
1514 1179 1707 1234 Firmi-

151 1273 334 1326 Iianttm
381 1270 645 1326 Caesarea:
703 1269 1056 1340 Cappadociae
1113 1271 1448 1341 episcopum,
1487 1286 1699 1325 summa

153 1365 242 1419 sibi
282 1365 678 1419 necessitudine
704 1366 1035 1428 devinctum,
1059 1373 1172 1418 tota
1220 1380 1341 1418 cum
1382 1363 1701 1418 Firmiliano

152 1453 394 1509 invitante
421 1469 543 1508 eum
581 1453 946 1524 Cappadocia,
978 1454 1180 1524 fugisse
1207 1455 1373 1510 certis
1401 1456 1702 1509 rationibus

150 1548 207 1601 ad
235 1547 552 1601 credendum
581 1547 725 1601 ducti
761 1562 968 1602 sumus.
1019 1545 1153 1602 Cttm
1203 1548 1349 1620 enim
1384 1547 1701 1616 probaveri-

151 1649 254 1689 mus
299 1650 455 1703 supra
495 1635 548 1688 in
587 1635 788 1704 quinta:
813 1637 1208 1705 persecutionis
1240 1648 1480 1706 tempora
1517 1636 1697 1706 fugam

153 1724 272 1779 hanc
294 1724 486 1779 cadere
506 1725 823 1793 neutiquam
852 1740 1034 1794 posse,
1061 1733 1311 1793 superest
1358 1733 1416 1780 ut
1449 1725 1516 1779 ad
1568 1740 1696 1780 Sex-

153 1824 266 1880 tam,
297 1830 412 1884 qua:
438 1814 538 1870 fuit
561 1815 858 1881 Maximini,
889 1817 974 1871 vel
997 1821 1063 1872 ad
1083 1817 1368 1873 Decianam
1405 1817 1693 1873 referatur.

148 1908 291 1977 Atqui
334 1908 528 1964 Decius
564 1909 840 1964 biennium
892 1925 998 1964 non
1055 1909 1288 1979 explevit
1340 1909 1392 1963 in
1444 1909 1692 1978 imperio,

149 2001 325 2069 diuque
352 2001 545 2068 etiam,
593 2001 721 2056 dum
752 2018 934 2059 rerum
970 2003 1174 2066 potitus
1211 2011 1316 2067 est,
1360 2002 1413 2056 in
1466 2002 1695 2058 vinculis

151 2092 235 2145 fuit
260 2091 548 2163 Origenes;
572 2108 696 2148 cum
729 2102 844 2149 toto
877 2093 1096 2150 biennio
1119 2093 1228 2148 illic
1253 2093 1393 2161 apud
1421 2091 1692 2148 Julianam

150 2182 361 2248 latuerit,
398 2195 455 2238 ut
485 2186 750 2256 scriptum
781 2197 866 2240 est
911 2201 940 2238 a
975 2185 1237 2239 Palladio.
1267 2184 1502 2240 Omnino
1533 2184 1696 2254 igitur

150 2275 194 2328 in
220 2274 478 2330 Maximini
512 2278 948 2346 persecutionem
982 2277 1173 2332 incidit
1198 2275 1550 2330 Caesariensis
1593 2276 1694 2329 iste

148 2381 385 2421 secessus.
413 2367 792 2422 Firtnilianum
816 2383 1053 2437 quoque,
1087 2382 1210 2422 cum
1245 2367 1407 2422 rebus
1434 2366 1549 2434 ipse
1581 2366 1694 2421 suis

147 2458 426 2512 consuleret
469 2459 561 2529 (ad
613 2459 872 2514 Ecclesiae
923 2459 1121 2528 quippe
1172 2460 1430 2530 praesides
1477 2458 1692 2528 potissi-

149 2568 273 2606 mum
297 2553 595 2623 pertinebat
623 2554 966 2625 periculum),
988 2553 1185 2609 alicubi
1219 2552 1462 2620 latuisse,
1488 2562 1539 2608 et
1568 2567 1688 2606 cum

147 2643 352 2714 Origene
389 2646 642 2713 fortasse,
678 2646 940 2702 credibile
969 2656 1072 2711 est,
1104 2658 1388 2715 postquam
1437 2660 1688 2700 securum

148 2737 187 2790 ci
211 2739 334 2807 apud
355 2737 629 2792 Julianam
656 2739 956 2808 perfngimn
992 2739 1310 2810 assignavit.
1347 2736 1472 2791 llzec
1513 2737 1684 2790 abun-

149 2828 262 2884 dans
289 2830 494 2900 opibus,
539 2845 741 2902 easque
781 2832 833 2885 in
867 2831 1119 2886 Ecclesia!
1145 2831 1428 2886 commoda
1463 2832 1688 2903 profun-

150 2919 258 2974 dere
294 2923 466 2986 solita,
499 2937 714 2976 summa
749 2921 1074 2977 liberalitate
1129 2923 1402 2978 hominem
1435 2925 1500 2979 de
1533 2940 1689 2994 repu-

149 3009 266 3065 blica
292 3011 596 3066 Christiana
621 3013 823 3081 Optime
849 3013 1104 3067 meritum
1127 3014 1406 3083 complexa
1435 3024 1548 3080 est;
1592 3033 1690 3072 nec

148 3101 348 3172 hospitio
367 3104 582 3172 excepit
606 3103 802 3169 solum,
827 3103 920 3158 sed
942 3103 1265 3159 bibliotheca
1301 3108 1492 3171 etiam,
1525 3122 1686 3176 quam

1731 1874 1774 1932 ll

1814 621 2076 686 tendisse,
2107 622 2203 692 qui
2224 621 2382 678 labor
2407 623 2474 676 ad
2500 623 2779 678 condenda
2812 621 3055 693 Hexapla
3085 634 3206 679 erat
3228 626 3394 683 velutl

1812 714 2159 785 παρασκευή.

1879 804 1970 859 ιν.
2017 805 2339 861 Ambrosius
2372 805 2590 862 interim
2610 805 2724 875 jam
2759 822 2924 878 supra
2958 808 3116 864 nobis
3147 825 3394 867 comme-

1809 908 2075 962 moratus,
2124 907 2179 954 et
2223 898 2577 954 Caesariensis
2616 899 2872 955 Ecclesiae
2929 901 3214 972 presbyter
3261 903 3395 957 Pro-

1812 995 2063 1052 toctetus,
2115 987 2380 1058 flagrante
2430 990 2530 1044 hac
2589 990 2970 1057 persecutione
3010 994 3389 1062 comprehensi

1809 1090 1863 1135 et
1894 1080 1948 1135 in
1971 1081 2270 1134 custodiam
2300 1081 2410 1136 acti
2445 1092 2591 1136 sunt.
2623 1083 2886 1149 Quamvis
2929 1093 3110 1140 autem
3155 1088 3255 1155 ipsi
3295 1101 3393 1157 per

1808 1189 1868 1228 se
1891 1174 2097 1228 Christi
2133 1189 2352 1228 causam
2388 1183 2796 1243 propugnarent
2825 1174 3078 1241 viriliter,
3127 1193 3232 1232 non
3268 1194 3385 1234 me-

1805 1265 2068 1318 diocriter
2125 1273 2305 1318 tamen
2349 1275 2639 1336 utrumque
2689 1265 3043 1323 conﬁrmavit
3096 1268 3385 1338 Origenes,

1805 1357 1974 1411 misso
2005 1371 2169 1411 aureo
2215 1355 2413 1421 libello,
2442 1372 2552 1426 quo
2585 1359 2651 1411 ad
2688 1359 3008 1428 martyrium
3037 1375 3132 1414 eos
3171 1372 3253 1415 est
3291 1363 3389 1416 ad-

1805 1448 2074 1502 hortatus.
2106 1447 2332 1502 Librutn
2371 1451 2515 1502 hunc
2547 1447 2712 1517 igitur
2733 1449 2785 1502 in
2806 1447 3129 1505 Caesariensi
3163 1452 3388 1508 latibulo

1804 1542 2066 1610 scriptum
2117 1540 2283 1596 fuisse
2330 1542 2524 1596 merito
2575 1542 2824 1596 videmur
2870 1541 3143 1610 conjicere
3203 1561 3216 1596 :
3273 1562 3386 1615 quo

1800 1647 1930 1686 vero
1960 1634 2264 1689 destinatus
2328 1632 2513 1698 fuerit,
2575 1649 2668 1687 seu
2708 1633 2907 1702 quibus
2964 1634 3016 1688 in
3067 1634 3201 1691 locis
3255 1638 3380 1691 torti

1803 1723 2008 1778 fuerint
2056 1723 2382 1782 Ambrosius
2431 1735 2486 1779 et
2541 1723 2912 1789 Protoctetus,
2969 1727 3018 1780 id
3068 1727 3382 1796 conjectura

1805 1819 2018 1886 assequi
2047 1817 2206 1872 facile
2239 1833 2349 1872 non
2390 1827 2494 1873 est.
2523 1817 2617 1872 Sic
2653 1834 2748 1872 eos
2791 1819 3088 1887 alloquitur
3119 1819 3384 1888 Origenes

1805 1907 1855 1960 in
1885 1921 1974 1972 eo,
2012 1908 2080 1962 de
2111 1923 2218 1978 quo
2247 1909 2566 1977 quaerimus,
2613 1909 2794 1962 libello
2832 1925 2983 1963 num.
3026 1909 3088 1962 41
3125 1928 3138 1963 :
3172 1908 3384 1971 Παῦλος

1804 1998 1903 2070 μὲν
1949 1998 2175 2068 λεγέτω,
2210 2000 2260 2052 εἰ
2313 1999 2454 2054 κατὰ
2498 2000 2809 2072 ἄνθρωπον,
2869 2000 3284 2072 ἐθηριομάχησα
3323 2002 3381 2054 ἐν

1810 2094 2021 2166 Ἐφέσῳ
2041 2112 2055 2126 ·
2111 2099 2272 2168 ἡμεῖς
2303 2098 2379 2163 δὲ,
2414 2100 2461 2151 ει
2501 2099 2644 2152 κατὰ
2674 2098 2985 2170 ἄνθρωπον,
3021 2099 3292 2172 ἀνῃρέθην
3321 2101 3381 2154 ιν

1797 2189 2094 2262 Γερμανίᾳ.
2137 2210 2155 2243 ι
2219 2193 2370 2246 Dicat
2399 2191 2620 2262 quidem
2665 2191 2914 2249 Paulus:
2958 2191 3013 2246 Si
3047 2193 3374 2258 (secundum

1799 2281 2097 2351 hominem)
2115 2283 2180 2336 ad
2203 2283 2408 2337 bestias
2430 2283 2660 2354 pugnavi
2687 2282 2883 2350 Ephesi
2917 2283 2959 2350 ';
3013 2299 3114 2339 nos
3138 2294 3318 2340 autem
3358 2299 3373 2336 :

1797 2373 1853 2428 Si
1884 2373 2205 2444 (secundum
2235 2375 2537 2443 hominem)
2567 2375 2881 2430 interfectus
2913 2388 3032 2429 sum
3067 2375 3120 2430 in
3147 2376 3377 2432 Germa-

1796 2462 1906 2518 nia.
1944 2483 1963 2516 ι
1995 2463 2168 2534 Loqui
2230 2465 2520 2536 Origenem
2557 2479 2622 2519 ex
2665 2465 2938 2520 Ambrosii
2980 2477 3034 2521 et
3073 2466 3372 2523 Protocteti

1795 2571 2024 2626 persona
2063 2557 2412 2612 manifestqu
2441 2567 2562 2622 est;
2596 2557 2801 2610 nullum
2829 2558 2944 2628 ipse
2976 2559 3240 2628 siquidem
3275 2560 3378 2614 huc

1795 2658 2037 2719 tempore
2076 2651 2370 2705 discrimen
2415 2651 2572 2709 adiit.
2607 2649 2744 2717 Quid
2777 2651 2846 2704 sit
2873 2660 3052 2705 autem
3086 2650 3374 2706 Germania

1796 2740 1912 2808 illa,
1946 2757 2141 2812 magna
2177 2742 2501 2814 dijudicatio
2527 2751 2631 2796 est.
2671 2740 2970 2796 Addubitat
3010 2741 3253 2798 Ortelius
3282 2759 3378 2794 ar.-

1795 2847 1899 2886 non
1931 2832 2224 2888 Germania
2261 2835 2332 2888 sit
2377 2832 2813 2902 Germanopolis,
2856 2849 3017 2900 quam
3053 2834 3105 2887 in
3138 2832 3372 2902 Paphla-

1791 2939 1991 2995 gonum
2040 2925 2460 2980 mediterraneis
2515 2925 2748 2978 collocat
2793 2925 3120 2980 Ptolemmus
3173 2925 3371 2996 Geogr.

1792 3015 1888 3070 lib.
1925 3031 1978 3079 v,
2008 3031 2130 3084 cap.
2169 3016 2688 3086 6.Germanopolim
2721 3028 2905 3071 autem
2956 3017 3202 3071 eamdem
3253 3032 3376 3072 esse

1789 3110 2099 3178 suspicatur
2126 3123 2190 3162 ac
2221 3107 2720 3178 Germanicopolim
2755 3107 2914 3161 Plinii
2948 3106 3083 3177 (86),
3108 3108 3160 3161 in
3186 3107 3375 3178 Bithy-

147 3196 590 3254 iustructissimam
620 3213 648 3252 a
674 3197 1000 3270 Symmacho
1023 3197 1376 3255 haereditario
1399 3197 1521 3268 jure
1545 3199 1685 3255 obti—
1711 3215 1752 3274 ο
1792 3200 1878 3252 nia
1909 3199 1976 3253 ad
2007 3213 2157 3252 mare
2183 3198 2366 3253 sitam.
2399 3198 2535 3253 Falli
2569 3199 2718 3252 illum
2750 3209 2859 3252 tam
2891 3201 3028 3262 scio,
3057 3214 3220 3266 quam
3257 3201 3373 3253 scio

147 3293 297 3346 nebat.

206 3381 276 3435 lll.
308 3382 414 3438 lllic
454 3382 671 3452 insigne
704 3380 1065 3449 Hexaplorum
1098 3389 1364 3451 opustum
1395 3381 1686 3438 inchoasse

148 3469 400 3542 Origenem
451 3473 734 3537 existimo,
787 3473 1083 3525 maximam
1143 3481 1359 3526 nactum
1416 3472 1682 3526 librorum

145 3565 516 3633 supellectilem.
574 3576 627 3621 et
653 3565 1158 3634 interpretationum
1190 3566 1490 3634 praesertim
1528 3566 1683 3621 Scri-

146 3665 308 3724 pturze,
339 3674 468 3728 quas
512 3659 573 3714 in
634 3673 763 3714 suos
791 3673 922 3714 usus
969 3658 1250 3728 collegisse
1291 3655 1680 3728 Symmachum

146 3749 402 3805 verisimile
429 3761 538 3816 est,
573 3766 696 3805 cum
732 3752 844 3820 ipse
877 3765 1030 3803 sitam
1066 3749 1376 3804 adornaret.
1409 3747 1528 3802 Jam
1573 3751 1683 3819 pri-

147 3856 261 3896 mum
290 3843 495 3911 quidem
541 3858 733 3898 eorum
774 3841 1195 3909 descriptionem
1228 3841 1411 3896 animo
1455 3842 1682 3912 praefor-

147 3945 314 3996 tnasse,
341 3950 456 3988 cum
489 3944 814 3990 versaretur
858 3933 1227 3996 Alexandriae,
1279 3934 1680 4002 nonnullasque

148 4025 200 4076 ad
223 4026 265 4079 id
298 4027 591 4098 Scriptura:
637 4030 1119 4097 interpretationes
1146 4028 1434 4097 collegisse
1463 4036 1518 4080 et
1547 4045 1678 4082 con-

146 4117 298 4174 tulisse
335 4121 641 4192 significare
670 4121 881 4175 videtur
918 4121 1203 4186 Eusebius,
1240 4119 1384 4174 Hist.
1437 4135 1556 4189 cap.
1593 4119 1677 4180 l6.

143 4221 255 4274 quas
295 4221 344 4265 et
394 4212 607 4281 magnis
656 4211 830 4278 ipsum
889 4210 1200 4279 sumptibus
1255 4208 1552 4262 redemisse
1603 4209 1678 4260 ait

144 4297 460 4371 Hieronymus
495 4301 651 4372 Apol.
689 4302 744 4355 iu
776 4300 981 4370 Ruﬁn.,
1017 4301 1109 4355 lib.
1145 4315 1206 4364 ll,
1239 4314 1360 4368 cap.
1394 4299 1446 4353 9.
1497 4298 1678 4352 Caesa-

143 4401 226 4442 reae
250 4406 364 4446 vero
382 4392 738 4464 Cappadociae
757 4392 901 4445 serio
931 4405 1151 4444 manum
1187 4391 1334 4457 Operi
1366 4389 1610 4442 admovis
1629 4404 1677 4442 :e

142 4493 268 4546 Puto,
293 4485 412 4556 Tyri
447 4487 668 4556 penitus
706 4485 1029 4540 absolvisse.
1085 4482 1163 4535 Ex
1200 4496 1306 4551 quo
1350 4481 1670 4550 intelligitur

1791 3306 1876 3345 me
1909 3291 2115 3344 vivere.
2145 3290 2352 3346 Catena
2389 3302 2546 3345 vetus
2574 3291 2764 3346 Graeca
2822 3293 2874 3344 in
2921 3290 3211 3360 Evangelia
3254 3292 3372 3344 lau-

1787 3382 1879 3436 dat
1923 3381 2183 3436 Severum
2236 3383 2638 3437 Antiochenum
2698 3382 2750 3435 in
2801 3379 2974 3451 Opere
3003 3382 3071 3435 ad
3104 3381 3369 3435 Thomam

1785 3474 2092 3529 Germania:
2125 3475 2463 3545 episcopum.
2511 3473 2652 3529 llinc
2691 3474 2887 3545 aliquis
2921 3473 3216 3544 conjecerit
3248 3489 3367 3527 eam
3405 3507 3424 3516 ς

1785 3581 1905 3621 esse
1936 3566 2341 3622 Germaniciam
2390 3581 2510 3638 qua:
2568 3565 2944 3636 Euphratesiae
2988 3565 3121 3620 urbs
3152 3573 3237 3620 est
3283 3580 3368 3617 ar-

1784 3660 2226 3730 chiepiscopalis,
2285 3660 2644 3714 Antiochense
2686 3659 2903 3712 subdita
2958 3657 3236 3713 Ecclesiae.
3299 3656 3369 3710 At

1783 3749 2074 3806 Germania
2115 3751 2430 3821 metropolis
2453 3761 2559 3816 est,
2595 3749 3219 3819 Constantinopolitanze
3265 3749 3367 3804 Ec-

1783 3841 1966 3896 clesiae
2022 3839 2289 3909 subjecta,
2351 3841 2544 3896 ordine
2593 3841 2684 3903 68,
2740 3841 2895 3909 juxta
2955 3840 3364 3911 Dispositiouent

1781 3933 1980 3988 Leonis
2027 3931 2341 4002 Philosophi
2376 3949 2497 4004 qua:
2535 3933 2677 4004 juris
2709 3932 3160 3988 Graeco—Romani
3201 3931 3366 3985 colle-

1790 4024 1955 4080 ctioni
1981 4023 2401 4080 Leunclaniana:
2438 4025 2639 4081 inserta
2677 4033 2758 4078 est
2783 4022 2920 4094 (87),
2956 4031 3012 4077 et
3059 4023 3127 4076 ad
3161 4022 3361 4076 calcent

1782 4117 1907 4172 libri
1964 4116 2043 4172 De
2093 4119 2273 4188 officiis
2318 4117 2870 4186 Constantinopoleos
2909 4115 3128 4186 Georgii
3171 4114 3361 4170 Codinl

1779 4220 1866 4264 est
1893 4217 2119 4265 attexta.
2155 4208 2212 4265 In
2253 4210 2423 4264 altera
2480 4225 2609 4265 vero
2664 4208 2948 4275 Palaeologi
2984 4208 3357 4271 Dispositione,

1781 4320 1901 4372 quae
1931 4305 2168 4374 priorem
2208 4304 2351 4358 hanc
2379 4302 2585 4372 excipit
2623 4301 2677 4355 in
2731 4301 2920 4355 eodem
2951 4298 3144 4353 Codini
3197 4298 3356 4358 libro.

1779 4399 1858 4452 sic
1893 4397 2124 4452 habetur
2151 4413 2164 4448 :
2204 4395 2264 4448 Ὀ
2296 4395 2554 4465 Γερμίου,
2580 4393 2676 4447 καὶ
2711 4391 2850 4446 αὐτὰ
2894 4391 2970 4459 ξζ⁹
3002 4391 3130 4444 ὅντα
3164 4390 3239 4444 00'
3269 4408 3360 4460 γε-

1779 4492 2022 4561 γόνασιν.
2068 4489 2207 4546 Hinc
2262 4499 2488 4560 apparet
2538 4488 2820 4559 legendum
2870 4485 3142 4558 Γερμίων,
3197 4494 3360 4554 atque
3437 4569 3441 4574 Α

142 4570 388 4641 Epiphanii
439 4580 598 4644 ratio,
635 4577 762 4650 Tyri
813 4593 874 4630 ea
926 4577 1200 4630 elaborata
1259 4573 1425 4628 fuisse
1475 4571 1672 4626 testiﬁ-

1801 4582 1920 4636 dem
1947 4596 2070 4636 esse
2098 4579 2317 4636 Germia
2350 4594 2414 4633 ac
2437 4578 2809 4633 Germaniam.
2844 4576 3064 4632 Germia
3097 4586 3275 4629 autem
3305 4577 3359 4628 in

141 4669 304 4734 rantis,
329 4671 426 4726 hoc
457 4681 562 4734 est,
589 4670 784 4740 partim
816 4668 967 4740 Tyri,
1008 4668 1208 4737 partim
1241 4667 1296 4720 in
1336 4667 1400 4719 iis
1432 4665 1588 4726 locis,
1617 4665 1668 4718 in

142 4755 301 4821 quibus
326 4777 525 4815 moram
557 4762 682 4815 fecit
715 4760 976 4830 Origenes
1009 4757 1202 4828 viginti
1233 4764 1358 4810 octo
1395 4770 1663 4808 annorum

139 4845 355 4914 decursu,
414 4868 550 4922 quos
596 4852 724 4922 Tyri
778 4861 930 4904 actos
978 4849 1316 4918 Epiphanius
1366 4847 1480 4918 (84)
1525 4846 1662 4901 falso

141 4935 480 4996 arbitrabatur.
513 4943 638 4996 llzec
687 4958 716 4995 a
751 4941 909 4995 nobis
964 4941 1350 4995 tractabuntur
1404 4938 1658 4993 inferius.

140 5025 390 5086 Cunnnode
419 5050 549 5089 vero
583 5035 648 5087 ad
675 5049 792 5088 eam
843 5032 1280 5087 lucubrationem
1334 5030 1526 5086 referri
1570 5046 1666 5099 po-

142 5126 222 5172 test
250 5126 381 5190 quod
410 5127 486 5192 de!
515 5141 573 5180 se
614 5128 746 5178 dicit
775 5124 1063 5192 Origenes,
1101 5123 1241 5193 apud
1273 5123 1497 5176 Suidam
1523 5123 1667 5189 (85).

139 5212 317 5266 solitum
344 5232 457 5272 esse
477 5219 600 5283 sibi,
628 5219 685 5270 ὲν
712 5218 924 5288 καιροῖς
956 5217 1192 5279 ἀνέσεως
1222 5215 1542 5286 φιλολογεῖν,
1575 5217 1668 5269 καὶ

139 5296 360 5370 ἀκριϐοῦν
394 5305 460 5360 τὰ
510 5307 850 5378 ἀντίγραφον
903 5305 1063 5360 facile
1123 5307 1269 5360 enim
1336 5309 1669 5375 persuadeor

195 5393 214 5424 ο
241 5393 384 5450 lCor.
412 5415 499 5464 xv,
522 5401 614 5455 52.

195 5513 290 5583 (85)
317 5516 448 5588 Cum
489 5501 644 5588 paulo
690 5530 810 5572 ante
884 5515 1196 5588 Gregorium
1251 5526 1300 5570 et
1337 5517 1659 5588 Athenodo-

139 5594 252 5658 τωρ,
278 5597 377 5658 etc.
412 5586 712 5644 Verisimile
744 5603 850 5644 non
897 5586 1120 5658 est'jam
1170 5596 1294 5658 tum
1334 5587 1388 5640 in
1425 5586 1658 5658 patriam

139 5655 664 5729 red_iisseGregorium
691 5671 746 5714 et
772 5660 889 5729 ejus
919 5655 1162 5712 fratrem.
1198 5655 1460 5711 Videntur
1483 5657 1662 5729 potius

138 5723 268 5800 ambo
286 5723 658 5800 Alexandriam
702 5723 986 5800 migrasse,
1019 5729 1215 5800 deinde
1247 5738 1461 5800 mortuo
1488 5723 1658 5800 blatti-

141 5792 260 5868 l'.'.i'.'°
283 5799 341 5850 ²¹¹
369 5800 673 5863 Orittenein,
706 5792 1020 5856 ac'demum
1043 5799 1109 5855 ad
1135 5799 1366 5868 patriam
1403 5798 1657 5853 rediisse.

142 5855 247 5917 Vide
272 5878 411 5924 n0tas
439 5855 505 5924 7'7
537 5881 591 5926 et
617 5855 705 5926 78.

1777 4670 1989 4727 Galatia
2025 4671 2262 4726 secunda
2302 4685 2398 4724 seu
2454 4667 2694 4722 Salutari
2741 4666 3085 4721 constituunt
3137 4663 3359 4718 Notitiw

1775 4774 1990 4830 veterea,
2020 4772 2074 4818 et
2110 4763 2252 4817 inter
2277 4761 2788 4830 archiepiscopatus
2838 4743 3243 4828 αὑτοκέφάλους
3272 4771 3358 4811 re-

1774 4854 1977 4910 ferunt.
2004 4855 2110 4910 Sed
2142 4854 2228 4909 bis
2261 4859 2528 4922 repugnat
2553 4851 2743 4906 eadem
2791 4849 2992 4906 Leonis
3016 4847 3355 4917 Dispositio:
3427 4853 3437 4868 '

1776 4963 1897 5000 nam
1935 4955 2223 5015 postquam
2265 4942 2617 5011 metropoles,
2661 4949 2718 4996 et
2761 4941 2813 4994 in
2877 4941 2947 4996 iis
2994 4939 3350 4995 Germaniam

1775 5038 2073 5101 recensuit,
2103 5035 2382 5105 subjungit
2413 5034 2954 5103 ‘archiepisc0patus,
2985 5041 3039 5086 et
3084 5032 3227 5086 inter
3255 5043 3350 5084 eos

1773 5127 2006 5183 Germiis
2040 5127 2335 5182 secundum
2372 5125 2549 5179 locum
2582 5126 2844 5194 assignat.
2873 5124 3014 5191 Quid
3035 5123 3206 5194 igitur
3235 5130 3347 5176 sta-

1778 5226 1947 5283 tuam,
1985 5231 2090 5270 non
2139 5217 2318 5270 habeo
2353 5238 2364 5269 ;
2395 5230 2552 5268 suum
2589 5213 2886 5283 unicuique
2932 5213 3178 5281 relinquo
3207 5211 3349 5282 judi-

1777 5308 1946 5373 cium,
1975 5310 2150 5363 satius
2177 5307 2386 5361 ducens
2416 5305 2574 5360 silere
2603 5304 2658 5359 in
2691 5319 2752 5359 re
2798 5304 3032 5368 incerta,
3059 5317 3223 5372 quam
3254 5317 3347 5355 va-

1833 5516 1942 5640 (ῗὲ)
1982 5516 2179 5588 Epiph.
2207 5515 2339 5570 hzer.
2373 5514 2468 5579 6t,
2508 5530 2558 5570 c.
2592 5514 2647 5579 '5,
2677 5523 2733 5569 et
2770 5512 2844 5567 De
2877 5513 3038 5582 pond.
3066 5523 3114 5568 et
3145 5527 3345 5583 mens.,

1759 5603 1810 5644 co
1978 5655 2174 5711 Suidas
2203 5655 2258 5709 in
2291 5653 2442 5724 Orig.

1855 5725 1942 5792 86)
1970 5727 2141 5786 Plin.,
2179 5726 2274 5780 lib.
2303 5741 2372 5791 .v,
2406 5739 2525 5794 cap.
2553 5725 2644 5779 32.

1978 5657 2174 5738 Stridas
2201 5657 2258 5738 in
2291 5657 2442 5724 Orig.

1855 5730 1933 5792 8b,
1970 5727 2141 5786 le.,
2179 5726 2274 5780 lib.
2303 5741 2372 5791 .v,
2406 5739 2525 5794 cap.
2553 5725 2644 5779 32.

1855 5797 2065 5868 87).!«3
2091 5794 2484 5862 Gnaeo-Rom,
2517 5807 2653 5851 tom.
2685 5794 2723 5862 l,
2761 5793 2851 5850 lib.
2887 5809 2944 5849 tt.
