3866 6544
470 409 571 467 685

1736 400 1799 459 Ρ.
1840 395 2160 455 DANIELIS
2198 396 2433 455 HUETll
3624 407 3708 464 εει

470 538 609 601 fuit;
654 549 776 591 nam
805 540 1092 604 postquam
1127 529 1246 597 ejus
1295 528 1476 584 locum
1514 540 1612 599 per
1637 542 1904 583 summam
1932 541 2057 599 per-
2091 530 2133 587 Α
2160 524 2378 594 penitus
2405 523 2579 580 fuisse
2605 522 2955 595 consopitas;
2992 522 3314 599 Dionysium
3336 540 3469 584 vero
3500 525 3711 585 Heraeis.

471 629 653 682 tidiam
701 624 901 682 invasit
945 621 1245 694 Philippus,
1271 622 1438 678 vitam
1479 622 1528 677 ei
1565 620 1750 679 statim
1780 620 1897 691 pari
1932 634 2054 674 sce-

469 721 583 777 lere
637 717 911 775 exhausil.
969 716 1076 772 Sed
1128 724 1392 788 concepta
1442 715 1685 771 facinora
1734 713 2051 783 paenitentia

469 814 811 877 emendasse,
847 821 903 867 et
945 809 1011 864 ad
1064 811 1266 867 Christi
1302 824 1521 881 quoque
1571 819 1754 879 partes
1792 807 2055 863 transisse

470 906 718 961 historici
748 905 968 976 quidam
997 904 1318 970 Christiani,
1352 904 1431 959 uti
1457 918 1581 958 mox
1616 901 1814 957 dicturi
1841 916 2050 968 sumus,

467 1000 849 1072 prodiderunt.
875 992 1005 1053 Utut
1033 1007 1137 1064 est,
1163 997 1381 1050 tertium
1406 993 1518 1065 jam
1574 992 1786 1063 imperii
1811 1004 1875 1046 eo
1898 1006 2055 1064 agen-

469 1100 523 1145 te
553 1104 754 1144 annum
792 1088 1054 1143 Ecclesiae
1102 1085 1484 1141 Alexandrinm
1523 1080 2051 1139 administrationem

469 1182 761 1255 capessivit
794 1181 1088 1251 Dionysius
1130 1179 1245 1243 ille,
1275 1192 1436 1248 quem
1482 1175 1824 1231 Alexandriae
1858 1174 2052 1245 Orige-

469 1290 567 1330 nes
598 1273 885 1344 przeceptis
918 1272 1048 1326 olim
1104 1269 1514 1333 informaverat,
1575 1275 1793 1322 mortuo
1825 1264 2053 1322 Heracla

471 1364 729 1438 Origenis
759 1375 813 1420 et
851 1364 968 1434 ipso
989 1360 1275 1432 discipulo,
1312 1367 1600 1430 postquam
1624 1356 2052 1412 Alexandrinum

469 1459 841 1528 episcopatum
894 1471 991 1527 per
1035 1453 1232 1509 multos
1276 1467 1450 1509 annos
1500 1451 1698 1507 tenuit.
1771 1449 2053 1506 Annorum

468 1550 770 1607 octodecim
793 1562 1076 1603 numerum
1095 1545 1288 1603 definit
1306 1544 1573 1600 Eusebius
1602 1543 1655 1599 in
1677 1541 1937 1598 Chronico
1954 1541 2052 1613 (1),

467 1646 742 1706 sexdecim
765 1645 821 1699 in
858 1642 1097 1697 Historia
1127 1652 1148 1693 :
1179 1653 1367 1693 verum
1402 1654 1501 1709 pro
1525 1636 1843 1703 ἑκκαίδεκα,
1873 1634 2053 1704 aliqua

468 1737 805 1811 exemplaria
851 1733 1156 1805 praetulisse
1204 1730 1416 1795 ἕνδεκα,
1454 1728 1541 1785 vel
1572 1730 1644 1784 ita
1679 1737 1827 1785 certe
1860 1726 2055 1799 legisse

469 1835 798 1903 interpretes
837 1828 1072 1897 aliquos,
1122 1837 1188 1877 ex
1236 1822 1303 1876 iis
1352 1821 1522 1892 liquet
1565 1818 1858 1889 qumin'id
1891 1833 2054 1889 argu-

470 1936 713 1981 mentum
750 1920 971 1991 scripsit
997 1915 1266 1971 Baronius
1287 1914 1389 1986 (2).
1433 1914 1687 1969 Errorem
1720 1911 1839 1981 ipse
1868 1910 1926 1966 in
1954 1925 2054 1964 nu-

468 2032 680 2073 merum
729 2014 877 2069 bunc
926 2009 1214 2082 irrepsisse
1247 2007 1407 2072 vidit,
1439 2014 1495 2061 et
1523 2020 1588 2060 ex
1637 2000 1871 2059 Eusebio
1919 2015 2053 2071 qua-

469 2109 773 2164 tuordecim
824 2104 1017 2161 saltem
1071 2092 1230 2157 annis
1279 2100 1334 2153 in
1379 2096 1751 2152 Alexandrina
1788 2094 2050 2151 cathedra

468 2199 756 2256 Heraclam
792 2196 995 2252 sedisse
1042 2191 1332 2249 conclusit.
1371 2189 1537 2245 Plane
1583 2203 1769 2243 verum
1811 2196 1895 2243 est
1925 2185 2053 2240 totis

468 2291 780 2363 quindecim
807 2289 1015 2345 sedisse
1046 2285 1236 2351 annis;
1294 2298 1421 2339 nam
1455 2283 1524 2337 ab
1563 2295 1708 2336 anno
1759 2277 2051 2334 Alexandri

468 2384 705 2448 decimo,
732 2395 841 2451 quo
871 2393 1011 2433 anno
1043 2376 1296 2449 ponimus
1328 2373 1666 2445 acquievisse
1692 2369 2050 2435 Demetrium,

468 2477 536 2530 ad
572 2472 801 2542 Philippi
832 2472 1078 2534 tertium,
1116 2466 1260 2539 pleni
1296 2465 1608 2536 quindecim
1650 2463 1776 2518 anni
1811 2462 2051 2517 interce-

469 2568 624 2621 dunt.
656 2562 955 2619 Dicendum
996 2573 1128 2630 ergo
1164 2556 1475 2628 quindecim
1502 2555 1558 2610 in
1590 2553 1911 2624 pontificatu
1943 2561 2055 2605 tra-

468 2656 650 2712 ductis
675 2654 857 2719 annis,
909 2651 1122 2706 decimo
1163 2658 1318 2704 sexto
1358 2646 1645 2703 Heraclam
1681 2653 1889 2700 natura:
1916 2658 2052 2700 con-

466 2749 722 2805 cessisse.
756 2745 831 2800 lta
880 2743 1289 2815 intelligendum
1333 2740 1466 2813 puto
1512 2737 1809 2795 Eusebium
1846 2756 1860 2793 :
1891 2746 2054 2807 atque

467 2843 513 2898 si
551 2847 703 2896 recte
739 2836 1082 2907 conjicimus,
1129 2850 1197 2891 eo
1226 2834 1343 2906 ipso
1372 2846 1517 2888 anno
1546 2829 1857 2887 Demetrius
1901 2830 2054 2885 obie-

471 2935 562 2997 rit,
597 2947 708 3002 quo
753 2930 1019 3001 Origenes
1048 2926 1345 2999 Aﬂgyptum
1380 2923 1620 2994 reliquit.
1657 2921 1798 2978 Hinc
1838 2936 2055 2992 quoque

468 3019 787 3074 manifestus
818 3015 1109 3085 Nicephori
1156 3015 1233 3088 (5)
1261 3028 1436 3077 error,
1486 3012 1577 3083 qui
1618 3019 1742 3082 post
1780 3011 2051 3066 decimum

468 3108 689 3164 tertium
742 3107 1093 3178 episcopatus
1143 3120 1344 3161 annum
1415 3105 1719 3173 imperante
1771 3101 2051 3159 Gordiano

467 3200 757 3258 lieraclam
805 3199 1105 3257 decessisse
1167 3197 1376 3255 scribit.
1438 3198 1508 3252 At
1581 3195 1826 3267 Scaliger
1856 3194 2053 3267 (1)1ric

465 3291 727 3349 memoria
752 3291 963 3361 lapsum
982 3288 1266 3346 contendit
1289 3287 1607 3353 Eusebium,
1626 3285 1852 3357 ejusque
1875 3285 2053 3342 adhae-

468 3393 553 3439 ret
578 3382 863 3447 Chronico,
894 3381 1037 3452 quod
1077 3395 1221 3436 anno
1266 3377 1499 3449 Philippi
1536 3379 1729 3449 quinto
1762 3378 2052 3450 episc0pa-

469 3483 584 3529 tum
624 3471 1052 3528 Alexandrinum
1083 3486 1113 3524 a
1146 3468 1408 3541 Dionysio
1438 3467 1632 3523 initum
1667 3468 1835 3525 fuisse
1865 3470 2044 3524 docet.

466 3565 524 3620 Id
553 3579 621 3621 ex
650 3563 925 3620 constanti
961 3563 1222 3618 duntaxat
1253 3560 1498 3616 codicum
1529 3575 1801 3615 consensu
1835 3562 2051 3631 probat,

466 3656 561 3727 qui
625 3656 706 3711 sic
755 3656 977 3711 habent.
1017 3655 1193 3710 Futile
1243 3664 1626 3725 argumentum
1674 3654 1883 3721 :quasi
1941 3670 2048 3709 non

467 3747 723 3804 Historiis
771 3749 1092 3805 Eusebianae
1141 3750 1359 3804 codices
1406 3749 1563 3805 tertio
1617 3748 1848 3818 Philippi
1907 3763 2052 3802 anno

465 3853 786 3898 constanter
812 3857 1031 3913 quoque
1064 3842 1115 3898 id
1139 3842 1446 3913 assignent.
1473 3841 1635 3897 Certe
1664 3842 1708 3897 si
1736 3857 1802 3895 ex
1832 3840 2050 3896 Eusebii

466 3936 728 3990 Chronico
777 3934 1095 4005 castiganda
1152 3944 1237 3991 est
1286 3934 1407 4005 ejus
1461 3932 1722 3997 Historia,
1775 3934 2052 3988 sexcentis

464 4029 766 4100 castigetur
793 4027 957 4094 locis,
987 4029 1043 4083 in
1087 4029 1292 4100 quibus
1321 4027 1671 4083 dissentiunt.
1726 4025 1820 4081 Vel
1857 4026 1910 4080 in
1947 4026 2051 4081 hoc

464 4120 710 4176 l‘leraclae
759 4135 1029 4176 annorum
1062 4118 1404 4193 ἐπιλογισμῷ
1432 4119 1647 4174 initium
1685 4119 1803 4187 ejus
1839 4117 2054 4188 episco-

462 4226 625 4284 patus
667 4213 882 4270 confert
916 4213 1219 4269 Chronicon
1260 4214 1317 4269 in
1371 4228 1572 4268 annum
1620 4210 1916 4265 Alexandri
1960 4220 2053 4265 no-

463 4322 632 4372 num;
685 4307 891 4363 exitum
938 4305 1191 4376 Origeuis
1242 4321 1310 4361 ex
1349 4304 1683 4361 Alexandria
1724 4305 1774 4357 in
1824 4303 2051 4358 undeci-

464 4414 645 4466 mum;
674 4413 796 4453 cum
820 4400 991 4454 exitui
1027 4397 1284 4468 Origenis
1310 4413 1513 4454 annum
1572 4396 1866 4452 Alexandri
1900 4395 2049 4451 deci-

465 4507 613 4545 nium
667 4489 1224 4560 ascribatlﬂistoria,
1285 4498 1341 4547 et
1387 4499 1510 4563 post
1556 4491 1798 4561 ejusdem
1840 4489 2049 4544 exitum

2156 632 2530 674 successorem
2576 616 2801 688 Origeni
2847 618 3276 676 iufensissimum
3312 634 3375 676 se
3421 620 3711 691 praebuisse.

2138 709 2234 783 '(5)
2287 709 2466 782 Supra
2512 711 2948 767 demonstratum
3000 727 3031 766 a
3073 710 3232 769 nobis
3282 721 3369 767 est
3435 713 3717 769 testimonio

2154 801 2455 869 Gennadii,
2514 802 2661 860 Petri
2724 804 3110 869 Alexandrini,
3169 803 3415 871 epistolae
3466 806 3716 876 synodica

2156 894 2533 967 JEgyptiorum
2585 896 2899 965 praasulum,
2957 906 3014 953 et
3058 896 3263 960 Photii,
3314 912 3420 952 non
3484 898 3631 954 aliter
3668 900 3715 955 in

2155 983 2442 1058 Origeuem
2480 987 2778 1042 animatum
2820 987 2988 1043 fuisse
3032 986 3342 1056 Heraclam,
3390 1002 3457 1044 ac
3490 990 3715 1047 demo-

2156 1095 2270 1136 rem
2309 1080 2476 1147 ipsius
2525 1079 2880 1135 Demetrium.
2924 1079 3157 1135 Causam
3193 1095 3327 1136 vero
3354 1096 3453 1135 cur
3489 1083 3715 1139 eumdem

2155 1188 2187 1229 a
2220 1172 2474 1246 Dionysio
2504 1182 2873 1244 oppugnatum
2909 1173 3157 1228 crederet
3185 1172 3473 1241 Baronius,
3527 1176 3637 1230 sive
3658 1190 3715 1231 ex

2156 1267 2507 1333 auctoritate,
2534 1268 2648 1322 sive
2688 1282 2754 1322 ex
2780 1268 3259 1324 verisimilitudine
3284 1270 3509 1339 petitam
3537 1271 3718 1329 addere

2156 1354 2372 1421 debuit;
2406 1374 2529 1428 qua:
2555 1370 2704 1413 certe
2731 1358 2880 1413 nulla
2900 1368 3006 1415 est.
3037 1358 3231 1415 Merito
3258 1360 3440 1431 itaque
3462 1362 3599 1420 banc
3614 1364 3719 1434 ejus

2155 1448 2467 1520 Opinionem
2508 1450 2815 1520 repudiavit
2860 1449 3142 1507 Halloxius
3172 1454 3273 1524 (6),
3308 1462 3362 1510 et
3410 1454 3719 1528 Origenetu,

2155 1545 2334 1612 quoad
2371 1542 2529 1608 vixit,
2560 1558 2908 1614 summopere
2941 1558 2970 1599 a
3002 1543 3260 1617 Dionysio
3282 1548 3648 1617 observatum,
3672 1559 3720 1606 et

2155 1641 2276 1697 post
2309 1642 2537 1689 mortem
2564 1633 2728 1690 etiam
2752 1634 3027 1691 laudatum
3051 1634 3222 1694 fuisse
3244 1639 3561 1709 contendit;
3591 1641 3722 1713 quod

2155 1733 2212 1781 et
2238 1739 2337 1781 nos
2367 1725 2508 1780 infra
2540 1728 2917 1785 ostendemus.

2227 1816 2319 1872 Il.
2350 1814 2427 1888 (7)
2460 1817 2729 1874 Caeterum
2757 1820 3119 1891 sexagenario
3139 1820 3251 1891 jam
3280 1822 3453 1890 major
3474 1822 3721 1897 Origenes

2158 1909 2298 1965 haud
2349 1911 2571 1980 segnius
2610 1927 2792 1967 rerum
2840 1913 3148 1971 divinarum
3204 1918 3509 1987 satagebat,
3563 1934 3721 1990 neque

2156 2002 2327 2057 ullum
2377 2002 2492 2060 fere
2539 2003 2949 2061 intermittebat
2972 2009 3139 2075 diem,
3176 2010 3313 2078 quin
3361 2010 3449 2065 vel
3478 2012 3543 2066 ad
3568 2028 3721 2083 popu-

2155 2095 2264 2150 lum
2294 2095 2360 2150 de
2384 2094 2494 2151 Deo
2544 2099 2707 2153 verba
2744 2097 2974 2165 faceret,
3006 2101 3092 2156 vel
3144 2101 3433 2170 scriberet,
3474 2105 3559 2160 vel
3594 2104 3721 2177 lege-

2156 2196 2257 2251 ret,
2287 2184 2373 2240 vel
2402 2185 2826 2257 colloqueretur.
2855 2190 3045 2246 Testes
3077 2200 3205 2246 sunt
3229 2192 3378 2246 omni
3414 2207 3585 2249 sacrae
3607 2210 3723 2250 eru-

2157 2278 2378 2334 ditionis
2432 2276 2584 2349 fruge
2633 2280 2819 2338 referti
2862 2282 2983 2338 libri
3015 2294 3198 2337 contra
3248 2282 3487 2347 Celsum,
3543 2286 3725 2356 quibus

2155 2366 2403 2439 Epicurei
2472 2372 2731 2441 sophista:
2795 2372 3155 2440 petulantiam
3220 2374 3500 2432 Ambrosii
3573 2393 3723 2434 suasu

2155 2465 2405 2519 contudit
2462 2466 2731 2537 (quosque
2781 2468 3059 2525 Gordiano
3135 2468 3446 2538 Imperante
3506 2472 3724 2541 scriptos

2156 2554 2293 2612 falso
2334 2556 2617 2614 Marianus
2665 2560 2861 2616 Scotus
2894 2561 2972 2633 (8)
3008 2562 3363 2631 existimavit,
3416 2576 3474 2623 et
3503 2564 3720 2638 quorum

2156 2647 2591 2706 lucubrationem
2622 2652 2691 2708 ad
2720 2667 2923 2708 annum
2956 2653 3062 2709 237
3092 2672 3377 2727 perperam
3414 2659 3599 2714 retulit
3624 2659 3721 2713 Da-

2156 2739 2249 2795 vid
2290 2739 2596 2796 Blondellus
2627 2741 2726 2815 (9),
2760 2758 3106 2814 summopere
3145 2744 3293 2814 licet,
3324 2746 3377 2801 in
3425 2760 3486 2801 re
3510 2761 3718 2817 prmer-

2159 2830 2254 2886 tim
2280 2833 2688 2905 chronologica,
2715 2843 2910 2890 cautus
2937 2844 2992 2890 et
3025 2836 3287 2906 diligens;
3326 2852 3491 2909 atque
3523 2840 3597 2893 ita
3623 2845 3726 2892 toto

2156 2925 2434 2982 aberravit
2480 2926 2780 2993 decennio,
2830 2928 3028 2999 quippe
3086 2930 3177 2999 qui
3230 2930 3439 2985 obitum
3490 2929 3723 3000 Origenis

2156 3031 2298 3073 anno
2320 3015 2426 3071 256
2456 3018 2829 3089 assignasset),
2859 3028 3022 3075 testes
3051 3020 3193 3076 docti
3232 3022 3285 3075 in
3328 3019 3637 3076 Mattheus:
3678 3029 3723 3075 et

2155 3112 2211 3164 in
2278 3109 2571 3180 Prophetas
2611 3104 2695 3165 ἰιι
2748 3109 3163 3178 Commentarii;
3214 3122 3382 3168 testes
3439 3113 3725 3168 innumera

2080 3222 2123 3281 ο
2156 3205 2224 3258 ad
2255 3203 2435 3258 varios
2461 3204 2682 3275 scripta:
2710 3204 2987 3275 Epistolaa,
3020 3220 3164 3277 quas
3189 3206 3487 3277 plusquam
3522 3217 3723 3263 centum

2156 3296 2516 3367 undecunque
2550 3307 2742 3353 nactas
2787 3297 3080 3368 collegerat
3114 3306 3277 3355 aetate
3309 3314 3405 3355 sua
3448 3299 3723 3365 Eusebius,

2156 3398 2209 3443 et
2240 3386 2295 3441 in
2347 3386 2519 3441 libros
2562 3386 2885 3458 digesserat.
2927 3388 3043 3459 (10)
3077 3386 3517 3456 Illasaunorum
3572 3388 3726 3444 series

2155 3479 2512 3549 consumpsit.

2227 3570 2343 3625 XII.
2372 3572 2549 3640 Atque
2581 3570 2787 3625 utinam
2836 3569 2922 3625 vel
2951 3571 3073 3627 dua:
3096 3571 3200 3628 illae
3231 3581 3584 3643 superessent
3623 3571 3725 3641 epi-

2154 3663 2328 3729 stolae,
2380 3678 2517 3733 quas
2569 3663 2635 3717 ad
2688 3661 2995 3733 Philippum
3049 3664 3464 3729 imperatorem,
3516 3662 3726 3735 ejusque

2154 3768 2379 3809 uxorem
2438 3752 2699 3809 Severam
2738 3756 3037 3824 Augustam
3085 3756 3329 3826 scripsit.
3390 3756 3534 3813 Hinc
3587 3764 3727 3811 certo

2154 3847 2349 3919 conjici
2398 3856 2604 3916 posset,
2656 3862 2857 3903 verene
2892 3847 3110 3903 Christo
3145 3849 3497 3914 adhaeserint,
3548 3862 3728 3918 quem-

2154 3939 2443 3995 admodum
2473 3940 2543 3994 ab
2573 3939 2891 3995 auctoribus
2929 3938 3256 3995 Christianis
3304 3941 3575 4009 proditum
3604 3946 3682 3993 est
3708 3953 3721 3991 :

2153 4046 2221 4086 an
2250 4047 2280 4085 a
2314 4029 2643 4087 Christianis
2687 4031 2936 4100 partibus
2964 4029 3171 4086 fuerint
3212 4031 3403 4098 alieni,
3436 4030 3581 4103 quod
3610 4046 3723 4102 per-

2154 4124 2347 4179 suadet
2400 4122 2745 4178 ethnicorum
2787 4129 3073 4177 auctorum
3102 4123 3171 4178 de
3198 4138 3337 4179 nova
3366 4124 3435 4178 ab
3463 4124 3532 4179 iis
3555 4136 3726 4179 susce-

2152 4226 2244 4288 pta
2278 4215 2540 4287 religione
2566 4214 2881 4276 silentium:
2932 4223 2988 4270 et
3010 4214 3303 4270 multorum
3332 4224 3595 4285 praeterea
3626 4224 3726 4270 tum

2152 4308 2622 4371 Christianorum,
2666 4315 2781 4360 tum
2831 4306 3176 4362 ethnicorum
3204 4321 3529 4371 consensus,
3557 4323 3588 4362 a
3619 4304 3725 4378 qui-

2152 4401 2255 4457 bus
2288 4401 2498 4471 primus
2546 4398 2690 4453 inter
2751 4399 3110 4469 imperatores
3143 4397 3421 4456 Christum
3467 4400 3726 4472 professos

2154 4490 2544 4549 Constantinus
2590 4490 2917 4545 celebratur.
2984 4490 3097 4560 Ego
3145 4491 3365 4561 quidem
3427 4504 3724 4565 magnorum

464 4578 760 4635 decessisse
796 4577 1129 4635 Demetriqu
1161 4581 1454 4652 significet,
1504 4596 1628 4635 eum
1662 4580 1750 4636 cui
1783 4579 2045 4636 Heraclas
2080 4580 2125 4637 D
2157 4588 2396 4642 virorum
2430 4584 2716 4640 sententiis
2745 4600 2925 4640 meum
2955 4599 3173 4656 quoque
3194 4584 3499 4654 judicium,
3527 4582 3728 4657 quando

462 4675 746 4730 successit.

535 4766 604 4823 Χ.
636 4768 904 4823 Baronius
936 4767 1003 4822 ad
1027 4781 1230 4820 annum
1276 4764 1405 4832 248,
1441 4780 1593 4821 num.
1632 4767 1686 4833 1,
1732 4765 1952 4839 Origeni
1988 4768 2045 4823 in

464 4862 714 4918 omnibus
748 4862 1033 4918 lleraclam
1081 4860 1285 4918 favisse
1314 4860 1527 4925 scribit,
1563 4871 1725 4930 atque
1758 4861 1882 4917 ideo
1919 4874 2043 4934 post

463 4955 720 5011 Demetrii
761 4963 993 5009 mortem
1048 4953 1300 5010 concitas
1354 4952 1619 5007 adversus
1665 4967 1789 5008 eum
1851 4954 2038 5009 turbas

529 5183 604 5315 $1)
633 5181 855 5247 Euseb.,
893 5181 1036 5236 Hist.
1068 5181 1220 5248 eccl.,
1247 5181 1343 5237 lib.
1369 5195 1445 5244 vr,
1479 5193 1605 5242 cap.
1635 5179 1726 5235 55.

551 5253 609 5315 2)
644 5251 844 5307 Baron.
876 5254 940 5306 ad
968 5269 1055 5306 an.
1087 5254 1215 5315 248,
1240 5267 1393 5307 num.
1422 5253 1449 5307 1
1482 5259 1537 5305 et
1562 5250 1619 5304 5.

529 5250 609 5320 (2)
644 5251 844 5307 Baron.
876 5254 940 5306 ad
968 5269 1055 5306 an.
1087 5254 1215 5317 248,
1240 5267 1393 5307 num.
1422 5253 1449 5307 1
1482 5259 1537 5305 et
1562 5250 1619 5304 5.

438 5327 450 5366 ε
529 5324 608 5389 (5)
642 5321 895 5390 Niceph.,
925 5323 1017 5376 lib.
1049 5338 1105 5384 v,
1137 5338 1259 5390 cap.
1286 5322 1401 5390 26.7

638 5389 841 5464 Scalig.
884 5389 1251 5449 Animadverti.
1279 5394 1337 5446 in
1366 5389 1565 5447 Chron.
1599 5389 1799 5447 Euseb.
1822 5389 1886 5444 ad
1915 5406 2042 5445 anu.

531 5534 613 5604 (5)
641 5532 821 5603 Supra
864 5534 1277 5588 demonstratum
1337 5550 1371 5587 a
1419 5531 1695 5604 nobisest
1745 5531 2043 5604 testimonio

464 5600 750 5668 Gehuadii',
785 5612 893 5674 etc.
928 5603 1237 5659 Verisimile
1267 5619 1374 5658 non
1396 5612 1486 5674 est
1509 5603 1808 5674 quidquam
1844 5603 1912 5657 ab
1939 5600 2048 5656 He-

466 5674 607 5727 racla
634 5683 824 5728 contra
852 5673 1142 5743 Origenem
1189 5682 1374 5729 actum
1415 5672 1607 5739 fuisSe,
1646 5672 1706 5727 ut
1739 5673 1853 5742 jam
1883 5687 2044 5743 supra

466 5744 800 5800 ostendimus
829 5743 885 5800 in
917 5758 1038 5812 cap.
1063 5744 1120 5809 2,
1156 5760 1211 5800 n.
1253 5744 1342 5799 15.

464 5813 867 5954 cagila'zllallox.
926 5813 1114 5869 Natat.
1183 5818 1252 5871 ad
1302 5814 1521 5885 Origen.
1588 5813 1791 5883 delent.
1856 5812 1951 5871 lib.
2004 5829 2045 5882 ι,

2159 4695 2247 4737 me
2280 4693 2367 4734 res
2411 4678 2462 4732 id
2490 4677 2766 4741 admonet,
2819 4675 3185 4747 interponam.
3240 4677 3297 4733 Si
3346 4677 3563 4748 publice
3589 4672 3726 4731 Chri-

2157 4773 2461 4829 stianorum
2492 4768 2650 4824 fidem
2681 4768 2957 4839 professus
2989 4767 3177 4824 fuisset
3204 4768 3519 4840 Philippus,
3550 4766 3726 4823 verisi-

2157 4862 2285 4919 mile
2343 4860 2533 4930 utique
2590 4874 2698 4915 non
2730 4867 2813 4914 est
2870 4858 3136 4915 tacituros
3190 4860 3242 4915 id
3294 4860 3469 4918 fuisse
3499 4860 3725 4917 ethnicos

2151 4954 2468 5023 scriptores,
2498 4951 2847 5021 futuramque
2874 4950 2951 5005 rei
2993 4949 3177 5019 hujus,
3213 4951 3357 5008 sicut
3386 4952 3514 5021 fuit,
3541 4954 3722 5009 obscu-

2251 5250 2306 5308 8)
2335 5251 2561 5307 Marian.
2595 5250 2747 5307 Scot.
2778 5252 2845 5306 ad
2870 5268 2958 5307 an.
2990 5251 3196 5308 Christi
3218 5250 3349 5307 242.

2152 5320 2305 5447 Ε
2326 5322 2532 5447 Βιὲἷιὲ..
2552 5322 2650 5379 lib.
2680 5321 2736 5377 in
2767 5320 3183 5377 llluuramentis
3211 5322 3388 5392 famil.
3413 5332 3648 5380 castros.
3672 5322 3727 5373 όι

2206 5408 2326 5450 ποθι.
2339 5432 2355 5450 ο
2391 5408 2442 5447 C.
2472 5408 2532 5447 4ο

2595 5463 3075 5536 annorumuseries
3111 5463 3470 5536 corrumpit.
3538 5461 3732 5536 llaruru

2151 5532 2457 5605 fragmenta
2482 5533 2728 5603 quaedam
2757 5532 3028 5587 edidimus
3049 5533 3207 5589 initio
3239 5532 3423 5588 tomiJ
3446 5533 3735 5605 quasdam-

2153 5603 2262 5675 que
2298 5604 2573 5675 integras;
2609 5618 2673 5658 ac
2723 5605 2950 5675 proinde
2992 5619 3099 5659 non
3130 5618 3335 5675 omnes
3388 5603 3727 5675 intercidere.

2150 5674 2339 5745 Neque
2380 5673 2547 5745 etiam
2590 5673 2782 5745 omnes
2810 5673 2914 5728 illa:
2952 5673 3215 5743 epistola,
3256 5689 3397 5745 quas
3444 5674 3730 5742 collegerat

2150 5741 2439 5810 Eusebius,
2491 5744 2560 5799 ab
2590 5741 2828 5815 Origene
2861 5741 3224 5820 sexa'genario
3254 5741 3486 5820 Ainajore
3517 5741 3729 5820 scripta

2150 5824 2301 5896 sunt,
2325 5824 2384 5869 ut
2416 5823 2568 5886 patet
2616 5814 2910 5873 ex’nostra
2942 5814 3130 5873 in’has
3179 5814 3445 5886 epistolas
3489 5814 3726 5872 admone

2152 5894 2320 5941 tione.

2254 5183 2285 5238 7
2340 5181 2565 5246 Euseb.,
2593 5179 2806 5236 Histor.
2831 5180 2985 5248 ecci.,
3011 5180 3106 5237 lib.
3140 5196 3216 5249 vr,
3246 5196 3367 5252 cap.
3395 5180 3489 5239 56.

2224 5181 2309 5392 ἓϐ)
2335 5250 2747 5332 Μενίππηδορι.
2778 5252 2845 5306 ad
2870 5268 2958 5307 an.
2990 5251 3196 5333 Christi
3218 5252 3349 5307 242.

2248 5323 2304 5392 9)
2326 5322 2519 5377 Blond.
2552 5322 2650 5379 hb.
2680 5337 2736 5377 In
2767 5320 3183 5377 llluuramenm
3211 5322 3388 5392 famil.
3413 5338 3489 5379 co:
