3878 6520
490 497 595 553 687

1744 492 1819 572 Ir.
1862 492 2180 550 DANlELlS
2218 495 2453 552 uuam

3644 493 3747 551 688

485 631 622 685 quas
650 613 766 669 fere
790 610 1029 681 quotidie
1052 610 1109 665 in
1134 608 1380 665 Ecclesia
1416 608 1646 665 habebat
1682 624 1747 664 ex
1783 620 2053 680 tempore,
2083 622 2129 673 Α
2225 611 2367 667 XIV.
2403 610 2515 683 (Si)
2545 610 2613 666 At
2647 612 2883 668 nondum
2913 612 3083 669 etiam
3106 610 3465 667 Adamantius
3499 611 3747 666 vacatio-

483 725 512 762 a
566 706 792 761 notariis
843 703 983 757 inter
1035 701 1464 757 concionandum
1527 700 1702 769 excipi
1737 714 1941 769 passus
1972 711 2057 756 est

481 800 765 868 Origenes,
810 795 952 865 quod
1004 804 1163 848 antea
1216 808 1493 862 nunquam
1543 793 1658 849 fleri
1703 795 2052 863 permiserat.

481 892 618 946 llinc
661 901 856 942 nomen
892 886 1009 955 ejus
1051 886 1224 956 magis
1272 885 1547 955 magisque
1586 886 1972 941 celebrabatur
2000 887 2052 941 in

482 982 636 1046 dies;
672 978 761 1033 sed
791 978 864 1032 ita
896 986 1073 1031 tamen
1133 988 1189 1030 ut
1224 990 1436 1030 summa
1480 973 1783 1031 adiceretur
1813 977 2053 1032 admira-

482 1074 631 1127 tione
656 1086 686 1123 a
718 1068 1005 1139 plurimis;
1037 1084 1067 1123 a
1095 1067 1395 1131 nonnullis,
1436 1077 1496 1121 ut
1540 1068 1677 1121 varii
1715 1081 1837 1123 esse
1876 1067 2054 1123 solent

478 1161 757 1217 hominum
812 1175 1046 1222 sensus,
1105 1158 1483 1214 infamarelur.
1537 1159 1739 1212 Ausam
1782 1158 2054 1227 prmcipue

485 1256 690 1308 dabant
723 1252 1238 1321 reprehensionibus
1271 1251 1482 1305 erudita
1508 1251 1746 1318 quidem,
1782 1264 1887 1303 nou
1920 1249 2052 1304 satis

480 1351 659 1397 tamen
691 1342 949 1397 meditate
989 1342 1190 1410 scripta
1226 1355 1411 1409 opera,
1458 1349 1513 1393 et
1560 1340 1615 1392 in
1654 1348 1898 1393 secretos
1936 1336 2053 1391 fere

475 1433 751 1489 elaborata
780 1451 930 1500 usus,
955 1450 1017 1487 ac
1058 1432 1278 1486 incaute
1307 1440 1485 1485 tamen
1518 1431 1790 1500 evulgata.
1841 1430 2054 1499 Oppor-

478 1534 608 1577 tuna
656 1523 773 1578 haec
819 1534 979 1579 erant
1024 1521 1269 1577 sinistris
1297 1522 1677 1576 haereticorum
1723 1521 2051 1589 interpreta-

479 1610 747 1675 tionibus,
795 1620 848 1665 et
881 1626 1023 1680 saepe
1064 1609 1150 1665 vel
1189 1611 1255 1665 ad
1288 1609 1632 1665 conﬂandam
1661 1609 1880 1679 Origeui
1912 1608 2055 1662 invi-

477 1704 645 1769 diam,
680 1712 921 1773 equue
953 1702 1102 1758 falsis
1126 1701 1459 1757 criminibus
1484 1700 2051 1764 circumveniendum,

478 1795 561 1850 vel
596 1797 662 1850 ad
694 1796 1048 1866 quaerendum
1080 1792 1310 1848 nefariis
1338 1791 1685 1860 dogmatibus
1710 1790 2050 1858 splendidum

476 1887 839 1960 patrocinium
872 1886 1345 1942 adulterabantur.
1385 1884 1481 1939 Cui
1518 1884 1661 1937 malo
1690 1892 1748 1937 ut
1791 1881 2050 1937 occurre-

2160 719 2281 758 nem
2313 718 2343 757 a
2373 702 2657 758 laboribus
2697 702 2902 761 habuit.
2940 703 3144 760 Exorta
3181 703 3381 774 quippe
3414 716 3557 757 nova
3604 702 3747 771 apud

2153 793 2362 849 Arabes
2389 793 2581 848 haeresi
2605 834 2621 858 ,
2654 808 2772 861 quae
2813 794 3050 848 animam
3078 793 3262 848 statim
3312 808 3342 846 a
3396 802 3579 847 morte
3618 806 3743 846 cum

2155 880 2482 950 corporibus
2511 882 2785 952 exstingui
2809 921 2826 947 ,
2856 890 3021 951 atque
3050 883 3236 937 itidem
3272 898 3394 939 cum
3418 880 3748 951 corporibus

2156 972 2208 1025 iu
2254 982 2499 1027 extreme
2535 974 2623 1029 die
2670 976 2965 1028 excitatum
3010 974 3074 1028 iri
3121 974 3429 1041 sciscebat,
3482 981 3742 1028 coactum

2153 1065 2338 1118 statim
2374 1076 2457 1121 est
2506 1066 2760 1136 frequens
2811 1066 3130 1131 concilium,
3189 1067 3256 1121 ad
3303 1066 3467 1136 idque
3530 1064 3746 1119 accitus

2153 1155 2419 1225 Origenes
2484 1158 2771 1214 haereticos
2830 1158 3104 1213 rationum
3170 1172 3390 1213 suarmn
3447 1155 3744 1211 momentis

2154 1251 2429 1304 convictos
2468 1258 2523 1305 et
2561 1265 2851 1320 oppressos
2891 1252 2956 1305 ad
3004 1251 3282 1306 meliorem
3331 1260 3573 1305 mentem
3623 1260 3731 1304 tra-

2154 1340 2327 1396 duxit.
2364 1339 2489 1395 Pari
2524 1356 2740 1411 quoque
2772 1341 3037 1396 felicitate
3066 1340 3493 1398 Helcesaitarum
3537 1339 3746 1409 doctri-

2154 1446 2302 1497 nam,
2328 1446 2355 1484 a
2388 1430 2552 1499 Papia
2589 1433 2807 1490 Achaia:
2837 1435 3164 1504 presbytero
3191 1434 3316 1488 olim
3347 1448 3474 1488 eum
3502 1434 3740 1502 primum

2153 1524 2389 1578 oriretur
2443 1535 2849 1593 expugnatam,
2909 1536 3037 1581 tunc
3098 1534 3469 1580 renascentem
3528 1526 3741 1592 denuo,

2153 1628 2258 1668 non
2286 1613 2763 1682 congressionibus
2792 1625 2848 1669 et
2877 1614 3188 1684 colloquiis,
3211 1615 3305 1669 sed
3341 1614 3565 1682 scriptis
3605 1628 3741 1668 con-

2153 1706 2315 1761 tudit.
2379 1706 2585 1761 Auctor
2638 1707 3013 1761 Theodoretus
3045 1706 3185 1775 (22),
3230 1706 3319 1775 qui
3354 1706 3474 1760 haec
3524 1703 3739 1759 habet:

2150 1795 2307 1850 Κατὰ
2354 1796 2558 1867 ταύτης
2605 1798 2705 1869 τῆς
2746 1798 3013 1869 αἱρέσεως
3069 1798 3353 1869 Ὧριγένης
3395 1796 3745 1868 συνέγραψεν

2150 1887 2362 1958 ἀληθῶς
2405 1904 2419 1917 ⁸
2460 1888 2821 1959 συνεκρότησε
2879 1888 2936 1942 δὲ
2994 1888 3164 1961 αὐτὴν
3240 1889 3626 1961 Ἀλκιϐιάδης,
3681 1888 3741 1955 ἐξ

476 1991 583 2045 ret,
637 1968 804 2048 seque
860 1980 963 2033 hac
1022 1978 1334 2047 suspicione
1380 1975 1676 2039 evolveret,
1738 1970 2040 2027 consultum

2164 1980 2466 2050 Ἀπαμείας
2512 1982 2611 2051 τῆς
2648 1980 2848 2052 Συρίας
2891 1980 3230 2053 ὁρμώμενος.
3268 1981 3584 2050 Legendum
3623 1980 3739 2036 for-

471 2071 596 2126 fore
632 2081 780 2126 ratus
812 2079 895 2124 est
924 2084 1075 2124 suam
1104 2069 1169 2123 de
1209 2067 1342 2133 Deo,
1376 2068 1651 2135 rebusque
1690 2064 1891 2119 divinis
1927 2076 2052 2118 sen-

474 2162 701 2217 tentiam
738 2161 922 2217 missis
964 2160 1031 2215 ad
1071 2159 1375 2214 Fabianum
1432 2174 1627 2229 papam
1675 2157 1917 2225 aliosque
1955 2170 2051 2209 an-

471 2255 668 2309 tistites
695 2253 939 2323 epistolis
968 2251 1213 2323 profiteri
1236 2290 1252 2317 ,
1290 2262 1344 2305 et
1377 2250 1422 2307 si
1451 2250 1580 2320 quid
1609 2247 1899 2304 scribendo
1921 2260 2049 2317 pec-

468 2355 730 2410 caverat,
793 2355 1011 2399 matura
1064 2344 1391 2415 poenitentia
1454 2341 1771 2397 emendare.
1842 2339 2050 2395 Causas

468 2445 649 2491 autem
704 2438 1036 2493 temeritatis
1093 2436 1282 2492 retulit
1331 2436 1384 2490 in
1446 2433 1837 2495 Ambrosium,
1904 2431 2049 2501 quod

471 2538 683 2584 secreto
701 2528 845 2583 edita
885 2530 941 2583 ln
970 2529 1242 2598 publicum
1289 2527 1625 2599 protulisset.
1674 2524 1915 2580 Gravem
1959 2523 2049 2578 hic

477 2619 708 2674 Eusebio
739 2620 915 2674 dicam
948 2618 1197 2688 impingit
1226 2616 1494 2672 Barouius
1519 2615 1659 2684 (Q0),
1695 2614 1840 2685 quod
1872 2628 2043 2684 repu-

471 2710 675 2768 diatam
703 2710 845 2765 hanc
872 2726 902 2764 a
929 2709 1174 2764 Fabiano
1200 2709 1595 2780 professionem
1627 2707 1845 2771 fidei,et
1872 2706 2046 2774 ipsum

469 2804 537 2858 ad
582 2818 808 2857 causam
843 2802 1128 2857 dicendam
1170 2802 1405 2856 accitum
1448 2799 1619 2855 fuisse
1653 2799 1878 2853 Romam
1924 2795 2047 2852 0τί-

466 2894 814 2973 εεηειηροιο
850 2894 994 2949 malo
1021 2895 1335 2961 reticuerit;
1380 2894 1473 2948 sed
1508 2892 1619 2961 jam
1650 2904 1812 2959 supra
1840 2890 1908 2943 ab
1947 2888 2049 2942 hac

464 2984 681 3040 Baronii
731 2985 1006 3040 calumnia
1065 2985 1352 3041 Eusebium
1418 2985 1817 3039 vindicavimus
1864 3000 1879 3035 :
1921 2993 2045 3034 nam

466 3075 593 3144 quid
640 3075 742 3131 hac
775 3064 1117 3146 professione
1152 3075 1354 3130 factum
1400 3075 1471 3131 sit
1514 3076 1781 3129 incertum
1824 3081 1952 3137 est,
1992 3079 2049 3125 et

465 3165 755 3219 admodum
788 3164 957 3222 semel
988 3165 1215 3222 Romam
1264 3166 1430 3222 ivisse
1461 3165 1756 3235 Origenein
1804 3162 2049 3217 certissi-

470 3272 616 3310 mum
647 3266 749 3311 est.

2154 2079 2317 2135 tasse,
2368 2071 2739 2143 συνεκράτησε
2774 2089 2788 2102 ·
2822 2074 2901 2127 sic
2944 2074 3089 2127 enirn
3134 2076 3198 2127 de
3234 2075 3424 2127 eadem
3474 2088 3535 2127 re
3581 2072 3741 2129 Nice-

2151 2156 2353 2224 phorus
2409 2156 2521 2228 (25)
2555 2175 2569 2212 :
2599 2159 2742 2213 κατὰ
2782 2159 2839 2213 δὲ
2887 2160 3092 2231 ταύτης
3140 2162 3233 2215 καὶ
3284 2161 3636 2235 Ἀλκιϐιάδης
3679 2162 3746 2229 ἐξ

2163 2248 2462 2319 ’Δπαμείας
2502 2250 2599 2321 τῆς
2641 2251 2841 2322 Συρίας
2863 2253 3152 2324 πάμπολλα
3193 2255 3503 2323 ἡγωνίσατθ
3535 2271 3549 2286 ⁸
3597 2255 3743 2328 Ὠρι-

2150 2341 2313 2412 γένης
2353 2341 2413 2395 δὲ
2444 2344 2558 2406 τοῖς
2596 2344 2715 2396 κατ’
2746 2344 2916 2417 αὐτῆς
2947 2344 3190 2417 ἐλέγχοις
3222 2346 3505 2419 ἠρίστευε.
3551 2346 3739 2415 Quan-

2150 2447 2311 2502 quam
2356 2434 2491 2489 nihil
2552 2434 2767 2490 affirmo
2811 2454 2825 2490 :
2877 2451 3001 2490 nam
3068 2436 3362 2508 Nicephori
3420 2438 3740 2493 auctoritati

2150 2539 2343 2595 parum
2399 2528 2602 2583 tribuo.
2666 2525 2953 2582 Geminam
3007 2529 3144 2583 hanc
3188 2529 3258 2583 ab
3298 2529 3539 2599 Origene
3568 2529 3736 2585 victo-

2150 2615 2288 2670 riam
2317 2616 2441 2670 dolo
2482 2615 2623 2671 malo
2648 2616 2870 2672 reticuit
2914 2617 3180 2689 G‘eorgius
3215 2617 3537 2690 Syncellus,
3580 2619 3732 2675 Grae-

2148 2723 2339 2763 corum
2392 2711 2633 2764 omnium
2706 2725 2914 2766 morem
2986 2710 3039 2764 in
3099 2711 3441 2781 suggillaudo
3500 2711 3740 2784 Origene

2148 2810 2391 2855 secutus.
2443 2798 2555 2855 Nec
2584 2800 2878 2857 absurdum
2912 2800 3143 2856 fortasse
3179 2803 3343 2856 fuerit
3378 2802 3576 2857 iisdem
3604 2818 3735 2860 con-

2143 2889 2373 2961 jungere
2444 2890 2782 2961 temporibus
2830 2891 3185 2961 Apellitarum
3237 2892 3734 2965 profligationem,

2147 2997 2283 3052 quos
2337 2996 2435 3051 per
2474 2980 2758 3037 Orientem
2797 2995 3105 3053 grassantes
3156 2985 3401 3039 coercuit
3445 2983 3733 3057 Origenes.

2145 3083 2202 3131 et
2226 3089 2323 3145 per
2351 3074 2595 3145 singulas
2626 3090 2871 3146 quasque
2904 3075 3063 3132 urbes
3105 3076 3412 3133 insectatus
3451 3078 3736 3134 concioni—

2147 3166 2252 3223 bus
2288 3167 2570 3237 repressit.

1556 3519 1937 3610 CAPUT
2010 3517 2635 3625 QUARTUM.

462 3714 504 3771 I.
564 3712 842 3786 Philippus
905 3717 1198 3784 imperator
1256 3714 1611 3786 inter/icitur,
1648 3715 1978 3786 Subrogatur
2028 3710 2241 3786 Decius.
2278 3712 2511 3786 Septima
2557 3714 2864 3786 persecutio.
2904 3713 3001 3786 All.
3062 3712 3316 3786 Origenes
3371 3730 3471 3783 pro
3503 3713 3731 3786 Christo

531 3773 865 3855 gravissimos
892 3773 1160 3855 cruciatus
1194 3773 1432 3839 sustine}.
1467 3784 1551 3839 Ill.
1582 3785 1802 3839 Librum
1822 3773 1903 3839 be
1939 3773 2411 3855 Inartyrio_scribit
2442 3784 2511 3855 ad
2542 3773 2661 3855 eum
2695 3784 2979 3853 Dionysius
3011 3773 3426 3838 Alexa'ndrinu's.
3473 3784 3558 3837 IV.
3597 3783 3724 3839 Orio

529 3850 675 3926 genis
701 3859 976 3911 modestia.
1014 3854 1206 3909 Utrum
1230 3856 1298 3907 ad
1334 3855 1602 3908 vitandum
1623 3855 1894 3922 AftliiOpis
1921 3865 2163 3926 stuprum
2197 3850 2393 3926 C_I_iristi
2421 3850 2922 3926 ﬁdemfejurqridct
2953 3871 3054 3926 quo
3084 3855 3137 3926 id
3162 3865 3395 3926 tempore
3420 3855 3724 3926 contigerit.

536 3918 598 3982 ν.
641 3926 946 3996 Castigatur
990 3927 1291 3996 criticorum
1338 3918 2043 3996 nonnullorum_temeritas.
2081 3918 2167 3972 Vl.
2215 3918 2426 3974 Mortuo
2475 3918 2652 3996 Decio,
2691 3924 2915 3996 vinculis
2964 3918 3189 3996 soluitur
3223 3918 3503 3996 Origenes.
3561 3918 3727 3977 Decio

528 3991 811 4049 succedam
860 3996 1046 4050 Gallus
1076 4008 1125 4048 ει
1172 3995 1513 4048 Volusianus.
1554 3996 1657 4048 VII.
1699 3994 1819 4049 Obit
1866 3993 2131 4061 Origenes
2165 4006 2306 4044 anno
2353 3993 2521 4045 aetatis
2576 4009 2724 4047 uix.
2769 3991 2999 4048 Pereunt
3030 3992 3218 4046 Gallus
3252 3991 3338 4061 icti
3375 3992 3724 4047 Volusianus.

540 4065 670 4119 Vlll.
718 4067 962 4135 Elogium
1004 4064 1268 4133 Origenis.
1308 4064 1397 4121 IX.
1429 4065 1695 4133 Sepelitur
1727 4065 1867 4134 Tyri.
1917 4058 2066 4117 Vima
2097 4058 2162 4112 de
2193 4060 2307 4129 ejus
2334 4062 2505 4116 salute
2527 4066 2749 4132 quwstio
2771 4066 3215 4131 prwtermittitur.
3248 4060 3315 4118 Χ.
3346 4062 3529 4133 Ipsius
3556 4064 3719 4117 disci-

525 4137 636 4204 puli
668 4148 1022 4191 recensentur.

2051 4229 2122 4241 -ι

528 4376 567 4429 I.
608 4374 723 4445 (24)
772 4374 1064 4444 Triplicem
1114 4375 1279 4437 hanc,
1333 4387 1493 4441 quam
1527 4372 1773 4440 proxime
1795 4375 2100 4434 comme-C.
2130 4369 2412 4427 secutione
2486 4370 2740 4441 princeps
2808 4368 3061 4424 occubuit
3122 4370 3402 4427 Fabianus
3470 4372 3721 4445 pontifex

457 4465 809 4529 moraviiuus,
832 4465 1095 4517 adversus
1129 4470 1540 4516 succrescentes
1570 4461 1811 4515 haereses
1840 4460 2036 4515 velita-

455 4558 659 4609 tionem
712 4556 923 4610 videtur
956 4556 1218 4625 Origenes
1252 4553 1569 4607 exercuisse
1613 4553 1905 4622 postremis
1940 4554 2035 4607 im-

456 4644 589 4714 perii
625 4643 855 4712 Philippi
887 4645 1089 4708 annis;
1130 4642 1245 4713 (25)
1279 4642 1371 4710 qui
1408 4658 1531 4696 cum
1577 4644 1870 4712 septimmn
1917 4642 2029 4710 jam

450 4750 654 4788 annum
706 4750 890 4789 rerum
942 4735 1227 4804 potiretur,
1262 4735 1408 4790 Decii
1456 4734 1645 4789 fraude
1683 4735 1914 4790 Veronae
1960 4736 2029 4790 ab

450 4826 697 4880 exercitu
728 4826 1051 4882 interfectus
1095 4838 1195 4881 est.
1235 4826 1573 4897 Subrogatur
1599 4828 1651 4879 in
1683 4826 1801 4894 ejus
1842 4826 2021 4881 locum

449 4918 670 4981 Decius,
710 4918 800 4988 qui
835 4919 973 4972 utin
1008 4918 1237 4988 Philippi
1272 4919 1591 4987 memoriam
1621 4918 1875 4973 incensus
1903 4928 2024 4972 erat

444 5011 592 5071 odio,
627 5010 1084 5087 Christianorum,
1115 5025 1251 5081 quos
1273 5013 1423 5065 visus
1448 5018 1569 5065 erat
1595 5010 1797 5064 charos
1825 5009 2025 5063 habere

443 5096 721 5167 Philippus
756 5100 883 5154 dum
910 5100 1137 5161 viveret.
1170 5114 1259 5154 res
1285 5108 1530 5164 vastare,
1567 5113 1632 5152 ac
1659 5112 1858 5153 nomen
1900 5099 2026 5151 fun-

453 5188 600 5242 ditus
636 5188 817 5246 delere
844 5191 1153 5247 constituit.
1182 5190 1238 5245 ln
1268 5191 1545 5245 teterrima
1570 5190 1671 5245 hac
1697 5190 1860 5260 igitur
1905 5200 2027 5259 per-

517 5312 632 5391 (20)
656 5321 849 5378 Baron.
887 5326 954 5379 ad
986 5341 1075 5381 an.
1103 5324 1226 5384 9A8.
1260 5342 1409 5379 num.
1443 5325 1495 5382 i.
1532 5323 1587 5376 2.

517 5391 628 5461 (21)
662 5393 887 5462 Euseb”
917 5392 1118 5447 Hister.
1149 5395 1302 5457 eccl.,
1341 5396 1433 5449 lib.
1460 5410 1670 5462 vncnp.
1696 5392 1787 5456 57,
1816 5392 1909 5447 38.

518 5462 632 5530 (ὶῖ)
660 5461 985 5543 Theudoret.
1020 5464 1171 5518 Hier.
1201 5464 1335 5519 Fab.
1368 5467 1460 5519 lib.
1494 5482 1555 5528 ll,
1579 5461 1698 5534 cap.
1724 5462 1778 5517 8.

518 5530 626 5566 f-OX\
660 5530 860 5566 Nannnl.
915 5534 988 5566 Iul.
1044 5549 1072 5566 ιι
1127 5549 1226 5566 non
1280 5535 1346 5566 οι

513 5530 626 5667 (23)
660 5530 883 5617 ιδξὶεθῃιι.
915 5534 1009 5613 lib.
1044 5549 1095 5598 v,
1126 5535 1372 5616 capaﬂ.
1646 5530 1661 5534 ⁷
1750 5598 1757 5603 ,

661 5600 879 5681 leutsch“
915 5601 1117 5681 Hister.
1148 5606 1298 5681 eccl._.
1334 5600 1422 5657 lii).
1450 5618 1524 5671 vt,
1560 5620 1679 5673 cap.
1711 5603 1803 5658 59.

513 5668 625 5737 (‘25)
658 5671 762 5742 Qui
801 5688 918 5725 cum
962 5675 1235 5740 septimum
1262 5674 1380 5742 jam
1428 5668 1643 5742 annum‘
1665 5690 1837 5726 rerum
1876 5674 2011 5741 poti-

442 5746 633 5813 τριταί.-
659 5740 876 5808 Septem
917 5742 1072 5796 annis
1111 5740 1419 5813 regnavisse
1453 5741 1758 5813 Philippum
1811 5740 2001 5813 scribit

444 5806 748 5881 Eusebius,
803 5824 964 5881 qnem
1021 5806 1323 5881 sequuntur
1380 5806 1646 5876 Orosius,
1681 5812 2001 5881 Eutychius,

440 5874 838 5945 Albularayus,‘
880 5874 1147 5950 Georgius
1199 5880 1504 5951 Syncellus,
1569 5874 1901 5951 Epiphanius
1948 5874 2004 5938 et

2141 4463 2429 4525 maximus,
2460 4462 2515 4517 in
2546 4460 2707 4530 cujus
2747 4460 2927 4516 locum
2966 4460 3225 4519 squectus
3270 4475 3353 4519 est
3404 4464 3715 4522 Cornelius.

2137 4552 2196 4607 in
2221 4568 2502 4607 carcerem
2524 4568 2741 4623 quoque
2770 4554 3036 4624 compacti
3064 4565 3190 4609 sunt
3211 4558 3421 4613 nobiles
3450 4558 3716 4629 episcopi,

2136 4642 2468 4703 Alexander.
2513 4643 2560 4697 is
2616 4659 2644 4696 a
2694 4658 2800 4714 quo
2847 4643 2990 4697 inter
3032 4644 3388 4717 presbyteros
3442 4652 3716 4721 quondam

2134 4732 2395 4803 Origenes
2436 4732 2618 4787 fuerat
2666 4743 2972 4803 cooptatus,
3022 4746 3077 4789 et
3133 4736 3368 4810 Dabylas
3400 4759 3414 4795 :
3447 4741 3537 4811 qui
3591 4757 3718 4796 cum

2135 4825 2279 4879 letho
2308 4824 2567 4879 destinati
2604 4825 2657 4880 in
2692 4825 2925 4882 vinculis
2952 4826 3256 4896 obiissent,
3305 4832 3430 4887 huic
3468 4832 3675 4890 Fabius
3697 4872 3719 4899 ,

2134 4917 2207 4970 illi
2240 4915 2564 4971 Mazabanes
2592 4918 2878 4971 successit.
2927 4918 2992 4972 Et
3024 4922 3152 4989 quid
3182 4938 3276 4977 eos
3301 4940 3490 4981 omnes
3519 4942 3718 4982 recen-

2134 5024 2254 5063 sere
2285 5009 2501 5071 attinet,
2530 5024 2669 5079 quos
2713 5008 3087 5065 funestissima
3116 5013 3206 5067 illa
3247 5014 3503 5072 Ecclesia:
3528 5019 3719 5075 clades

2134 5102 2513 5171 consumpsit?
2543 5101 2771 5157 Referta
2819 5113 2948 5158 sunt
2988 5120 3175 5161 eorum
3223 5111 3532 5166 nominibus
3564 5114 3713 5167 anti-

2134 5208 2237 5262 qua
2300 5192 2711 5265 Martyrologia.
2760 5192 2869 5249 Sed
2923 5193 3269 5252 Palaestinam
3322 5202 3595 5270 praecipue
3647 5217 3713 5257 ea

2127 5327 2417 5398 Nicephori
2441 5327 2778 5383 Cbronicon.
2800 5327 2909 5383 Sed
2935 5344 3001 5385 ex
3034 5331 3294 5388 Chronico
3322 5335 3718 5399 Alexandrino.

2126 5408 2358 5468 utroque
2400 5399 2642 5463 Victore,
2677 5399 2961 5468 Eutropio,
3019 5400 3253 5465 Zonara,
3286 5407 3713 5460 numisman'hus

2124 5467 2392 5537 plurimis,
2430 5468 2618 5523 codice
2667 5467 2982 5524 Justiuiano
3020 5481 3075 5525 et
3130 5486 3196 5526 ex
3246 5474 3369 5530 aliis
3402 5477 3709 5529 auctorita-

2124 5540 2266 5615 tibus
2320 5549 2432 5592 tum
2467 5539 2749 5608 antiquis,
2814 5550 2927 5593 tum
2983 5542 3404 5615 recentioribus.
3462 5546 3712 5615 quinque

2121 5609 2383 5683 duntasat
2413 5623 2584 5662 annos
2618 5620 2678 5683 et
2710 5611 3185 5683 mensesaliquot
3211 5609 3509 5683 imperasse
3553 5609 3708 5683 viae-

2121 5686 2208 5730 tur
2246 5679 2546 5747 Philippus,
2577 5680 2647 5735 ab
2681 5694 2827 5734 anno
2850 5679 3065 5734 scilicet
3089 5680 3216 5746 ω,
3258 5679 3324 5736 all
3345 5679 3547 5737 annum
3567 5682 3710 5746 249.

2108 5760 2216 5817 quo
2245 5762 2273 5801 a
2302 5748 2466 5803 Decio
2489 5749 2707 5819 occisus
2730 5758 2835 5804 est.
2866 5748 3014 5819 ,Vide
3045 5750 3378 5817 Tillemont.,
3415 5752 3556 5806 Hist.
3603 5755 3715 5819 iiut;-

2074 5850 2087 5857 -
2108 5826 2278 5887 perat.
2312 5830 2447 5877 tom.
2490 5817 2579 5885 lll,
2612 5818 2735 5875 Not.
2762 5821 2822 5875 in
3140 5834 3195 5877 et
3222 5822 3283 5879 in
3322 5822 3555 5894 Philipp.
