3866 6518
229 427 323 487 689

1270 420 1845 480 ORIGENIANORUM
1888 420 2016 479 LIB.
2056 422 2099 491 1,
2142 423 2291 479 CAP.
2335 424 2425 481 ι-ν.

3358 432 3465 490 690

236 556 429 614 strages
458 539 637 596 aii'eeit
669 554 689 603 :7
716 538 872 596 multi
924 538 1195 611 siquidem
1230 538 1482 609 Origenis
1522 538 1782 592 eximrta-
1812 542 1853 597 Α
1885 537 2265 595 bliothecarius
2282 540 2391 609 (28)
2408 548 2461 594 et
2475 539 2717 595 Zonaras
2737 539 2872 613 (‘29),
2901 541 2987 596 vix
3010 542 3257 612 equidem
3276 550 3460 612 credo,

236 636 455 690 tionibus
485 630 697 686 accensi
741 628 887 684 Decii
926 628 1204 685 furoribus
1241 642 1365 683 sese
1394 628 1607 683 fortiter
1635 628 1786 697 obje-

233 734 427 781 cerunt.
784 714 787 715 ⁷

296 818 353 873 ll.
384 817 479 883 Qui
529 816 732 886 Tyrum
780 813 891 882 jam
947 826 1073 869 ante
1111 813 1449 869 concessisse
1495 811 1782 882 Origencm

233 912 465 974 credunt,
501 926 661 979 quam
690 908 985 962 Christiani
1027 923 1056 960 a
1092 907 1253 961 Decio
1284 904 1585 976 oppugnari
1622 906 1782 972 coepti

229 1008 349 1068 sint,
379 1004 530 1057 facile
556 1004 621 1057 iis
645 1002 917 1056 assentior
940 1016 1222 1055 :secessus
1255 1015 1453 1052 annum
1481 998 1782 1067 assignare,

231 1097 467 1154 hariolari
505 1104 609 1150 est.
661 1092 718 1148 in
752 1109 875 1149 eum
912 1105 1060 1149 certe
1103 1093 1339 1147 maxima
1390 1088 1783 1161 persecutionis

237 1191 384 1262 hujus
441 1188 684 1257 gravitas
738 1186 1024 1251 incubuit,
1084 1200 1245 1253 quam
1313 1182 1500 1236 eadem
1563 1180 1784 1247 pertulit

230 1284 546 1343 constantia.
578 1296 682 1350 qua
712 1280 833 1335 aliis
855 1294 977 1333 eam
1006 1290 1063 1332 ut
1090 1276 1415 1349 perferrent,
1447 1285 1637 1328 auctor
1668 1274 1785 1328 fue-

227 1387 321 1434 rat.
364 1374 491 1430 Nam
532 1374 763 1442 primum
799 1373 853 1426 in
892 1370 1215 1441 profundum
1270 1383 1547 1423 carcerem
1603 1366 1785 1420 detru-

226 1485 309 1523 sus
334 1476 446 1533 cst;
473 1467 685 1537 torquis
710 1464 917 1520 ferreus
941 1463 1079 1517 collo
1112 1462 1373 1531 injectus;
1411 1460 1574 1529 pedes
1593 1458 1785 1529 ligneis

224 1560 413 1631 pedicis
442 1557 639 1629 grandi
668 1555 955 1611 intervallo
991 1555 1220 1608 invicem
1250 1553 1473 1606 remotis
1504 1553 1573 1605 ita
1599 1551 1781 1605 inserti

226 1660 357 1719 sunt,
392 1659 448 1704 ut
476 1650 793 1704 divaricatis
822 1649 1077 1704 cruribus
1111 1647 1433 1701 distractum
1464 1660 1660 1713 corpus
1688 1660 1785 1711 per

223 1742 405 1798 mullos
454 1742 574 1797 dies
626 1741 902 1795 dirissime
944 1749 1292 1810 torqueretur
1326 1754 1339 1790 :
1372 1736 1786 1789 intentabantur

222 1834 407 1904 ignium
438 1843 493 1887 et
522 1832 912 1901 suppliciorum
940 1830 1123 1893 minae,
1152 1845 1217 1883 ac
1238 1826 1518 1898 multiplici
1550 1827 1785 1892 denique

222 1935 471 1981 tormento
499 1925 673 1979 senile
697 1939 895 1992 corpus
919 1922 1288 1976 cruciabatur.
1328 1919 1509 1972 Altum
1536 1918 1625 1973 ille
1651 1934 1782 1973 con-

220 2026 315 2082 tra,
342 2028 394 2071 et
419 2026 664 2073 erectum
689 2016 930 2069 animum
964 2029 1134 2084 super
1165 2013 1443 2067 fortunam
1476 2024 1696 2081 gerens,
1731 2018 1784 2063 et

220 2111 368 2164 vitam
404 2124 562 2164 suam
594 2118 716 2175 post
744 2107 945 2163 Christi
972 2105 1135 2161 fidem
1160 2105 1379 2167 ducens,
1409 2116 1598 2157 omnes
1631 2117 1785 2171 aspe-

220 2201 394 2255 ritates
424 2198 752 2270 supervasit.
786 2198 862 2252 Ac
882 2212 1067 2252 secum
1093 2195 1359 2266 przeclare
1391 2202 1572 2248 actum
1593 2193 1785 2247 existi-

220 2302 421 2355 ntasset,
467 2293 512 2345 si
562 2301 869 2346 extremum
911 2291 979 2342 ab
1020 2304 1085 2343 eo
1126 2287 1456 2356 supplicium
1501 2285 1785 2355 improbus

218 2384 558 2452 expctivisset
593 2383 797 2451 judex,
836 2382 923 2435 cui
974 2396 1138 2434 unum
1191 2379 1243 2433 id
1278 2378 1379 2434 fuit
1422 2378 1782 2448 propositum,

217 2488 390 2529 clunes
441 2475 692 2544 martyrii
738 2474 1015 2529 cruciatus
1076 2472 1527 2528 innocentissimo
1573 2470 1782 2523 homini

221 2565 463 2636 inﬂigere,
496 2568 752 2622 eumdem
799 2582 926 2620 vero
972 2576 1186 2636 sperata
1225 2580 1322 2634 per
1360 2573 1592 2619 mortem
1634 2578 1781 2616 mar-

219 2653 332 2724 tyrii
372 2655 621 2709 mercede
666 2655 902 2724 privare.
953 2655 1296 2710 Ostentatum
1348 2654 1530 2722 itaque
1598 2663 1778 2707 certa-

219 2745 365 2802 minis
409 2756 464 2801 et
510 2746 760 2801 laborum
793 2746 1071 2817 praemium
1108 2746 1160 2801 in
1208 2745 1356 2801 aliud
1399 2756 1613 2814 tempus
1647 2744 1783 2798 dila-

218 2851 318 2897 tum
346 2853 443 2899 εει.

280 2935 358 2993 lli.
392 2935 502 3005 (26)
534 2934 684 2991 Bene
711 2946 891 2992 autem
923 2936 987 2991 de
1011 2950 1069 2991 se
1109 2936 1305 2991 merito
1332 2936 1619 3004 magistro,
1653 2938 1779 2991 dum

218 3026 266 3080 in
296 3029 576 3082 tormentis
602 3038 767 3092 esset,
812 3028 1049 3098 optimus
1093 3026 1421 3098 discipulus,
1477 3037 1531 3083 et
1581 3033 1781 3085 veteris

214 3118 448 3172 amicitiae
478 3134 692 3173 memor
711 3119 1000 3190 Dionysius
1024 3118 1423 3174 Alexandrinus
1447 3134 1555 3175 non
1588 3121 1778 3186 defuit,

1816 1885 1858 1937 Β

1887 632 1976 699 qui
2018 630 2417 701 subjectissitne
2458 633 2523 686 de
2566 649 2626 688 se
2659 649 2722 688 ac
2761 634 3120 689 demisissime
3158 636 3210 689 in
3248 636 3399 690 libris
3427 654 3455 690 a

1887 738 1945 775 se
1979 724 2079 776 hoc
2124 736 2363 791 tempore
2421 724 2641 795 scriptis
2690 734 2745 779 et
2796 726 3034 796 loquitur
3063 737 3115 779 et
3143 730 3329 782 sentit.
3380 730 3459 782 Ad

1888 813 2003 867 haec
2049 825 2334 883 postquam
2389 815 2443 869 in
2494 817 2874 886 persecutione
2929 818 3160 872 Deciana
3214 820 3459 874 nuntimn

1887 905 2107 961 Christo
2140 908 2418 962 remisisse
2447 909 2735 979 Origenem
2765 908 3007 978 scripsit,
3057 911 3205 963 addit
3244 912 3296 965 in
3325 912 3464 964 mul—

1890 1007 1972 1052 tas
2016 997 2208 1052 deinde
2270 999 2523 1054 incidisse
2589 1001 2860 1064 haereses,
2910 1000 3199 1070 multisque
3246 1002 3461 1055 errandi

1887 1104 2108 1144 causam
2138 1091 2379 1156 dedisse,
2414 1107 2477 1146 ac
2514 1093 2683 1147 multo
2706 1101 2828 1161 post
2854 1102 3095 1160 tempore
3124 1092 3464 1147 Christianu-

1888 1196 2008 1235 rum
2072 1184 2458 1239 communione
2525 1184 2692 1240 fuisse
2750 1185 3068 1255 privatum:
3107 1201 3225 1255 quae
3279 1201 3460 1239 secum

1889 1273 2179 1328 manifesto
2227 1285 2487 1344 pugnant,
2549 1291 2669 1329 cum
2714 1275 3000 1344 perpaucis
3051 1285 3174 1330 ante
3216 1275 3467 1345 Origenis

1886 1364 2098 1419 obitum
2143 1368 2302 1421 annis
2347 1366 2637 1423 instinctus
2669 1367 2856 1422 furore
2897 1367 3093 1421 Decius
3140 1369 3466 1424 Christianis

1886 1457 2083 1513 bellum
2135 1458 2411 1513 indixerit.
2457 1460 2748 1515 Sciendum
2800 1472 3063 1528 praeterea
3123 1460 3173 1513 id
3221 1461 3467 1514 hausisse

1888 1548 2252 1617 Nicephorum
2284 1565 2355 1604 ex
2384 1551 2710 1621 Epiphanio,
2744 1553 2832 1620 qui
2863 1553 3003 1605 hanc
3047 1551 3298 1620 Origenis
3339 1567 3464 1621 per-

1886 1638 2210 1692 duellionem
2268 1655 2500 1693 narrans
2544 1641 2675 1695 hazr.
2714 1640 2803 1703 64,
2836 1658 2954 1709 cap.
3002 1641 3057 1704 2,
3099 1642 3165 1695 de
3211 1656 3467 1708 persecu-

1889 1732 2032 1785 tione
2079 1730 2310 1787 Deciana
2351 1733 2519 1787 altum
2572 1733 2716 1797 silet,
2769 1734 3221 1802 quemadmodum
3271 1734 3467 1790 Cedre—

1889 1840 1988 1879 nus
2019 1834 2074 1879 et
2106 1822 2305 1879 Sttidas
2338 1844 2352 1879 :
2393 1827 2444 1879 iu
2469 1826 2606 1881 libro
2635 1836 2814 1881 autem
2866 1827 2942 1880 De
2982 1845 3146 1880 mens.
3187 1838 3233 1880 et
3274 1827 3466 1894 pond.,

1887 1934 1947 1970 n.
1978 1916 2067 1980 18,
2099 1931 2219 1971 cum
2265 1916 2511 1970 Deciancc
2543 1916 2941 1984 persecutionis
2985 1918 3254 1981 meminit,
3283 1916 3467 1987 Orige-

1888 2024 2011 2063 nem
2046 2008 2264 2078 quidem
2310 2010 2477 2062 multa
2517 2018 2648 2061 tunc
2694 2023 3006 2077 perpessum
3063 2010 3231 2063 fuisse
3288 2011 3466 2072 docet,

1886 2099 2203 2170 Ethiopem
2232 2115 2365 2155 vero
2396 2102 2711 2170 neutiquam
2738 2112 3154 2160 commemorat.
3188 2101 3297 2155 Nec
3325 2117 3466 2156 com-

1888 2198 2157 2245 memorat
2209 2198 2361 2245 certe
2420 2187 2657 2243 Joannes
2716 2189 2962 2243 Zonaras
3011 2189 3144 2260 (50),
3197 2190 3287 2259 qui
3342 2206 3464 2243 ctttn

1887 2290 2069 2335 tamen
2107 2280 2398 2337 tormentis
2425 2281 2627 2335 victum
2651 2280 2752 2335 sub
2785 2280 2949 2336 Decio
2983 2296 3013 2335 a
3040 2280 3142 2335 fide
3171 2280 3467 2335 descivisse

1887 2372 2094 2438 tradit;
2140 2382 2195 2427 et
2225 2373 2545 2442 arrOgantia
2585 2372 2788 2426 clatum
2830 2389 3120 2439 pravorum
3152 2374 3464 2445 dogmatum

1885 2475 2161 2518 auctorem
2196 2465 2380 2519 fuisse.
2416 2462 2685 2517 Zonaratn
2718 2463 3021 2519 fefellerunt
3068 2464 3207 2519 male
3240 2475 3463 2534 accepta

1884 2557 1999 2611 haec
2031 2557 2315 2626 Epipltanii
2348 2560 2510 2610 verba
2534 2559 2675 2611 :Ka‘t
2697 2558 2859 2620 αὐτὸς
2887 2557 2943 2609 δὲ
2983 2557 3264 2629 Ὠριγὲνης
3296 2556 3467 2611 πολλὰ

1884 2648 2186 2712 πεπονθὼς,
2218 2650 2297 2713 εἰς
2322 2649 2473 2713 τέλος
2512 2649 2602 2702 τοῦ
2645 2648 2943 2721 μαρτυρίου
2970 2649 3069 2701 οὐκ
3093 2649 3343 2719 ἔφθανεν,
3371 2650 3466 2703 oh-

1884 2752 2062 2797 stante
2093 2743 2348 2795 nimirum
2399 2743 2605 2796 szcvitia
2643 2742 2861 2811 judicis,
2894 2757 2998 2795 non
3020 2740 3271 2809 Origenis
3306 2742 3467 2810 perii-

1884 2835 1994 2900 dia,
2043 2834 2338 2903 quominus
2388 2834 2637 2904 martyrii
2694 2849 2953 2890 coronatn
3010 2842 3461 2904 consequeretur.

1885 2925 2023 2982 Male
2051 2942 2115 2981 ea
2143 2941 2364 2995 quoque
2399 2925 2675 2981 intellecta
2708 2937 2832 2981 sunt
2857 2926 2924 2980 ah
2958 2928 3246 2981 Anastasio
3270 2926 3466 2981 Biblio-

1884 3019 2149 3085 thecario,
2172 3027 2227 3073 et
2251 3018 2316 3072 ad
2341 3032 2544 3071 annum
2565 3016 2769 3072 Christi
2788 3017 2896 3071 2M
2934 3032 3219 3087 perperam
3245 3016 3418 3071 relata
3446 3035 3459 3071 :

1884 3127 1992 3180 quo
2019 3127 2164 3165 anno
2189 3110 2478 3179 imperium
2504 3111 2730 3179 adeptus
2759 3119 2843 3164 est
2868 3109 3172 3179 Philippus,
3200 3110 3465 3164 sexennio

215 3205 503 3278 librumque
550 3210 618 3263 ad
662 3224 785 3265 eum
818 3211 891 3265 De
923 3211 1180 3281 martyrio
1212 3211 1454 3280 scripsit,
1500 3226 1608 3281 quo
1664 3213 1778 3267 ani-
1806 3224 1850 3284 ς
1884 3219 2058 3273 eoque
2089 3202 2321 3273 amplius
2355 3213 2482 3257 ante
2523 3202 2811 3256 Decianam
2846 3203 3300 3271 persecutionem.
3332 3202 3463 3274 Gly-

215 3314 347 3354 mum
398 3302 468 3354 illi
499 3302 688 3357 dolore
722 3317 783 3358 ac
812 3302 1033 3357 miseria
1077 3303 1449 3358 tabescentem
1484 3303 1776 3369 relevaret,

212 3391 330 3445 etei
373 3392 558 3447 solatii
592 3403 875 3462 prmstaret
903 3394 1103 3461 vicem,
1135 3393 1229 3465 qui
1264 3393 1387 3449 aliis
1432 3394 1572 3449 hanc
1604 3396 1781 3449 omni-

214 3478 307 3537 bus
332 3485 573 3551 praebere
596 3484 789 3540 solitus
815 3494 951 3540 erat.
1664 3534 1671 3541 ,

276 3570 357 3628 ιν.
402 3575 742 3643 Nicephorus
768 3576 987 3632 Eusebii
1019 3587 1311 3648 perpetuus
1348 3587 1650 3637 assectator
1681 3580 1781 3634 du-

212 3676 316 3717 cem
341 3681 493 3720 suum
529 3668 623 3722 hic
657 3670 893 3736 deserit,
930 3680 985 3724 et
1016 3671 1067 3725 in
1108 3680 1333 3726 atroces
1367 3672 1630 3728 adversus
1658 3671 1781 3727 Ori-

211 3768 408 3821 genem,
468 3774 624 3815 more
680 3762 980 3816 recentium
1050 3762 1372 3819 Graecorum
1409 3805 1425 3831 ,
1475 3764 1781 3821 calumnias

214 3844 435 3906 divertit.
477 3852 618 3905 Eum
666 3852 742 3905 ait
796 3855 1061 3909 modestia
1103 3871 1170 3910 ac
1215 3857 1527 3913 Christiana
1569 3857 1782 3913 humili-

217 3942 337 4002 tate,
364 3955 481 4008 qua:
512 3941 776 3996 virtutum
802 3944 1048 3998 omnium
1082 3960 1283 4014 parens
1308 3957 1415 4011 est,
1450 3948 1672 4013 amissa,
1725 3949 1776 4003 in

218 4024 433 4083 Deciana
488 4033 875 4100 persecutione
927 4038 1217 4091 tormentis
1263 4037 1556 4104 aiﬁictum,
1624 4055 1775 4093 suam

209 4118 408 4185 quidem
433 4124 799 4178 constantiam
828 4139 891 4179 ac
926 4125 1087 4180 fidem
1122 4125 1387 4182 Ecclesiae
1419 4130 1775 4199 praestitisse;

211 4223 382 4269 verum
411 4218 636 4272 admoto
670 4218 929 4288 .Ethiope
964 4219 1054 4288 qui
1089 4220 1396 4274 castissima
1421 4220 1635 4290 corpori
1666 4220 1781 4275 illu-

210 4302 375 4372 deret,
406 4308 573 4363 thura
604 4310 710 4365 diis
740 4311 962 4365 adolere
994 4309 1286 4377 maluisse,
1319 4327 1483 4380 quam
1513 4312 1777 4380 ejusmodi

210 4395 453 4459 probrum
486 4400 543 4452 in
575 4414 633 4453 se
672 4401 965 4456 admittere
995 4418 1009 4454 :
1041 4411 1208 4471 atque
1238 4404 1363 4457 inde
1394 4404 1575 4457 divina
1604 4406 1778 4473 gratia

208 4499 317 4539 cum
348 4491 664 4558 excidisset,
706 4493 759 4547 in
796 4497 981 4549 varias
1009 4495 1246 4550 ltzcreses
1289 4496 1591 4565 delapsum,
1636 4496 1776 4551 mul-

1881 3314 1976 3353 eas
1991 3306 2170 3352 autem
2193 3296 2497 3366 Epiphanio
2522 3295 2747 3350 adhaesit
2766 3295 2900 3365 (51).
2920 3294 3259 3363 Nicephorius
3274 3295 3459 3365 igitur,

1882 3392 1974 3462 qui
2013 3391 2116 3445 hoc
2148 3388 2268 3444 loco
2292 3389 2508 3444 videtur
2543 3387 2909 3459 Epiphanium
2941 3397 3215 3453 sectatus,
3254 3396 3309 3443 et
3336 3388 3462 3457 qui-

1880 3499 2096 3555 cunque
2130 3484 2235 3540 hoc
2272 3482 2525 3556 Origenis
2554 3483 2767 3537 facinus
2791 3482 3040 3537 Deciana:
3060 3479 3462 3553 persecutionis

1883 3577 2220 3648 temporibus
2246 3576 2555 3647 assignant,
2592 3575 2815 3629 minime
2848 3574 3071 3644 quidem
3099 3572 3463 3643 Epiphanium

1886 3680 2167 3727 auctorem
2214 3671 2440 3726 habent.
2484 3667 2600 3725 lmo
2646 3684 2796 3734 vero,
2829 3677 3016 3737 aperte
3044 3667 3150 3723 illis
3184 3665 3463 3722 contradi-

1880 3776 2027 3827 cere,
2081 3760 2127 3815 si
2172 3760 2298 3830 quis
2338 3758 2406 3814 ad
2440 3758 2778 3813 narrationis
2826 3757 2971 3813 illius
3001 3765 3314 3811 contextum
3345 3754 3463 3808 ani-

1883 3852 2217 3917 madvertat,
2254 3849 2418 3921 plane
2448 3848 2713 3903 fatebitur
2742 3865 2759 3902 :
2791 3848 2846 3901 id
2878 3847 3078 3916 quippe
3118 3843 3462 3899 Alexandria:

1882 3944 2182 4015 contigisse
2215 3942 2450 4006 scribit,
2491 3949 2654 4009 atque
2695 3938 2987 4011 Origenem
3023 3938 3225 3993 idcirco
3254 3938 3321 3991 ab
3358 3936 3459 3992 Ec-

1882 4036 2052 4091 clesia
2116 4034 2286 4090 fuisse
2340 4033 2643 4103 dejectum;
2691 4046 2928 4101 cumque
2977 4044 3036 4084 se
3091 4028 3275 4083 irrisui
3338 4042 3461 4083 esse

1884 4126 2214 4198 perdoleret,
2236 4124 2414 4195 patria
2439 4121 2850 4177 excessisse.At
2878 4120 3110 4175 Deciana
3138 4127 3461 4189 tempestate

1883 4233 2057 4284 neque
2096 4216 2441 4272 Alexandria
2481 4214 2645 4269 fuisse
2691 4212 3006 4283 Origenem,
3038 4227 3215 4280 neque
3249 4212 3318 4266 ab
3357 4210 3460 4264 Ec-

1881 4311 2064 4366 clesia:
2094 4309 2481 4364 communione
2513 4316 2887 4377 segregatum,
2922 4319 3097 4374 neque
3130 4303 3459 4357 Aletandria

1883 4402 2047 4456 fuisse
2103 4399 2408 4472 profectum
2455 4397 2542 4453 vel
2583 4397 2772 4453 docuit
2821 4397 3133 4466 quisquam.
3189 4394 3275 4448 vel
3310 4393 3460 4448 credi

1883 4499 2099 4562 potest;
2131 4499 2186 4545 et
2218 4504 2283 4544 ex
2317 4488 2563 4553 Eusebii,
2591 4487 2875 4556 ipsiusque
2900 4484 3187 4556 Nicephori
3208 4526 3223 4551 ,
3247 4491 3303 4537 et
3328 4482 3460 4536 alio~

207 4575 373 4648 lisque
418 4584 474 4637 in
516 4600 763 4639 errorem
826 4587 1087 4652 inductis,
1150 4589 1218 4642 ab
1273 4588 1515 4643 Ecclesia
1568 4590 1772 4644 Christi
1808 4581 1853 4635 ι)
1882 4597 2002 4636 rum
2027 4579 2270 4639 historiis
2291 4578 2428 4634 satis
2446 4576 2736 4633 refellitur.
2760 4574 2875 4644 (32)
2894 4575 3257 4645 Quaequidem
3280 4573 3460 4627 omnia

206 4663 351 4740 longo
380 4683 502 4742 post
529 4687 775 4746 tempore
793 4677 964 4734 fuisse
986 4680 1429 4736 exterminatum.
1460 4679 1585 4736 Ηωο
1612 4682 1775 4737 habet

206 4757 531 4831 Nicephorus
572 4766 712 4840 (2‘1),
742 4786 863 4839 quae
895 4770 962 4826 ad
999 4772 1250 4827 veritatis
1302 4772 1561 4827 amussim
1616 4786 1763 4843 revo-

204 4863 348 4920 cata,
377 4868 433 4914 et
487 4876 615 4915 cum
674 4871 920 4918 veterum
967 4864 1216 4935 scriptis.
1269 4864 1413 4919 unde
1458 4866 1775 4936 deprompta

204 4956 338 5012 sunt,
390 4951 671 5019 conflicta,
727 4952 888 5007 ﬁdem
941 4970 1095 5010 suam
1154 4957 1475 5024 decoquent.
1534 4955 1767 5010 Nimiam

203 5034 333 5089 enim
384 5040 487 5094 sibi
544 5042 857 5112 superbiam
910 5052 1038 5107 tunc
1091 5045 1387 5114 sumpsisse
1439 5041 1760 5116 Origenem,

204 5129 437 5192 Quamvis
457 5142 589 5189 ante
607 5131 971 5205 Nicephorum
994 5135 1316 5207 scripserint
1336 5136 1656 5192 Anastasius
1677 5136 1772 5192 Bio

267 5366 374 5447 (26)
412 5371 640 5447 Euseb,
666 5373 804 5429 Hist.
828 5374 985 5447 egoh,
1004 5375 1100 5431 lib.
1128 5392 1204 5440 vt,
1236 5392 1355 5447 cap.
1389 5375 1480 5431 46.
1502 5375 1641 5432 Bene
1664 5393 1769 5430 au-

201 5444 297 5490 um
327 5441 468 5514 de_se
507 5444 695 5514 merito
737 5441 1009 5514 magistro,
1042 5447 1169 5499 dum
1201 5449 1257 5501 in
1294 5441 1569 5501 [armentis
1609 5457 1765 5511 esset,

202 5516 304 5587 ett}.
371 5511 508 5587 Cum
565 5511 843 5587 Eusebius
880 5515 1120 5587 libellum
1175 5516 1252 5571 De
1312 5518 1573 5587 martyrio
1627 5519 1769 5571 inter

201 5580 447 5660 epistolas
517 5584 673 5652 paulo
729 5594 851 5654 post
911 5586 1385 5660 Deciihstragemj
1414 5580 1477 5660 a'
1513 5587 1770 5660 Dionysio

204 5654 421 5716 scriptas
475 5665 793 5719 recenseat,
844 5654 1144 5711 verisimile
1191 5654 1294 5711 no'n
1340 5657 1553 5711 videtur
1600 5654 1767 5724 hunc,

203 5712 322 5765 dum
354 5720 405 5765 in
438 5725 723 5765 [nl-mentis
762 5734 907 5765 ment
935 5723 1199 5765 minus.
1254 5726 1419 5765 minus
1450 5744 1477 5765 ει
1515 5727 1767 5765 hin-main

202 5723 723 5853 ἓιὲιῦᾏίιέὦίίηγωθηιίε
762 5734 909 5780 esset
935 5723 1222 5796 Origenes,
1252 5726 1419 5784 fuisse
1448 5744 1479 5783 a
1513 5723 1770 5799 Dionysio

270 5858 381 5929 (27)
416 5861 644 5934 Niceph.
677 5863 771 5921 lib.
806 5880 861 5934 v,
891 5880 1013 5937 cap.
1040 5866 1133 5923 52.

1888 4674 2016 4730 huic
2067 4673 2314 4743 apprime
2355 4671 2501 4726 aetati
2552 4671 2904 4733 conveniunt,
2959 4668 3011 4723 in
3065 4682 3224 4735 quam
3260 4666 3461 4719 factum

1887 4769 2018 4824 illud
2049 4766 2408 4837 conjecimus.
2436 4763 2572 4819 Nam
2600 4773 2655 4818 et
2682 4775 2795 4817 tum
2828 4760 3175 4816 Alexandriae
3202 4756 3460 4811 versaba-

1885 4869 1972 4914 tur
2033 4857 2337 4928 Origenes,
2384 4867 2440 4912 et
2498 4856 2681 4910 statim
2735 4862 2856 4924 post
2908 4850 3172 4921 ﬂagitium
3240 4846 3460 4915 reliquit

1880 4949 2296 5014 Alexandriam,
2324 4956 2380 5002 et
2404 4963 2433 5001 a
2454 4946 2895 5003 Christianorum
2923 4944 3183 5000 societate
3205 4939 3459 5010 depulsus

1878 5052 1983 5108 est,
2017 5057 2121 5097 nec
2155 5041 2327 5095 multo
2358 5052 2480 5111 post
2515 5038 2916 5109 Jerosolymam
2946 5035 3113 5099 adiit,
3151 5033 3241 5087 ubi
3274 5033 3326 5086 in
3358 5047 3458 5101 pu-

1877 5138 2023 5192 blico
2050 5134 2487 5191 Christianorum
2520 5143 2664 5189 coetu
2696 5130 3045 5187 commissum
3069 5127 3246 5183 scelus
3275 5125 3452 5196 lacry-

1968 5372 2061 5428 28}
2097 5374 2298 5430 Anast-
2328 5373 2379 5425 in
2405 5371 2547 5425 Hist.
2578 5372 2643 5425 ad
2683 5386 2771 5425 an.
2806 5368 3006 5425 Christi
3033 5366 3159 5423 244.

1961 5440 2057 5513 99)
2088 5444 2284 5498 Zonar.
2320 5441 2464 5498 Hist.
2499 5442 2592 5497 lib.
2621 5440 2685 5495 'tt.

1968 5513 2058 5576 30)
2089 5514 2166 5567 Id.
2201 5514 2333 5568 ibid.

1971 5585 2061 5655 5i)
2110 5585 2265 5655 Glyc.
2294 5581 2515 5655 Annal"
2543 5590 2685 5655 part.
2709 5596 2804 5655 Aut.

1971 5586 2029 5639 51
2110 5585 2265 5655 Glyc.
2294 5585 2515 5646 Annal.,
2543 5590 2685 5650 part.
2720 5596 2804 5635 ttt.

1946 5585 2061 5726 liii;
2082 5656 2234 5726 Quae
2261 5653 2472 5726 quidem
2497 5652 2674 5726 omnia
2698 5652 2822 5726 ltuit:
2853 5649 3086 5726 apprime
3131 5646 3450 5726 conveniunt

1875 5720 2051 5787 mitti,
2072 5725 2135 5795 in
2162 5720 2320 5795 quam
2348 5722 2552 5795 [agunt
2580 5721 2717 5795 illud
2766 5720 3102 5795 conﬁcimus.
3122 5720 3258 5795 Vide
3277 5734 3443 5795 supra

1878 5799 1933 5849 in
1962 5809 2081 5863 cap.
2112 5788 2355 5863 2,'nutn.
2382 5790 2591 5863 13,4ubi
2618 5791 2756 5863 hanc
2788 5788 3072 5862 Epiphanii
3103 5792 3168 5846 de
3197 5788 3459 5858 Orlgcnis

1878 5861 2178 5923 idololatria
2204 5861 2436 5919 fabulam
2457 5861 2802 5919 destruitnus.
