3878 6530
389 449 483 508 B91

1669 448 1731 503 P.
1771 447 2090 504 DANIELIS
2128 447 2365 504 HUETll

3558 441 3660 501 693

397 576 495 628 mis
528 543 853 655 prosecutus
876 580 979 626 est.
1013 568 1278 637 Quamvis
1300 578 1482 629 autem
1517 570 1681 624 rebus
1708 570 1969 627 Cbristia-
2003 576 2048 632 Α
2079 584 2260 640 partes
2296 570 2653 643 transfugisse
2691 576 3039 632 commentus
3065 574 3292 628 est:res
3326 564 3449 621 btec
3472 562 3662 619 abillis

391 665 477 720 nis
527 668 758 731 faveret,
806 666 897 735 qui
942 673 1070 720 tunc
1124 664 1350 734 imperio
1389 662 1695 733 potiebatur
1734 661 1967 718 Severus

388 756 724 826 Alexander,
754 756 868 829 (55)
908 772 1007 815 eas
1043 770 1222 813 tamen
1262 740 1363 826 pro
1394 755 1618 811 libidine
1646 755 1975 811 divexabant

392 848 807 921 provinciarum
859 860 1126 913 rectores,
1168 832 1627 917 Christianosque
1665 847 1973 918 complures

389 939 508 997 neci
539 938 761 995 dabant.
796 939 851 995 ld
902 941 1184 995 declarant
1226 937 1577 994 ecclesiastici
1621 938 1882 999 Annales,
1920 947 1974 995 et

351 1077 362 1114 ν
393 1028 806 1104 Martyrologia.
838 1036 1066 1089 Constat
1099 1049 1231 1103 ergo
1275 1031 1670 1087 ltallucinatum
1704 1031 1973 1101 Nicepho-

389 1138 531 1190 rum,
561 1140 662 1180 nec
684 1127 750 1180 ad
784 1126 1075 1183 Deciauam
1107 1126 1314 1182 cladem
1344 1124 1447 1179 hoc
1479 1122 1730 1194 Origenis
1760 1123 1971 1178 facinus

388 1214 497 1269 ullo
531 1218 693 1272 modo
718 1220 1016 1287 pertinere.

460 1308 660 1365 Verum
690 1323 1018 1381 praepostere
1044 1313 1277 1383 agimus,
1311 1316 1401 1384 qui
1432 1316 1509 1372 rei
1541 1314 1699 1381 hujus
1722 1327 1972 1383 perscru-

386 1406 572 1459 tamur
614 1412 844 1472 tempus,
884 1418 1044 1459 resne
1074 1405 1195 1474 ipsa
1239 1406 1404 1467 fuerit
1444 1407 1736 1477 aliquando
1761 1416 1968 1462 certum

384 1498 629 1555 nondum
664 1498 947 1554 habemus.
982 1499 1240 1566 Quamvis
1273 1504 1418 1556 enim
1443 1504 1751 1558 clarissimo
1779 1518 1972 1558 monu-

386 1599 573 1644 mento
621 1589 1001 1657 consignatum
1060 1590 1113 1644 id
1152 1600 1333 1649 exstet
1365 1593 1416 1647 in
1454 1592 1612 1649 libris
1660 1593 1967 1664 Epiphanii,

384 1681 882 1753 egregiiscriptoris
899 1692 952 1736 et
983 1682 1217 1753 antiqui,
1239 1700 1352 1740 rem
1389 1694 1571 1741 tamen
1602 1701 1759 1741 suum
1790 1686 1970 1740 ades-

385 1787 543 1827 amen
568 1771 843 1829 revocavit
858 1771 1124 1828 Baronius
1144 1773 1282 1845 (54),
1298 1784 1356 1828 ut
1374 1774 1635 1839 diximus.
1658 1774 1969 1832 confictam-

387 1880 495 1935 que
522 1864 821 1933 judicavit;
881 1876 936 1921 et
969 1884 1036 1924 ne
1062 1885 1256 1925 manus
1289 1885 1413 1925 cum
1448 1869 1749 1940 Epiphanio
1773 1883 1968 1925 conse—

2076 673 2161 719 est
2206 662 2424 718 silentio
2458 663 2869 732 praetermissa;
2926 663 3096 733 igitur
3134 675 3202 715 ne
3255 673 3384 712 vera
3415 657 3658 728 quidem.

2077 753 2278 809 Eadem
2309 753 2424 812 haec
2451 751 2566 807 fere
2583 763 2938 824 repraesentat
2964 752 3335 812 Halloxius,et
3361 748 3663 820 amplificat

2075 845 2307 909 dicendo
2333 858 2398 899 ac
2432 843 2645 907 dilatat,
2689 858 2971 913 unumque
3022 841 3173 897 addit
3214 842 3356 909 quod
3419 838 3664 892 animad-

2075 936 2329 991 versione
2362 935 2583 1005 dignum
2618 944 2725 999 est,
2747 950 2872 990 eum
2910 934 3103 989 fabulae
3132 933 3289 987 istius
3310 930 3554 1001 primum
3586 930 3667 980 vi-

2074 1027 2187 1083 deri
2230 1027 2590 1095 inventorem,
2625 1030 2714 1098 qui
2743 1027 3052 1084 Justiniano
3084 1025 3403 1096 imperatori
3435 1021 3661 1077 dictavit

2076 1118 2361 1190 epistolam
2397 1122 2463 1175 ad
2489 1119 2701 1175 Menam
2730 1119 3394 1188 Constantinopolitanum
3428 1112 3664 1185 patriar-

2074 1214 2233 1269 cham
2265 1216 2526 1271 adversus
2578 1215 2895 1287 Origenem,
2935 1232 3053 1286 qua:
3094 1216 3147 1269 in
3197 1213 3415 1269 concilii
3451 1227 3485 1265 v
3524 1209 3663 1265 actis

2075 1304 2247 1360 relata
2288 1317 2395 1361 est.
2438 1307 2546 1361 Cur
2580 1308 2652 1363 ita
2681 1308 2934 1372 sentiret,
2968 1323 3073 1362 non
3108 1305 3392 1376 apposuit,
3441 1312 3498 1356 et
3529 1315 3663 1356 vero

2082 1400 2211 1469 quid
2240 1410 2541 1470 apponeret
2575 1416 2681 1456 non
2703 1400 3102 1456 ltabuit:nullis
3134 1399 3277 1454 enim
3313 1397 3661 1460 auctoribus,

2072 1486 2238 1542 nullis
2269 1489 2609 1557 argumentis
2634 1504 2724 1545 res
2758 1488 2893 1544 falsa
2929 1497 3144 1558 poterat
3169 1487 3494 1561 approbari;
3527 1484 3660 1541 facti

2072 1580 2340 1651 siquidem
2371 1581 2516 1636 illius
2551 1592 2751 1651 praeter
2783 1581 3144 1651 Epipltanium
3179 1578 3429 1634 meminit
3461 1577 3663 1633 Neme-

2072 1674 2186 1730 sius
2210 1673 2327 1746 (5⁸7)
2355 1672 2665 1728 Justiniano
2687 1674 2996 1743 antiquior;
3022 1671 3272 1727 meminit
3308 1680 3363 1725 et
3391 1669 3663 1725 Leontius

2071 1768 2367 1839 Byzantius
2396 1769 2529 1839 (58).
2561 1784 2719 1839 quem
2776 1766 3139 1822 Bellarminus
3192 1766 3387 1834 quinta
3446 1761 3663 1828 synodo

2072 1862 2408 1931 superiorem
2443 1860 2610 1916 fuisse
2638 1869 2847 1916 censet.
2870 1860 2987 1914 Huc
3022 1858 3161 1914 adde
3184 1855 3510 1912 idololatriae
3535 1852 3662 1924 qui-

288 1996 291 1997 γ
384 1934 511 2010 rere
541 1967 855 2026 cogeretur,
885 1957 1000 2029 (55)
1022 1970 1266 2016 assutum
1305 1960 1426 2031 ejus
1457 1934 1674 2031 scriptis
1699 1960 1966 2031 fragmen-
1998 1934 2041 1990 Β
2071 1953 2194 2013 dem
2219 1952 2508 2022 Origenem
2550 1954 2653 2009 hac
2675 1954 2900 2024 epistola
2930 1950 3297 2007 Iustinianum
3326 1960 3659 2011 arcessere;

389 2057 503 2103 tum
529 2047 662 2103 illud
695 2058 751 2106 et
776 2050 1042 2104 insertum
1070 2053 1466 2121 pronuntiavit.
1492 2052 1727 2113 Baronio
1754 2052 1962 2108 assensi

383 2148 513 2193 sunt
542 2136 847 2207 Halloxius,
875 2139 1091 2211 Origen.
1125 2142 1338 2212 Defens.
1371 2145 1468 2200 lib.
1501 2161 1572 2210 tv,
1603 2154 1794 2216 qurest.
1827 2146 1882 2210 5,
1911 2154 1966 2200 et

386 2239 501 2285 not.
527 2246 651 2302 pag.
684 2232 774 2297 55,
804 2232 896 2298 56,
933 2235 1024 2300 57,
1071 2235 1421 2306 Raynaudus,
1457 2237 1800 2308 Hoplotltecte
1828 2248 1966 2294 sect.

382 2320 438 2384 2,
463 2320 607 2381 serie
628 2322 682 2389 l,
712 2337 834 2393 cap.
864 2323 899 2378 2
929 2335 983 2379 et
1004 2322 1249 2381 Valesius
1279 2328 1346 2381 ad
1378 2326 1573 2382 Euseb.
1605 2326 1750 2382 Hist.
1778 2328 1872 2383 lib.
1892 2342 1967 2392 vr,

382 2428 429 2468 c.
458 2412 564 2479 39;
591 2415 922 2471 contradixit
944 2416 1196 2472 Petavius
1214 2418 1353 2490 (56).
1371 2418 1481 2477 Nos
1497 2419 1779 2490 utriusque
1798 2420 1968 2490 partis

384 2506 691 2562 rationibus
729 2507 1000 2572 adductis,
1015 2510 1149 2564 nihil
1179 2508 1506 2580 praejudiciis
1534 2510 1618 2565 vel
1653 2508 1966 2565 auctoritati

386 2599 703 2663 tribuentes
748 2610 991 2661 nostram
1037 2602 1363 2658 sententiam
1394 2602 1582 2674 paucis
1609 2617 1960 2672 exponemus.

381 2690 674 2754 Rationum
708 2693 926 2760 Baronii
956 2709 1170 2749 summa
1200 2696 1315 2751 haec
1339 2706 1445 2753 est.
1474 2693 1531 2750 Si
1558 2711 1646 2751 res
1669 2696 1743 2751 ita
1785 2710 1845 2751 se
1868 2696 1965 2754 ba-

381 2787 561 2855 beret,
584 2787 664 2851 uti
705 2801 962 2857 expressa
1002 2788 1240 2851 habetur
1274 2789 1413 2859 apud
1437 2787 1822 2858 Epiphaniam,
1852 2804 1969 2844 me-

384 2879 673 2939 minissent
714 2881 906 2952 utique
943 2880 1085 2950 ejus,
1114 2883 1204 2936 vel
1245 2882 1551 2951 objiciendo
1588 2880 1843 2950 Origenis
1875 2882 1969 2942 ad-

387 2972 620 3029 versarii
662 2971 995 3043 Theophilus
1029 2982 1085 3029 et
1136 2973 1530 3045 Hieronymus;
1556 2972 1640 3028 vel
1678 2972 1970 3029 refutando

382 3068 624 3132 fautores
653 3066 772 3137 ejus
800 3069 1091 3137 Eusebius,
1119 3069 1438 3139 Pamphilus
1467 3078 1523 3124 et
1568 3068 1838 3137 Ruﬁnus;
1882 3070 1967 3124 vel

383 3158 588 3215 vetusti
643 3158 841 3214 Patres
887 3159 1244 3230 Augustinus,
1293 3156 1613 3214 Vincentius
1669 3158 1970 3216 Lirinensis

382 3248 607 3319 aliique,
642 3250 735 3320 qui
764 3251 831 3305 de
852 3265 918 3311 eo
969 3249 1086 3305 fuse
1130 3258 1187 3304 et
1221 3248 1492 3319 explicate
1535 3258 1791 3319 egerunt,
1822 3257 1879 3304 et
1912 3249 1963 3302 in

381 3344 776 3401 controversiis
796 3343 1091 3399 Justiniani
1110 3358 1226 3399 aevo
1255 3344 1513 3399 adversus
1533 3342 1826 3413 Origenem
1855 3351 1967 3399 tan-

384 3445 442 3491 to
465 3436 647 3493 studio
665 3437 884 3507 agitatis
903 3437 1082 3506 aliqua
1112 3436 1327 3491 tandem
1351 3436 1610 3492 facinoris
1638 3436 1754 3506 ejus
1775 3434 1968 3491 fuisset

384 3526 587 3595 injecta
622 3529 859 3595 mentio;
904 3544 1004 3587 nec
1027 3531 1079 3585 id
1114 3544 1330 3601 quoque
1366 3523 1809 3600 praefermisisset
1834 3526 1969 3582 Por-

383 3619 633 3691 pbyrius,
662 3636 784 3679 cum
816 3621 1167 3678 Ammonium
1197 3637 1229 3676 a
1266 3621 1489 3679 Christo
1519 3620 1587 3675 ad
1618 3620 1962 3677 ethnicorum

468 3738 585 3810 (55)
621 3737 730 3793 Eas
764 3750 935 3811 tamen
961 3758 1055 3811 pro
1078 3741 1295 3797 libidine
1326 3741 1643 3796 diuexabant
1673 3740 1975 3811 provincia-

392 3826 513 3884 rum
535 3809 779 3872 rectores,
814 3809 1249 3884 Christianosque
1283 3812 1579 3880 complures
1612 3812 1727 3866 neci
1749 3810 1970 3864 dabant.

389 3881 843 3953 Nunquamntam
894 3885 1051 3951 pauci
1114 3881 1269 3947 fuere
1326 3894 1645 3953 martyres,_
1668 3896 1971 3953 quamgquo

380 3949 640 4023 itempore
662 3949 993 4007 Alexandria
1028 3955 1257 4011 recessit
1293 3949 1577 4023 Origenes.
1616 3949 1736 4023 Jam
1764 3949 1968 4023 enim_a

377 4022 586 4091 {viginti
615 4020 730 4093 fere
755 4022 913 4077 annis
937 4039 1101 4080 nemo
1124 4020 1527 4093 persecutionis
1552 4022 1849 4093 scintillam
1883 4020 1970 4075 vi-

391 4089 572 4149 derat.
619 4089 799 4146 Unum
854 4094 1048 4151 saltem
1105 4089 1338 4152 lluetius
1389 4094 1638 4164 proferre
1676 4091 1973 4164 debuisset

392 4171 692 4237 martyrem
711 4199 725 4224 .
769 4176 926 4232 quem
956 4165 1269 4243 Alexandro
1294 4160 1604 4243 imperante
1627 4160 1971 4243 Alexandria:

392 4234 612 4302 passum
654 4245 790 4288 esse
838 4245 988 4290 certa
1029 4246 1085 4290 et
1116 4234 1427 4292 indubitata
1486 4234 1766 4290 traderent
1797 4234 1971 4285 moni-

387 4311 569 4358 menta
578 4341 593 4355 .
1158 4306 1180 4321 ‘
1732 4340 1733 4343 η

462 4371 578 4442 (54)
600 4370 800 4428 Baron.
823 4373 890 4428 ad
931 4389 1024 4429 an.
1064 4374 1195 4438 255,
1227 4392 1282 4430 n.
1322 4376 1426 4431 120
1449 4385 1507 4432 et
1524 4389 1644 4441 seq.

605 4443 857 4497 Assutum
885 4445 1001 4515 ejus
1023 4448 1236 4523 scriptis
1277 4447 1635 4523 [gagatengtm
1676 4444 1832 4523 illud,
1848 4458 1969 4523 _etc.

386 4511 533 4586 Nihil
556 4511 737 4586 causa}:
758 4525 877 4568 erat
898 4511 1152 4586 curilluc
1188 4511 1507 4586 confugeret
1528 4511 1973 4586 Baronius.’Cutn

383 4598 418 4648 ο
440 4582 531 4656 tim
548 4582 761 4637 aliunde
775 4582 1684 4656 constetEpiphanium'l'alsissimis
1701 4585 1972 4644 interdum

386 4654 671 4725 adiuerere
695 4654 1070 4721 monimentis,
1091 4654 1232 4725 quod
1268 4657 1353 4710 vel
1374 4672 1441 4711 ex
1475 4657 1542 4709 iis
1565 4655 1732 4724 liquet
1755 4671 1877 4724 quae
1901 4661 1968 4715 de

386 4722 829 4795 MeletioetArio
852 4722 1266 4795 scripsit.'hanc
1294 4728 1359 4781 de
1381 4722 1872 4795 Origene'fabulam
1899 4744 1966 4785 ex

387 4796 580 4857 iisdem
612 4793 840 4865 impuris
872 4793 1113 4852 fontibus
1144 4799 1390 4852 haustam
1415 4793 1539 4852 esse
1573 4795 1737 4852 facile
1771 4799 1819 4853 ei
1846 4812 1967 4856 erat

385 4866 643 4939 evincere
664 4864 739 4939 ex
777 4864 844 4920 iis
888 4866 1162 4939 rationum
1190 4868 1535 4939 "momentis,
1567 4883 1689 4938 quae
1713 4868 1825 4939 jam
1870 4872 1965 4925 ad-

384 4937 637 5008 duximus
663 4936 715 4989 in
744 4950 867 5008 cap.
890 4937 947 5002 9.,
990 4954 1139 4992 ttttm.
1181 4937 1265 5008 l3.

390 5028 410 5081 ζ
457 5005 573 5076 (56)
605 5004 1075 5081 ξ’ςιθνεΆηὶηιαά.
1112 5008 1182 5061 ad
1214 5007 1502 5079 Epipltan.,
1543 5010 1675 5064 hmr.
1712 5009 1805 5076 (ἰαί,
1840 5027 1961 5081 cap.

381 5075 438 5140 2,
467 5090 527 5149 et
555 5077 749 5149 adlib.
782 5078 854 5135 De
882 5082 1044 5149 pond.
1071 5090 1116 5134 et
1142 5075 1331 5145 mens.,
1363 5098 1414 5136 c.
1445 5081 1533 5135 18.

456 5146 572 5216 (57)
612 5146 830 5205 Nemes.
871 5146 921 5203 ὁ.
954 5150 1045 5205 50.

457 5217 575 5285 (58)
601 5217 793 5273 Leont.
820 5219 1001 5275 Schol.
1040 5224 1239 5277 action.
1263 5222 1353 5277 10.

458 5288 573 5357 (59)
609 5287 745 5359 Ejus
770 5301 945 5344 autem
965 5294 1175 5346 tacendi
1199 5311 1289 5347 eas
1316 5293 1609 5346 habuerunt
1632 5309 1821 5347 causas
1850 5293 1966 5347 Ori-

386 5359 599 5433 geniani
623 5370 1008 5433 oppugnatores
1031 5365 1278 5431 nominis,
1305 5379 1435 5433 quas
1462 5365 1671 5429 exponit
1691 5362 1961 5429 Petavius;

390 5426 663 5504 uelquod,
689 5426 797 5484 etc.
832 5430 889 5484 Si
914 5426 1341 5502 Epiphanius'ad
1379 5426 1684 5504 ventilanda
1714 5426 1964 5504 Origenis

390 5498 940 5573 dogmata__attentns,
961 5498 1155 5561 ‘b'occe
1206 5517 1385 5559 tamen
1415 5503 1677 5573 ﬂagitium
1722 5498 1839 5558 non'
1869 5519 1963 5558 ne-

390 5565 591 5648 glexit;
616 5569 789 5648 siipse
809 5586 876 5648 ac
902 5565 1172 5648 praecipue
1196 5590 1455 5648 sequaces
1477 5565 1594 5648 ejus
1617 5576 1960 5648 emendatum

400 5640 720 5713 paenitentia
765 5640 974 5695 crit‘tten
1012 5640 1290 5712 objicere,—
1316 5640 1577 5699 illiberale
1621 5654 1675 5698 et
1718 5646 1960 5713 iniquum

398 5722 506 5761 non
543 5708 850 5771 duxerunt;
878 5727 1047 5780 quare
1078 5708 1177 5767 alii
1207 5708 1484 5769 duxissent
1514 5708 1833 5780 Origeniani
1867 5729 1961 5782 op-

400 5787 727 5897 pugnatores
761 5782 1027 5844 nominis,
1071 5798 1241 5850 quare
1270 5784 1671 5854 neglexissent?
1694 5783 1828 5838 Num
1852 5785 1959 5837 illi-

418 5848 702 5897 ieraliores
723 5859 779 5897 et
813 5851 1109 5897 inimlinres
1139 5852 1475 5897 Eninhanins
1525 5865 1577 5897 pl
1622 5865 1886 5897 nnntnnnt
1910 5856 1958 5897 pi

418 5848 702 5923 terpliores
723 5859 779 5903 et
812 5848 1109 5923 iniquiores
1139 5848 1495 5922 Epiphanius.
1525 5865 1578 5909 et
1622 5865 1886 5923 quotquot
1910 5856 1960 5909 ei

391 5915 702 6001 “(ﬂagitii
730 5929 878 6002 sunt,
900 5915 1115 5989 caeteris
1144 5915 1391 6002 Oti-genis
1418 5915 1744 5986 adversariis
1773 5915 1957 5987 haberi

2072 2046 2139 2101 de
2160 2045 2420 2117 Aitltiope
2443 2061 2510 2104 ne
2536 2047 2761 2101 verbum
2783 2047 3002 2117 quidem
3027 2044 3271 2114 injicere.
3295 2041 3486 2112 Neque
3508 2046 3664 2095 certe

2072 2140 2356 2210 probabile
2382 2150 2466 2195 est
2499 2141 2550 2194 in
2586 2139 2865 2211 encyclica
2894 2133 3249 2207 haeepistola
3272 2134 3340 2188 ad
3366 2133 3664 2187 universos

2070 2233 2354 2305 episcopos
2409 2233 2703 2301 destinata,
2757 2234 3166 2302 imperatorem,
3196 2228 3282 2284 vel
3308 2227 3400 2298 qui
3433 2226 3665 2281 nomine

2069 2326 2416 2397 imperatoris
2438 2326 2678 2394 scripsit,
2706 2325 3051 2381 mendacium
3083 2339 3143 2379 re
3173 2320 3317 2377 nulla
3346 2320 3666 2391 postulante

2069 2419 2395 2485 conﬁctum,
2422 2418 2679 2474 Patribus
2707 2418 2760 2473 in
2800 2432 2862 2473 os
2901 2416 3190 2487 objecisse,
3222 2414 3355 2468 viris
3385 2428 3495 2468 non
3520 2411 3665 2466 illit-

2071 2512 2285 2579 teratis,
2309 2520 2366 2568 et
2391 2512 2469 2567 rei
2504 2511 2767 2567 inaudita:
2793 2509 3089 2564 novitatem
3118 2507 3309 2579 procul
3353 2506 3521 2561 dubio
3548 2503 3661 2560 mi-

2071 2605 2295 2668 raturis.
2319 2602 2547 2674 ejusque
2585 2603 2879 2659 falsitatem
2916 2600 3077 2657 facile
3118 2598 3513 2671 perspecturis.
3547 2597 3665 2654 Re-

2074 2698 2299 2769 pudiata
2332 2698 2501 2769 igitur
2539 2698 2644 2752 hac
2675 2695 2907 2751 Halloxii
2961 2693 3303 2762 conjectura,
3358 2691 3664 2749 Baronium

2072 2793 2250 2862 ipsum
2281 2790 2613 2845 adoriamur.
2654 2790 2733 2843 Ac
2762 2788 2996 2859 primum
3032 2787 3270 2844 fateatur
3298 2802 3532 2843 necesse
3552 2795 3667 2855 est,

2070 2883 2369 2947 admissum
2409 2883 2478 2949 ab
2520 2882 2757 2953 Origene
2806 2881 3125 2937 idololatriae
3162 2881 3341 2937 scelus
3375 2879 3665 2945 Nemesio,

2070 2977 2300 3033 Leontio
2352 2984 2408 3031 et
2456 2974 2778 3030 Iustiniano
2830 2983 3016 3029 notum
3068 2989 3132 3028 ac
3170 2982 3667 3029 commemoratum

2071 3068 2264 3124 fuisse.
2286 3068 2399 3139 (59)
2421 3067 2551 3138 Ejus
2569 3076 2751 3121 autem
2770 3066 2981 3120 tacendi
3012 3081 3106 3122 eas
3134 3066 3442 3121 habuerunt
3465 3078 3668 3121 causas

2070 3158 2390 3228 Origeniani
2422 3168 2829 3231 oppugnatores
2860 3160 3119 3223 nominis,
3153 3173 3290 3228 quas
3310 3154 3532 3225 exponit
3555 3153 3668 3209 Pe-

2070 3252 2286 3321 tavius;
2322 3252 2406 3307 vel
2447 3252 2593 3323 quod
2636 3253 2702 3307 ad
2732 3253 3049 3308 ventilanda
3097 3250 3354 3306 nimirum
3408 3248 3670 3319 Origenis

2071 3341 2323 3413 dogmata
2354 3345 2571 3410 attenti,
2597 3346 2892 3403 admissum
2926 3343 3236 3398 humanitus
3265 3342 3534 3411 flagitium
3562 3356 3667 3395 ne-

2075 3432 2376 3501 glexerint;
2407 3434 2491 3490 vel
2525 3436 2671 3505 quod
2705 3432 3051 3490 emendatum
3078 3433 3404 3501 poenitentia
3450 3432 3668 3488 crimen

2077 3524 2340 3594 objicere,
2383 3526 2651 3582 illiberale
2696 3534 2752 3580 et
2778 3526 3020 3597 iniquum
3063 3539 3186 3581 esse
3230 3526 3519 3583 duxerint.
3551 3518 3669 3597 (4'0)

2074 3619 2220 3695 Quas
2236 3620 2301 3674 ad
2319 3635 2539 3688 causas,
2560 3620 2679 3676 illas
2694 3622 2860 3676 etiam
2881 3618 3181 3674 accessisse
3195 3630 3326 3688 puto
3345 3634 3445 3672 cur
3464 3619 3517 3673 id
3534 3619 3673 3675 reti-

2080 3741 2321 3798 debent?
2348 3741 2507 3797 Certe
2530 3757 2635 3796 non
2669 3740 2704 3794 ii
2741 3746 2897 3795 erant
2917 3735 3284 3804 Hieronymus
3311 3733 3671 3804 etTheOplti-

2084 3813 2187 3876 lus,
2221 3813 2313 3881 qui
2350 3813 2491 3867 banc
2519 3811 2736 3881 Origeni
2760 3810 2971 3881 culpam
2997 3810 3405 3871 condonarent,
3426 3815 3671 3874 quanta-

2083 3878 2299 3948 cunque
2328 3881 2473 3936 illam
2510 3878 2828 3951 ptenitentia
2854 3878 3097 3951 eluisset.

2152 3952 2264 4023 (40)
2292 3952 2437 4017 Quas
2464 3948 2534 4023 ad
2552 3969 2761 4016 causas,
2780 3951 2902 4005 illas
2924 3950 3083 4023 etiam
3112 3948 3395 4023 accessisse
3412 3956 3674 4023 putocur

2077 4022 2133 4076 id
2162 4019 2433 4078 reticerem
2456 4022 2702 4092 Origenis
2725 4021 3043 4084 adversarii,
3058 4020 3201 4092 quod
3230 4019 3369 4092 licet
3386 4020 3674 4092 sacrifica-

2078 4104 2259 4147 turum
2289 4108 2344 4147 se
2364 4088 2660 4161 recepisset,
2682 4102 2792 4149 etc.
2814 4092 2985 4147 Leves
3003 4088 3295 4161 admodum
3324 4088 3509 4161 Huetii
3527 4088 3670 4145 eon-

2078 4163 2322 4224 jecturae.
2362 4159 2507 4217 Salis
2551 4171 2670 4221 erat
2702 4161 3027 4224 asseusisse,
3070 4167 3130 4214 ut
3175 4160 3503 4215 idololatriae
3532 4174 3664 4213 reus

2117 4234 2375 4289 aberetur
2399 4232 2686 4302 Origenes,
2711 4248 2776 4288 ac
2810 4231 3038 4301 proinde
3073 4241 3131 4285 ut
3157 4231 3520 4302 iptenitentiac
3550 4245 3657 4299 pu-

2075 4304 2218 4383 blice
2246 4301 2638 4383 subjiceretur,
2679 4312 2734 4359 et
2773 4302 3061 4383 sacerdotii
3095 4301 3542 4383 _dignitate.jure
3592 4314 3664 4383 ac

2074 4375 2273 4433 merito
2293 4375 2568 4431 excideret
2601 4392 2616 4429 :
2654 4389 2753 4430 nec
2780 4373 2992 4434 crimen
3036 4371 3325 4442 minuisset
3352 4372 3477 4442 ejus
3505 4371 3665 4442 pudi-

2074 4445 2220 4515 citiae
2252 4444 2509 4510 studium.
2564 4443 2914 4515 quantumvis
2965 4442 3179 4515 dicatur
3229 4441 3358 4515 inde
3387 4441 3663 4515 elucere.

2076 4514 2361 4585 Egregiam
2391 4530 2519 4587 vero
2552 4511 2889 4587 pudicitiam,
2914 4527 3034 4582 qua:
3060 4511 3433 4587 abnegatione
3457 4511 3666 4587 ghristi

2078 4582 2415 4641 servaretur!
2443 4582 2614 4641 Porro
2646 4587 2690 4640 si
2723 4587 2792 4641 ob
2818 4599 2940 4639 eam
2972 4597 3195 4638 causam
3236 4582 3435 4637 fuisset
3466 4583 3670 4637 Deme-

2005 4630 2051 4685 ι)
2078 4630 2163 4711 {Et}
2180 4630 3667 4735 'aaa‘gtu'riuiigggtgessis;iussisiussis}.

2074 4725 2494 4795 sacerdotioque
2537 4725 2799 4792 deiectus.
2840 4740 2967 4780 num
3007 4725 3077 4795 id
3110 4725 3463 4795 ignorassent
3522 4726 3667 4777 Ara-

2074 4797 2196 4862 biae,
2226 4793 2541 4862 Palaestinae,
2582 4797 2876 4853 thnicite
2903 4804 2957 4849 et
2990 4794 3206 4848 Achaiae
3233 4793 3494 4849 Ecclesiae
3521 4809 3668 4864 prte-

2073 4869 2264 4923 sules?
2286 4870 2381 4923 Sin
2412 4870 2610 4932 minus,
2639 4868 2911 4938 quomodo
2932 4880 3166 4938 causam
3226 4864 3347 4933 ejus
3378 4866 3667 4934 suscepis-

2074 4948 2217 5003 sent,
2276 4939 2603 5008 prtedicandi
2659 4936 2855 4992 inunus
2893 4936 2942 4990 ei
2973 4938 3407 5008 commisissent,
3440 4938 3668 5004 aliaque

2074 5006 2371 5064 sacerdotii
2400 5011 2481 5065 sui
2525 5010 2707 5063 munia
2740 5009 2892 5062 obire
2928 5006 3349 5077 permisissent?
3395 5008 3666 5063 Criminis

2071 5093 2205 5149 ergo
2257 5080 2418 5149 ltujus
2472 5080 2682 5135 falsitas
2710 5078 2793 5135 vel
2829 5094 2893 5134 ex
2928 5092 2991 5131 ea
3035 5091 3093 5130 re
3119 5079 3232 5133 sola
3262 5079 3465 5133 elucet.
3517 5079 3668 5146 quod

2074 5148 2363 5220 Origenem
2416 5160 2569 5205 tanta
2602 5165 2724 5204 cum
2750 5150 3019 5204 cbaritate
3045 5151 3390 5220 suSCeperint
3422 5149 3499 5204 illi
3543 5152 3667 5220 epi-

2072 5219 2247 5290 scopi,
2287 5223 2513 5292 ejusque
2558 5220 2921 5291 patrocinium
2970 5230 3127 5274 tanto
3166 5219 3348 5292 studio
3388 5219 3665 5292 complexi

2072 5288 2218 5357 sint;
2254 5288 2574 5362 ac'proinde
2592 5306 2697 5345 non
2726 5300 2945 5359 propter
2965 5306 3060 5345 eas
3088 5304 3225 5362 quas
3251 5288 3480 5362 Huetius
3509 5288 3670 5344 affert

2072 5376 2289 5425 causas,
2326 5360 2465 5417 hanc
2498 5365 2562 5416 de
2583 5362 2837 5432 Origenis
2870 5360 3174 5432 idololatria
3206 5360 3499 5432 historiam
3531 5362 3669 5414 reti-

2072 5445 2307 5503 cuerunt
2330 5434 2449 5503 ejus
2486 5429 2913 5503 adversarii,sed
2945 5434 3069 5499 quia
3104 5429 3241 5485 nihil
3280 5430 3392 5485 tale
3420 5445 3666 5498 unquam

2073 5501 2301 5574 Origeni
2320 5501 2568 5574 coittigit.
2599 5502 2771 5557 Porro
2792 5503 2939 5571 quod
2958 5504 3155 5574 factum
3182 5515 3288 5574 non
3306 5511 3453 5574 erat.
3469 5516 3667 5574 quam-

2071 5572 2260 5628 obrem
2298 5571 2580 5644 quisquam
2628 5582 2920 5629 excusaret
2966 5573 3103 5627 ratio
3146 5571 3311 5644 Anulla
3366 5571 3495 5644 fuit.
3525 5572 3667 5644 inde

2071 5658 2169 5714 par
2198 5642 2338 5713 apud
2374 5642 2626 5714 Urigenis
2672 5644 2992 5714 defensores
3035 5658 3098 5697 ea
3128 5642 3299 5714 dere
3354 5643 3660 5698 silentium.

2072 5713 2210 5788 Hinc
2228 5733 2296 5788 ne
2319 5717 2423 5788 γρὺ
2443 5713 2660 5788 quidem
2688 5713 2848 5788 hujus
2860 5715 3001 5788 apud
3028 5713 3324 5788 Eusebium
3345 5728 3359 5777 ;
3379 5728 3490 5788 nec_
3510 5714 3663 5768 enim

2072 5783 2235 5868 vel-iu
2271 5783 2389 5868 ipsa
2422 5783 2521 5856 pro
2549 5785 2785 5868 Origene
2808 5783 3079 5868 _1_lpologia
3111 5783 3273 5852 hujus
3322 5784 3661 5841 mentionem

2075 5854 2270 5913 iecisse
2294 5854 2533 5925 videtur,
2562 5866 2622 5912 ut
2644 5854 2755 5929 jam
2789 5854 3046 5917 diximus.
