3878 6514
185 434 269 491 ΝΞ
1202 412 1781 473 ORIGENiANORUM
1821 410 1949 465 LIB.
1991 412 2032 477 l,
2072 409 2228 466 CAP.
2272 406 2363 465 IV.

3313 403 3417 461 691Ι

186 553 339 605 carent
368 540 614 611 Origenis
639 537 959 605 adversarii,
981 534 1124 605 quod
1142 534 1265 590 licet
1286 530 1720 588 sacriﬁcaturum
1752 531 1797 586 Α
1829 526 1985 580 nobis
2014 525 2193 580 fucum
2224 523 2508 579 facientes.
2543 522 2606 575 Et
2636 532 2752 576 tum
2786 518 2868 576 vel
2893 518 3128 575 maxime
3160 532 3284 574 sese
3311 520 3420 572 cri-

185 657 230 695 se
257 634 543 705 recepisset,
578 646 688 685 non
718 630 836 701 ipse
862 638 1061 690 tamen,
1092 625 1184 681 sed
1206 622 1299 691 qui
1332 638 1455 678 eum
1489 620 1721 674 circnm-

186 729 360 786 stabant
400 724 664 779 facinoris
697 731 948 777 auctores
981 727 1037 774 et
1089 715 1433 787 impulsores,
1473 711 1723 766 manibus

185 823 273 891 ejus
292 815 636 888 apprehensis
654 812 989 877 etexcussis,
1004 810 1106 881 ipsi
1134 809 1445 863 videremur
1464 804 1580 859 loco
1604 802 1726 857 thus

186 911 405 975 intulisse,
432 909 578 978 quod
609 907 741 963 licet
769 907 835 962 ab
864 903 1107 960 Ecclesia
1137 901 1327 956 luisset
1354 900 1423 955 ob
1453 914 1571 953 eam
1597 912 1727 951 cau-

185 1021 272 1060 sam
294 1003 491 1074 eiectus
521 998 792 1057 Demetrii
832 996 1302 1068 compluriumque
1346 992 1723 1062 episcoporum

184 1097 359 1166 judicio,
407 1094 473 1149 ab
545 1092 862 1148 Alexandro
922 1098 1100 1144 tamen
1154 1096 1208 1141 et
1247 1082 1560 1139 Theoctisto
1612 1078 1724 1149 cpi-

186 1186 331 1257 sc0pis
346 1194 486 1240 tanta
513 1196 664 1239 esset
680 1184 947 1239 charitate
967 1188 1272 1250 susceptus,
1303 1177 1527 1246 ejusque
1546 1181 1729 1243 patro-

184 1278 345 1331 ciuium
389 1286 537 1331 tanto
587 1275 775 1331 studio
806 1272 1101 1343 complexa
1134 1278 1318 1326 essent
1356 1268 1592 1331 Arabia,
1628 1266 1729 1321 Pa-

188 1370 390 1431 lestina.
445 1367 750 1423 Phanicia
780 1375 833 1420 et
878 1364 1096 1419 Achaia
1144 1361 1431 1425 Ecclesia,
1469 1371 1528 1413 ut
1561 1375 1624 1414 ea
1672 1372 1729 1414 re

189 1462 278 1517 fere
297 1460 532 1515 criminis
566 1459 820 1530 depulsio
860 1459 1265 1519 contineretur;
1298 1452 1441 1524 quod
1486 1451 1610 1506 licet
1636 1465 1729 1506 ca—

188 1552 330 1625 pitalis
370 1552 439 1606 sit
476 1550 566 1605 vel
604 1550 796 1606 tenuis
826 1550 1077 1604 admissa
1104 1544 1420 1603 idololatria
1468 1541 1728 1613 suspicio,

184 1658 225 1701 et
244 1646 457 1716 graviter
497 1659 764 1714 peccasse
802 1641 1088 1712 Origenem
1115 1638 1391 1694 fatendum
1434 1636 1528 1700 sit,
1582 1636 1732 1689 mini-

185 1751 249 1792 me
282 1746 444 1790 tamen
492 1736 598 1789 hoc
647 1733 873 1789 nomine
920 1740 1108 1800 posset
1153 1726 1423 1792 accusari,
1454 1727 1584 1796 quin
1613 1727 1732 1794 ejus

185 1830 340 1897 ingens
364 1826 646 1895 pudicitia
689 1825 931 1879 studium
976 1838 1080 1877 una
1134 1820 1552 1891 pradicaretur;
1586 1816 1729 1888 quod

1832 619 1966 674 ticos
1998 619 2108 674 dici
2162 626 2376 681 amant,
2431 616 2646 684 sibique
2695 612 2940 680 placent,
2987 609 3204 681 quando
3261 609 3419 663 nobis

1828 719 2117 765 auctorum
2148 709 2351 773 larvas,
2386 708 2529 763 veris
2563 705 2697 776 ipsis
2728 701 3048 757 deformutis
3076 700 3417 763 auctoribus,

1831 801 2175 870 obiecerunt.
2206 801 2389 870 Atque
2430 799 2546 854 hac
2601 797 2772 866 pestis
2805 796 2937 849 nihil
2976 809 3083 848 non
3121 776 3418 863 pervagata

1828 904 1932 951 est.
1963 894 2224 950 Plurima
2271 892 2486 963 quidem
2526 890 2717 946 sordes
2756 889 2838 944 vel
2873 904 2969 959 per
3011 887 3272 957 temporis
3300 887 3420 942 diu-

1829 990 2174 1054 turnitatem,
2228 984 2312 1041 vel
2372 999 2469 1053 per
2521 981 2870 1037 librariorum
2917 979 3223 1037 socordiam
3271 978 3421 1033 anti-

1829 1096 2061 1152 quorum
2086 1077 2309 1148 scriptis
2334 1075 2485 1130 alliui
2520 1084 2688 1144 atque
2721 1071 3096 1127 adharescere
3118 1070 3237 1124 sita
3258 1076 3416 1134 sunt;

1830 1184 1889 1229 at
1920 1187 2016 1228 eas
2050 1169 2266 1227 nonnisi
2300 1168 2620 1223 manifestas
2655 1163 2786 1230 elui,
2822 1177 2922 1217 nec
2973 1159 3270 1230 quidquam
3314 1158 3419 1212 nisi

1831 1264 1915 1321 vel
1951 1279 2114 1319 manu
2168 1262 2500 1331 scriptorum
2533 1256 2784 1314 codicum
2832 1271 2957 1326 ope,
3011 1254 3097 1309 vel
3145 1251 3313 1309 certis
3364 1260 3421 1304 et

1832 1355 2179 1412 evidentibus
2209 1350 2551 1422 argumentis
2584 1348 2844 1419 supponi,
2880 1357 2937 1403 et
2966 1346 3020 1401 in
3053 1355 3208 1399 notas
3240 1342 3421 1412 potius

1834 1462 1988 1507 extra
2021 1447 2262 1503 auctoris
2290 1445 2461 1516 ipsius
2487 1452 2835 1505 contextum,
2866 1437 3225 1510 quantumvis
3261 1443 3421 1489 acute

1835 1542 2107 1612 cogitatas
2155 1537 2504 1606 conjecturas
2540 1537 2695 1606 rejici
2735 1526 2919 1591 velim.
2956 1532 3064 1588 Sed
3116 1530 3233 1585 hac
3261 1534 3424 1585 erant

1835 1636 2060 1690 alterius
2092 1632 2219 1686 loci.
2257 1629 2412 1685 Nunc
2445 1631 2510 1684 ad
2547 1645 2687 1684 rem.

1908 1726 1995 1781 Vl.
2045 1724 2226 1792 Quoto
2258 1720 2406 1776 Decii
2462 1736 2608 1777 anno
2633 1719 2967 1775 cruciatibus
3026 1727 3202 1773 tortus
3257 1715 3424 1770 fuerit

1836 1817 2131 1889 Origenes,
2190 1814 2472 1880 nescitur;
2514 1820 2571 1867 at
2618 1828 2741 1867 cum
2790 1811 3067 1866 biennium
3120 1808 3318 1864 Decius
3367 1806 3421 1861 in

182 1918 373 1988 denique
392 1918 528 1972 diris
565 1917 671 1972 sub
718 1915 884 1973 Decio
907 1913 1166 1985 singulari
1190 1911 1498 1968 constantia
1532 1910 1731 1966 tolera-
1769 1912 1810 1967 Β
1841 1911 2070 1981 imperio
2093 1923 2199 1964 non
2223 1906 2543 1979 expleverit,
2574 1905 2708 1959 levis
2726 1914 2810 1960 est
2830 1903 3115 1958 dubitatio.
3134 1901 3191 1957 ω
3210 1901 3424 1955 videtur

185 2013 234 2067 tis
256 2011 545 2075 tormentis,
595 2008 803 2079 prioris
853 2008 1103 2063 criminis
1133 2021 1329 2060 noxam
1364 2004 1505 2060 satis
1545 2018 1730 2059 corre-

183 2098 312 2160 xisse.
334 2098 557 2168 ejusque
585 2098 761 2153 luisse
793 2110 1006 2166 panes,
1039 2105 1095 2151 et
1120 2095 1407 2165 pristinam
1447 2093 1730 2149 mollitiem

179 2184 387 2253 expiasse
408 2185 719 2242 videretur.
772 2184 953 2253 Atque
1002 2183 1192 2239 iisdem
1245 2182 1360 2239 fere
1408 2182 1731 2248 rationibus,

182 2274 421 2339 quominus
468 2275 523 2328 id
577 2273 909 2329 Christianis
954 2274 1329 2342 exprobraret,
1383 2272 1730 2329 absterritum

181 2363 312 2420 fuisse
336 2363 703 2437 Porphyrium
745 2364 1025 2421 existimo.
1052 2364 1209 2431 Quod
1246 2363 1425 2418 nullus
1446 2379 1577 2435 ergo
1601 2364 1732 2420 vitio

182 2457 387 2523 dederat,
439 2458 815 2530 quamobrem
865 2460 1165 2529 quisquam
1215 2467 1540 2526 excusaret,
1590 2459 1732 2514 ratio

181 2549 290 2603 nulla
324 2551 439 2607 fuit.
475 2549 613 2607 inde
640 2567 745 2621 par
775 2552 916 2619 apud
949 2538 1149 2605 multos
1172 2564 1235 2604 ea
1258 2551 1322 2605 de
1350 2565 1408 2604 re
1434 2550 1727 2606 silentium.

180 2639 425 2696 Eusebium
449 2630 667 2707 autem,
717 2657 817 2697 cur
847 2642 898 2696 id
929 2640 1220 2697 scribendo
1262 2641 1730 2710 pratermitteret,

177 2746 227 2785 eo
252 2730 403 2788 fuisse
428 2732 736 2802 impulsum
762 2731 878 2801 jam
907 2747 1070 2802 supra
1100 2730 1235 2797 dixi,
1257 2731 1309 2785 in
1344 2733 1487 2801 quod
1518 2733 1571 2786 in
1590 2733 1733 2803 Apo-

179 2823 288 2894 logia
312 2842 401 2895 pro
424 2824 664 2897 Origene
698 2825 806 2880 hoc
858 2834 913 2879 et
964 2822 1230 2892 ejusmodi
1262 2824 1494 2893 plurima
1541 2824 1733 2881 fuisset

178 2917 480 2987 complexus,
511 2932 643 2989 qua
686 2918 756 2971 ad
793 2915 1050 2972 Historia:
1091 2934 1207 2975 sua
1235 2918 1571 2986 propositum
1624 2934 1730 2973 non

179 3011 364 3066 omnino
397 3011 786 3077 accommoda,
822 3010 1022 3081 quippe
1051 3013 1145 3082 qui
1201 3026 1289 3068 res
1315 3012 1382 3066 ad
1417 2998 1733 3066 universam

178 3099 433 3159 Ecclesiam
461 3112 785 3175 spectantes
808 3112 1222 3175 exsequeretur,
1241 3113 1491 3174 repetere
1513 3104 1734 3174 insuper

177 3194 346 3250 habuit.
385 3195 588 3252 Jacent
624 3198 801 3267 igitur
849 3196 1079 3252 collecta
1128 3213 1157 3251 a
1198 3195 1435 3253 Baronio
1469 3198 1734 3254 adversus

1836 2019 1982 2059 anno
2006 2001 2216 2057 Christi
2244 1999 2374 2069 950,
2407 1998 2660 2068 Origenis
2691 2011 2815 2059 va,
2850 1993 3279 2050 attribuendum.
3312 1990 3424 2047 Nec

1833 2106 2063 2174 apparet
2103 2094 2237 2149 item
2295 2090 2575 2163 quomodo
2615 2087 2853 2144 vinculis
2888 2086 3111 2156 elapsus
3157 2085 3250 2139 sit.
3312 2084 3423 2154 Ego
3497 2138 3500 2141 Α

1834 2203 1967 2243 vero
1997 2188 2048 2241 id
2079 2201 2177 2258 per
2209 2185 2418 2240 obitum
2456 2182 2600 2237 Decii
2631 2180 2925 2251 contigisse
2971 2178 3201 2246 opinor;
3252 2189 3360 2245 quo
3389 2190 3421 2228 a

1834 2279 2085 2336 barbaris
2113 2278 2290 2335 deleto
2336 2291 2462 2332 cum
2496 2275 2764 2336 exercitu,
2808 2271 3097 2341 imperium
3130 2268 3424 2338 capessivit

1837 2374 2029 2430 Vibius
2051 2371 2259 2437 Gallus,
2314 2368 2489 2425 ascito
2520 2368 2572 2423 in
2604 2365 2945 2423 consortium
2978 2363 3269 2419 Volusiano
3287 2361 3420 2416 tilio.

1836 2466 1989 2522 Tunc
2016 2465 2163 2522 enim
2200 2461 2571 2533 tranquillatis
2597 2458 3033 2525 Christianorum
3054 2455 3236 2518 rebus,
3258 2454 3417 2508 liber-

1836 2567 2004 2613 tatem
2039 2570 2256 2627 quoque
2304 2569 2457 2610 suam
2505 2553 2761 2622 adeptum
2799 2547 3085 2620 Origenem
3127 2542 3423 2600 verisimile

1833 2658 1941 2706 est.
1967 2648 2081 2721 (41)
2110 2649 2179 2702 At
2213 2661 2280 2701 ne
2308 2654 2419 2700 tum
2451 2643 2670 2714 quidem
2694 2649 2826 2696 atas
2858 2640 2926 2694 ad
2949 2637 3161 2695 senium
3194 2635 3421 2698 devexa,

1834 2739 2119 2796 laboribus
2146 2736 2405 2803 fractum,
2429 2734 2543 2790 otio
2570 2748 2635 2788 ac
2670 2731 2879 2788 desidia
2908 2728 3139 2802 mollivit
3165 2746 3179 2784 :
3208 2726 3303 2782 sed
3334 2728 3423 2781 vix

1834 2829 2159 2902 agritudine
2194 2828 2477 2884 relaxatus
2513 2839 2578 2880 ac
2605 2823 2854 2888 miseria,
2880 2836 3002 2893 qua
3029 2836 3152 2876 eum
3181 2820 3232 2873 in
3275 2817 3422 2873 Decii

1837 2923 2054 2978 laniena
2108 2936 2252 2992 pene
2299 2920 2548 2986 eliserat,
2573 2917 2698 2974 aliis
2737 2928 2875 2986 quos
2932 2915 3123 2970 eadem
3152 2910 3424 2967 alllixcrat

1836 3016 2037 3081 clades,
2068 3015 2221 3069 utilia
2248 3012 2442 3068 solatia
2466 3026 2566 3081 per
2593 3007 2856 3080 epistolas
2893 3004 3350 3063 subministravit.
3368 3002 3423 3059 ld

1838 3105 2200 3162 ostendebant
2228 3103 2530 3158 innumera
2559 3099 2677 3167 ejus
2724 3095 2989 3168 epistola,
3016 3110 3138 3167 qua
3165 3104 3286 3164 post
3314 3094 3423 3151 De-

1837 3195 2053 3251 cianam
2092 3192 2456 3248 vastationem
2481 3190 2720 3259 scripta,
2744 3197 2800 3242 et
2832 3185 3004 3242 multo
3026 3196 3153 3257 post
3182 3200 3214 3240 a
3243 3185 3348 3255 piis
3368 3194 3425 3239 et

177 3285 292 3340 hunc
317 3287 615 3358 Epiphanii
676 3289 857 3343 locum
901 3298 1246 3358 argumenta,
1281 3305 1442 3358 quem
1476 3290 1559 3345 vel
1618 3290 1733 3360 ipsa
1762 3283 1807 3347 ε
1838 3284 2097 3342 studiosis
2121 3283 2435 3339 hominibus
2453 3292 2705 3348 servata,
2728 3287 2998 3335 vetustate
3014 3280 3228 3334 demum
3246 3276 3423 3346 perie-

176 3378 275 3448 styli
325 3381 657 3446 similitudo,
689 3391 751 3436 ut
783 3390 938 3437 recte
1001 3383 1208 3437 notavit
1257 3381 1540 3448 Petavius,
1598 3384 1732 3440 satis

176 3466 441 3539 Epiphanio
474 3472 779 3542 adiudicat.

226 3558 282 3614 Υ.
306 3562 533 3618 Cautius
566 3563 825 3632 equidem
865 3580 928 3620 ac
971 3567 1309 3621 reverentius
1360 3567 1729 3640 antiquorum,

174 3650 481 3708 sedPatrum
530 3655 841 3723 praesertim
900 3666 1247 3711 monumenta
1284 3659 1481 3728 attingi
1512 3659 1729 3714 vellem.

173 3741 278 3797 Nam
309 3749 564 3815 quamvis
588 3760 779 3815 parce,
812 3754 866 3799 et
895 3761 1000 3801 non
1032 3746 1154 3801 sine
1186 3748 1367 3818 aliqua
1415 3748 1731 3804 verisimili-

174 3834 330 3889 tudine
379 3851 581 3891 manus
615 3835 926 3907 Epiphanio
961 3837 1207 3893 attulerit
1257 3840 1359 3895 hoc
1411 3839 1532 3895 loco
1563 3839 1732 3895 Baro-

175 3922 290 3990 nius,
322 3924 487 3981 homo
512 3936 573 3980 ut
615 3926 896 3981 excellens
925 3927 1046 3998 ejus
1087 3928 1385 4000 ingenium,
1406 3939 1461 3986 et
1483 3932 1729 4002 singula-

175 4027 267 4068 rem
301 4016 611 4073 doctrinam
633 4018 852 4083 sileam,
886 4020 1255 4089 sagacissima
1294 4024 1351 4077 in
1384 4033 1504 4079 arte
1537 4025 1731 4080 critica

170 4113 214 4160 et
235 4111 507 4165 acerrima
537 4111 693 4166 naris
715 4126 732 4178 ;
755 4111 857 4167 hoc
876 4121 1055 4167 tamen
1084 4113 1392 4185 exemplum
1417 4115 1472 4171 in
1493 4130 1733 4187 sequens

172 4212 313 4256 aevum
344 4203 524 4259 labem
550 4203 775 4259 trahere
805 4213 1007 4275 patest,
1028 4212 1088 4259 ut
1109 4205 1244 4260 tanti
1268 4206 1380 4264 viri.
1406 4210 1733 4266 auctoritate

171 4293 383 4361 producti
437 4295 669 4353 litterati
717 4296 1003 4365 homines,
1076 4298 1400 4355 veneranda
1450 4305 1732 4359 vetustatis

173 4384 397 4479 operibus
430 4384 683 4479 illudere,
722 4400 895 4456 eaque
922 4387 990 4441 ad
1040 4387 1254 4445 libitum
1290 4406 1611 4463 recoquere,
1668 4408 1733 4449 ac

171 4474 328 4530 incudi
343 4492 455 4533 sua
481 4478 717 4532 reddere
736 4476 970 4535 fortasse
987 4483 1171 4537 ausuri
1188 4483 1320 4539 sint.
1345 4484 1580 4551 Quasivi
1601 4501 1733 4541 sane

173 4564 368 4621 multum
396 4584 463 4626 ac
487 4569 608 4635 diu,
646 4569 842 4638 plusne
864 4574 1123 4641 perniciei
1151 4575 1205 4629 in
1248 4575 1462 4632 litteras
1482 4592 1553 4632 an
1585 4578 1733 4633 utili-

173 4653 279 4710 tatis
308 4660 494 4715 critica
524 4675 622 4716 ars
650 4660 1073 4730 intulerit.Quot
1092 4664 1238 4719 enim
1268 4680 1400 4721 sana
1432 4676 1488 4723 et
1517 4667 1729 4738 integra

174 4753 382 4802 veterum
446 4751 658 4820 scripta
713 4753 979 4821 pervertit
1028 4753 1350 4810 criticorum
1424 4757 1729 4825 temeritas,

172 4834 277 4891 dum
295 4842 551 4912 quidquid
574 4845 761 4899 minus
787 4856 969 4901 mente
989 4847 1361 4918 perciperent,
1392 4847 1444 4903 id
1482 4849 1559 4903 ad
1581 4848 1731 4904 arbi-

178 4927 318 4984 trium
362 4947 523 4988 suum
574 4934 880 5005 relingendi
937 4936 1213 4992 licentiam
1265 4937 1368 4992 sibi
1429 4936 1731 4994 fecerunt?

172 5014 293 5081 Quot
318 5024 587 5079 volumina
631 5024 750 5080 suis
799 5032 910 5080 tota
944 5026 1301 5082 detraxerunt
1341 5029 1726 5100 scriptoribus,

172 5108 338 5169 alienis
383 5117 804 5172 attribuerunt?
850 5116 1087 5173 Dilleror
1140 5118 1248 5186 ira,
1294 5122 1730 5192 quotiescunque

174 5198 291 5256 viles
312 5206 374 5261 de
429 5208 591 5278 plebe
648 5209 1132 5278 grammaticorum
1168 5211 1508 5267 litteratores
1566 5214 1728 5269 bonis

173 5299 456 5355 auctoribus
481 5300 723 5356 inscitia
758 5316 869 5356 sua
892 5304 1045 5358 virus
1082 5314 1402 5374 spargentes
1433 5306 1625 5372 video;
1671 5315 1728 5362 et

174 5383 430 5455 siquando
454 5407 600 5448 nova
629 5407 759 5455 vox.
802 5403 858 5448 et
881 5392 1285 5465 lexicographis
1308 5397 1583 5466 incognita
1609 5414 1731 5454 sese

174 5472 271 5541 det,
290 5495 397 5537 eam
425 5485 643 5553 absque
671 5487 1022 5543 cunctatione
1050 5490 1207 5545 ohelo
1246 5505 1348 5544 suo
1370 5488 1687 5558 jugulantes
1712 5532 1729 5560 ,

175 5573 221 5618 ει
241 5570 459 5630 obtrusis
485 5576 605 5631 suis
644 5576 980 5647 conjecturis
1018 5593 1115 5649 per
1149 5595 1418 5635 summam
1444 5582 1729 5637 audaciam

237 5731 575 5815 ('l‘l)‘E_useb.,
604 5740 749 5815 Hist.
786 5744 936 5811 εισι,
967 5742 1062 5798 lib.
1095 5760 1171 5811 vr,
1202 5760 1322 5815 cap.
1349 5746 1437 5802 39.

215 5806 348 5887 ,(12)
374 5806 570 5868 Euseb.
608 5813 768 5887 ibid,
835 5806 932 5873 lib.
968 5830 1062 5883 vn,
1092 5806 1216 5887 cap.
1250 5806 1302 5873 1’.
1335 5815 1555 5878 Hieron.
1609 5817 1727 5878 Cat.

184 5878 266 5927 sit.
291 5878 474 5939 illustr.
530 5898 653 5952 cap.
685 5882 774 5939 54.

1841 3388 1992 3434 runt.
2024 3377 2218 3434 Aliane
2254 3385 2530 3448 praterea
2552 3384 2681 3430 ante
2704 3383 2939 3430 mortem
2967 3370 3169 3428 litteris
3196 3367 3425 3424 manda-

1838 3473 2000 3536 verit,
2039 3470 2299 3542 quoniam
2335 3470 2403 3525 de
2427 3483 2493 3524 eo
2527 3467 2662 3523 nihil
2704 3465 2916 3536 antiqui
2961 3464 3258 3534 scriptores
3309 3470 3418 3515 tra-

1840 3564 2056 3632 didere,
2085 3571 2429 3634 compertum
2460 3577 2567 3617 non
2593 3570 2699 3617 est.
2741 3561 2843 3616 Vix
2882 3557 3037 3614 credi
3093 3564 3275 3610 tamen
3329 3566 3425 3622 po-

1841 3669 1969 3724 test,
1988 3656 2521 3728 impatientissimum
2543 3655 2643 3711 otii
2665 3655 2941 3726 ingenium
2969 3650 3037 3705 ab
3053 3656 3270 3704 assueto
3289 3645 3424 3701 scri-

1840 3750 2002 3806 bendi
2043 3750 2253 3813 labore,
2282 3762 2391 3818 quo
2423 3756 2501 3803 tot
2521 3747 2843 3803 elucubrata
2875 3744 3124 3799 feruntur
3160 3741 3420 3794 librorum

1841 3842 2033 3908 millia,
2066 3838 2465 3911 conquievisse.

1913 3934 2026 3993 γη.
2081 3930 2193 4003 (42)
2222 3930 2455 4000 Jamque
2506 3944 2698 3984 novem
2743 3943 2808 3984 ac
2842 3925 3122 3996 sexaginta
3160 3922 3425 3992 Origenes

1840 4024 2158 4079 confecerat
2190 4036 2386 4086 annos,
2421 4035 2544 4074 cum
2588 4019 2775 4074 labore
2802 4025 2861 4073 et
2906 4032 3065 4079 annis
3113 4024 3423 4070 conlectum

1842 4115 2169 4185 tempestiva
2202 4128 2351 4168 mors
2375 4112 2512 4184 Tyri
2536 4109 2895 4180 consumpsit,
2912 4124 3056 4163 anno
3079 4119 3198 4181 post
3221 4104 3425 4161 Christi

1841 4218 2023 4264 ortum
2056 4205 2165 4262 254
2191 4220 2206 4259 :
2236 4220 2343 4275 quo
2365 4218 2509 4259 anno
2538 4202 2869 4259 Interamna
2918 4199 3106 4257 Gallus
3153 4208 3209 4255 et
3258 4196 3426 4252 Volu-

1839 4300 2028 4356 sianus
2058 4296 2330 4354 interfecti
2350 4304 2496 4352 sunt.
2523 4295 2661 4352 Cum
2684 4296 2828 4350 enim
2848 4302 3037 4349 natum
3052 4307 3174 4347 eum
3196 4290 3427 4345 demon-

1842 4385 2209 4444 straverimus
2238 4399 2382 4443 anno
2415 4393 2532 4457 post
2568 4384 2848 4441 Christum
2898 4383 3025 4449 185,
3055 4379 3287 4451 adjectis
3331 4379 3427 4443 69,

1841 4486 1977 4550 quot
2000 4478 2124 4534 vita
2154 4478 2395 4549 explevit
2434 4493 2633 4544 annos,
2665 4477 2889 4533 omnino
2932 4473 3164 4530 edicitur
3209 4485 3426 4527 summa

1840 4586 2110 4628 annorum
2144 4571 2274 4627 254.
2306 4570 2568 4639 Quamvis
2594 4577 2775 4625 autem
2808 4569 2880 4624 ita
2913 4566 3201 4638 scripserit
3250 4564 3425 4620 Euse-

1764 4651 1808 4706 ι)
1837 4666 1959 4721 hius
1986 4664 2406 4738 (45)εΔέκιον...
2441 4664 2860 4735 κατασφαγέντα
2880 4661 3079 4725 Γάλλος
3100 4660 3423 4730 διαδέχεταιο

1849 4758 2131 4832 Ὠριγένης
2163 4761 2222 4812 ὲν
2248 4758 2423 4831 τούτῳ
2453 4759 2570 4823 ἑνὸς
2580 4758 2766 4813 δέοντα
2776 4757 2876 4828 τῆς
2894 4754 3039 4827 ζωῆς
3059 4753 3427 4825 ἐϐδομήκοντα

1837 4853 2166 4925 ἀποπλήσας
2197 4850 2316 4925 ἔτη,
2344 4851 2591 4923 τελευτᾷ,
2618 4866 2726 4907 non
2752 4850 2821 4905 iis
2846 4848 3072 4920 pracise
3102 4843 3428 4915 signiﬁcavit

1842 4945 1945 5001 hoc
2005 4946 2125 5016 ipso
2159 4954 2404 5014 tempore
2460 4944 2668 4999 obiisse
2724 4942 3037 5012 Origenem,
3073 4953 3180 5006 quo
3228 4934 3420 4989 Gallus

1843 5039 2120 5095 exstincto
2152 5038 2317 5093 Decio
2343 5036 2635 5101 successit,
2678 5035 2824 5104 quod
2860 5029 3101 5088 nonnulli
3132 5040 3421 5097 perperam

1842 5130 2047 5200 opinati
2075 5138 2242 5195 sunt;
2275 5128 2370 5184 sed
2396 5128 2682 5196 imperium
2714 5134 2930 5179 tenente
2952 5121 3129 5185 Gallo,
3158 5119 3266 5172 fato
3306 5119 3427 5171 fuiti-

1836 5232 1981 5279 ctum
2011 5220 2303 5291 Origenem
2321 5222 2515 5277 fuisse.
2541 5219 2657 5291 (44)
2677 5217 2882 5273 Scribit
2904 5215 3129 5271 Photius
3152 5214 3276 5266 cod.
3300 5212 3421 5275 118,

1841 5328 2071 5367 narrare
2100 5311 2470 5382 Pamphilum,
2519 5310 2762 5379 aliosque
2801 5306 3132 5375 complures,
3170 5302 3426 5373 Origenis

1841 5405 2009 5459 vitam
2042 5413 2097 5458 et
2129 5419 2217 5458 res
2252 5413 2434 5472 gestas
2465 5418 2531 5456 ex
2579 5402 2644 5455 iis
2672 5401 2809 5471 ipsis
2836 5399 2931 5469 qui
2963 5395 3239 5451 hominem
3275 5394 3425 5453 vide-

1843 5502 1969 5549 rant
1999 5502 2396 5562 perscrutatos,
2410 5492 2480 5547 ‘in
2498 5491 2732 5547 Deciana
2751 5498 2933 5559 strage
2958 5486 3222 5556 martyrio
3250 5486 3425 5556 ipsum

1848 5586 2014 5641 vitam
2051 5585 2313 5642 ﬁnivisse.
2361 5585 2420 5641 ld
2467 5583 2669 5641 refellit
2692 5583 2954 5648 Photius,
2989 5579 3129 5636 Galli
3158 5588 3214 5635 et
3261 5576 3426 5635 Volu-

1924 5750 2035 5824 (45)
2074 5753 2298 5824 Euseb.,
2340 5752 2483 5809 Hist.
2509 5756 2661 5818 πει..
2687 5755 2780 5810 lib.
2813 5771 2909 5818 vlt,
2937 5769 3061 5824 cap.
3091 5754 3140 5808 1.

1914 5822 2026 5893 (44)
2057 5822 2251 5878 Scribit
2280 5824 2504 5880 Photius
2526 5827 2645 5881 cod.
2670 5827 2791 5892 118,
2819 5822 3038 5881 narrar}:
3068 5823 3417 5891 Pamphilum,

1843 5904 1951 5948 etc.
1989 5894 2181 5950 Mirum
2213 5906 2366 5954 certe
2398 5899 2613 5953 vidctur
2644 5899 2788 5960 quod
2820 5897 2985 5956 rclcrt
3014 5897 3257 5952 Pltotius.
3292 5898 3419 5949 Cum
