3866 6526
396 387 409 410 ‘
444 409 549 468 693

1710 419 1772 476 Ρ.
1816 419 2129 476 DANIELIS
2166 419 2400 476 HUETII

445 536 584 592 siani
611 538 945 609 temporibus
974 539 1275 595 decessisse
1302 540 1442 597 hunc
1468 555 1750 609 asserens;
1773 561 1839 598 ex
1871 545 2014 614 cjus-
2049 548 2094 604 Α
2125 545 2265 614 apud
2294 542 2553 598 Ecclesia
2580 542 2855 612 principes
2885 542 3205 599 auctoritas.
3229 541 3433 599 Verum
3453 549 3690 616 egregias

443 642 550 697 que
588 628 831 698 epistolis
859 640 983 700 post
1026 628 1174 684 Decii
1223 642 1453 685 mortem
1500 633 1641 686 datis
1693 635 2013 689 sententiam

445 736 598 776 suam
628 721 874 780 roborat.
903 722 1174 778 infelicem
1206 725 1588 780 miserabiliter
1621 727 1845 796 periisse
1891 743 2018 797 pro-

443 811 655 865 nuntiat
684 811 1044 882 Nicephorus,
1074 813 1205 869 levis
1229 825 1440 882 auctor,
1467 831 1643 886 neque
1665 818 1792 888 quid
1811 819 2016 873 scribat

439 901 573 956 satis
607 902 759 972 pensi
793 903 1000 958 habens
1040 920 1054 957 :
1094 904 1221 958 inde
1253 904 1388 959 adeo
1434 905 1515 960 sic
1569 908 1839 970 sentiens.
1871 909 2015 978 quod

438 1007 561 1048 eum
592 1005 709 1061 post
741 994 1103 1048 idulolatriam
1137 996 1418 1051 erroribus
1448 997 1804 1066 implicatum,
1835 999 1887 1053 in
1915 1001 2016 1053 im-

437 1083 639 1154 pietate
652 1083 795 1139 dicm
813 1084 1076 1139 clausisse
1087 1083 1518 1159 crediderit.(i5)
1538 1087 1608 1141 At
1631 1098 1816 1143 contra
1837 1089 2015 1145 Theo-

369 1200 378 1208 κ
439 1174 606 1234 timus
641 1173 959 1232 Tomitanus
999 1176 1308 1245 episcopus,
1341 1194 1493 1234 nova:
1526 1181 1742 1249 pietatis
1764 1183 2026 1249 antistes,

435 1265 699 1332 prmclara
740 1279 864 1318 eum
913 1279 1087 1321 morte
1149 1268 1467 1324 defunctum
1540 1270 1710 1326 fuisse
1755 1273 2014 1328 adversus

435 1352 792 1424 Epiphanium
818 1357 1171 1412 asseveravit.
1547 1407 1550 1409 Α

478 1445 643 1506 ,Vlll.
705 1449 881 1517 Atque
941 1449 1086 1506 hunc
1141 1452 1358 1505 demum
1408 1453 1535 1508 vita;
1595 1455 1754 1509 finem
1809 1456 2004 1512 habuit

433 1537 696 1610 Origenes
718 1541 1096 1606 Adamantius,
1121 1543 1206 1597 vir
1234 1543 1287 1598 in
1314 1541 1554 1598 Ecclesia
1590 1545 1684 1600 Dei
1710 1546 1866 1617 longe
1895 1563 2011 1602 ma-

432 1631 650 1696 ximus;
685 1646 847 1701 quem
895 1642 1094 1700 praeter
1124 1635 1434 1710 prosapiam
1470 1637 1612 1690 avita
1653 1638 1705 1689 in
1738 1638 2011 1693 Christum

432 1721 660 1793 pietate,
703 1732 760 1779 et
811 1723 1065 1779 Leonida:
1090 1727 1261 1797 patris
1318 1727 1582 1797 martyrio
1613 1727 1840 1794 claram,
1885 1745 2014 1798 pro-

433 1815 567 1882 priae
599 1815 828 1870 virtutes
851 1815 1242 1877 nobilitarunt,
1295 1816 1485 1887 ingens
1513 1819 1754 1890 martyrii
1783 1819 2012 1875 deside—

2121 637 2204 691 vel
2241 652 2268 689 a
2303 646 2494 691 natura
2530 636 2776 702 collatas,
2809 636 2894 691 vel
2926 647 3274 708 comparatas
3300 637 3370 692 ab
3396 648 3516 692 arte
3541 639 3689 693 dotes

2118 727 2482 782 obscurabant
2537 743 2781 799 praeceps
2822 729 3044 799 quidam
3095 730 3260 784 animi
3319 730 3488 797 calor,
3519 746 3689 800 neque

2119 821 2253 876 satis
2286 822 2634 875 considerata
2661 836 2950 876 sacrarum
2983 822 3296 877 litterarum
3342 825 3610 888 tractatio,
3636 834 3691 879 et

2116 928 2288 983 prope
2346 914 2697 968 temerarium
2731 915 3136 970 reconditorum
3183 931 3248 970 ac
3293 931 3456 986 supra
3496 916 3691 971 mentis

2122 1005 2372 1059 humanae
2406 1016 2624 1075 captum
2659 1009 2965 1076 positorum
3007 1007 3100 1062 Dei
3133 1009 3513 1079 mysteriorum
3545 1008 3691 1064 evol-

2117 1097 2276 1151 vendi
2314 1099 2576 1162 studium,
2619 1100 2820 1168 quibus
2845 1099 2996 1154 vitiis
3036 1108 3204 1168 parta:
3255 1101 3547 1155 virtutibus
3575 1102 3690 1155 suis

2111 1187 2224 1256 jam
2257 1199 2388 1244 ante
2431 1189 2654 1244 invidia:
2683 1205 2901 1244 causam
2943 1191 2996 1243 in
3047 1205 3106 1245 se
3156 1193 3469 1261 erumpendi
3522 1195 3686 1248 dedit.

2121 1279 2338 1334 Exarsit
2379 1281 2430 1334 in
2464 1298 2586 1335 eum
2614 1293 2725 1337 tota
2753 1297 2890 1352 pene
2913 1283 3192 1339 Ecclesia:
3225 1283 3510 1340 calumniis
3529 1301 3690 1340 vexa-

2120 1380 2228 1437 tus,
2286 1373 2589 1429 maledictis
2631 1374 2897 1440 confixus,
2932 1376 3254 1444 proscissus
3297 1377 3532 1446 scriptis,
3570 1393 3689 1447 per-

2114 1479 2311 1518 cussus
2355 1465 2737 1529 anathematis,
2767 1470 2834 1521 ab
2865 1466 3105 1522 Ecclesia
3139 1479 3455 1539 segregatus
3496 1470 3688 1524 multo-

2117 1569 2235 1607 rum
2271 1556 2652 1624 episcoporum
2681 1555 2974 1625 suffragiis,
2995 1558 3165 1625 patria
3195 1557 3426 1627 denique
3460 1559 3572 1627 ipsa
3597 1559 3686 1613 de-

2110 1644 2290 1714 jectus
2321 1658 2428 1709 est,
2466 1648 2624 1700 homo
2681 1647 2826 1701 mitis
2877 1657 2932 1701 et
2979 1646 3192 1716 injurire
3222 1660 3581 1718 opportunus,
3627 1657 3685 1704 ut

2114 1751 2219 1790 non
2249 1736 2409 1790 facile
2433 1737 2739 1791 existimari
2773 1738 2945 1808 possit
2976 1738 3238 1808 majorine
3289 1741 3564 1794 hominum
3589 1738 3685 1794 lio-

2115 1827 2284 1880 ruerit
2309 1827 2505 1896 gratia,
2534 1841 2602 1880 an
2626 1827 2750 1882 odio
2778 1827 3114 1898 flagraverit.
3138 1829 3392 1898 Quisquis
3423 1840 3598 1884 tamen
3618 1844 3684 1886 ex

431 1905 600 1973 rium,
635 1913 974 1962 contestatus
1003 1921 1159 1961 amor
1183 1908 1460 1977 pudicitia:
1511 1924 1576 1964 ac
1630 1910 1965 1979 paupertatis
1992 1952 2008 1975 ,
2042 1894 2084 1950 Β
2115 1894 2345 1972 veritate
2402 1933 2511 1972 rem
2550 1894 2906 1988 spectaverit,
2964 1919 3228 1974 fatebitur
3272 1894 3434 1974 dubio
3477 1921 3683 1990 procul,

429 2001 690 2067 perpetua
718 1996 1056 2068 voluptatum
1087 2000 1442 2069 contemptio,
1467 2000 1678 2070 prolixa
1711 2001 1831 2057 fidei
1855 2003 2011 2058 Chri-

427 2089 622 2145 Stianae
653 2089 1016 2159 propagandae
1045 2090 1322 2157 voluntas,
1349 2093 1743 2148 servandarum
1771 2094 1838 2149 ab
1853 2105 2010 2150 teter-

427 2187 501 2235 'no
530 2180 750 2235 interitu
771 2181 1076 2236 animarum
1110 2182 1402 2238 vehemens
1425 2183 1712 2253 cupiditas,
1750 2184 2007 2241 inusitata

426 2274 482 2328 in
513 2271 793 2328 laboribus
833 2276 1166 2340 constantia,
1203 2275 1496 2344 singularis
1531 2277 1582 2330 in
1607 2277 1864 2346 periculis
1894 2279 2005 2333 for-

425 2367 626 2430 titudo,
674 2365 907 2437 insignis
966 2367 1259 2422 adversum
1315 2383 1506 2423 omnes
1557 2372 1918 2425 mansuetudo
1953 2381 2008 2427 et

424 2457 784 2526 obsequentia
805 2497 820 2522 ,
860 2459 1356 2513 eommemorabilis
1388 2460 1442 2513 in
1478 2475 1678 2530 magno
1709 2460 2006 2528 Splendore

429 2549 718 2614 modestia,
747 2559 801 2605 et
831 2563 953 2603 rara
979 2558 1190 2604 mOrum
1216 2551 1525 2606 sanctitudo
1554 2568 1568 2605 :
1593 2562 1903 2622 portentosa
1939 2555 2005 2608 ad

423 2640 546 2695 haec
579 2639 780 2710 ingenii
809 2642 913 2705 vis,
939 2642 1200 2703 memoria
1231 2652 1573 2712 exprompta,
1605 2658 1766 2712 quam
1789 2651 1846 2697 et
1868 2643 1989 2699 hero

423 2729 506 2796 ba:
532 2731 806 2800 cujusdam
838 2748 868 2788 ε
895 2748 954 2788 se
984 2742 1212 2803 reperta:
1239 2748 1337 2788 usu
1370 2735 1587 2789 auxisse
1618 2733 1811 2803 fertur,
1842 2735 2003 2789 mitti-

424 2839 514 2880 me
541 2823 670 2880 licet
713 2825 1049 2881 assentiente
1103 2826 1438 2895 Epiphanio;
1476 2827 1678 2882 subtile
1713 2829 2002 2898 judicium,

421 2914 597 2972 mirus
636 2917 688 2971 in
739 2917 970 2973 dicendo
1013 2919 1183 2987 lepos,
1235 2920 1410 2974 oratio
1454 2922 1521 2975 ad
1571 2920 2001 2990 persuadendum

422 3005 800 3071 efficax,acris
825 3025 970 3081 saepe
987 3021 1044 3066 et
1065 3012 1380 3080 vehemens,
1416 3030 1516 3068 nec
1557 3024 1665 3070 tam
1709 3016 2004 3072 virtutibus

423 3101 688 3157 ornandis
741 3101 909 3169 facta,
962 3118 1125 3175 quam
1174 3108 1464 3176 carpendis
1510 3109 1679 3174 vitiis,
1733 3109 2002 3162 mirabilis

2113 2008 2274 2078 longe
2308 2009 2555 2078 pluribus
2581 2024 2704 2064 eum
2733 2010 3025 2065 virtutibus
3043 2010 3307 2066 enituisse
3331 2025 3494 2079 quam
3521 2011 3682 2074 vitiis,

2112 2113 2233 2167 qua:
2258 2107 2512 2168 tanquam
2547 2099 2683 2153 nasvi
2717 2099 2886 2169 aliqui
2923 2100 3124 2154 eximio
3155 2100 3489 2169 corpori,sic
3510 2101 3683 2153 animo

2110 2189 2395 2244 excellenti
2429 2191 2776 2245 adhaeserunt
2807 2189 2942 2261 (46).

2178 2281 2273 2335 ιχ.
2316 2282 2426 2354 (47)
2473 2283 2761 2353 Sepultura
2812 2282 3034 2339 affectus
3070 2293 3155 2337 est
3195 2283 3357 2355 Tyri;
3394 2283 3506 2356 (£8)
3539 2284 3684 2351 cujus

2108 2374 2341 2444 sepulcri
2371 2375 2594 2446 vestigia
2627 2375 2891 2446 hodieque
2931 2390 3217 2444 superesse
3241 2378 3551 2444 pradicant,
3594 2375 3680 2446 qui

2110 2466 2227 2521 base
2264 2467 2382 2522 loca
2413 2466 2735 2521 lustrarunt.
2767 2466 2844 2521 De
2871 2469 3046 2522 salute
3085 2467 3333 2537 Origenis
3365 2469 3682 2538 disputatio-

2110 2574 2233 2614 nem
2265 2573 2294 2612 a
2341 2559 2526 2613 multis
2552 2568 2752 2614 motam
2784 2558 2956 2614 fuisse
2999 2561 3148 2629 scio;
3171 2573 3400 2629 quorum
3435 2561 3524 2614 alii
3551 2560 3681 2615 calo

2107 2665 2208 2722 pro
2241 2651 2452 2706 meritis
2483 2652 2742 2706 donatum
2765 2651 3017 2718 credunt,
3039 2653 3130 2706 alii
3149 2663 3356 2716 contra,
3383 2655 3526 2706 inter
3553 2667 3678 2722 quos

2106 2741 2371 2815 Georgius
2423 2742 2730 2814 Syncellus,
2768 2753 3024 2798 aeternam
3076 2743 3270 2797 animm
3298 2743 3568 2812 jacturam
3604 2742 3680 2798 fe-

2108 2836 2251 2890 cisse
2286 2834 2573 2889 afiirmant.
2611 2835 2762 2890 Vana
2802 2844 2858 2891 et
2908 2835 3085 2889 inanis
3128 2835 3376 2904 quaestio,
3403 2848 3565 2904 quam
3588 2849 3681 2890 nos

2107 2927 2174 2981 ad
2199 2926 2502 2982 necessaria
2526 2935 2884 2995 properantes
2907 2926 2974 2981 iis
2998 2925 3400 2994 disceptandam
3434 2926 3681 2995 relinqui-

2108 3031 2247 3083 mus,
2273 3017 2362 3086 qui
2403 3025 2616 3071 tantum
2647 3017 2867 3086 ingenio
2897 3030 2998 3070 suo
3029 3015 3191 3069 licere
3218 3014 3422 3069 volunt.
3453 3032 3471 3064 ι
3500 3015 3679 3070 .Gran-

2106 3110 2194 3166 dis
2227 3109 2594 3181 labyrinthus,
2630 3128 2648 3160 ι
2671 3090 2875 3179 ~inquit
2907 3109 3138 3163 barbare
3181 3107 3476 3162 Wernerus
3506 3107 3680 3162 West.

422 3191 782 3257 humanarum
838 3195 1257 3270 divinarumque
1287 3214 1465 3254 rerum
1487 3201 1737 3268 scientia,
1757 3211 1813 3255 ut
1842 3215 2001 3256 nemo
2028 3248 2071 3306 ϐ
2104 3204 2300 3274 phalus
2315 3203 2452 3274 (49),
2473 3205 2566 3258 sed
2586 3217 2732 3267 vere,
2755 3221 2773 3254 ο
2794 3217 2823 3257 a
2840 3201 3075 3257 diversis
3098 3202 3300 3256 texitur
3319 3201 3385 3255 de
3401 3199 3676 3266 Samsone,

424 3295 574 3342 esset
603 3288 907 3357 primarum
933 3291 1134 3345 artium
1168 3291 1342 3361 magis
1380 3292 1652 3362 princeps.
1695 3292 1806 3349 Nec
1854 3293 1998 3348 fama

421 3382 632 3440 meritis
669 3384 928 3457 inferior;
967 3401 1178 3451 summa
1206 3388 1346 3458 apud
1389 3403 1646 3458 proceres
1676 3388 1874 3456 gratia,
1897 3401 1997 3456 par

417 3521 568 3585 enim
595 3523 692 3596 vel
709 3541 773 3581 ex
800 3525 918 3596 ipso
950 3535 1184 3592 constet,
1224 3526 1566 3596 Pamphilum
1623 3537 1677 3583 et
1703 3527 1994 3584 Eusebium

419 3594 976 3666 communicarcere
1019 3597 1260 3653 inclusos
1306 3594 1564 3666 origenis
1597 3599 1766 3652 vitam
1822 3607 1876 3653 et
1913 3613 1998 3652 res

421 3671 602 3738 gestas
622 3665 876 3739 attigisse
899 3667 952 3721 in
986 3681 1047 3739 ea
1085 3667 1360 3738 Apologia,
1391 3665 1552 3739 quam
1603 3683 1708 3739 pro,
1731 3682 1797 3722 eo
1835 3667 1996 3739 simul

418 3734 884 3808 conscripserunt,
926 3738 1018 3808 qui
1055 3734 1170 3808 fieri
1201 3734 1494 3806 possit,'ut
1526 3734 1842 3808 Pamphilus
1875 3737 1996 3793 Ori-

420 3817 612 3880 genem
641 3805 1105 3880 inpersecutione
1127 3805 1271 3880 Decii
1306 3809 1476 3880 v_itam_
1506 3805 1705 3880 celebri
1734 3808 1997 3880 martyrio

420 3869 664 3946 linivisse
691 3869 910 3940 dixerit,
944 3893 1064 3929 cum
1091 3878 1295 3932 scribat
1322 3877 1586 3933 Eusebius
1611 3877 1757 3932 Hist.
1793 3869 1898 3932 lib:
1922 3893 1996 3946 vt,

420 3956 542 4011 cap.
576 3943 678 4018 59,Δ
698 3960 819 3999 eum
849 3958 904 4002 et
934 3946 1115 4012 Decio,
1150 3957 1202 4000 et
1232 3949 1518 4002 tormentis
1546 3949 1714 4003 fuisse
1737 3943 1998 4018 superstiL

420 4019 530 4069 tem
552 4013 748 4088 ;_cuj_ns
787 4019 863 4069 rei
921 4027 1086 4071 testes
1138 4018 1397 4088 ipsasmet
1430 4018 1678 4088 Origenis
1723 4013 1994 4088 epistolas

411 4092 542 4162 post
567 4083 786 4162 Decium
837 4088 1070 4162 scriptas
1125 4083 1401 4162 appellat?
1428 4083 1613 4157 Itaque
1641 4088 1723 4162 vel
1755 4083 1992 4162 nondum

418 4152 554 4237 illas.
589 4155 848 4237 epistolas
906 4152 1116 4237 viderat
1151 4152 1730 4237 _Eusebitts,_quapdo
1794 4158 1844 4213 in
1891 4157 1994 4237 hac

419 4220 804 4299 Apologia‘una
830 4225 1261 4299 cumAPampbilo
1293 4220 1569 4283 scribebat
1606 4229 1892 4299 Origenem
1919 4229 1989 4299 in

457 4294 798 4352 ersecutione
842 4296 992 4352 Decii
1036 4294 1144 4351 vita
1197 4298 1532 4360 decessisse;
1575 4298 1656 4351 vel
1690 4294 1990 4353 inconsulto

443 4361 656 4437 Eusebio
689 4365 839 4437 solus
866 4367 983 4422 haec
1016 4368 1236 4437 scripsit
1265 4367 1604 4437 Pamphilus,
1635 4377 1822 4436 utpote
1848 4383 1988 4434 pra!-

419 4429 612 4506 t'iputts
640 4436 821 4502 Operis
844 4446 1064 4506 auctor;
1099 4429 1183 4492 vel
1213 4429 1434 4492 Pbotius
1455 4429 1712 4492 fortassis
1729 4429 1988 4506 deceptus

417 4499 503 4576 est
533 4499 782 4576 Martyrit'
811 4505 975 4560 verbo
996 4547 1013 4574 ,
1051 4499 1202 4576 'quod
1237 4506 1303 4560 de
1337 4508 1590 4560 omnibus
1619 4521 1715 4574 pro
1743 4499 1989 4561 fidei‘ve-

420 4569 583 4642 ritate
637 4569 881 4628 toleratis
925 4569 1260 4631 cruciatibus
1289 4585 1436 4630 recte
1463 4569 1698 4637 dicitur,
1737 4577 1987 4642 quamvis

413 4637 535 4706 ipsa
565 4655 671 4701 non
699 4653 962 4711 sequatur
1000 4661 1148 4700 mors
1198 4645 1286 4715 (eo
1304 4647 1458 4715 enim
1483 4660 1646 4702 sensu
1676 4646 1731 4699 in
1752 4637 1986 4702 Deciana

416 4719 600 4786 strage
640 4715 962 4786 tirartyrium
1007 4713 1271 4786 subiisse
1288 4713 1578 4786 Origenem
1627 4725 1776 4772 recte
1815 4725 1990 4785 potest

416 4726 529 4763 atra
569 4726 600 4766 ο
640 4726 956 4786 Inartyrtttm
1007 4726 1243 4770 subiisse
1288 4726 1578 4784 Urtgenem
1627 4726 1776 4772 recte
1815 4726 1986 4785 potest

415 4726 584 4854 dicif:
629 4781 714 4854 _vel
734 4785 1002 4854 memoria
1032 4784 1212 4854 lapsus
1246 4784 1529 4854 Pamphilo
1581 4787 1744 4841 etiam
1775 4787 1986 4850 tribuit,

414 4848 559 4924 quod
595 4850 664 4914 ab
693 4853 817 4915 aliis
869 4848 1102 4908 tantttm‘
1125 4870 1261 4924 quos
1311 4848 1723 4921 commemorat,
1761 4848 1990 4910 fortasse

413 4920 619 4998 dictum
641 4933 734 4998 εει
765 4940 783 4992 :_
813 4924 896 4998 vel
959 4920 1193 4998 denique
1260 4924 1391 4980 illud
1452 4920 1722 4982 duntaxat
1764 4926 1989 4998 intelligi

411 4989 584 5068 volgit
616 4989 979 5068 _Pampb_ilus,
1026 4989 1324 5068 ‘Or'igenem
1401 4997 1732 5052 cruciatibus
1776 5011 1839 5052 ac
1875 4989 1989 5050 mi-

411 5061 574 5138 seriis
616 5061 900 5138 in_Decii_
933 5061 1161 5138 laniena'
1196 5065 1412 5138 elisum,
1447 5082 1552 5121 non
1598 5068 1756 5138 longe
1803 5079 1988 5135 postea

409 5130 652 5207 νίξῖεξξιεἒ
675 5132 829 5205 Quod
860 5134 1082 5207 Eusebii
1131 5136 1314 5207 verbis
1379 5150 1485 5190 non
1550 5130 1834 5207 repugnat".

479 5201 594 5276 (ρξξ)
620 5201 836 5276 _S_ocrat.
863 5201 956 5276 lib.
990 5221 1064 5270 vr,
1093 5221 1214 5276 cap.
1240 5206 1355 5270 ηδ

482 5271 598 5340 (46)
620 5271 683 5348 Ut
699 5273 900 5343 aliquid
923 5278 991 5331 de
1004 5271 1263 5348 exteriori
1278 5276 1528 5348 Origenis
1546 5277 1729 5348 habitu
1745 5277 1990 5333 dicamus

410 5353 647 5418 egrpure
669 5344 886 5401 brevem
907 5361 1045 5418 eum;
1062 5347 1226 5418 fuisse
1238 5344 1497 5402 discimus
1522 5361 1588 5402 ex
1612 5345 1869 5412 Eusebio,
1895 5349 1986 5418 qui

413 5406 562 5486 Hist.
595 5411 705 5486 llb._
727 5427 802 5479 vt,
828 5429 951 5484 cap.
1007 5415 1108 5486 759,
1154 5419 1379 5486 loquens
1445 5421 1513 5472 de
1568 5433 1735 5472 nervo
1778 5406 1994 5485 in'q'no

409 5482 579 5559 pedes
659 5483 797 5559 ejus
853 5482 956 5559 sub
1003 5485 1147 5541 Decii
1227 5482 1604 5556 persecutione
1689 5482 1984 5543 multorum

411 5549 624 5627 dierum
659 5549 838 5627 spatio
873 5556 1092 5618 distenti
1149 5549 1382 5623 fuerant,
1440 5559 1508 5613 ad
1541 5568 1772 5627 quatuor
1819 5573 1989 5626 usque

412 5617 739 5693 foratninnin
769 5617 1056 5679 interStitia
1086 5617 1519 5693 extensunreum
1559 5617 1734 5684 fuisse
1772 5617 1985 5684 scribit.

413 5686 682 5769 lflnrimos
711 5695 855 5769 enim
875 5689 1148 5769 martyres
1172 5699 1236 5751 ad
1265 5701 1509 5769 quintum
1542 5713 1714 5766 usque
1739 5697 1984 5769 foramen

411 5759 681 5838 distentos
699 5763 873 5838 luisse
890 5759 1048 5821 docc't
1077 5759 1335 5825 Historia.
1362 5769 1562 5824 Deinde
1580 5759 1694 5837 ipse
1723 5767 1987 5838 Origenes

410 5827 495 5910 in.
521 5830 748 5910 epistola
772 5836 869 5910 __ad
910 5839 1230 5910 quemdam,
1257 5851 1461 5910 nostra;
1496 5827 1748 5893 edit-iouis
1785 5827 1982 5908 prima,

413 5900 496 5965 ubi
530 5900 805 5967 Ambrosii
829 5900 1078 5964 ardorem
1094 5921 1220 5982 erga
1245 5923 1428 5964 sacras
1446 5909 1673 5972 Litteras
1701 5900 1983 5979 describit,

2108 3295 2417 3363 Salomone,
2446 3295 2682 3365 Trajano
2713 3305 2769 3350 et
2811 3296 2915 3352 isto
2935 3292 3189 3365 Origene,
3215 3309 3282 3348 an
3309 3293 3556 3348 videlicet
3576 3292 3676 3347 sal-

2104 3389 2210 3442 vati
2235 3389 2454 3454 sint,au
2475 3403 2579 3442 non
2609 3401 2768 3457 :qum
2788 3387 2915 3458 quia
2941 3388 3058 3443 sine
3087 3385 3330 3455 periculo
3347 3385 3670 3446 nesciuntur.

2104 3526 2180 3579 ait
2224 3545 2242 3576 ι
2268 3540 2442 3594 neque
2473 3540 2502 3577 a
2528 3537 2682 3579 cmna
2726 3522 3035 3594 ambulare,
3070 3531 3163 3594 aut
3184 3520 3564 3594 corpusculum
3593 3516 3672 3583 (τὸ

2105 3591 2401 3718 adﬁnes,
2456 3594 2905 3663 quemadmodum
2938 3593 3066 3663 legit
3104 3591 3325 3661 Suidas)
3369 3592 3604 3646 relaxare
3644 3607 3664 3641 ι

2105 3680 2148 3718 SI
2194 3681 2205 3717 l
2277 3680 2380 3718 ενι.

2103 3680 2205 3721 SlDl
2243 3680 2380 3719 nam.

2173 3735 2289 3858 (847)
2338 3733 2489 3792 Hier.
2522 3733 2646 3790 Cat.
2694 3734 2794 3786 vir.
2845 3731 3042 3789 illustr.
3074 3747 3193 3803 cap.
3243 3733 3336 3798 εις
3369 3728 3522 3785 Phot.
3551 3727 3665 3783 cod.

2103 3806 2288 3944 “258)
2319 3871 2487 3942 Cujus
2513 3872 2742 3944 sepulcri
2777 3873 2994 3944 vestigia
3023 3873 3297 3944 hodieque,
3332 3881 3436 3927 etc.
3467 3869 3518 3922 ιιι
3539 3865 3663 3944 scri-

2102 3938 2491 4001 bit'lialloiius
2545 3938 2740 3996 Notar.
2797 3944 2851 4012 in
2907 3938 3151 4012 Drigenis
3207 3941 3381 4012 [itam
3421 3953 3540 4012 pag.
3581 3938 3660 3998 tl,

2099 4016 2192 4080 42,
2227 4023 2282 4069 et
2312 4013 2470 4082 hujus
2504 4023 2669 4067 testes
2709 4011 2920 4082 profert
2959 4009 3175 4066 Gnillel.
3211 4011 3436 4082 Tyrium
3472 4009 3660 4082 Hister.

2098 4078 2268 4140 sacrm
2292 4078 2529 4156 lib.'_ttttt.
2557 4097 2681 4156 pag.
2710 4078 2774 4148 ’5,
2799 4082 2869 4156 έ;
2891 4079 3152 4156 Jacobum
3176 4097 3204 4134 a
3231 4078 3661 4156 _Vitriaco_card_i-

2101 4155 2276 4209 nalem
2308 4153 2361 4206 in
2393 4149 2756 4206 Historia'sua
2791 4149 3179 4220 Hierosolym.;
3230 4149 3590 4203 Burchardum
3614 4149 3658 4198 iu

2099 4222 2464 4294 Description;
2490 4221 2908 4294 Terr-resanuit},
2951 4237 3074 4289 cap.
3110 4221 3167 4294 2,
3193 4220 3220 4292 ᾗ
3243 4220 3310 4282 5;
3346 4220 3658 4294 Bernardum

2098 4296 2164 4348 de
2190 4291 2562 4364 Bredembach
2591 4291 2806 4364 in_libt_'o
2837 4291 3231 4364 Transmarime
3249 4305 3363 4345 sua:
3381 4291 3663 4364 peregriaa-

2098 4366 2296 4428 tionis;
2326 4362 2589 4418 Joannem
2643 4361 2988 4416 Zuallardum
3028 4363 3078 4414 in
3133 4375 3297 4428 apere
3327 4370 3434 4413 tam
3478 4357 3661 4428 Gallice

2138 4425 2284 4487 nam?
2310 4433 2493 4486 lta‘lice
2532 4434 2759 4500 scripto,
2791 4433 2878 4485 cui
2915 4431 3128 4484 titulum
3163 4425 3312 4492 fecit,
3352 4428 3576 4500 γοεμιςμε⁸
3604 4425 3660 4477 de

2133 4503 2412 4561 érusalem.
2444 4503 2536 4556 lib.
2568 4516 2621 4564 v,
2643 4496 2761 4568 cap.
2784 4501 2846 4566 4;
2873 4501 3246 4555 Christianum
3268 4496 3659 4552 Adricbomium

2095 4575 2147 4628 in
2199 4591 2298 4629 suo
2353 4571 2578 4625 Theatra
2637 4570 2815 4624 Terra:
2868 4582 3086 4632 sanctte,
3151 4571 3218 4622 ad
3272 4571 3474 4622 tribum
3515 4568 3659 4625 Aser,

2093 4661 2246 4698 nttm.
2279 4643 2370 4701 84.
2405 4645 2458 4695 in
2495 4644 2635 4704 fine;
2662 4640 2924 4696 Joannem
2958 4639 3274 4694 Cutovicum
3317 4637 3454 4691 Itin.
3483 4635 3660 4689 Hiero-

2090 4715 2190 4766 σοι.
2224 4726 2270 4766 et
2304 4711 2634 4782 Syriac._lib.
2666 4727 2707 4775 ι,
2729 4726 2847 4779 cap.
2901 4710 2989 4782 Ψ,
3025 4727 3089 4782 p.
3112 4710 3206 4782 121
3242 4709 3658 4782 et_l"ranciscum

2092 4777 2469 4849 Quaresnnunt
2489 4777 2809 4835 Minoritam'
2827 4783 2877 4834 in
2899 4777 3278 4849 Etucidationg
3289 4777 3466 4849 Terra;
3485 4790 3658 4837 δασητ,

2092 4846 2190 4908 lib.
2219 4869 2316 4917 vn,
2343 4868 2463 4920 Cap.
2484 4851 2573 4905 10.
2607 4851 2704 4905 His
2731 4850 3058 4920 adjungendi
3091 4859 3216 4903 sunt
3243 4846 3662 4920 Bartbolotnartts

2091 4925 2158 4978 de
2206 4913 2526 5000 saligniacq
2559 4924 2612 5000 it_t
2662 4913 2951 5000 [litterario
3006 4919 3362 5000 llic-rosolg'irt.
3414 4913 3656 5000 tomalx,

2092 5008 2211 5064 cap.
2253 4986 2363 5057 10';
2394 4992 2764 5054 Doubalanus,
2827 4990 3028 5060 Voyage
3075 4989 3138 5042 de
3185 4988 3237 5040 la
3281 4986 3658 5048 Terre-Satrius,

2093 5065 2255 5134 chap.
2287 5062 2377 5127 57,
2411 5078 2466 5134 p.
2496 5061 2622 5134 5_t_i4;
2656 5059 3124 5134 Eugeniuslioger
3144 5053 3659 5134 -Ιὶεεοηςοιυεηρειέ

2027 5139 2038 5152 '
2091 5126 2312 5202 ινξρὶὶοη
2337 5136 2399 5186 de
2412 5126 2473 5184 ἰα
2510 5126 2882 5185 Terre-Silium
2910 5129 3001 5183 liv.
3033 5126 3269 5202 i._chap_.
3332 5128 3388 5202 8,
3421 5141 3473 5202 p_.
3496 5126 3579 5202 £9.
3599 5133 3654 5202 et

2093 5195 2236 5258 aliud
2270 5219 2405 5273 opus
2443 5201 2980 5274 ﬁalliceinscrjptum
3019 5198 3378 5274 :_Le_l'élen‘n
3403 5195 3648 5274 ςέήιᾳριε.

2094 5273 2185 5329 liv.
2211 5290 2286 5337 tv,
2308 5267 2474 5343 'chap.
2504 5276 2554 5336 i,
2587 5288 2640 5341 p.
2659 5271 2785 5326 ΗΞ.
2806 5267 2883 5322 Ex
2915 5267 3650 5343 bisplerisquescriptoribus

2093 5336 2393 5412 intelligere
2420 5336 2661 5406 'licet,'in
2712 5357 2866 5395 muro
2905 5336 3234 5412 catliedralis
3257 5336 3387 5407 Tyri
3425 5337 3648 5412 ecclesia:

2091 5414 2247 5469 titulo
2268 5407 2457 5468 Sancti
2488 5411 2759 5480 Sepulcri,
2779 5412 2932 5480 juxta
2970 5410 3142 5479 majus
3175 5407 3368 5480 altare,
3400 5407 3641 5480 sepultum

2092 5484 2260 5558 fuisse
2311 5476 2622 5554 Origenem,
2678 5476 2836 5558 cujus
2893 5476 3088 5534 nomen
3123 5490 3178 5533 ct
3221 5477 3543 5558 epitaphium
3588 5476 3638 5529 in

2091 5556 2340 5610 columna
2365 5553 2666 5608 marmorea
2693 5553 2940 5614 incisum,
2973 5563 3028 5605 et
3048 5564 3181 5606 auro
3207 5553 3529 5618 gemmisque
3553 5565 3635 5602 or-

2092 5635 2274 5678 natum
2313 5627 2508 5679 ibidem
2545 5624 2839 5677 etiamnntn
2868 5621 3146 5690 legebatur
3164 5634 3306 5690 anno
3338 5618 3490 5690 11ὅὸ.
3542 5618 3630 5672 Sed

2091 5695 2252 5750 hodie
2295 5692 2539 5749 funditus
2593 5693 2764 5748 deleta
2799 5702 2882 5747 est
2922 5689 3127 5760 Tyrus;
3161 5698 3216 5745 et
3269 5689 3623 5749 Villamontins,

2092 5762 2308 5818 Itineris
2366 5765 2457 5819 lib.
2485 5775 2579 5826 tu,
2611 5777 2669 5832 p.
2699 5763 2824 5826 140,
2885 5763 3171 5831 Origencm
3231 5761 3356 5831 Tyri
3392 5761 3621 5832 sepultum

2091 5849 2213 5889 esse
2244 5838 2339 5895 ait.
2372 5850 2480 5888 non
2498 5835 2945 5904 ejussepulcrum
2974 5847 3275 5901 superesse.

2162 5905 2272 5977 (49)
2295 5905 2481 5964 Wern.
2512 5907 2567 5962 in
2589 5903 2750 5964 Fasc.
2775 5915 2932 5980 temp,
