3866 6514
179 476 271 533 πθτ
1360 469 1939 528 ORlGENlANORUM
1979 469 2106 525 LIB.
2142 458 2209 525 ll.
3312 460 3417 519 698

181 611 273 654 nec
310 595 475 651 etiam
500 591 742 648 Ecclesia
797 592 1097 649 certificata
1145 603 1227 650 est
1261 594 1328 649 de
1361 594 1466 661 bis,
1515 595 1744 650 Domino
1769 600 1817 656 Α
1844 594 2088 663 epistolis
2115 592 2318 647 Christi
2356 592 2512 646 fidem
2538 589 2735 656 hausit,
2775 598 3058 659 postquam
3090 582 3413 655 presbyterii

181 690 412 747 totaliter
441 685 820 741 committenda
843 697 989 739 sunt.
1024 703 1044 737 ι

1889 687 2106 753 ignitate
2136 693 2328 739 auctus
2380 683 2759 737 Alexandriam
2798 696 2862 734 ex
2908 679 3109 733 Achaia
3164 690 3416 732 reversus

242 778 309 834 X.
345 778 459 850 (50)
492 776 814 830 Prodierunt
839 791 871 830 e
898 777 1078 831 schola
1108 775 1360 847 Origenis
1390 777 1493 835 viri
1543 778 1741 845 pietate
1845 788 1948 832 est.
1974 778 2054 831 Ab
2082 792 2146 831 eo
2189 777 2385 846 quippe
2412 777 2522 844 jam
2576 773 2890 845 presbytero
2932 770 3255 823 Alexandria
3292 768 3415 820 data

178 870 408 940 insignes
449 877 502 921 et
535 866 782 920 doctrina
814 865 1164 930 Plutarchus.
1196 866 1457 932 Serenus,
1493 866 1738 920 Heracli-
1846 877 1931 922 est
1969 870 2035 921 ad
2067 870 2233 937 ipsam
2261 867 2511 937 epistola,
2545 881 2663 935 qua:
2685 866 2737 918 in
2766 864 2880 931 ejus
2901 863 3034 917 Acta
3067 862 3267 915 inserta
3310 867 3413 912 est.

175 962 283 1026 des,
334 958 540 1023 Heron,
615 954 853 1010 Serenus
910 958 1065 1023 alter,
1114 958 1303 1014 llerais
1352 968 1407 1015 et
1454 956 1738 1025 Basilides,
1847 960 2233 1014 Potamiaenam
2266 959 2527 1029 virginem
2561 957 2895 1013 nobilissimo
2927 953 3185 1024 martyrio
3210 950 3413 1005 claram

176 1052 393 1109 acerbos
428 1051 724 1114 cruciatus,
760 1059 815 1105 et
850 1062 1075 1107 mortem
1110 1053 1342 1120 denique
1377 1051 1548 1120 ipsam
1585 1051 1741 1108 Chri.
1847 1055 1989 1109 inter
2021 1052 2270 1121 Origenis
2297 1051 2586 1119 discipulas
2625 1047 2852 1102 Rufinus
2887 1053 2941 1099 et
2966 1043 3299 1111 Nicephorus
3331 1055 3416 1092 re-

172 1143 237 1199 sti
257 1142 471 1198 nomine
498 1142 743 1211 perpessi
780 1142 891 1214 (51)
922 1142 1218 1198 :lleraclas
1249 1153 1431 1198 autem
1462 1144 1737 1199 Plutarchi
1847 1155 2102 1201 censent:
2137 1144 2229 1198 sed
2252 1142 2431 1197 fucum
2469 1142 2535 1195 iis
2584 1140 2709 1194 fecit
2747 1138 2962 1192 Eusebii
2990 1137 3138 1189 locus
3163 1133 3275 1201 (56)
3311 1148 3414 1186 non

174 1234 324 1304 hujus
370 1231 571 1299 frater,
604 1232 856 1299 Origenis
894 1235 1128 1302 primum
1174 1235 1493 1304 discipulus,
1527 1244 1636 1288 tum
1688 1235 1738 1288 in
1846 1238 1977 1292 satis
2012 1246 2213 1292 attente
2238 1246 2574 1306 perspectus,
2611 1231 2698 1285 ubi
2741 1232 2791 1284 in
2816 1231 2958 1283 hanc
2979 1227 3172 1281 seriem
3201 1223 3418 1278 disertis

174 1324 403 1380 docendo
426 1325 627 1389 socius,
658 1324 857 1378 deinde
885 1338 1169 1378 successor
1214 1338 1279 1378 ac
1316 1326 1603 1394 episcopus
1646 1324 1740 1379 de-
1847 1330 2025 1384 verbis
2068 1329 2328 1395 septimus
2373 1324 2605 1379 refertur
2645 1320 2941 1381 Basilides;
2974 1320 3040 1371 de
3083 1315 3417 1370 Potamiaena

174 1431 308 1471 mum
358 1416 763 1470 Alexandrinus
808 1415 960 1486 (52);
1014 1416 1307 1486 Dionysius
1359 1415 1740 1470 Alexandrina:
1845 1436 1975 1475 vero
2029 1419 2149 1473 talis
2191 1418 2333 1472 nulla
2383 1416 2523 1485 apud
2568 1430 2688 1469 eum
2736 1411 2971 1481 suspicio
3015 1420 3117 1463 est.
3149 1406 3260 1478 (57)
3301 1405 3419 1472 Quo

173 1508 420 1564 Ecclesia:
450 1518 575 1577 post
610 1508 852 1563 lleracla:
883 1518 1112 1563 mortem
1158 1508 1405 1571 antistes,
1439 1507 1700 1561 erudition

1892 1512 2019 1582 tagis
2084 1510 2387 1565 mirandum
2443 1517 2546 1573 est,
2598 1507 2666 1559 ab
2720 1505 2934 1558 erudito
2996 1502 3113 1555 viro
3176 1500 3228 1552 in
3272 1498 3419 1553 hunc

175 1610 224 1654 et
275 1600 492 1669 scriptis
541 1599 699 1671 longe
745 1600 1174 1665 celeberrimus;
1232 1597 1525 1669 Gregorius
1578 1596 1667 1652 ille

1889 1617 2065 1656 ensum
2117 1600 2497 1655 Potamizeuam
2566 1596 2787 1657 ascribi,
2840 1593 3072 1647 Basilide
3129 1595 3416 1655 expuncto.

176 1689 439 1746 miraculis
456 1704 760 1761 cognomen
786 1693 1032 1758 adeptus,
1059 1688 1511 1759 Neocaesariensis
1535 1689 1740 1757 episco-
1846 1693 2012 1759 Quasi
2045 1706 2172 1745 vero
2213 1706 2402 1760 parum
2450 1689 2706 1743 credibile
2738 1688 2827 1749 sit,
2879 1687 3054 1738 virum
3096 1682 3300 1736 bellica:
3338 1677 3417 1734 rei

175 1795 283 1848 Pus.
327 1780 417 1850 qui
465 1781 771 1850 aequalibus
812 1781 927 1836 suis
963 1780 1214 1834 omnibus
1260 1777 1545 1849 Origenem
1582 1787 1740 1833 aetate
1847 1784 2107 1848 deditum,
2136 1798 2258 1837 cum
2289 1780 2539 1852 Origenis
2581 1779 2720 1832 fama
2739 1786 3012 1845 permotus
3038 1783 3201 1835 esset,
3240 1785 3421 1827 acces-

170 1870 270 1938 iam
304 1871 562 1927 allectum
613 1874 664 1926 in
714 1872 1083 1927 familiaritate
1118 1872 1455 1940 anlepowit;
1496 1870 1741 1925 Albeno-
1847 1877 1985 1932 sisse
2016 1875 2079 1929 ad
2107 1890 2253 1939 eum,
2280 1883 2335 1928 et
2366 1871 2618 1927 nonnulla
2657 1886 2833 1924 rerum
2858 1867 3285 1922 Christianarum
3326 1877 3420 1916 ae-

176 1963 331 2018 dorus
353 1962 603 2033 Gregorii
646 1966 849 2032 frater;
884 1964 1143 2038 Tryphon
1182 1979 1303 2018 rara
1336 1963 1628 2031 Scriptura:
1659 1977 1745 2030 pe-
1783 1963 1827 2018 Β
1855 1976 2010 2037 cepta
2041 1966 2110 2020 ab
2136 1980 2202 2020 eo
2220 1964 2436 2027 notitia,
2456 1978 2577 2017 cum
2605 1961 2987 2017 Potamizenam
3011 1958 3076 2011 ad
3100 1955 3420 2025 supplicium

176 2054 290 2109 ritia
323 2055 574 2122 illustris,
610 2059 767 2127 cujus
799 2069 855 2113 et
894 2058 1180 2136 nonnullas
1221 2056 1288 2111 ad
1316 2054 1603 2126 Origenem
1632 2053 1747 2122 epi-
1842 2074 1939 2128 pro
1968 2070 2192 2111 munere
2230 2070 2327 2110 suo
2353 2055 2660 2115 deduceret,
2685 2068 2803 2107 eam
2835 2051 2902 2103 ab
2931 2047 3298 2118 improborum
3324 2046 3421 2099 ho-

173 2147 328 2202 stolas
374 2150 490 2203 suis
562 2151 896 2218 temporibus
947 2150 1225 2206 exstitisse
1274 2148 1439 2202 tradit
1484 2146 1748 2217 Hierony-
1843 2150 2046 2205 minum
2079 2148 2375 2218 petulantia
2400 2147 2759 2215 prohibuisse,
2796 2145 2862 2198 ab
2882 2156 3052 2211 eaque
3079 2139 3422 2210 postmodum

174 2252 282 2294 mus
328 2240 477 2309 (55);
530 2240 649 2309 (54)
688 2241 1041 2313 Firmilianus
1069 2239 1414 2296 Caesariensis
1447 2239 1498 2292 in
1532 2238 1745 2306 Cappa-
1836 2240 1946 2310 jam
1984 2240 2092 2295 fato
2128 2241 2309 2294 functa
2337 2240 2629 2294 secundum
2650 2237 2883 2306 quietem
2912 2236 3229 2294 excitatura,
3267 2231 3424 2285 Clll‘l-

174 2334 311 2388 docia
343 2337 570 2404 praesul,
591 2337 812 2406 Origeni
835 2338 915 2392 sic
935 2337 1169 2401 deditus,
1192 2346 1248 2390 ut
1272 2335 1391 2405 ejus
1418 2336 1744 2390 convenien-
1842 2334 1911 2389 sti
1944 2334 2101 2388 fidem
2131 2332 2305 2404 palam
2328 2331 2497 2386 fuisse
2526 2329 2847 2403 professum.
2878 2326 2992 2380 lluc
3021 2325 3180 2379 etiam
3208 2323 3424 2379 confert

176 2423 222 2476 di
251 2438 404 2479 causa
440 2428 620 2495 patria
676 2428 863 2482 relicta
899 2428 1116 2498 longum
1147 2443 1211 2481 ac
1236 2425 1450 2481 difficile
1480 2426 1583 2481 iter
1603 2440 1738 2480 con—
1844 2421 2181 2493 Nieephorus
2251 2421 2365 2493 (58)
2437 2420 2803 2475 Alexandrum
2878 2415 3421 2485 Iliero'solymitanum

173 2514 428 2571 stitueret.
480 2517 601 2588 (55)
648 2519 1071 2573 Annumeranda
1116 2519 1201 2572 his
1238 2532 1452 2586 quoque
1498 2516 1737 2571 Barbara
1843 2516 2174 2585 episcopum,
2231 2525 2285 2569 et
2340 2515 2724 2569 Caesariensem
2767 2510 3176 2572 Theoctistum;
3224 2503 3422 2575 quibus

178 2604 599 2663 Nicomediensis
634 2610 787 2679 virgo
816 2625 1015 2679 genere
1050 2609 1266 2673 nobilis,
1296 2608 1599 2664 eruditione
1634 2608 1740 2662 cla-
1843 2606 2176 2661 Mammzeam
2210 2620 2425 2675 quoque
2453 2602 2764 2674 adjnngere,
2794 2610 2848 2656 et
2881 2608 3237 2655 memoratum
3270 2596 3423 2651 illum

178 2709 249 2760 ra,
291 2698 355 2749 ab
393 2696 637 2768 Origene
665 2702 897 2767 primum
926 2714 1018 2768 per
1038 2698 1294 2766 epistolas
1321 2709 1375 2753 et
1396 2699 1734 2753 Valentinum
1843 2699 1910 2754 ab
1944 2698 2171 2753 Eusebio
2206 2696 2315 2767 (59)
2346 2697 2555 2751 Arabia:
2589 2693 2870 2765 praesidem
2908 2690 3098 2744 rationi
3136 2697 3425 2744 consenta-

175 2788 529 2857 presbyterum
560 2792 625 2842 ad
659 2806 777 2843 eam
815 2792 1036 2844 missum
1072 2791 1139 2844 ab
1172 2790 1513 2843 ethnicorum
1544 2802 1737 2859 super-
1843 2806 2003 2846 neum
2031 2800 2133 2846 est.
2167 2790 2407 2857 Denique
2446 2807 2463 2840 ι
2506 2786 2797 2850 lnnumeri,
2837 2803 2855 2837 ι
2890 2784 3065 2853 inquit
3101 2778 3424 2837 Vincentius

175 2876 379 2931 stitione
411 2890 694 2943 revocata,
739 2891 794 2934 et
838 2879 1040 2935 Christi
1075 2880 1349 2951 mysteriis
1378 2879 1645 2943 instituta,
1672 2892 1738 2933 ac
1844 2882 2143 2938 Lirinensis
2178 2880 2311 2952 (60),
2354 2897 2372 2931 ι
2424 2894 2491 2933 ex
2522 2880 2644 2934 sinu
2698 2893 2797 2933 suo
2834 2877 3104 2940 doctores,
3154 2870 3419 2929 innumeri

179 2968 375 3023 tandem
402 2971 456 3023 in
500 2969 783 3025 Maximini
810 2971 1185 3040 persecutione
1225 2970 1516 3025 saevissime
1541 2984 1704 3024 excru

1890 2976 2179 3040 tcerdotes,
2221 2973 2565 3028 confessores
2597 2979 2651 3024 et
2696 2978 2966 3040 martyres
3010 2965 3354 3021 exstiterunt.
3396 2979 3417 3016 ι

176 3055 324 3123 cista,
358 3069 412 3115 et
444 3061 630 3116 securi
671 3077 948 3132 percussa.
1001 3061 1138 3117 Tum
1172 3072 1354 3115 autem
1386 3075 1455 3117 ex
1491 3059 1739 3130 Origenis

192 3189 3425 3228 _______________,____________________________._..__...—

1129 3384 1549 3495 LlBER
1637 3378 2430 3498 SECUNDUS.

1375 3603 1753 3667 ORIGENIS
1782 3601 2222 3665 DOCTBINA.

1742 3782 1808 3796 —

240 3931 383 3988 Ltaat
422 3949 653 3990 SECUNDI
705 3950 1096 4007 PARTITIO.‘_-f‘
1128 3934 1410 4003 Explicata
1438 3934 1688 4007 Origenis
1715 3938 1851 4002 vita,
1888 3939 2171 3995 institutus
2209 3938 2345 3993 ordo
2390 3936 2648 4007 postulat,
2689 3944 2749 3990 ut
2782 3936 2848 3989 ad
2900 3934 3271 4007 exponendam
3306 3935 3426 4007 ejus

182 4006 462 4077 dot-ninam
512 4007 952 4077 progrediamur.
1004 4004 1058 4058 Id
1088 4008 1420 4077 propositum
1449 4004 1631 4062 fronte
1666 4008 1920 4076 simplex,
1952 4008 2235 4077 multiplex
2274 4004 2405 4061 sane
2440 4017 2525 4061 est
2554 4008 2607 4058 in
2640 4022 2856 4060 recessu
2883 4024 2897 4060 :
2934 4004 3141 4077 namet
3162 4005 3226 4057 de
3243 4006 3425 4077 erudi-

182 4076 311 4127 tione
334 4074 614 4146 Origenis,
650 4086 705 4129 et
746 4076 1039 4146 iisquibus
1087 4074 1447 4143 potissimum,
1504 4077 1628 4129 dum
1683 4074 1913 4138 viveret,
1959 4074 2197 4132 animum
2239 4077 2555 4130 informavit
2597 4077 2805 4129 artibus
2835 4085 2888 4129 et
2922 4076 3129 4146 studiis,
3167 4074 3421 4146 nonnulla

182 4142 533 4217 prmmittenda
577 4153 757 4198 erunt.
785 4142 921 4217 Tum
959 4142 1210 4217 dogmata
1249 4146 1391 4199 illius
1434 4146 1547 4217 suis
1582 4146 1839 4217 distincta
1873 4156 2248 4217 proponentur
2286 4146 2594 4214 capitibus;
2630 4160 2733 4217 non
2764 4161 2824 4217 ea
2856 4145 3069 4213 quidem
3090 4159 3207 4217 quae
3237 4142 3429 4217 Ecgea

181 4213 262 4286 sia:
283 4215 512 4286 decretis
558 4230 797 4286 consona
832 4212 1084 4286 universa
1128 4215 1368 4269 tulerunt
1398 4214 1676 4285 suffragia,
1724 4216 1808 4271 vel
1840 4212 2227 4286 qius-levioris
2258 4212 2380 4270 sunt
2406 4216 2698 4286 momenti;
2732 4215 2823 4269 sed
2853 4212 2974 4286 qua;
3012 4212 3229 4283 majoris
3250 4214 3310 4286 in
3326 4212 3424 4286 Ec-

182 4282 325 4337 clesia
369 4285 633 4356 ponderis
663 4300 690 4337 a
722 4285 1099 4338 communibus
1144 4296 1196 4337 et
1222 4286 1455 4354 receptis
1488 4282 1612 4338 sunt
1649 4286 1824 4356 aliena
1861 4282 2185 4356 sententiis;
2209 4301 2383 4356 eaque
2415 4285 2749 4356 praesertim,
2796 4282 3165 4356 qtueAPatrnm
3198 4284 3430 4356 subinde

181 4355 409 4425 censuris
433 4363 487 4408 et
545 4356 912 4409 anatheinatis
958 4356 1289 4424 synodorum
1351 4353 1539 4425 vexata
1590 4366 1733 4409 sunt.
1763 4354 1969 4421 Quibus
2012 4353 2364 4425 subjungetitr
2401 4353 2740 4424 Origenianze
2773 4354 3053 4425 doctrinae,
3101 4368 3205 4407 non
3250 4353 3426 4425 dicam

182 4421 459 4492 Apologia;
495 4440 621 4477 nam
662 4440 835 4492 neque
873 4421 1068 4487 ausiin,
1099 4439 1274 4492 neque
1294 4439 1427 4479 sane
1457 4424 1657 4478 velim:
1700 4428 1792 4480 sed
1835 4421 2154 4480 accuratum
2186 4421 2237 4479 ei
2275 4421 2603 4491 praejudiciis
2632 4424 2881 4478 omnibus
2916 4423 3143 4477 liberum
3173 4439 3236 4476 ac
3278 4421 3423 4475 solu-

182 4502 281 4564 tum
308 4509 558 4547 examen.
596 4493 731 4547 Hinc
759 4497 825 4547 ad
856 4494 1377 4564 ipsanidogmatum
1410 4494 1623 4549 illorum
1672 4496 2089 4549 describendam
2131 4495 2438 4549 summatim
2484 4494 2751 4547 fortunam
2797 4494 3133 4564 accedemus,
3191 4502 3247 4545 nt
3291 4505 3427 4560 quas

182 4563 453 4634 excitarint
494 4564 549 4616 in
580 4564 819 4618 Ecclesia
862 4562 1157 4632 procellas,
1184 4564 1410 4631 quantis
1446 4566 1683 4633 partium
1716 4564 1908 4620 studiis
1935 4575 2240 4634 oppugnata
2274 4572 2328 4617 et
2367 4577 2701 4634 propugnata
2730 4564 2862 4625 sint,
2894 4562 3069 4634 palam
3097 4566 3210 4615 fiat.
3251 4565 3426 4629 Atque

184 4629 245 4683 ita
274 4632 522 4705 iu_cap_ita
557 4646 793 4705 quatuor
827 4629 960 4687 liber
985 4629 1483 4705 istedis‘tribuitur.
1520 4635 1557 4690 I.
1594 4635 1883 4705 Agituride
1918 4629 2224 4705 eruditione
2256 4629 2521 4705 Origeni's.
2545 4629 2619 4705 ll.
2661 4629 2921 4704 Dogmata
2955 4632 3125 4698 ipsius
3145 4633 3427 4687 excutiun-

185 4708 282 4755 tur.
303 4700 389 4755 ιιι.
423 4700 699 4757 Doctrina:
729 4702 846 4770 ejus
883 4704 1140 4773 generale
1169 4719 1398 4759 examen
1437 4700 1769 4760 continetur.
1793 4704 1882 4759 ιν.
1913 4704 2155 4759 Fortuna
2183 4700 2441 4759 doctrinae
2470 4703 2710 4774 ejusdem
2745 4700 3022 4757 narratur.

243 4856 350 4994 (50)
377 4860 604 4926 Euseb.,
646 4859 852 4915 Hister.
881 4860 1030 4923 eccl.,
1065 4859 1163 4919 lib.
1190 4874 1263 4923 vt,
1294 4875 1343 4914 c.
1379 4859 1436 4924 4,
1471 4860 1526 4916 5.
1769 4864 1816 4925 c
1847 4860 2087 4914 nuimus.
2120 4859 2226 4916 Sed
2263 4860 2514 4931 Origcuis
2548 4860 2824 4928 discipulis
2867 4855 3305 4912 annumerandus
3340 4855 3423 4908 vi-

266 4929 348 4994 ai)
374 4930 507 4985 Ibid.
545 4947 665 4994 cap.
690 4932 745 4984 5.
1850 4932 2009 4983 detur
2037 4929 2384 4985 Theotecnns
2409 4930 2757 4985 Caesariensis
2784 4931 3088 4994 episcopus,
3107 4940 3265 4994 quem
3294 4939 3423 4992 prm-

266 4926 348 5001 ξὲ)
374 4930 507 5001 Πδίάα
545 4947 665 5001 εθβο
690 4932 745 5001 5-,
806 4998 864 5001 ﬂ
1850 4932 2009 4983 detur
2037 4926 2385 5001 Theotecnns
2409 4926 2757 4985 Caesariensis
2784 4931 3088 5001 episcopus,
3107 4940 3265 5001 quem
3294 4939 3426 5001 prie.

242 4993 347 5071 (5?)
372 5000 503 5071 "9N-
804 4998 921 5071 50-_
1086 5069 1093 5071 _
1312 5069 1319 5071 _
1388 5068 1398 5071 Α
1476 5066 1517 5071 _
1630 5069 1636 5071 Α
1850 4999 2080 5054 termisit
2107 4998 2352 5071 lluetius,
2388 5007 2455 5071 de
2488 5015 2595 5071 quo
2634 4993 3422 5071 tamen'Eusebiit‘s,’limum).

376 5056 719 5144 _Hier0ti.__i_n
756 5056 849 5125 lib.
883 5069 1172 5144 petierim.
1213 5066 1741 5144 eet-(Linl‘ryplton.

1895 5083 2093 5144 it,_cap.
2132 5069 2246 5144 ME
2272 5056 2384 5141 Τῆς
2491 5056 3138 5144 Ὥριγένους-ῥιατριὸἦξ.
3156 5056 3422 5144 ῃᾳὶρῦτφς

268 5135 353 5211 ἕξ)
372 5140 599 5207 Euseb.,
626 5139 766 5194 Hist.
786 5140 938 5211 εδει..
968 5139 1059 5194 lib.
1086 5135 1159 5201 vi,
1185 5155 1305 5211 c_ap.
1333 5137 1530 5197 26.27.
1549 5135 1588 5139 '7
1641 5206 1671 5211 _

1896 5135 2184 5211 ledrsicvog)
2211 5136 2298 5211 ἦν.
2326 5135 2355 5211 ri
2378 5139 2494 5211 Hic
2521 5135 2732 5208 quoque
2762 5135 3145 5208 (Theotecntis)
3175 5135 3423 5204 Origenis

249 5206 356 5278 (55)
404 5206 816 5264 Annumeranda
852 5210 934 5263 his
962 5225 1167 5278 quoque
1194 5206 1458 5278 Barbara,
1498 5218 1605 5278 etc.
1633 5206 1744 5262 Cur
1852 5206 2066 5278 auditor
2096 5206 2261 5264 fuisse
2284 5210 2501 5264 dicitur.
2535 5228 2553 5259 ι

188 5272 265 5347 llis
311 5272 712 5334 annumeranda
766 5280 860 5343 sit,
898 5272 1041 5333 nulla
1080 5272 1238 5333 'ratio
1257 5289 1358 5333 est.
1398 5272 1471 5332 De
1504 5277 1744 5331 Barbara
1919 5277 2031 5347 (56)
2061 5278 2283 5343 Euseb.,
2308 5279 2453 5332 Hist.
2485 5277 2695 5339 eccles.,
2727 5276 2798 5329 lib
2854 5292 2927 5335 vt.
2966 5289 3087 5346 cap.
3119 5275 3174 5330 5.

190 5344 376 5419 incerta
407 5351 611 5419 omnia.
649 5350 722 5404 lie
755 5350 841 5419 illa
868 5350 1013 5404 enim
1046 5350 1217 5419 altum
1250 5349 1395 5419 apud
1426 5348 1745 5419 _veteres_si-
1920 5344 2036 5419 (5?)
2078 5346 2280 5419 Vales,
2321 5349 2450 5403 Not.
2479 5349 2531 5402 in
2557 5347 2757 5419 Euseb:
2786 5362 2840 5415 p.
2874 5347 2995 5400 115.

189 5482 369 5543 Mutua:
405 5487 653 5564 Origcnis
685 5491 751 5564 ab
787 5489 1104 5564 Barbaram,
1152 5497 1205 5543 et
1251 5482 1593 5564 Barbarze'ad
1623 5485 1745 5564 Ori-
1918 5482 2031 5564 (59)
2065 5482 2284 5564 Euseb.,
2318 5488 2456 5564 I_Ii_st_.
2486 5482 2640 5564 εεσιξ,
2667 5487 2759 5541 lib.
2786 5500 2868 5564 χι,
2904 5484 3143 5564 εαρἎ19.
3268 5552 3299 5564 ,Α
3372 5550 3385 5563 ,

191 5568 363 5623 genem
413 5552 653 5627 epistola:
693 5557 1009 5626 jamdudum
1063 5559 1205 5612 inter
1249 5557 1496 5612 eruditos
1543 5557 1742 5627 spuria:
1915 5552 2030 5627 (60)
2065 5558 2306 5615 Vlucent.
2332 5558 2503 5615 Lirin.
2541 5560 2746 5613 advers.
2778 5554 2972 5610 ﬂeret.
3009 5552 3423 5611 Cammauiton'a

190 5626 485 5698 censentur,
526 5643 625 5683 nec
668 5631 829 5682 alium
858 5629 1059 5683 habere
1089 5638 1363 5698 parentem
1408 5642 1567 5696 quam
1620 5626 1742 5680 llal-
1846 5644 1885 5694 ι,
1915 5626 2032 5698 cap.
2065 5630 2155 5685 23.

191 5690 400 5765 lotium,
426 5690 506 5757 uti
557 5698 609 5753 in
638 5698 960 5755 Pmlatione
1010 5690 1304 5754 aid—tomum
1343 5690 1574 5768 primum
1626 5712 1740 5751 mo-

191 5414 420 5479 lentium,
448 5428 507 5471 ut
537 5418 733 5474 fatetur
771 5418 1072 5474 Bollandus
1099 5418 1223 5471 Maii
1260 5414 1391 5473 tum.
1424 5416 1466 5480 Ι,
1498 5432 1616 5488 pag.
1648 5415 1741 5482 26,
1943 5414 2022 5470 58'
2077 5418 2302 5487 Nicepb.
2337 5419 2429 5472 lib.
2461 5433 2513 5483 v,
2544 5434 2663 5486 cap.
2695 5415 2785 5469 20.

191 5482 369 5543 Mutua:
405 5487 653 5569 Origenis
685 5491 751 5568 ab
787 5489 1104 5571 Barbaratu,
1152 5497 1205 5543 et
1251 5487 1498 5568 Barbarae
1524 5489 1588 5540 ad
1623 5485 1745 5566 0ri-
2065 5488 2284 5553 Euseb.,
2318 5488 2456 5570 (list.
2486 5488 2640 5551 ποίη
2667 5487 2759 5541 lib.

191 5568 363 5623 genem
413 5558 653 5627 epistola:
693 5559 1009 5626 jamdudum
1063 5568 1205 5612 inter
1249 5559 1496 5612 eruditos
1543 5572 1742 5629 spuria:
1940 5560 2007 5611 bl)
2065 5558 2503 5615 Vlucent.Ltrtn.
2541 5560 2785 5613 adparat
