  <div class='ocr_page' id='page_1' title='image "/cluster/home/n/w/nwhite01/storage/ocr_20150623/17/hvd.32044051719607/361.png"; bbox 0 0 3878 6510; ppageno 0'>
   <div class='ocr_carea' id='block_1_1' title="bbox 1723 435 3679 497">
    <p class='ocr_par' dir='ltr' id='par_1_1' title="bbox 1723 435 3679 497">
     <span class='ocr_line' id='line_1_1' title="bbox 1723 435 3679 497; baseline -0.006 -4"><span class='ocrx_word' id='word_1_1' title='bbox 1723 439 1782 493; x_wconf 89' lang='lat' dir='ltr'><strong><em>P.</em></strong></span> <span class='ocrx_word' id='word_1_2' title='bbox 1823 438 2140 495; x_wconf 80' lang='lat' dir='ltr'><strong><em>DANlELlS</em></strong></span> <span class='ocrx_word' id='word_1_3' title='bbox 2177 435 2412 492; x_wconf 85' lang='lat' dir='ltr'><strong><em>HUETII</em></strong></span> <span class='ocrx_word' id='word_1_4' title='bbox 3594 438 3679 497; x_wconf 76' lang='grc' dir='ltr'>τοο</span> 
     </span>
    </p>
   </div>
   <div class='ocr_carea' id='block_1_2' title="bbox 1591 591 2565 685">
    <p class='ocr_par' dir='ltr' id='par_1_2' title="bbox 1591 591 2565 685">
     <span class='ocr_line' id='line_1_2' title="bbox 1591 591 2565 685; baseline -0.003 -2"><span class='ocrx_word' id='word_1_5' title='bbox 1591 593 1974 685; x_wconf 87' lang='lat' dir='ltr'><strong>CAPUT</strong></span> <span class='ocrx_word' id='word_1_6' title='bbox 2044 591 2565 683; x_wconf 81' lang='lat' dir='ltr'><strong><em>PRIMUM.</em></strong></span> 
     </span>
    </p>
   </div>
   <div class='ocr_carea' id='block_1_3' title="bbox 1764 769 2401 850">
    <p class='ocr_par' dir='ltr' id='par_1_3' title="bbox 1764 769 2401 850">
     <span class='ocr_line' id='line_1_3' title="bbox 1764 769 2401 850; baseline -0.005 -16"><span class='ocrx_word' id='word_1_7' title='bbox 1764 770 2066 850; x_wconf 85' lang='lat' dir='ltr'><strong><em>Origenis</em></strong></span> <span class='ocrx_word' id='word_1_8' title='bbox 2097 769 2401 833; x_wconf 79' lang='lat' dir='ltr'><strong><em>eruditio.</em></strong></span> 
     </span>
    </p>
   </div>
   <div class='ocr_carea' id='block_1_4' title="bbox 449 892 3683 994">
    <p class='ocr_par' dir='ltr' id='par_1_4' title="bbox 449 892 3683 994">
     <span class='ocr_line' id='line_1_4' title="bbox 449 892 3683 994; baseline -0.003 -12"><span class='ocrx_word' id='word_1_9' title='bbox 449 928 491 983; x_wconf 86' lang='lat' dir='ltr'><strong><em>l.</em></strong></span> <span class='ocrx_word' id='word_1_10' title='bbox 523 925 810 994; x_wconf 61' lang='lat' dir='ltr'><strong><em>Scriptura;</em></strong></span> <span class='ocrx_word' id='word_1_11' title='bbox 838 922 1247 994; x_wconf 59' lang='lat' dir='ltr'><strong><em>callentissimus</em></strong></span> <span class='ocrx_word' id='word_1_12' title='bbox 1276 922 1375 991; x_wconf 82' lang='lat' dir='ltr'><strong><em>fuit</em></strong></span> <span class='ocrx_word' id='word_1_13' title='bbox 1400 922 1692 993; x_wconf 73' lang='lat' dir='ltr'><strong><em>Origenes;</em></strong></span> <span class='ocrx_word' id='word_1_14' title='bbox 1719 920 1785 975; x_wconf 90' lang='lat' dir='ltr'><strong><em>ll.</em></strong></span> <span class='ocrx_word' id='word_1_15' title='bbox 1814 919 1905 973; x_wconf 84' lang='lat' dir='ltr'><strong><em>sed</em></strong></span> <span class='ocrx_word' id='word_1_16' title='bbox 1934 917 2211 994; x_wconf 65' lang='lat' dir='ltr'><strong><em>Hebraica’</em></strong></span> <span class='ocrx_word' id='word_1_17' title='bbox 2236 916 2431 994; x_wconf 72' lang='lat' dir='ltr'><strong><em>lingua:</em></strong></span> <span class='ocrx_word' id='word_1_18' title='bbox 2456 915 2984 994; x_wconf 63' lang='lat' dir='ltr'><strong><em>parum_consu_ltys,_</em></strong></span> <span class='ocrx_word' id='word_1_19' title='bbox 2996 914 3346 994; x_wconf 69' lang='lat' dir='ltr'><strong><em>Samaritana:</em></strong></span> <span class='ocrx_word' id='word_1_20' title='bbox 3372 932 3485 970; x_wconf 75' lang='lat' dir='ltr'><strong><em>vero</em></strong></span> <span class='ocrx_word' id='word_1_21' title='bbox 3503 917 3683 984; x_wconf 80' lang='lat' dir='ltr'><strong><em>penitus</em></strong></span> 
     </span>
    </p>
   </div>
   <div class='ocr_carea' id='block_1_5' title="bbox 519 984 3684 1114">
    <p class='ocr_par' dir='ltr' id='par_1_5' title="bbox 519 984 3684 1114">
     <span class='ocr_line' id='line_1_5' title="bbox 519 984 3684 1065; baseline -0.003 -16"><span class='ocrx_word' id='word_1_22' title='bbox 519 984 757 1065; x_wconf 67' lang='lat' dir='ltr'><strong><em>ignarus.</em></strong></span> <span class='ocrx_word' id='word_1_23' title='bbox 788 992 874 1049; x_wconf 85' lang='grc' dir='ltr'><strong>ΙΙΙ.</strong></span> <span class='ocrx_word' id='word_1_24' title='bbox 897 992 1187 1059; x_wconf 72' lang='lat' dir='ltr'><strong><em>Scriptura:</em></strong></span> <span class='ocrx_word' id='word_1_25' title='bbox 1233 984 1542 1060; x_wconf 64' lang='lat' dir='ltr'><strong><em>interpretis</em></strong></span> <span class='ocrx_word' id='word_1_26' title='bbox 1569 984 1846 1058; x_wconf 81' lang='lat' dir='ltr'><strong><em>scriptores</em></strong></span> <span class='ocrx_word' id='word_1_27' title='bbox 1885 1005 1947 1042; x_wconf 83' lang='lat' dir='ltr'><strong><em>ue</em></strong></span> <span class='ocrx_word' id='word_1_28' title='bbox 1969 984 2351 1041; x_wconf 80' lang='lat' dir='ltr'><strong><em>ecclesiasticos</em></strong></span> <span class='ocrx_word' id='word_1_29' title='bbox 2377 984 2610 1041; x_wconf 74' lang='lat' dir='ltr'><strong><em>studiose</em></strong></span> <span class='ocrx_word' id='word_1_30' title='bbox 2650 987 2796 1057; x_wconf 86' lang='lat' dir='ltr'><strong><em>legit.</em></strong></span> <span class='ocrx_word' id='word_1_31' title='bbox 2828 984 2916 1042; x_wconf 77' lang='lat' dir='ltr'><strong><em>IV.</em></strong></span> <span class='ocrx_word' id='word_1_32' title='bbox 2946 984 3125 1041; x_wconf 70' lang='lat' dir='ltr'><strong><em>Sacra:</em></strong></span> <span class='ocrx_word' id='word_1_33' title='bbox 3146 986 3399 1040; x_wconf 74' lang='lat' dir='ltr'><strong><em>doctrina:</em></strong></span> <span class='ocrx_word' id='word_1_34' title='bbox 3428 1002 3582 1041; x_wconf 87' lang='lat' dir='ltr'><strong><em>causa</em></strong></span> <span class='ocrx_word' id='word_1_35' title='bbox 3603 1004 3684 1041; x_wconf 72' lang='lat' dir='ltr'><strong><em>ex-</em></strong></span> 
     </span>
     <span class='ocr_line' id='line_1_6' title="bbox 519 1007 2722 1114; baseline -0.001 0"><span class='ocrx_word' id='word_1_36' title='bbox 519 1065 681 1114; x_wconf 81' lang='lat' dir='ltr'><strong><em>coluit</em></strong></span> <span class='ocrx_word' id='word_1_37' title='bbox 701 1063 801 1114; x_wconf 75' lang='grc' dir='ltr'><strong><em>τὰς</em></strong></span> <span class='ocrx_word' id='word_1_38' title='bbox 834 1063 1058 1114; x_wconf 76' lang='grc' dir='ltr'><strong><em>ἔξωθεν.</em></strong></span> <span class='ocrx_word' id='word_1_39' title='bbox 1092 1062 1478 1114; x_wconf 75' lang='lat' dir='ltr'><strong><em>philosophiam</em></strong></span> <span class='ocrx_word' id='word_1_40' title='bbox 1501 1062 1796 1114; x_wconf 73' lang='lat' dir='ltr'><strong><em>nrwsertim</em></strong></span> <span class='ocrx_word' id='word_1_41' title='bbox 1954 1059 2045 1112; x_wconf 86' lang='lat' dir='ltr'><strong><em>sed</em></strong></span> <span class='ocrx_word' id='word_1_42' title='bbox 2064 1068 2111 1112; x_wconf 88' lang='lat' dir='ltr'><strong><em>et</em></strong></span> <span class='ocrx_word' id='word_1_43' title='bbox 2136 1058 2367 1114; x_wconf 85' lang='lat' dir='ltr'><strong><em>reliquas</em></strong></span> <span class='ocrx_word' id='word_1_44' title='bbox 2392 1058 2722 1114; x_wconf 69' lang='lat' dir='ltr'><strong><em>disciplinas.</em></strong></span> 
     </span>
    </p>
   </div>
   <div class='ocr_carea' id='block_1_6' title="bbox 519 1062 1834 1132">
    <p class='ocr_par' dir='ltr' id='par_1_6' title="bbox 519 1062 1834 1132">
     <span class='ocr_line' id='line_1_7' title="bbox 519 1062 1834 1132; baseline -0.005 -13"><span class='ocrx_word' id='word_1_45' title='bbox 519 1062 681 1120; x_wconf 74' lang='lat' dir='ltr'><strong><em>coluit</em></strong></span> <span class='ocrx_word' id='word_1_46' title='bbox 701 1063 801 1129; x_wconf 82' lang='grc' dir='ltr'><strong><em>τὰς</em></strong></span> <span class='ocrx_word' id='word_1_47' title='bbox 834 1063 1058 1129; x_wconf 74' lang='grc' dir='ltr'><strong><em>ἔξωθεν,</em></strong></span> <span class='ocrx_word' id='word_1_48' title='bbox 1092 1062 1478 1132; x_wconf 81' lang='lat' dir='ltr'><strong><em>philosophiam</em></strong></span> <span class='ocrx_word' id='word_1_49' title='bbox 1500 1062 1834 1131; x_wconf 74' lang='lat' dir='ltr'><strong><em>prwsertim,‘</em></strong></span> 
     </span>
    </p>
   </div>
   <div class='ocr_carea' id='block_1_7' title="bbox 1954 1058 2722 1128">
    <p class='ocr_par' dir='ltr' id='par_1_7' title="bbox 1954 1058 2722 1128">
     <span class='ocr_line' id='line_1_8' title="bbox 1954 1058 2722 1128; baseline 0 -17"><span class='ocrx_word' id='word_1_50' title='bbox 1954 1059 2045 1112; x_wconf 87' lang='lat' dir='ltr'><strong><em>sed</em></strong></span> <span class='ocrx_word' id='word_1_51' title='bbox 2064 1068 2111 1112; x_wconf 86' lang='lat' dir='ltr'><strong><em>et</em></strong></span> <span class='ocrx_word' id='word_1_52' title='bbox 2136 1058 2367 1126; x_wconf 86' lang='lat' dir='ltr'><strong><em>reliquas</em></strong></span> <span class='ocrx_word' id='word_1_53' title='bbox 2392 1058 2722 1128; x_wconf 69' lang='lat' dir='ltr'><strong><em>disciplinas.</em></strong></span> 
     </span>
    </p>
   </div>
   <div class='ocr_carea' id='block_1_8' title="bbox 518 1317 3686 1397">
    <p class='ocr_par' dir='ltr' id='par_1_8' title="bbox 518 1317 3686 1397">
     <span class='ocr_line' id='line_1_9' title="bbox 518 1317 3686 1397; baseline -0.005 -12"><span class='ocrx_word' id='word_1_54' title='bbox 518 1328 563 1385; x_wconf 89' lang='grc'><strong><em>1.</em></strong></span> <span class='ocrx_word' id='word_1_55' title='bbox 591 1328 833 1384; x_wconf 89' lang='lat' dir='ltr'><strong><em>Primum</em></strong></span> <span class='ocrx_word' id='word_1_56' title='bbox 856 1328 987 1384; x_wconf 87' lang='lat' dir='ltr'><strong><em>illud</em></strong></span> <span class='ocrx_word' id='word_1_57' title='bbox 1007 1343 1071 1384; x_wconf 92' lang='lat' dir='ltr'><strong><em>ac</em></strong></span> <span class='ocrx_word' id='word_1_58' title='bbox 1102 1327 1434 1397; x_wconf 59' lang='lat' dir='ltr'><strong><em>praecipuum</em></strong></span> <span class='ocrx_word' id='word_1_59' title='bbox 1472 1324 1843 1394; x_wconf 88' lang='lat' dir='ltr'><strong><em>fuitOrigenis</em></strong></span> <span class='ocrx_word' id='word_1_60' title='bbox 1876 1339 1907 1378; x_wconf 92' lang='lat' dir='ltr'><strong><em>a</em></strong></span> <span class='ocrx_word' id='word_1_61' title='bbox 1947 1333 2028 1378; x_wconf 85' lang='lat' dir='ltr'><strong><em>te-</em></strong></span> <span class='ocrx_word' id='word_1_62' title='bbox 2057 1327 2104 1384; x_wconf 79' lang='grc' dir='ltr'><strong>Α</strong></span> <span class='ocrx_word' id='word_1_63' title='bbox 2134 1321 2323 1377; x_wconf 77' lang='lat' dir='ltr'><strong><em>frivola</em></strong></span> <span class='ocrx_word' id='word_1_64' title='bbox 2369 1320 2456 1376; x_wconf 91' lang='lat' dir='ltr'><strong><em>illa</em></strong></span> <span class='ocrx_word' id='word_1_65' title='bbox 2502 1320 2807 1385; x_wconf 90' lang='lat' dir='ltr'><strong><em>distinctio,</em></strong></span> <span class='ocrx_word' id='word_1_66' title='bbox 2862 1317 3090 1392; x_wconf 81' lang='grc' dir='ltr'>οὐρανόν</span> <span class='ocrx_word' id='word_1_67' title='bbox 3134 1317 3277 1371; x_wconf 89' lang='lat' dir='ltr'><strong><em>inter</em></strong></span> <span class='ocrx_word' id='word_1_68' title='bbox 3318 1328 3375 1371; x_wconf 87' lang='lat' dir='ltr'><strong><em>et</em></strong></span> <span class='ocrx_word' id='word_1_69' title='bbox 3427 1318 3686 1390; x_wconf 81' lang='grc' dir='ltr'><strong><em>οὐρανούς,</em></strong></span> 
     </span>
    </p>
   </div>
   <div class='ocr_carea' id='block_1_9' title="bbox 449 1398 2029 1487">
    <p class='ocr_par' dir='ltr' id='par_1_9' title="bbox 449 1398 2029 1487">
     <span class='ocr_line' id='line_1_10' title="bbox 449 1398 2029 1487; baseline -0.004 -13"><span class='ocrx_word' id='word_1_70' title='bbox 449 1418 598 1474; x_wconf 87' lang='lat' dir='ltr'><strong><em>neris</em></strong></span> <span class='ocrx_word' id='word_1_71' title='bbox 632 1417 877 1487; x_wconf 68' lang='lat' dir='ltr'><strong><em>pueritiae</em></strong></span> <span class='ocrx_word' id='word_1_72' title='bbox 908 1420 1064 1471; x_wconf 88' lang='lat' dir='ltr'><strong><em>annis</em></strong></span> <span class='ocrx_word' id='word_1_73' title='bbox 1087 1416 1153 1470; x_wconf 88' lang='lat' dir='ltr'><strong><em>ad</em></strong></span> <span class='ocrx_word' id='word_1_74' title='bbox 1192 1398 1399 1470; x_wconf 77' lang='lat' dir='ltr'><strong><em>obitum</em></strong></span> <span class='ocrx_word' id='word_1_75' title='bbox 1433 1429 1602 1484; x_wconf 89' lang='lat' dir='ltr'><strong><em>usque</em></strong></span> <span class='ocrx_word' id='word_1_76' title='bbox 1638 1414 1902 1476; x_wconf 90' lang='lat' dir='ltr'><strong><em>studium,</em></strong></span> <span class='ocrx_word' id='word_1_77' title='bbox 1960 1412 2029 1467; x_wconf 89' lang='lat' dir='ltr'><strong><em>ad</em></strong></span> 
     </span>
    </p>
   </div>
   <div class='ocr_carea' id='block_1_10' title="bbox 450 1506 2026 1575">
    <p class='ocr_par' dir='ltr' id='par_1_10' title="bbox 450 1506 2026 1575">
     <span class='ocr_line' id='line_1_11' title="bbox 450 1506 2026 1575; baseline -0.003 -10"><span class='ocrx_word' id='word_1_78' title='bbox 450 1510 766 1565; x_wconf 89' lang='lat' dir='ltr'><strong><em>interiorem</em></strong></span> <span class='ocrx_word' id='word_1_79' title='bbox 801 1525 865 1564; x_wconf 91' lang='lat' dir='ltr'><strong><em>ac</em></strong></span> <span class='ocrx_word' id='word_1_80' title='bbox 891 1508 1227 1564; x_wconf 78' lang='lat' dir='ltr'><strong><em>reconditam</em></strong></span> <span class='ocrx_word' id='word_1_81' title='bbox 1257 1521 1537 1562; x_wconf 88' lang='lat' dir='ltr'><strong><em>sacrarum</em></strong></span> <span class='ocrx_word' id='word_1_82' title='bbox 1577 1506 1881 1561; x_wconf 88' lang='lat' dir='ltr'><strong><em>litterarum</em></strong></span> <span class='ocrx_word' id='word_1_83' title='bbox 1930 1520 2026 1575; x_wconf 85' lang='lat' dir='ltr'><strong><em>pe-</em></strong></span> 
     </span>
    </p>
   </div>
   <div class='ocr_carea' id='block_1_11' title="bbox 450 1598 2034 1671">
    <p class='ocr_par' dir='ltr' id='par_1_11' title="bbox 450 1598 2034 1671">
     <span class='ocr_line' id='line_1_12' title="bbox 450 1598 2034 1671; baseline -0.003 -16"><span class='ocrx_word' id='word_1_84' title='bbox 450 1601 629 1656; x_wconf 91' lang='lat' dir='ltr'><strong><em>ritiam</em></strong></span> <span class='ocrx_word' id='word_1_85' title='bbox 662 1609 966 1671; x_wconf 89' lang='lat' dir='ltr'><strong><em>penetrare.</em></strong></span> <span class='ocrx_word' id='word_1_86' title='bbox 1001 1600 1055 1654; x_wconf 92' lang='lat' dir='ltr'><strong><em>In</em></strong></span> <span class='ocrx_word' id='word_1_87' title='bbox 1087 1613 1194 1668; x_wconf 92' lang='lat' dir='ltr'><strong><em>quo</em></strong></span> <span class='ocrx_word' id='word_1_88' title='bbox 1228 1598 1444 1668; x_wconf 85' lang='lat' dir='ltr'><strong><em>quidem</em></strong></span> <span class='ocrx_word' id='word_1_89' title='bbox 1467 1598 1541 1652; x_wconf 88' lang='lat' dir='ltr'><strong><em>ita</em></strong></span> <span class='ocrx_word' id='word_1_90' title='bbox 1573 1612 1635 1652; x_wconf 90' lang='lat' dir='ltr'><strong><em>se</em></strong></span> <span class='ocrx_word' id='word_1_91' title='bbox 1668 1598 1944 1665; x_wconf 75' lang='lat' dir='ltr'><strong><em>tractavit,</em></strong></span> <span class='ocrx_word' id='word_1_92' title='bbox 1977 1606 2034 1651; x_wconf 90' lang='lat' dir='ltr'><strong><em>ut</em></strong></span> 
     </span>
    </p>
   </div>
   <div class='ocr_carea' id='block_1_12' title="bbox 449 1689 2060 1760">
    <p class='ocr_par' dir='ltr' id='par_1_12' title="bbox 449 1689 2060 1760">
     <span class='ocr_line' id='line_1_13' title="bbox 449 1689 2060 1760; baseline -0.004 -13"><span class='ocrx_word' id='word_1_93' title='bbox 449 1692 774 1747; x_wconf 79' lang='lat' dir='ltr'><strong><em>admirabile</em></strong></span> <span class='ocrx_word' id='word_1_94' title='bbox 824 1703 989 1760; x_wconf 87' lang='lat' dir='ltr'><strong><em>esset,</em></strong></span> <span class='ocrx_word' id='word_1_95' title='bbox 1070 1706 1171 1746; x_wconf 84' lang='lat' dir='ltr'><strong><em>nec</em></strong></span> <span class='ocrx_word' id='word_1_96' title='bbox 1221 1690 1506 1760; x_wconf 85' lang='lat' dir='ltr'><strong><em>quisquam</em></strong></span> <span class='ocrx_word' id='word_1_97' title='bbox 1567 1689 1764 1745; x_wconf 84' lang='lat' dir='ltr'><strong><em>deinde</em></strong></span> <span class='ocrx_word' id='word_1_98' title='bbox 1824 1699 2060 1744; x_wconf 64' lang='lat' dir='ltr'><strong><em>tantum&lt;</em></strong></span> 
     </span>
    </p>
   </div>
   <div class='ocr_carea' id='block_1_13' title="bbox 450 1783 2031 1849">
    <p class='ocr_par' dir='ltr' id='par_1_13' title="bbox 450 1783 2031 1849">
     <span class='ocr_line' id='line_1_14' title="bbox 450 1783 2031 1849; baseline -0.005 -4"><span class='ocrx_word' id='word_1_99' title='bbox 450 1790 507 1845; x_wconf 85' lang='lat' dir='ltr'><strong><em>in</em></strong></span> <span class='ocrx_word' id='word_1_100' title='bbox 550 1804 614 1845; x_wconf 90' lang='lat' dir='ltr'><strong><em>ea</em></strong></span> <span class='ocrx_word' id='word_1_101' title='bbox 644 1788 1036 1849; x_wconf 77' lang='lat' dir='ltr'><strong><em>exercitatione</em></strong></span> <span class='ocrx_word' id='word_1_102' title='bbox 1091 1794 1414 1841; x_wconf 83' lang='lat' dir='ltr'><strong><em>consecutus</em></strong></span> <span class='ocrx_word' id='word_1_103' title='bbox 1467 1784 1571 1849; x_wconf 86' lang='lat' dir='ltr'><strong><em>sit;</em></strong></span> <span class='ocrx_word' id='word_1_104' title='bbox 1626 1784 1741 1839; x_wconf 86' lang='lat' dir='ltr'><strong><em>sive</em></strong></span> <span class='ocrx_word' id='word_1_105' title='bbox 1795 1783 2031 1838; x_wconf 85' lang='lat' dir='ltr'><strong><em>litteram</em></strong></span> 
     </span>
    </p>
   </div>
   <div class='ocr_carea' id='block_1_14' title="bbox 450 1880 2032 1951">
    <p class='ocr_par' dir='ltr' id='par_1_14' title="bbox 450 1880 2032 1951">
     <span class='ocr_line' id='line_1_15' title="bbox 450 1880 2032 1951; baseline -0.005 -15"><span class='ocrx_word' id='word_1_106' title='bbox 450 1881 661 1951; x_wconf 87' lang='lat' dir='ltr'><strong><em>ipsam,</em></strong></span> <span class='ocrx_word' id='word_1_107' title='bbox 726 1880 1185 1951; x_wconf 87' lang='lat' dir='ltr'><strong><em>quemadmodum</em></strong></span> <span class='ocrx_word' id='word_1_108' title='bbox 1258 1885 1484 1941; x_wconf 90' lang='lat' dir='ltr'><strong><em>vocant,</em></strong></span> <span class='ocrx_word' id='word_1_109' title='bbox 1558 1884 1802 1945; x_wconf 86' lang='lat' dir='ltr'><strong><em>spectes,</em></strong></span> <span class='ocrx_word' id='word_1_110' title='bbox 1871 1891 2032 1945; x_wconf 89' lang='lat' dir='ltr'><strong><em>quam</em></strong></span> 
     </span>
    </p>
   </div>
   <div class='ocr_carea' id='block_1_15' title="bbox 446 1966 2035 2031">
    <p class='ocr_par' dir='ltr' id='par_1_15' title="bbox 446 1966 2035 2031">
     <span class='ocr_line' id='line_1_16' title="bbox 446 1966 2035 2031; baseline -0.004 -5"><span class='ocrx_word' id='word_1_111' title='bbox 446 1981 619 2028; x_wconf 87' lang='lat' dir='ltr'><strong><em>totam</em></strong></span> <span class='ocrx_word' id='word_1_112' title='bbox 654 1972 927 2028; x_wconf 61' lang='lat' dir='ltr'><strong><em>memoriae</em></strong></span> <span class='ocrx_word' id='word_1_113' title='bbox 982 1972 1057 2025; x_wconf 92' lang='lat' dir='ltr'><strong><em>ita</em></strong></span> <span class='ocrx_word' id='word_1_114' title='bbox 1090 1968 1592 2031; x_wconf 87' lang='lat' dir='ltr'><strong><em>commendaverat,</em></strong></span> <span class='ocrx_word' id='word_1_115' title='bbox 1643 1976 1701 2020; x_wconf 91' lang='lat' dir='ltr'><strong><em>ut</em></strong></span> <span class='ocrx_word' id='word_1_116' title='bbox 1732 1966 1879 2022; x_wconf 91' lang='lat' dir='ltr'><strong><em>locos</em></strong></span> <span class='ocrx_word' id='word_1_117' title='bbox 1917 1982 2035 2022; x_wconf 90' lang='lat' dir='ltr'><strong><em>om-</em></strong></span> 
     </span>
    </p>
   </div>
   <div class='ocr_carea' id='block_1_16' title="bbox 447 2056 2035 2132">
    <p class='ocr_par' dir='ltr' id='par_1_16' title="bbox 447 2056 2035 2132">
     <span class='ocr_line' id='line_1_17' title="bbox 447 2056 2035 2132; baseline -0.004 -13"><span class='ocrx_word' id='word_1_118' title='bbox 447 2073 546 2119; x_wconf 83' lang='lat' dir='ltr'><strong><em>nes</em></strong></span> <span class='ocrx_word' id='word_1_119' title='bbox 599 2077 665 2118; x_wconf 87' lang='lat' dir='ltr'><strong><em>ex</em></strong></span> <span class='ocrx_word' id='word_1_120' title='bbox 730 2070 991 2132; x_wconf 91' lang='lat' dir='ltr'><strong><em>tempore,</em></strong></span> <span class='ocrx_word' id='word_1_121' title='bbox 1041 2061 1205 2115; x_wconf 91' lang='lat' dir='ltr'><strong><em>etiam</em></strong></span> <span class='ocrx_word' id='word_1_122' title='bbox 1255 2058 1410 2113; x_wconf 86' lang='lat' dir='ltr'><strong><em>libris</em></strong></span> <span class='ocrx_word' id='word_1_123' title='bbox 1470 2056 1816 2123; x_wconf 85' lang='lat' dir='ltr'><strong><em>inconsultis,</em></strong></span> <span class='ocrx_word' id='word_1_124' title='bbox 1868 2072 2035 2126; x_wconf 58' lang='lat' dir='ltr'><strong><em>appov</em></strong></span> 
     </span>
    </p>
   </div>
   <div class='ocr_carea' id='block_1_17' title="bbox 445 2148 2033 2218">
    <p class='ocr_par' dir='ltr' id='par_1_17' title="bbox 445 2148 2033 2218">
     <span class='ocr_line' id='line_1_18' title="bbox 445 2148 2033 2218; baseline -0.006 -7"><span class='ocrx_word' id='word_1_125' title='bbox 445 2156 550 2211; x_wconf 84' lang='lat' dir='ltr'><strong><em>site</em></strong></span> <span class='ocrx_word' id='word_1_126' title='bbox 606 2152 894 2218; x_wconf 87' lang='lat' dir='ltr'><strong><em>recitaret;</em></strong></span> <span class='ocrx_word' id='word_1_127' title='bbox 952 2152 1068 2207; x_wconf 87' lang='lat' dir='ltr'><strong><em>sive</em></strong></span> <span class='ocrx_word' id='word_1_128' title='bbox 1126 2151 1349 2206; x_wconf 88' lang='lat' dir='ltr'><strong><em>intimos</em></strong></span> <span class='ocrx_word' id='word_1_129' title='bbox 1409 2164 1473 2204; x_wconf 88' lang='lat' dir='ltr'><strong><em>ac</em></strong></span> <span class='ocrx_word' id='word_1_130' title='bbox 1526 2148 1755 2204; x_wconf 86' lang='lat' dir='ltr'><strong><em>latentes</em></strong></span> <span class='ocrx_word' id='word_1_131' title='bbox 1810 2162 2033 2211; x_wconf 88' lang='lat' dir='ltr'><strong><em>sensus,</em></strong></span> 
     </span>
    </p>
   </div>
   <div class='ocr_carea' id='block_1_18' title="bbox 444 2241 2039 2318">
    <p class='ocr_par' dir='ltr' id='par_1_18' title="bbox 444 2241 2039 2318">
     <span class='ocr_line' id='line_1_19' title="bbox 444 2241 2039 2318; baseline -0.004 -17"><span class='ocrx_word' id='word_1_132' title='bbox 444 2261 583 2318; x_wconf 88' lang='lat' dir='ltr'><strong><em>quos</em></strong></span> <span class='ocrx_word' id='word_1_133' title='bbox 637 2254 783 2301; x_wconf 89' lang='lat' dir='ltr'><strong><em>tanta</em></strong></span> <span class='ocrx_word' id='word_1_134' title='bbox 847 2243 1148 2314; x_wconf 77' lang='lat' dir='ltr'><strong><em>sagacitate</em></strong></span> <span class='ocrx_word' id='word_1_135' title='bbox 1192 2241 1355 2309; x_wconf 88' lang='lat' dir='ltr'><strong><em>eruit,</em></strong></span> <span class='ocrx_word' id='word_1_136' title='bbox 1405 2242 1481 2305; x_wconf 88' lang='grc' dir='ltr'>ὡς</span> <span class='ocrx_word' id='word_1_137' title='bbox 1538 2241 1597 2307; x_wconf 77' lang='grc' dir='ltr'><strong>ἐξ</strong></span> <span class='ocrx_word' id='word_1_138' title='bbox 1663 2241 1896 2306; x_wconf 75' lang='grc' dir='ltr'>ἑκείνου,</span> <span class='ocrx_word' id='word_1_139' title='bbox 1952 2241 2039 2295; x_wconf 84' lang='lat' dir='ltr'><strong><em>in-</em></strong></span> 
     </span>
    </p>
   </div>
   <div class='ocr_carea' id='block_1_19' title="bbox 446 2330 2036 2408">
    <p class='ocr_par' dir='ltr' id='par_1_19' title="bbox 446 2330 2036 2408">
     <span class='ocr_line' id='line_1_20' title="bbox 446 2330 2036 2408; baseline -0.006 -15"><span class='ocrx_word' id='word_1_140' title='bbox 446 2339 564 2408; x_wconf 92' lang='lat' dir='ltr'><strong><em>quit</em></strong></span> <span class='ocrx_word' id='word_1_141' title='bbox 607 2337 824 2402; x_wconf 88' lang='lat' dir='ltr'><strong><em>Suidas,</em></strong></span> <span class='ocrx_word' id='word_1_142' title='bbox 885 2336 1092 2399; x_wconf 78' lang='grc' dir='ltr'>πάντας</span> <span class='ocrx_word' id='word_1_143' title='bbox 1148 2336 1275 2398; x_wconf 80' lang='grc' dir='ltr'>τοὺς</span> <span class='ocrx_word' id='word_1_144' title='bbox 1332 2333 1625 2405; x_wconf 80' lang='grc' dir='ltr'><strong><em>μετέπειτα</em></strong></span> <span class='ocrx_word' id='word_1_145' title='bbox 1687 2332 1790 2403; x_wconf 76' lang='grc' dir='ltr'><strong><em>τῆς</em></strong></span> <span class='ocrx_word' id='word_1_146' title='bbox 1840 2330 2036 2401; x_wconf 73' lang='grc' dir='ltr'><strong><em>ἐκκλη-</em></strong></span> 
     </span>
    </p>
   </div>
   <div class='ocr_carea' id='block_1_20' title="bbox 446 2424 2035 2498">
    <p class='ocr_par' dir='ltr' id='par_1_20' title="bbox 446 2424 2035 2498">
     <span class='ocr_line' id='line_1_21' title="bbox 446 2424 2035 2498; baseline -0.002 -16"><span class='ocrx_word' id='word_1_147' title='bbox 446 2429 570 2493; x_wconf 74' lang='grc' dir='ltr'><strong><em>σίας</em></strong></span> <span class='ocrx_word' id='word_1_148' title='bbox 589 2426 939 2492; x_wconf 74' lang='grc' dir='ltr'><strong><em>διδασκάλους</em></strong></span> <span class='ocrx_word' id='word_1_149' title='bbox 965 2427 1059 2481; x_wconf 74' lang='grc' dir='ltr'>καὶ</span> <span class='ocrx_word' id='word_1_150' title='bbox 1098 2426 1351 2498; x_wconf 78' lang='grc' dir='ltr'><strong><em>ἀφορμὰς</em></strong></span> <span class='ocrx_word' id='word_1_151' title='bbox 1372 2425 1669 2496; x_wconf 71' lang='grc' dir='ltr'><strong><em>εἰληφέναι.</em></strong></span> <span class='ocrx_word' id='word_1_152' title='bbox 1703 2424 1758 2478; x_wconf 89' lang='lat' dir='ltr'><strong><em>Id</em></strong></span> <span class='ocrx_word' id='word_1_153' title='bbox 1792 2424 1949 2479; x_wconf 79' lang='lat' dir='ltr'><strong><em>facile</em></strong></span> <span class='ocrx_word' id='word_1_154' title='bbox 1968 2440 2035 2480; x_wconf 80' lang='lat' dir='ltr'><strong><em>ex</em></strong></span> 
     </span>
    </p>
   </div>
   <div class='ocr_carea' id='block_1_21' title="bbox 448 2517 2033 2592">
    <p class='ocr_par' dir='ltr' id='par_1_21' title="bbox 448 2517 2033 2592">
     <span class='ocr_line' id='line_1_22' title="bbox 448 2517 2033 2592; baseline -0.003 -16"><span class='ocrx_word' id='word_1_155' title='bbox 448 2521 652 2576; x_wconf 85' lang='lat' dir='ltr'><strong><em>nostris</em></strong></span> <span class='ocrx_word' id='word_1_156' title='bbox 699 2521 981 2592; x_wconf 85' lang='lat' dir='ltr'><strong><em>apparebit</em></strong></span> <span class='ocrx_word' id='word_1_157' title='bbox 1027 2518 1540 2583; x_wconf 86' lang='lat' dir='ltr'><strong><em>Observationibus,</em></strong></span> <span class='ocrx_word' id='word_1_158' title='bbox 1584 2518 1636 2572; x_wconf 92' lang='lat' dir='ltr'><strong><em>in</em></strong></span> <span class='ocrx_word' id='word_1_159' title='bbox 1668 2518 1869 2587; x_wconf 86' lang='lat' dir='ltr'><strong><em>quibus</em></strong></span> <span class='ocrx_word' id='word_1_160' title='bbox 1916 2517 2033 2572; x_wconf 92' lang='lat' dir='ltr'><strong><em>loca</em></strong></span> 
     </span>
    </p>
   </div>
   <div class='ocr_carea' id='block_1_22' title="bbox 447 2610 2035 2681">
    <p class='ocr_par' dir='ltr' id='par_1_22' title="bbox 447 2610 2035 2681">
     <span class='ocr_line' id='line_1_23' title="bbox 447 2610 2035 2681; baseline -0.004 -13"><span class='ocrx_word' id='word_1_161' title='bbox 447 2611 669 2668; x_wconf 80' lang='lat' dir='ltr'><strong><em>Patrum</em></strong></span> <span class='ocrx_word' id='word_1_162' title='bbox 690 2613 1015 2679; x_wconf 85' lang='lat' dir='ltr'><strong><em>consimilia,</em></strong></span> <span class='ocrx_word' id='word_1_163' title='bbox 1034 2620 1087 2669; x_wconf 90' lang='lat' dir='ltr'><strong><em>et</em></strong></span> <span class='ocrx_word' id='word_1_164' title='bbox 1109 2613 1177 2667; x_wconf 91' lang='lat' dir='ltr'><strong><em>ab</em></strong></span> <span class='ocrx_word' id='word_1_165' title='bbox 1194 2611 1539 2681; x_wconf 89' lang='lat' dir='ltr'><strong><em>Origenianis</em></strong></span> <span class='ocrx_word' id='word_1_166' title='bbox 1560 2610 1803 2681; x_wconf 86' lang='lat' dir='ltr'><strong><em>profecta</em></strong></span> <span class='ocrx_word' id='word_1_167' title='bbox 1821 2624 1919 2679; x_wconf 91' lang='lat' dir='ltr'><strong><em>per</em></strong></span> <span class='ocrx_word' id='word_1_168' title='bbox 1938 2626 2035 2662; x_wconf 80' lang='grc' dir='ltr'><strong><em>πα-</em></strong></span> 
     </span>
    </p>
   </div>
   <div class='ocr_carea' id='block_1_23' title="bbox 2135 1406 3688 1481">
    <p class='ocr_par' dir='ltr' id='par_1_23' title="bbox 2135 1406 3688 1481">
     <span class='ocr_line' id='line_1_24' title="bbox 2135 1406 3688 1481; baseline -0.001 -16"><span class='ocrx_word' id='word_1_169' title='bbox 2135 1428 2293 1481; x_wconf 89' lang='lat' dir='ltr'><strong><em>quam</em></strong></span> <span class='ocrx_word' id='word_1_170' title='bbox 2324 1412 2752 1467; x_wconf 88' lang='lat' dir='ltr'><strong><em>comminiscitur</em></strong></span> <span class='ocrx_word' id='word_1_171' title='bbox 2780 1410 2850 1464; x_wconf 86' lang='lat' dir='ltr'><strong><em>ad</em></strong></span> <span class='ocrx_word' id='word_1_172' title='bbox 2868 1409 3057 1464; x_wconf 81' lang='lat' dir='ltr'><strong><em>Matth.</em></strong></span> <span class='ocrx_word' id='word_1_173' title='bbox 3081 1425 3237 1474; x_wconf 86' lang='lat' dir='ltr'><strong><em>xvm,</em></strong></span> <span class='ocrx_word' id='word_1_174' title='bbox 3267 1406 3355 1471; x_wconf 77' lang='grc'><strong><em>18.</em></strong></span> <span class='ocrx_word' id='word_1_175' title='bbox 3385 1419 3440 1463; x_wconf 89' lang='lat' dir='ltr'><strong><em>et</em></strong></span> <span class='ocrx_word' id='word_1_176' title='bbox 3467 1409 3530 1462; x_wconf 90' lang='lat' dir='ltr'><strong><em>ad</em></strong></span> <span class='ocrx_word' id='word_1_177' title='bbox 3544 1424 3688 1477; x_wconf 88' lang='lat' dir='ltr'><strong><em>quam</em></strong></span> 
     </span>
    </p>
   </div>
   <div class='ocr_carea' id='block_1_24' title="bbox 2134 1501 3689 1572">
    <p class='ocr_par' dir='ltr' id='par_1_24' title="bbox 2134 1501 3689 1572">
     <span class='ocr_line' id='line_1_25' title="bbox 2134 1501 3689 1572; baseline -0.004 -12"><span class='ocrx_word' id='word_1_178' title='bbox 2134 1504 2407 1560; x_wconf 80' lang='lat' dir='ltr'><strong><em>Christum</em></strong></span> <span class='ocrx_word' id='word_1_179' title='bbox 2427 1505 2727 1572; x_wconf 80' lang='lat' dir='ltr'><strong><em>respexisse</em></strong></span> <span class='ocrx_word' id='word_1_180' title='bbox 2744 1503 2937 1568; x_wconf 88' lang='lat' dir='ltr'><strong><em>tradit;</em></strong></span> <span class='ocrx_word' id='word_1_181' title='bbox 2962 1502 3113 1570; x_wconf 88' lang='lat' dir='ltr'><strong><em>quasi</em></strong></span> <span class='ocrx_word' id='word_1_182' title='bbox 3139 1502 3278 1555; x_wconf 84' lang='lat' dir='ltr'><strong><em>hanc</em></strong></span> <span class='ocrx_word' id='word_1_183' title='bbox 3305 1501 3689 1555; x_wconf 87' lang='lat' dir='ltr'><strong><em>distinctionem</em></strong></span> 
     </span>
    </p>
   </div>
   <div class='ocr_carea' id='block_1_25' title="bbox 2136 1591 3688 1668">
    <p class='ocr_par' dir='ltr' id='par_1_25' title="bbox 2136 1591 3688 1668">
     <span class='ocr_line' id='line_1_26' title="bbox 2136 1591 3688 1668; baseline -0.004 -17"><span class='ocrx_word' id='word_1_184' title='bbox 2136 1598 2271 1652; x_wconf 90' lang='lat' dir='ltr'><strong><em>ferat</em></strong></span> <span class='ocrx_word' id='word_1_185' title='bbox 2302 1595 2526 1668; x_wconf 87' lang='lat' dir='ltr'><strong><em>Syriaca</em></strong></span> <span class='ocrx_word' id='word_1_186' title='bbox 2557 1595 2839 1661; x_wconf 88' lang='lat' dir='ltr'><strong><em>dialectus,</em></strong></span> <span class='ocrx_word' id='word_1_187' title='bbox 2871 1608 3034 1663; x_wconf 89' lang='lat' dir='ltr'><strong><em>quam</em></strong></span> <span class='ocrx_word' id='word_1_188' title='bbox 3080 1593 3329 1649; x_wconf 84' lang='lat' dir='ltr'><strong><em>Christus</em></strong></span> <span class='ocrx_word' id='word_1_189' title='bbox 3363 1591 3645 1661; x_wconf 83' lang='lat' dir='ltr'><strong><em>usurpabat</em></strong></span> <span class='ocrx_word' id='word_1_190' title='bbox 3675 1610 3688 1645; x_wconf 74' lang='grc' dir='ltr'><strong>ι</strong></span> 
     </span>
    </p>
   </div>
   <div class='ocr_carea' id='block_1_26' title="bbox 2133 1682 3690 1758">
    <p class='ocr_par' dir='ltr' id='par_1_26' title="bbox 2133 1682 3690 1758">
     <span class='ocr_line' id='line_1_27' title="bbox 2133 1682 3690 1758; baseline -0.004 -14"><span class='ocrx_word' id='word_1_191' title='bbox 2133 1688 2439 1758; x_wconf 89' lang='lat' dir='ltr'><strong><em>cujusmodi</em></strong></span> <span class='ocrx_word' id='word_1_192' title='bbox 2473 1697 2556 1743; x_wconf 87' lang='lat' dir='ltr'><strong><em>est</em></strong></span> <span class='ocrx_word' id='word_1_193' title='bbox 2603 1686 2740 1741; x_wconf 88' lang='lat' dir='ltr'><strong><em>falsa</em></strong></span> <span class='ocrx_word' id='word_1_194' title='bbox 2774 1685 2863 1739; x_wconf 90' lang='lat' dir='ltr'><strong><em>illa</em></strong></span> <span class='ocrx_word' id='word_1_195' title='bbox 2891 1684 3127 1739; x_wconf 87' lang='lat' dir='ltr'><strong><em>nominis</em></strong></span> <span class='ocrx_word' id='word_1_196' title='bbox 3153 1685 3288 1737; x_wconf 81' lang='lat' dir='ltr'><strong><em>Aser</em></strong></span> <span class='ocrx_word' id='word_1_197' title='bbox 3314 1682 3690 1752; x_wconf 87' lang='lat' dir='ltr'><strong><em>interpretatio,</em></strong></span> 
     </span>
    </p>
   </div>
   <div class='ocr_carea' id='block_1_27' title="bbox 2134 1774 3690 1848">
    <p class='ocr_par' dir='ltr' id='par_1_27' title="bbox 2134 1774 3690 1848">
     <span class='ocr_line' id='line_1_28' title="bbox 2134 1774 3690 1848; baseline -0.003 -16"><span class='ocrx_word' id='word_1_198' title='bbox 2134 1795 2255 1848; x_wconf 65' lang='lat' dir='ltr'><strong><em>«(nte</em></strong></span> <span class='ocrx_word' id='word_1_199' title='bbox 2296 1780 2526 1834; x_wconf 88' lang='lat' dir='ltr'><strong><em>habetur</em></strong></span> <span class='ocrx_word' id='word_1_200' title='bbox 2568 1779 2637 1832; x_wconf 87' lang='lat' dir='ltr'><strong><em>ad</em></strong></span> <span class='ocrx_word' id='word_1_201' title='bbox 2688 1778 2886 1835; x_wconf 80' lang='lat' dir='ltr'><strong><em>Matth.</em></strong></span> <span class='ocrx_word' id='word_1_202' title='bbox 2929 1791 3087 1841; x_wconf 84' lang='lat' dir='ltr'><strong><em>xvnt,</em></strong></span> <span class='ocrx_word' id='word_1_203' title='bbox 3123 1775 3213 1839; x_wconf 77' lang='lat' dir='ltr'><strong><em>t9,</em></strong></span> <span class='ocrx_word' id='word_1_204' title='bbox 3253 1774 3541 1828; x_wconf 88' lang='lat' dir='ltr'><strong><em>Comment.</em></strong></span> <span class='ocrx_word' id='word_1_205' title='bbox 3578 1784 3690 1828; x_wconf 89' lang='lat' dir='ltr'><strong><em>tom.</em></strong></span> 
     </span>
    </p>
   </div>
   <div class='ocr_carea' id='block_1_28' title="bbox 2137 1865 3694 1939">
    <p class='ocr_par' dir='ltr' id='par_1_28' title="bbox 2137 1865 3694 1939">
     <span class='ocr_line' id='line_1_29' title="bbox 2137 1865 3694 1939; baseline -0.003 -18"><span class='ocrx_word' id='word_1_206' title='bbox 2137 1884 2247 1932; x_wconf 86' lang='lat' dir='ltr'><strong><em>xtv,</em></strong></span> <span class='ocrx_word' id='word_1_207' title='bbox 2284 1884 2338 1939; x_wconf 89' lang='lat' dir='ltr'><strong><em>p.</em></strong></span> <span class='ocrx_word' id='word_1_208' title='bbox 2377 1869 2501 1933; x_wconf 79' lang='lat'><strong><em>616,</em></strong></span> <span class='ocrx_word' id='word_1_209' title='bbox 2534 1869 2688 1938; x_wconf 87' lang='lat' dir='ltr'><strong><em>quasi</em></strong></span> <span class='ocrx_word' id='word_1_210' title='bbox 2722 1868 3004 1924; x_wconf 89' lang='lat' dir='ltr'><strong><em>derivetur</em></strong></span> <span class='ocrx_word' id='word_1_211' title='bbox 3032 1882 3062 1920; x_wconf 91' lang='lat' dir='ltr'><strong><em>a</em></strong></span> <span class='ocrx_word' id='word_1_212' title='bbox 3105 1873 3206 1925; x_wconf 69' lang='grc' dir='ltr'><strong><em>Ὃν</em></strong></span> <span class='ocrx_word' id='word_1_213' title='bbox 3255 1883 3275 1917; x_wconf 74' lang='grc' dir='ltr'>ι</span> <span class='ocrx_word' id='word_1_214' title='bbox 3315 1866 3535 1930; x_wconf 88' lang='lat' dir='ltr'><strong><em>erudiit,</em></strong></span> <span class='ocrx_word' id='word_1_215' title='bbox 3576 1865 3694 1932; x_wconf 85' lang='lat' dir='ltr'><strong><em>liga-</em></strong></span> 
     </span>
    </p>
   </div>
   <div class='ocr_carea' id='block_1_29' title="bbox 2137 1956 3693 2028">
    <p class='ocr_par' dir='ltr' id='par_1_29' title="bbox 2137 1956 3693 2028">
     <span class='ocr_line' id='line_1_30' title="bbox 2137 1956 3693 2028; baseline -0.004 -12"><span class='ocrx_word' id='word_1_216' title='bbox 2137 1961 2234 2027; x_wconf 86' lang='lat' dir='ltr'><strong><em>vit,</em></strong></span> <span class='ocrx_word' id='word_1_217' title='bbox 2274 1979 2293 2013; x_wconf 69' lang='lat'>»</span> <span class='ocrx_word' id='word_1_218' title='bbox 2334 1976 2456 2015; x_wconf 90' lang='lat' dir='ltr'><strong><em>cum</em></strong></span> <span class='ocrx_word' id='word_1_219' title='bbox 2494 1960 2586 2013; x_wconf 86' lang='lat' dir='ltr'><strong><em>flat</em></strong></span> <span class='ocrx_word' id='word_1_220' title='bbox 2616 1961 2684 2014; x_wconf 90' lang='lat' dir='ltr'><strong><em>ab</em></strong></span> <span class='ocrx_word' id='word_1_221' title='bbox 2719 1969 2841 2017; x_wconf 70' lang='lat' dir='ltr'><strong><em>“DN</em></strong></span> <span class='ocrx_word' id='word_1_222' title='bbox 2885 1976 2903 2010; x_wconf 74' lang='grc' dir='ltr'>ι</span> <span class='ocrx_word' id='word_1_223' title='bbox 2948 1957 3155 2028; x_wconf 76' lang='lat' dir='ltr'><strong><em>ligavit.</em></strong></span> <span class='ocrx_word' id='word_1_224' title='bbox 3199 1975 3220 2010; x_wconf 65' lang='grc' dir='ltr'><strong><em>ι</em></strong></span> <span class='ocrx_word' id='word_1_225' title='bbox 3258 1956 3575 2025; x_wconf 84' lang='lat' dir='ltr'><strong><em>Quanquam</em></strong></span> <span class='ocrx_word' id='word_1_226' title='bbox 3608 1971 3693 2009; x_wconf 83' lang='lat' dir='ltr'><strong><em>au-</em></strong></span> 
     </span>
    </p>
   </div>
   <div class='ocr_carea' id='block_1_30' title="bbox 2141 2042 3694 2119">
    <p class='ocr_par' dir='ltr' id='par_1_30' title="bbox 2141 2042 3694 2119">
     <span class='ocr_line' id='line_1_31' title="bbox 2141 2042 3694 2119; baseline -0.004 -14"><span class='ocrx_word' id='word_1_227' title='bbox 2141 2051 2401 2106; x_wconf 86' lang='lat' dir='ltr'><strong><em>ctoritate</em></strong></span> <span class='ocrx_word' id='word_1_228' title='bbox 2450 2050 2652 2105; x_wconf 89' lang='lat' dir='ltr'><strong><em>Senum</em></strong></span> <span class='ocrx_word' id='word_1_229' title='bbox 2703 2042 3064 2119; x_wconf 70' lang='lat' dir='ltr'><strong><em>Septuaginta</em></strong></span> <span class='ocrx_word' id='word_1_230' title='bbox 3115 2047 3370 2103; x_wconf 85' lang='lat' dir='ltr'><strong><em>excusari</em></strong></span> <span class='ocrx_word' id='word_1_231' title='bbox 3419 2047 3471 2100; x_wconf 89' lang='lat' dir='ltr'><strong><em>id</em></strong></span> <span class='ocrx_word' id='word_1_232' title='bbox 3518 2055 3694 2115; x_wconf 85' lang='lat' dir='ltr'><strong><em>potest,</em></strong></span> 
     </span>
    </p>
   </div>
   <div class='ocr_carea' id='block_1_31' title="bbox 2138 2138 3697 2213">
    <p class='ocr_par' dir='ltr' id='par_1_31' title="bbox 2138 2138 3697 2213">
     <span class='ocr_line' id='line_1_32' title="bbox 2138 2138 3697 2213; baseline -0.003 -17"><span class='ocrx_word' id='word_1_233' title='bbox 2138 2144 2228 2213; x_wconf 91' lang='lat' dir='ltr'><strong><em>qui</em></strong></span> <span class='ocrx_word' id='word_1_234' title='bbox 2253 2156 2374 2205; x_wconf 65' lang='grc' dir='ltr'><strong><em>Ὃκ</em></strong></span> <span class='ocrx_word' id='word_1_235' title='bbox 2411 2142 2702 2212; x_wconf 89' lang='lat' dir='ltr'><strong><em>aliquando</em></strong></span> <span class='ocrx_word' id='word_1_236' title='bbox 2732 2141 2807 2197; x_wconf 91' lang='lat' dir='ltr'><strong><em>ita</em></strong></span> <span class='ocrx_word' id='word_1_237' title='bbox 2844 2141 3219 2205; x_wconf 88' lang='lat' dir='ltr'><strong><em>reddiderunt,</em></strong></span> <span class='ocrx_word' id='word_1_238' title='bbox 3252 2138 3410 2209; x_wconf 83' lang='lat' dir='ltr'><strong><em>quasi</em></strong></span> <span class='ocrx_word' id='word_1_239' title='bbox 3451 2138 3587 2192; x_wconf 88' lang='lat' dir='ltr'><strong><em>idem</em></strong></span> <span class='ocrx_word' id='word_1_240' title='bbox 3620 2152 3697 2192; x_wconf 84' lang='lat' dir='ltr'><strong><em>es-</em></strong></span> 
     </span>
    </p>
   </div>
   <div class='ocr_carea' id='block_1_32' title="bbox 2138 2228 3699 2304">
    <p class='ocr_par' dir='ltr' id='par_1_32' title="bbox 2138 2228 3699 2304">
     <span class='ocr_line' id='line_1_33' title="bbox 2138 2228 3699 2304; baseline -0.008 -11"><span class='ocrx_word' id='word_1_241' title='bbox 2138 2245 2221 2293; x_wconf 88' lang='lat' dir='ltr'><strong><em>set</em></strong></span> <span class='ocrx_word' id='word_1_242' title='bbox 2252 2252 2316 2291; x_wconf 89' lang='lat' dir='ltr'><strong><em>ac</em></strong></span> <span class='ocrx_word' id='word_1_243' title='bbox 2350 2243 2475 2295; x_wconf 66' lang='lat' dir='ltr'><strong><em>“D7.</em></strong></span> <span class='ocrx_word' id='word_1_244' title='bbox 2516 2235 2591 2289; x_wconf 90' lang='lat' dir='ltr'><strong><em>Ut</em></strong></span> <span class='ocrx_word' id='word_1_245' title='bbox 2638 2233 2831 2304; x_wconf 89' lang='lat' dir='ltr'><strong><em>psalm.</em></strong></span> <span class='ocrx_word' id='word_1_246' title='bbox 2862 2248 2946 2288; x_wconf 82' lang='lat' dir='ltr'><strong><em>etv</em></strong></span> <span class='ocrx_word' id='word_1_247' title='bbox 2972 2231 3167 2304; x_wconf 83' lang='lat' dir='ltr'><strong><em>(Hebr.</em></strong></span> <span class='ocrx_word' id='word_1_248' title='bbox 3201 2232 3325 2299; x_wconf 88' lang='lat' dir='ltr'><strong><em>cv),</em></strong></span> <span class='ocrx_word' id='word_1_249' title='bbox 3358 2228 3465 2295; x_wconf 60' lang='grc' dir='ltr'><strong><em>ἥς</em></strong></span> <span class='ocrx_word' id='word_1_250' title='bbox 3492 2243 3583 2299; x_wconf 85' lang='lat' dir='ltr'><strong><em>pro</em></strong></span> <span class='ocrx_word' id='word_1_251' title='bbox 3608 2228 3699 2281; x_wconf 77' lang='lat' dir='ltr'><strong><em>lie-</em></strong></span> 
     </span>
    </p>
   </div>
   <div class='ocr_carea' id='block_1_33' title="bbox 2137 2309 3700 2391">
    <p class='ocr_par' dir='ltr' id='par_1_33' title="bbox 2137 2309 3700 2391">
     <span class='ocr_line' id='line_1_34' title="bbox 2137 2309 3700 2391; baseline -0.008 -7"><span class='ocrx_word' id='word_1_252' title='bbox 2137 2334 2444 2389; x_wconf 54' lang='lat' dir='ltr'><strong><em>Dracon-1w</em></strong></span> <span class='ocrx_word' id='word_1_253' title='bbox 2477 2309 2653 2386; x_wconf 63' lang='grc' dir='ltr'><strong><em>ἾὍιιέῚ</em></strong></span> <span class='ocrx_word' id='word_1_254' title='bbox 2688 2323 2913 2390; x_wconf 84' lang='lat' dir='ltr'><strong><em>habent,</em></strong></span> <span class='ocrx_word' id='word_1_255' title='bbox 2943 2323 3037 2376; x_wconf 81' lang='grc' dir='ltr'><strong><em>τοῦ</em></strong></span> <span class='ocrx_word' id='word_1_256' title='bbox 3066 2322 3351 2375; x_wconf 83' lang='grc' dir='ltr'><strong><em>παιδεῦσαι</em></strong></span> <span class='ocrx_word' id='word_1_257' title='bbox 3384 2322 3508 2383; x_wconf 78' lang='grc' dir='ltr'>τοὺς</span> <span class='ocrx_word' id='word_1_258' title='bbox 3528 2318 3700 2391; x_wconf 79' lang='grc' dir='ltr'>ἄρχον·</span> 
     </span>
    </p>
   </div>
   <div class='ocr_carea' id='block_1_34' title="bbox 2136 2410 3695 2487">
    <p class='ocr_par' dir='ltr' id='par_1_34' title="bbox 2136 2410 3695 2487">
     <span class='ocr_line' id='line_1_35' title="bbox 2136 2410 3695 2487; baseline -0.009 -14"><span class='ocrx_word' id='word_1_259' title='bbox 2136 2438 2235 2484; x_wconf 84' lang='grc' dir='ltr'><strong><em>τοις</em></strong></span> <span class='ocrx_word' id='word_1_260' title='bbox 2270 2418 2435 2472; x_wconf 80' lang='grc' dir='ltr'>αὑτοῦ</span> <span class='ocrx_word' id='word_1_261' title='bbox 2466 2434 2481 2483; x_wconf 90' lang='grc'>;</span> <span class='ocrx_word' id='word_1_262' title='bbox 2519 2417 2769 2487; x_wconf 75' lang='lat' dir='ltr'><strong><em>Vulgata,</em></strong></span> <span class='ocrx_word' id='word_1_263' title='bbox 2798 2433 2819 2466; x_wconf 72' lang='grc' dir='ltr'><strong><em>ι</em></strong></span> <span class='ocrx_word' id='word_1_264' title='bbox 2850 2422 2910 2468; x_wconf 92' lang='lat' dir='ltr'><strong><em>ut</em></strong></span> <span class='ocrx_word' id='word_1_265' title='bbox 2951 2413 3193 2468; x_wconf 87' lang='lat' dir='ltr'><strong><em>erudiret</em></strong></span> <span class='ocrx_word' id='word_1_266' title='bbox 3224 2411 3499 2482; x_wconf 86' lang='lat' dir='ltr'><strong><em>principes</em></strong></span> <span class='ocrx_word' id='word_1_267' title='bbox 3520 2410 3643 2476; x_wconf 83' lang='lat' dir='ltr'><strong><em>ejus.</em></strong></span> <span class='ocrx_word' id='word_1_268' title='bbox 3678 2425 3695 2459; x_wconf 73' lang='grc' dir='ltr'><strong>ι</strong></span> 
     </span>
    </p>
   </div>
   <div class='ocr_carea' id='block_1_35' title="bbox 2138 2498 3696 2576">
    <p class='ocr_par' dir='ltr' id='par_1_35' title="bbox 2138 2498 3696 2576">
     <span class='ocr_line' id='line_1_36' title="bbox 2138 2498 3696 2576; baseline -0.01 -9"><span class='ocrx_word' id='word_1_269' title='bbox 2138 2512 2201 2567; x_wconf 84' lang='grc' dir='ltr'><strong><em>Ει</em></strong></span> <span class='ocrx_word' id='word_1_270' title='bbox 2249 2513 2374 2566; x_wconf 87' lang='lat' dir='ltr'><strong><em>Ose.</em></strong></span> <span class='ocrx_word' id='word_1_271' title='bbox 2412 2526 2467 2575; x_wconf 87' lang='lat' dir='ltr'><strong><em>x,</em></strong></span> <span class='ocrx_word' id='word_1_272' title='bbox 2513 2508 2601 2576; x_wconf 77' lang='grc'><strong><em>10,</em></strong></span> <span class='ocrx_word' id='word_1_273' title='bbox 2651 2516 2881 2567; x_wconf 58' lang='lat' dir='ltr'><strong><em>amna.</em></strong></span> <span class='ocrx_word' id='word_1_274' title='bbox 2934 2504 3097 2567; x_wconf 78' lang='lat' dir='ltr'><strong><em>LXX,</em></strong></span> <span class='ocrx_word' id='word_1_275' title='bbox 3152 2502 3443 2556; x_wconf 81' lang='grc' dir='ltr'><strong><em>παιδεῦσαι</em></strong></span> <span class='ocrx_word' id='word_1_276' title='bbox 3489 2498 3696 2565; x_wconf 74' lang='grc' dir='ltr'>αὑτούςς</span> 
     </span>
    </p>
   </div>
   <div class='ocr_carea' id='block_1_36' title="bbox 2139 2591 3703 2673">
    <p class='ocr_par' dir='ltr' id='par_1_36' title="bbox 2139 2591 3703 2673">
     <span class='ocr_line' id='line_1_37' title="bbox 2139 2591 3703 2673; baseline -0.009 -16"><span class='ocrx_word' id='word_1_277' title='bbox 2139 2602 2393 2673; x_wconf 66' lang='lat' dir='ltr'><strong><em>Vulgata,</em></strong></span> <span class='ocrx_word' id='word_1_278' title='bbox 2436 2620 2455 2654; x_wconf 74' lang='grc' dir='ltr'>ι</span> <span class='ocrx_word' id='word_1_279' title='bbox 2502 2599 2796 2669; x_wconf 91' lang='lat' dir='ltr'><strong><em>corripiam</em></strong></span> <span class='ocrx_word' id='word_1_280' title='bbox 2826 2612 2944 2660; x_wconf 90' lang='lat' dir='ltr'><strong><em>eos,</em></strong></span> <span class='ocrx_word' id='word_1_281' title='bbox 2985 2615 3004 2648; x_wconf 73' lang='grc' dir='ltr'><strong><em>ι</em></strong></span> <span class='ocrx_word' id='word_1_282' title='bbox 3045 2595 3352 2665; x_wconf 87' lang='lat' dir='ltr'><strong><em>cujusmodi</em></strong></span> <span class='ocrx_word' id='word_1_283' title='bbox 3401 2602 3488 2648; x_wconf 92' lang='lat' dir='ltr'><strong><em>est</em></strong></span> <span class='ocrx_word' id='word_1_284' title='bbox 3524 2591 3703 2660; x_wconf 87' lang='lat' dir='ltr'><strong><em>depra-</em></strong></span> 
     </span>
    </p>
   </div>
   <div class='ocr_carea' id='block_1_37' title="bbox 449 2684 3698 2779">
    <p class='ocr_par' dir='ltr' id='par_1_37' title="bbox 449 2684 3698 2779">
     <span class='ocr_line' id='line_1_38' title="bbox 449 2684 3698 2779; baseline -0.008 -18"><span class='ocrx_word' id='word_1_285' title='bbox 449 2706 748 2779; x_wconf 78' lang='grc' dir='ltr'><strong><em>ραπομπὰς</em></strong></span> <span class='ocrx_word' id='word_1_286' title='bbox 770 2705 1095 2762; x_wconf 85' lang='lat' dir='ltr'><strong><em>indicamus.</em></strong></span> <span class='ocrx_word' id='word_1_287' title='bbox 1126 2705 1237 2761; x_wconf 86' lang='lat' dir='ltr'><strong><em>Nec</em></strong></span> <span class='ocrx_word' id='word_1_288' title='bbox 1269 2706 1432 2761; x_wconf 88' lang='lat' dir='ltr'><strong><em>ullum</em></strong></span> <span class='ocrx_word' id='word_1_289' title='bbox 1458 2721 1588 2761; x_wconf 91' lang='lat' dir='ltr'><strong><em>vero</em></strong></span> <span class='ocrx_word' id='word_1_290' title='bbox 1614 2705 1682 2760; x_wconf 90' lang='lat' dir='ltr'><strong><em>ad</em></strong></span> <span class='ocrx_word' id='word_1_291' title='bbox 1707 2703 2032 2774; x_wconf 82' lang='lat' dir='ltr'><strong><em>exquisitam</em></strong></span> <span class='ocrx_word' id='word_1_292' title='bbox 2066 2721 2107 2775; x_wconf 75' lang='grc' dir='ltr'><strong>Β</strong></span> <span class='ocrx_word' id='word_1_293' title='bbox 2138 2708 2261 2753; x_wconf 89' lang='lat' dir='ltr'><strong><em>vata</em></strong></span> <span class='ocrx_word' id='word_1_294' title='bbox 2289 2696 2379 2751; x_wconf 92' lang='lat' dir='ltr'><strong><em>illa</em></strong></span> <span class='ocrx_word' id='word_1_295' title='bbox 2430 2694 2592 2749; x_wconf 88' lang='lat' dir='ltr'><strong><em>lectio</em></strong></span> <span class='ocrx_word' id='word_1_296' title='bbox 2626 2693 2729 2746; x_wconf 90' lang='lat' dir='ltr'><strong><em>loci</em></strong></span> <span class='ocrx_word' id='word_1_297' title='bbox 2772 2690 3133 2760; x_wconf 89' lang='lat' dir='ltr'><strong><em>lnterpretum</em></strong></span> <span class='ocrx_word' id='word_1_298' title='bbox 3171 2685 3337 2751; x_wconf 79' lang='lat' dir='ltr'><strong><em>L-XX,</em></strong></span> <span class='ocrx_word' id='word_1_299' title='bbox 3364 2684 3634 2779; x_wconf 9' lang='lat' dir='ltr'><strong><em>VlluEgsdr.</em></strong></span> <span class='ocrx_word' id='word_1_300' title='bbox 3661 2696 3698 2779; x_wconf 76' lang='lat' dir='ltr'><strong><em>t,</em></strong></span> 
     </span>
    </p>
   </div>
   <div class='ocr_carea' id='block_1_38' title="bbox 449 2773 2029 2869">
    <p class='ocr_par' dir='ltr' id='par_1_38' title="bbox 449 2794 2029 2869">
     <span class='ocr_line' id='line_1_39' title="bbox 449 2794 2029 2869; baseline -0.004 -12"><span class='ocrx_word' id='word_1_301' title='bbox 449 2797 753 2857; x_wconf 68' lang='lat' dir='ltr'><strong><em>divinoium</em></strong></span> <span class='ocrx_word' id='word_1_302' title='bbox 794 2799 1130 2856; x_wconf 88' lang='lat' dir='ltr'><strong><em>voluminum</em></strong></span> <span class='ocrx_word' id='word_1_303' title='bbox 1173 2799 1599 2869; x_wconf 87' lang='lat' dir='ltr'><strong><em>comparandam</em></strong></span> <span class='ocrx_word' id='word_1_304' title='bbox 1632 2796 1878 2851; x_wconf 89' lang='lat' dir='ltr'><strong><em>notitiam</em></strong></span> <span class='ocrx_word' id='word_1_305' title='bbox 1905 2794 2029 2851; x_wconf 87' lang='lat' dir='ltr'><strong><em>sub-</em></strong></span> 
     </span>
    </p>
   </div>
   <div class='ocr_carea' id='block_1_39' title="bbox 2137 2773 3703 2869">
    <p class='ocr_par' dir='ltr' id='par_1_39' title="bbox 2140 2773 3703 2869">
     <span class='ocr_line' id='line_1_40' title="bbox 2140 2773 3703 2869; baseline -0.01 -25"><span class='ocrx_word' id='word_1_306' title='bbox 2140 2792 2227 2854; x_wconf 79' lang='lat' dir='ltr'><strong><em>H,</em></strong></span> <span class='ocrx_word' id='word_1_307' title='bbox 2262 2786 2517 2858; x_wconf 78' lang='grc' dir='ltr'>εὐνοῦχος</span> <span class='ocrx_word' id='word_1_308' title='bbox 2554 2783 2634 2855; x_wconf 81' lang='grc' dir='ltr'><strong><em>τῷ</em></strong></span> <span class='ocrx_word' id='word_1_309' title='bbox 2660 2782 2889 2855; x_wconf 78' lang='grc' dir='ltr'><strong><em>βασιλεῖ.</em></strong></span> <span class='ocrx_word' id='word_1_310' title='bbox 2923 2781 3034 2851; x_wconf 78' lang='lat'><strong><em>(6‘2)</em></strong></span> <span class='ocrx_word' id='word_1_311' title='bbox 3065 2779 3218 2847; x_wconf 85' lang='lat' dir='ltr'><strong><em>Quod</em></strong></span> <span class='ocrx_word' id='word_1_312' title='bbox 3263 2779 3310 2833; x_wconf 87' lang='lat' dir='ltr'><strong><em>si</em></strong></span> <span class='ocrx_word' id='word_1_313' title='bbox 3358 2778 3412 2869; x_wconf 62' lang='lat' dir='ltr'><strong><em>iu</em></strong></span> <span class='ocrx_word' id='word_1_314' title='bbox 3444 2773 3703 2869; x_wconf 71' lang='lat' dir='ltr'><strong><em>Hebraicis</em></strong></span> 
     </span>
    </p>
   </div>
   <div class='ocr_carea' id='block_1_40' title="bbox 448 2886 2037 2962">
    <p class='ocr_par' dir='ltr' id='par_1_40' title="bbox 448 2886 2037 2962">
     <span class='ocr_line' id='line_1_41' title="bbox 448 2886 2037 2962; baseline -0.006 -14"><span class='ocrx_word' id='word_1_315' title='bbox 448 2894 647 2948; x_wconf 82' lang='lat' dir='ltr'><strong><em>sidiam</em></strong></span> <span class='ocrx_word' id='word_1_316' title='bbox 674 2891 912 2962; x_wconf 77' lang='lat' dir='ltr'><strong><em>neglexit</em></strong></span> <span class='ocrx_word' id='word_1_317' title='bbox 946 2909 960 2945; x_wconf 90' lang='lat'><strong>:</strong></span> <span class='ocrx_word' id='word_1_318' title='bbox 993 2906 1114 2945; x_wconf 93' lang='lat' dir='ltr'><strong><em>cum</em></strong></span> <span class='ocrx_word' id='word_1_319' title='bbox 1148 2891 1362 2960; x_wconf 83' lang='lat' dir='ltr'><strong><em>vulgata</em></strong></span> <span class='ocrx_word' id='word_1_320' title='bbox 1398 2890 1598 2959; x_wconf 88' lang='lat' dir='ltr'><strong><em>quippe</em></strong></span> <span class='ocrx_word' id='word_1_321' title='bbox 1630 2889 1771 2956; x_wconf 90' lang='lat' dir='ltr'><strong><em>apud</em></strong></span> <span class='ocrx_word' id='word_1_322' title='bbox 1801 2886 2037 2940; x_wconf 77' lang='lat' dir='ltr'><strong><em>Alexan-</em></strong></span> 
     </span>
    </p>
   </div>
   <div class='ocr_carea' id='block_1_41' title="bbox 448 2966 2036 3054">
    <p class='ocr_par' dir='ltr' id='par_1_41' title="bbox 448 2966 2036 3054">
     <span class='ocr_line' id='line_1_42' title="bbox 448 2966 2036 3054; baseline -0.003 -14"><span class='ocrx_word' id='word_1_323' title='bbox 448 2986 637 3041; x_wconf 91' lang='lat' dir='ltr'><strong><em>drinos</em></strong></span> <span class='ocrx_word' id='word_1_324' title='bbox 695 2966 1047 3054; x_wconf 76' lang='lat' dir='ltr'><strong><em>Septuaginta</em></strong></span> <span class='ocrx_word' id='word_1_325' title='bbox 1108 2983 1314 3039; x_wconf 88' lang='lat' dir='ltr'><strong><em>Senum</em></strong></span> <span class='ocrx_word' id='word_1_326' title='bbox 1390 2980 1835 3049; x_wconf 88' lang='lat' dir='ltr'><strong><em>interpretatione</em></strong></span> <span class='ocrx_word' id='word_1_327' title='bbox 1898 2979 2036 3035; x_wconf 89' lang='lat' dir='ltr'><strong><em>alias</em></strong></span> 
     </span>
    </p>
   </div>
   <div class='ocr_carea' id='block_1_42' title="bbox 448 3072 2033 3147">
    <p class='ocr_par' dir='ltr' id='par_1_42' title="bbox 448 3072 2033 3147">
     <span class='ocr_line' id='line_1_43' title="bbox 448 3072 2033 3147; baseline -0.002 -19"><span class='ocrx_word' id='word_1_328' title='bbox 448 3075 660 3147; x_wconf 84' lang='lat' dir='ltr'><strong><em>magnis</em></strong></span> <span class='ocrx_word' id='word_1_329' title='bbox 682 3090 711 3129; x_wconf 93' lang='lat' dir='ltr'><strong><em>a</em></strong></span> <span class='ocrx_word' id='word_1_330' title='bbox 742 3091 803 3131; x_wconf 91' lang='lat' dir='ltr'><strong><em>se</em></strong></span> <span class='ocrx_word' id='word_1_331' title='bbox 838 3076 1145 3145; x_wconf 89' lang='lat' dir='ltr'><strong><em>sumptibus</em></strong></span> <span class='ocrx_word' id='word_1_332' title='bbox 1182 3076 1488 3145; x_wconf 90' lang='lat' dir='ltr'><strong><em>redemptas</em></strong></span> <span class='ocrx_word' id='word_1_333' title='bbox 1529 3073 1777 3139; x_wconf 86' lang='lat' dir='ltr'><strong><em>contulit,</em></strong></span> <span class='ocrx_word' id='word_1_334' title='bbox 1803 3072 2033 3143; x_wconf 67' lang='lat' dir='ltr'><strong><em>Aquilae,</em></strong></span> 
     </span>
    </p>
   </div>
   <div class='ocr_carea' id='block_1_43' title="bbox 447 3163 2037 3238">
    <p class='ocr_par' dir='ltr' id='par_1_43' title="bbox 447 3163 2037 3238">
     <span class='ocr_line' id='line_1_44' title="bbox 447 3163 2037 3238; baseline -0.001 -19"><span class='ocrx_word' id='word_1_335' title='bbox 447 3163 833 3222; x_wconf 84' lang='lat' dir='ltr'><strong><em>Theodotionis</em></strong></span> <span class='ocrx_word' id='word_1_336' title='bbox 886 3175 943 3220; x_wconf 89' lang='lat' dir='ltr'><strong><em>et</em></strong></span> <span class='ocrx_word' id='word_1_337' title='bbox 986 3166 1336 3238; x_wconf 88' lang='lat' dir='ltr'><strong><em>Symmachi;</em></strong></span> <span class='ocrx_word' id='word_1_338' title='bbox 1377 3181 1441 3220; x_wconf 90' lang='lat' dir='ltr'><strong><em>ac</em></strong></span> <span class='ocrx_word' id='word_1_339' title='bbox 1485 3165 1739 3232; x_wconf 86' lang='lat' dir='ltr'><strong><em>Quintam</em></strong></span> <span class='ocrx_word' id='word_1_340' title='bbox 1801 3165 1952 3232; x_wconf 92' lang='lat' dir='ltr'><strong><em>item,</em></strong></span> <span class='ocrx_word' id='word_1_341' title='bbox 1981 3173 2037 3218; x_wconf 87' lang='lat' dir='ltr'><strong><em>et</em></strong></span> 
     </span>
    </p>
   </div>
   <div class='ocr_carea' id='block_1_44' title="bbox 448 3258 2036 3330">
    <p class='ocr_par' dir='ltr' id='par_1_44' title="bbox 448 3258 2036 3330">
     <span class='ocr_line' id='line_1_45' title="bbox 448 3258 2036 3330; baseline -0.001 -16"><span class='ocrx_word' id='word_1_342' title='bbox 448 3258 668 3314; x_wconf 87' lang='lat' dir='ltr'><strong><em>Sextam</em></strong></span> <span class='ocrx_word' id='word_1_343' title='bbox 704 3260 757 3314; x_wconf 92' lang='lat' dir='ltr'><strong><em>in</em></strong></span> <span class='ocrx_word' id='word_1_344' title='bbox 783 3260 959 3317; x_wconf 89' lang='lat' dir='ltr'><strong><em>lucem</em></strong></span> <span class='ocrx_word' id='word_1_345' title='bbox 1004 3276 1034 3315; x_wconf 90' lang='lat' dir='ltr'><strong><em>a</em></strong></span> <span class='ocrx_word' id='word_1_346' title='bbox 1079 3274 1138 3316; x_wconf 88' lang='lat' dir='ltr'><strong><em>se</em></strong></span> <span class='ocrx_word' id='word_1_347' title='bbox 1159 3261 1335 3328; x_wconf 91' lang='lat' dir='ltr'><strong><em>primo</em></strong></span> <span class='ocrx_word' id='word_1_348' title='bbox 1360 3259 1568 3325; x_wconf 86' lang='lat' dir='ltr'><strong><em>editas;</em></strong></span> <span class='ocrx_word' id='word_1_349' title='bbox 1606 3273 1808 3330; x_wconf 87' lang='lat' dir='ltr'><strong><em>easque</em></strong></span> <span class='ocrx_word' id='word_1_350' title='bbox 1839 3259 1904 3313; x_wconf 88' lang='lat' dir='ltr'><strong><em>ad</em></strong></span> <span class='ocrx_word' id='word_1_351' title='bbox 1937 3258 2036 3313; x_wconf 88' lang='lat' dir='ltr'><strong><em>He-</em></strong></span> 
     </span>
    </p>
   </div>
   <div class='ocr_carea' id='block_1_45' title="bbox 447 3348 2031 3420">
    <p class='ocr_par' dir='ltr' id='par_1_45' title="bbox 447 3348 2031 3420">
     <span class='ocr_line' id='line_1_46' title="bbox 447 3348 2031 3420; baseline -0.001 -15"><span class='ocrx_word' id='word_1_352' title='bbox 447 3350 637 3406; x_wconf 86' lang='lat' dir='ltr'><strong><em>braica</em></strong></span> <span class='ocrx_word' id='word_1_353' title='bbox 686 3352 1119 3406; x_wconf 89' lang='lat' dir='ltr'><strong><em>accommodavit</em></strong></span> <span class='ocrx_word' id='word_1_354' title='bbox 1160 3351 1511 3419; x_wconf 78' lang='lat' dir='ltr'><strong><em>exemplaria,</em></strong></span> <span class='ocrx_word' id='word_1_355' title='bbox 1564 3353 1705 3406; x_wconf 88' lang='lat' dir='ltr'><strong><em>unde</em></strong></span> <span class='ocrx_word' id='word_1_356' title='bbox 1760 3348 2031 3420; x_wconf 86' lang='lat' dir='ltr'><strong><em>Tetrapla,</em></strong></span> 
     </span>
    </p>
   </div>
   <div class='ocr_carea' id='block_1_46' title="bbox 430 3440 1420 3511">
    <p class='ocr_par' dir='ltr' id='par_1_46' title="bbox 430 3440 1420 3511">
     <span class='ocr_line' id='line_1_47' title="bbox 430 3440 1420 3511; baseline -0.006 -12"><span class='ocrx_word' id='word_1_357' title='bbox 430 3440 685 3510; x_wconf 74' lang='lat' dir='ltr'><strong><em>.Ilexaplt</em></strong></span> <span class='ocrx_word' id='word_1_358' title='bbox 732 3450 785 3496; x_wconf 93' lang='lat' dir='ltr'><strong><em>et</em></strong></span> <span class='ocrx_word' id='word_1_359' title='bbox 817 3441 1041 3511; x_wconf 89' lang='lat' dir='ltr'><strong><em>Octapla</em></strong></span> <span class='ocrx_word' id='word_1_360' title='bbox 1072 3443 1420 3496; x_wconf 91' lang='lat' dir='ltr'><strong><em>exstiterunt.</em></strong></span> 
     </span>
    </p>
   </div>
   <div class='ocr_carea' id='block_1_47' title="bbox 513 3531 2033 3603">
    <p class='ocr_par' dir='ltr' id='par_1_47' title="bbox 513 3531 2033 3603">
     <span class='ocr_line' id='line_1_48' title="bbox 513 3531 2033 3603; baseline -0.003 -14"><span class='ocrx_word' id='word_1_361' title='bbox 513 3533 751 3602; x_wconf 82' lang='lat' dir='ltr'><strong><em>ILQuod</em></strong></span> <span class='ocrx_word' id='word_1_362' title='bbox 779 3534 823 3588; x_wconf 88' lang='lat' dir='ltr'><strong><em>si</em></strong></span> <span class='ocrx_word' id='word_1_363' title='bbox 852 3533 972 3603; x_wconf 86' lang='lat' dir='ltr'><strong><em>plus</em></strong></span> <span class='ocrx_word' id='word_1_364' title='bbox 997 3548 1121 3589; x_wconf 86' lang='lat' dir='ltr'><strong><em>sese</em></strong></span> <span class='ocrx_word' id='word_1_365' title='bbox 1152 3533 1204 3586; x_wconf 93' lang='lat' dir='ltr'><strong><em>in</em></strong></span> <span class='ocrx_word' id='word_1_366' title='bbox 1237 3531 1518 3587; x_wconf 89' lang='lat' dir='ltr'><strong><em>Hebraicis</em></strong></span> <span class='ocrx_word' id='word_1_367' title='bbox 1544 3532 1897 3596; x_wconf 81' lang='lat' dir='ltr'><strong><em>exercuisset,</em></strong></span> <span class='ocrx_word' id='word_1_368' title='bbox 1920 3545 2033 3586; x_wconf 89' lang='lat' dir='ltr'><strong><em>ma-</em></strong></span> 
     </span>
    </p>
   </div>
   <div class='ocr_carea' id='block_1_48' title="bbox 442 3622 2032 3695">
    <p class='ocr_par' dir='ltr' id='par_1_48' title="bbox 442 3622 2032 3695">
     <span class='ocr_line' id='line_1_49' title="bbox 442 3622 2032 3695; baseline -0.003 -14"><span class='ocrx_word' id='word_1_369' title='bbox 442 3625 728 3695; x_wconf 78' lang='lat' dir='ltr'><strong><em>ioremque</em></strong></span> <span class='ocrx_word' id='word_1_370' title='bbox 755 3624 951 3695; x_wconf 73' lang='lat' dir='ltr'><strong><em>lingua:</em></strong></span> <span class='ocrx_word' id='word_1_371' title='bbox 989 3622 1145 3693; x_wconf 85' lang='lat' dir='ltr'><strong><em>hujus</em></strong></span> <span class='ocrx_word' id='word_1_372' title='bbox 1171 3623 1363 3679; x_wconf 80' lang='lat' dir='ltr'><strong><em>fuisset</em></strong></span> <span class='ocrx_word' id='word_1_373' title='bbox 1391 3625 1641 3695; x_wconf 89' lang='lat' dir='ltr'><strong><em>peritiam</em></strong></span> <span class='ocrx_word' id='word_1_374' title='bbox 1679 3634 2032 3688; x_wconf 89' lang='lat' dir='ltr'><strong><em>consecutus,</em></strong></span> 
     </span>
    </p>
   </div>
   <div class='ocr_carea' id='block_1_49' title="bbox 449 3715 2033 3787">
    <p class='ocr_par' dir='ltr' id='par_1_49' title="bbox 449 3715 2033 3787">
     <span class='ocr_line' id='line_1_50' title="bbox 449 3715 2033 3787; baseline -0.001 -17"><span class='ocrx_word' id='word_1_375' title='bbox 449 3717 582 3771; x_wconf 90' lang='lat' dir='ltr'><strong><em>nihil</em></strong></span> <span class='ocrx_word' id='word_1_376' title='bbox 614 3717 663 3771; x_wconf 92' lang='lat' dir='ltr'><strong><em>ei</em></strong></span> <span class='ocrx_word' id='word_1_377' title='bbox 711 3718 776 3771; x_wconf 88' lang='lat' dir='ltr'><strong><em>ad</em></strong></span> <span class='ocrx_word' id='word_1_378' title='bbox 826 3716 1122 3787; x_wconf 87' lang='lat' dir='ltr'><strong><em>perfectam</em></strong></span> <span class='ocrx_word' id='word_1_379' title='bbox 1153 3724 1331 3773; x_wconf 59' lang='lat' dir='ltr'><strong><em>Sacrae</em></strong></span> <span class='ocrx_word' id='word_1_380' title='bbox 1369 3716 1502 3785; x_wconf 85' lang='lat' dir='ltr'><strong><em>legis</em></strong></span> <span class='ocrx_word' id='word_1_381' title='bbox 1545 3717 1906 3786; x_wconf 84' lang='lat' dir='ltr'><strong><em>cognitionem</em></strong></span> <span class='ocrx_word' id='word_1_382' title='bbox 1936 3715 2033 3769; x_wconf 90' lang='lat' dir='ltr'><strong><em>de-</em></strong></span> 
     </span>
    </p>
   </div>
   <div class='ocr_carea' id='block_1_50' title="bbox 448 3807 2033 3877">
    <p class='ocr_par' dir='ltr' id='par_1_50' title="bbox 448 3807 2033 3877">
     <span class='ocr_line' id='line_1_51' title="bbox 448 3807 2033 3877; baseline 0 -17"><span class='ocrx_word' id='word_1_383' title='bbox 448 3808 642 3863; x_wconf 79' lang='lat' dir='ltr'><strong><em>fuisset</em></strong></span> <span class='ocrx_word' id='word_1_384' title='bbox 667 3828 679 3862; x_wconf 94' lang='lat'>:</span> <span class='ocrx_word' id='word_1_385' title='bbox 704 3811 796 3864; x_wconf 84' lang='lat' dir='ltr'><strong><em>sed</em></strong></span> <span class='ocrx_word' id='word_1_386' title='bbox 836 3820 1042 3864; x_wconf 88' lang='lat' dir='ltr'><strong><em>tantum</em></strong></span> <span class='ocrx_word' id='word_1_387' title='bbox 1071 3808 1342 3877; x_wconf 83' lang='lat' dir='ltr'><strong><em>decerpsit</em></strong></span> <span class='ocrx_word' id='word_1_388' title='bbox 1367 3823 1432 3863; x_wconf 81' lang='lat' dir='ltr'><strong><em>ex</em></strong></span> <span class='ocrx_word' id='word_1_389' title='bbox 1456 3824 1519 3861; x_wconf 89' lang='lat' dir='ltr'><strong><em>ea</em></strong></span> <span class='ocrx_word' id='word_1_390' title='bbox 1542 3807 1734 3877; x_wconf 87' lang='lat' dir='ltr'><strong><em>gloria,</em></strong></span> <span class='ocrx_word' id='word_1_391' title='bbox 1766 3817 2033 3877; x_wconf 90' lang='lat' dir='ltr'><strong><em>quantum</em></strong></span> 
     </span>
    </p>
   </div>
   <div class='ocr_carea' id='block_1_51' title="bbox 446 3900 2029 3972">
    <p class='ocr_par' dir='ltr' id='par_1_51' title="bbox 446 3900 2029 3972">
     <span class='ocr_line' id='line_1_52' title="bbox 446 3900 2029 3972; baseline 0 -17"><span class='ocrx_word' id='word_1_392' title='bbox 446 3914 511 3955; x_wconf 87' lang='lat' dir='ltr'><strong><em>ex</em></strong></span> <span class='ocrx_word' id='word_1_393' title='bbox 542 3900 763 3970; x_wconf 65' lang='lat' dir='ltr'><strong><em>loquela:</em></strong></span> <span class='ocrx_word' id='word_1_394' title='bbox 794 3902 957 3972; x_wconf 79' lang='lat' dir='ltr'><strong><em>huius</em></strong></span> <span class='ocrx_word' id='word_1_395' title='bbox 983 3902 1160 3959; x_wconf 89' lang='lat' dir='ltr'><strong><em>studio</em></strong></span> <span class='ocrx_word' id='word_1_396' title='bbox 1192 3904 1448 3958; x_wconf 81' lang='lat' dir='ltr'><strong><em>detraxit.</em></strong></span> <span class='ocrx_word' id='word_1_397' title='bbox 1472 3901 1660 3956; x_wconf 81' lang='lat' dir='ltr'><strong><em>Dicam</em></strong></span> <span class='ocrx_word' id='word_1_398' title='bbox 1696 3901 1837 3955; x_wconf 90' lang='lat' dir='ltr'><strong><em>enim</em></strong></span> <span class='ocrx_word' id='word_1_399' title='bbox 1863 3915 1988 3956; x_wconf 89' lang='lat' dir='ltr'><strong><em>vere</em></strong></span> <span class='ocrx_word' id='word_1_400' title='bbox 2014 3917 2029 3955; x_wconf 91' lang='lat'><strong>:</strong></span> 
     </span>
    </p>
   </div>
   <div class='ocr_carea' id='block_1_52' title="bbox 448 3992 2031 4065">
    <p class='ocr_par' dir='ltr' id='par_1_52' title="bbox 448 3992 2031 4065">
     <span class='ocr_line' id='line_1_53' title="bbox 448 3992 2031 4065; baseline 0.006 -23"><span class='ocrx_word' id='word_1_401' title='bbox 448 3992 533 4047; x_wconf 88' lang='lat' dir='ltr'><strong><em>vel</em></strong></span> <span class='ocrx_word' id='word_1_402' title='bbox 570 3992 874 4050; x_wconf 87' lang='lat' dir='ltr'><strong><em>Hebraismi</em></strong></span> <span class='ocrx_word' id='word_1_403' title='bbox 915 4011 1103 4065; x_wconf 89' lang='lat' dir='ltr'><strong><em>parum</em></strong></span> <span class='ocrx_word' id='word_1_404' title='bbox 1144 3996 1383 4051; x_wconf 84' lang='lat' dir='ltr'><strong><em>scientes</em></strong></span> <span class='ocrx_word' id='word_1_405' title='bbox 1410 4003 1557 4060; x_wconf 90' lang='lat' dir='ltr'><strong><em>sunt,</em></strong></span> <span class='ocrx_word' id='word_1_406' title='bbox 1591 3994 1675 4049; x_wconf 90' lang='lat' dir='ltr'><strong><em>vel</em></strong></span> <span class='ocrx_word' id='word_1_407' title='bbox 1706 3995 1758 4049; x_wconf 94' lang='lat' dir='ltr'><strong><em>in</em></strong></span> <span class='ocrx_word' id='word_1_408' title='bbox 1799 3994 2031 4051; x_wconf 85' lang='lat' dir='ltr'><strong><em>lectione</em></strong></span> 
     </span>
    </p>
   </div>
   <div class='ocr_carea' id='block_1_53' title="bbox 2140 2849 3703 2952">
    <p class='ocr_par' dir='ltr' id='par_1_53' title="bbox 2140 2849 3703 2952">
     <span class='ocr_line' id='line_1_54' title="bbox 2140 2849 3703 2952; baseline -0.007 -18"><span class='ocrx_word' id='word_1_409' title='bbox 2140 2849 2637 2948; x_wconf 47' lang='lat' dir='ltr'><strong><em>utcunque&#39;luisset</em></strong></span> <span class='ocrx_word' id='word_1_410' title='bbox 2660 2849 2940 2937; x_wconf 59' lang='lat' dir='ltr'><strong><em>versatus,</em></strong></span> <span class='ocrx_word' id='word_1_411' title='bbox 2968 2886 3088 2941; x_wconf 69' lang='lat' dir='ltr'><strong><em>qua:</em></strong></span> <span class='ocrx_word' id='word_1_412' title='bbox 3115 2870 3318 2924; x_wconf 87' lang='lat' dir='ltr'><strong><em>habent</em></strong></span> <span class='ocrx_word' id='word_1_413' title='bbox 3353 2849 3510 2948; x_wconf 49' lang='lat'><strong><em>1512‘)</em></strong></span> <span class='ocrx_word' id='word_1_414' title='bbox 3539 2873 3703 2952; x_wconf 69' lang='lat' dir='ltr'><strong><em>opm</em></strong></span> 
     </span>
    </p>
   </div>
   <div class='ocr_carea' id='block_1_54' title="bbox 2137 2958 3701 3038">
    <p class='ocr_par' dir='ltr' id='par_1_54' title="bbox 2137 2958 3701 3038">
     <span class='ocr_line' id='line_1_55' title="bbox 2137 2958 3701 3038; baseline -0.013 -8"><span class='ocrx_word' id='word_1_415' title='bbox 2137 2973 2478 3030; x_wconf 85' lang='lat' dir='ltr'><strong><em>emendasset</em></strong></span> <span class='ocrx_word' id='word_1_416' title='bbox 2520 2970 2706 3038; x_wconf 90' lang='lat' dir='ltr'><strong><em>utique</em></strong></span> <span class='ocrx_word' id='word_1_417' title='bbox 2729 2967 2785 3022; x_wconf 91' lang='lat' dir='ltr'><strong><em>in</em></strong></span> <span class='ocrx_word' id='word_1_418' title='bbox 2818 2969 2929 3029; x_wconf 82' lang='grc' dir='ltr'><strong><em>τοῖς</em></strong></span> <span class='ocrx_word' id='word_1_419' title='bbox 2953 2966 3044 3018; x_wconf 79' lang='lat'><strong><em>0&quot;</em></strong></span> <span class='ocrx_word' id='word_1_420' title='bbox 3082 2963 3319 3034; x_wconf 74' lang='grc' dir='ltr'><strong><em>οἰνοχόος</em></strong></span> <span class='ocrx_word' id='word_1_421' title='bbox 3370 2960 3445 3031; x_wconf 77' lang='grc' dir='ltr'><strong><em>τῷ</em></strong></span> <span class='ocrx_word' id='word_1_422' title='bbox 3477 2958 3701 3030; x_wconf 81' lang='grc' dir='ltr'><strong><em>βασιλεῖ,</em></strong></span> 
     </span>
    </p>
   </div>
   <div class='ocr_carea' id='block_1_55' title="bbox 2137 3052 3703 3128">
    <p class='ocr_par' dir='ltr' id='par_1_55' title="bbox 2137 3052 3703 3128">
     <span class='ocr_line' id='line_1_56' title="bbox 2137 3052 3703 3128; baseline -0.013 -6"><span class='ocrx_word' id='word_1_423' title='bbox 2137 3066 2185 3122; x_wconf 88' lang='lat' dir='ltr'><strong><em>si</em></strong></span> <span class='ocrx_word' id='word_1_424' title='bbox 2223 3064 2381 3119; x_wconf 90' lang='lat' dir='ltr'><strong><em>modo</em></strong></span> <span class='ocrx_word' id='word_1_425' title='bbox 2421 3063 2566 3117; x_wconf 90' lang='lat' dir='ltr'><strong><em>hunc</em></strong></span> <span class='ocrx_word' id='word_1_426' title='bbox 2596 3060 2714 3128; x_wconf 89' lang='lat' dir='ltr'><strong><em>ipse</em></strong></span> <span class='ocrx_word' id='word_1_427' title='bbox 2750 3071 2993 3113; x_wconf 89' lang='lat' dir='ltr'><strong><em>errorem</em></strong></span> <span class='ocrx_word' id='word_1_428' title='bbox 3026 3070 3136 3111; x_wconf 90' lang='lat' dir='ltr'><strong><em>non</em></strong></span> <span class='ocrx_word' id='word_1_429' title='bbox 3172 3054 3402 3115; x_wconf 82' lang='lat' dir='ltr'><strong><em>invexit,</em></strong></span> <span class='ocrx_word' id='word_1_430' title='bbox 3441 3052 3531 3121; x_wconf 89' lang='lat' dir='ltr'><strong><em>qui</em></strong></span> <span class='ocrx_word' id='word_1_431' title='bbox 3570 3057 3703 3104; x_wconf 87' lang='lat' dir='ltr'><strong><em>certe</em></strong></span> 
     </span>
    </p>
   </div>
   <div class='ocr_carea' id='block_1_56' title="bbox 2138 3145 3703 3226">
    <p class='ocr_par' dir='ltr' id='par_1_56' title="bbox 2138 3145 3703 3226">
     <span class='ocr_line' id='line_1_57' title="bbox 2138 3145 3703 3226; baseline -0.012 -13"><span class='ocrx_word' id='word_1_432' title='bbox 2138 3160 2191 3213; x_wconf 93' lang='lat' dir='ltr'><strong><em>in</em></strong></span> <span class='ocrx_word' id='word_1_433' title='bbox 2218 3156 2570 3226; x_wconf 81' lang='lat' dir='ltr'><strong><em>Septuaginta</em></strong></span> <span class='ocrx_word' id='word_1_434' title='bbox 2601 3150 2891 3207; x_wconf 88' lang='lat' dir='ltr'><strong><em>Seniorum</em></strong></span> <span class='ocrx_word' id='word_1_435' title='bbox 2919 3146 3327 3217; x_wconf 85' lang='lat' dir='ltr'><strong><em>exemplaribus</em></strong></span> <span class='ocrx_word' id='word_1_436' title='bbox 3356 3145 3596 3214; x_wconf 89' lang='lat' dir='ltr'><strong><em>nuspiam</em></strong></span> <span class='ocrx_word' id='word_1_437' title='bbox 3618 3156 3703 3196; x_wconf 85' lang='lat' dir='ltr'><strong><em>ex-</em></strong></span> 
     </span>
    </p>
   </div>
   <div class='ocr_carea' id='block_1_57' title="bbox 2136 3232 3697 3316">
    <p class='ocr_par' dir='ltr' id='par_1_57' title="bbox 2136 3232 3697 3316">
     <span class='ocr_line' id='line_1_58' title="bbox 2136 3232 3697 3316; baseline -0.013 -10"><span class='ocrx_word' id='word_1_438' title='bbox 2136 3260 2242 3306; x_wconf 90' lang='lat' dir='ltr'><strong><em>stat</em></strong></span> <span class='ocrx_word' id='word_1_439' title='bbox 2263 3265 2275 3301; x_wconf 92' lang='lat'><strong>:</strong></span> <span class='ocrx_word' id='word_1_440' title='bbox 2296 3245 2591 3316; x_wconf 75' lang='lat' dir='ltr'><strong><em>cuiusmodi</em></strong></span> <span class='ocrx_word' id='word_1_441' title='bbox 2614 3253 2697 3298; x_wconf 91' lang='lat' dir='ltr'><strong><em>est</em></strong></span> <span class='ocrx_word' id='word_1_442' title='bbox 2718 3244 2900 3312; x_wconf 90' lang='lat' dir='ltr'><strong><em>inepta</em></strong></span> <span class='ocrx_word' id='word_1_443' title='bbox 2915 3241 3006 3295; x_wconf 88' lang='lat' dir='ltr'><strong><em>illa</em></strong></span> <span class='ocrx_word' id='word_1_444' title='bbox 3021 3238 3291 3310; x_wconf 85' lang='lat' dir='ltr'><strong><em>expositio</em></strong></span> <span class='ocrx_word' id='word_1_445' title='bbox 3313 3235 3557 3292; x_wconf 89' lang='lat' dir='ltr'><strong><em>vocabuli</em></strong></span> <span class='ocrx_word' id='word_1_446' title='bbox 3574 3232 3697 3305; x_wconf 79' lang='lat'><strong><em>(65),</em></strong></span> 
     </span>
    </p>
   </div>
   <div class='ocr_carea' id='block_1_58' title="bbox 2140 3326 3704 3406">
    <p class='ocr_par' dir='ltr' id='par_1_58' title="bbox 2140 3326 3704 3406">
     <span class='ocr_line' id='line_1_59' title="bbox 2140 3326 3704 3406; baseline -0.009 -14"><span class='ocrx_word' id='word_1_447' title='bbox 2140 3360 2160 3392; x_wconf 73' lang='grc' dir='ltr'><strong><em>ι</em></strong></span> <span class='ocrx_word' id='word_1_448' title='bbox 2197 3340 2462 3402; x_wconf 87' lang='lat' dir='ltr'><strong><em>Joannes,</em></strong></span> <span class='ocrx_word' id='word_1_449' title='bbox 2499 3355 2518 3388; x_wconf 74' lang='grc' dir='ltr'><strong><em>ι</em></strong></span> <span class='ocrx_word' id='word_1_450' title='bbox 2559 3335 2706 3406; x_wconf 90' lang='lat' dir='ltr'><strong><em>quod</em></strong></span> <span class='ocrx_word' id='word_1_451' title='bbox 2750 3332 2982 3391; x_wconf 85' lang='lat' dir='ltr'><strong><em>formari</em></strong></span> <span class='ocrx_word' id='word_1_452' title='bbox 3033 3330 3374 3387; x_wconf 81' lang='lat' dir='ltr'><strong><em>existimavit</em></strong></span> <span class='ocrx_word' id='word_1_453' title='bbox 3424 3344 3455 3382; x_wconf 90' lang='lat' dir='ltr'><strong><em>a</em></strong></span> <span class='ocrx_word' id='word_1_454' title='bbox 3504 3326 3704 3381; x_wconf 82' lang='lat' dir='ltr'><strong><em>nomine</em></strong></span> 
     </span>
    </p>
   </div>
   <div class='ocr_carea' id='block_1_59' title="bbox 2133 3421 3705 3518">
    <p class='ocr_par' dir='ltr' id='par_1_59' title="bbox 2133 3421 3705 3518">
     <span class='ocr_line' id='line_1_60' title="bbox 2133 3421 3705 3518; baseline -0.013 -26"><span class='ocrx_word' id='word_1_455' title='bbox 2133 3445 2255 3498; x_wconf 73' lang='lat' dir='ltr'><strong><em>mm</em></strong></span> <span class='ocrx_word' id='word_1_456' title='bbox 2293 3433 2537 3506; x_wconf 71' lang='lat' dir='ltr'><strong><em>praefixo,</em></strong></span> <span class='ocrx_word' id='word_1_457' title='bbox 2579 3441 2635 3485; x_wconf 92' lang='lat' dir='ltr'><strong><em>et</em></strong></span> <span class='ocrx_word' id='word_1_458' title='bbox 2668 3438 2781 3518; x_wconf 49' lang='lat' dir='ltr'><strong><em>(an,</em></strong></span> <span class='ocrx_word' id='word_1_459' title='bbox 2808 3444 2931 3483; x_wconf 90' lang='lat' dir='ltr'><strong><em>cum</em></strong></span> <span class='ocrx_word' id='word_1_460' title='bbox 2966 3442 3033 3481; x_wconf 89' lang='lat' dir='ltr'><strong><em>ex</em></strong></span> <span class='ocrx_word' id='word_1_461' title='bbox 3063 3425 3178 3481; x_wconf 90' lang='lat' dir='ltr'><strong><em>solo</em></strong></span> <span class='ocrx_word' id='word_1_462' title='bbox 3201 3433 3289 3513; x_wconf 69' lang='grc' dir='ltr'><strong><em>τις-ι</em></strong></span> <span class='ocrx_word' id='word_1_463' title='bbox 3328 3421 3705 3518; x_wconf 66' lang='lat' dir='ltr'><strong><em>praeﬁxisser-</em></strong></span> 
     </span>
    </p>
   </div>
   <div class='ocr_carea' id='block_1_60' title="bbox 2139 3510 3701 3584">
    <p class='ocr_par' dir='ltr' id='par_1_60' title="bbox 2139 3510 3701 3584">
     <span class='ocr_line' id='line_1_61' title="bbox 2139 3510 3701 3584; baseline -0.013 -1"><span class='ocrx_word' id='word_1_464' title='bbox 2139 3527 2337 3583; x_wconf 89' lang='lat' dir='ltr'><strong><em>vilibus</em></strong></span> <span class='ocrx_word' id='word_1_465' title='bbox 2394 3524 2599 3579; x_wconf 89' lang='lat' dir='ltr'><strong><em>litteris</em></strong></span> <span class='ocrx_word' id='word_1_466' title='bbox 2650 3510 2953 3576; x_wconf 79' lang='lat' dir='ltr'><strong><em>derivatum</em></strong></span> <span class='ocrx_word' id='word_1_467' title='bbox 3006 3518 3096 3573; x_wconf 89' lang='lat' dir='ltr'><strong><em>sit.</em></strong></span> <span class='ocrx_word' id='word_1_468' title='bbox 3151 3510 3488 3584; x_wconf 81' lang='lat' dir='ltr'><strong><em>Plerumque</em></strong></span> <span class='ocrx_word' id='word_1_469' title='bbox 3535 3510 3701 3567; x_wconf 79' lang='lat' dir='ltr'><strong><em>itidem</em></strong></span> 
     </span>
    </p>
   </div>
   <div class='ocr_carea' id='block_1_61' title="bbox 2134 3597 3704 3688">
    <p class='ocr_par' dir='ltr' id='par_1_61' title="bbox 2134 3597 3704 3688">
     <span class='ocr_line' id='line_1_62' title="bbox 2134 3597 3704 3688; baseline -0.015 -14"><span class='ocrx_word' id='word_1_470' title='bbox 2134 3626 2327 3688; x_wconf 90' lang='lat' dir='ltr'><strong><em>peccat</em></strong></span> <span class='ocrx_word' id='word_1_471' title='bbox 2352 3616 2406 3670; x_wconf 92' lang='lat' dir='ltr'><strong><em>in</em></strong></span> <span class='ocrx_word' id='word_1_472' title='bbox 2438 3608 2854 3684; x_wconf 89' lang='lat' dir='ltr'><strong><em>perscrutandis</em></strong></span> <span class='ocrx_word' id='word_1_473' title='bbox 2879 3606 3159 3661; x_wconf 90' lang='lat' dir='ltr'><strong><em>nominum</em></strong></span> <span class='ocrx_word' id='word_1_474' title='bbox 3188 3603 3579 3659; x_wconf 85' lang='lat' dir='ltr'><strong><em>Hebraieornm</em></strong></span> <span class='ocrx_word' id='word_1_475' title='bbox 3604 3597 3704 3651; x_wconf 89' lang='lat' dir='ltr'><strong><em>ori-</em></strong></span> 
     </span>
    </p>
   </div>
   <div class='ocr_carea' id='block_1_62' title="bbox 2135 3691 3699 3778">
    <p class='ocr_par' dir='ltr' id='par_1_62' title="bbox 2135 3691 3699 3778">
     <span class='ocr_line' id='line_1_63' title="bbox 2135 3691 3699 3778; baseline -0.017 -13"><span class='ocrx_word' id='word_1_476' title='bbox 2135 3711 2373 3778; x_wconf 85' lang='lat' dir='ltr'><strong><em>ginibus.</em></strong></span> <span class='ocrx_word' id='word_1_477' title='bbox 2409 3705 2656 3760; x_wconf 82' lang='lat' dir='ltr'><strong><em>Proclive</em></strong></span> <span class='ocrx_word' id='word_1_478' title='bbox 2684 3704 2738 3757; x_wconf 91' lang='lat' dir='ltr'><strong><em>id</em></strong></span> <span class='ocrx_word' id='word_1_479' title='bbox 2768 3715 2963 3769; x_wconf 89' lang='lat' dir='ltr'><strong><em>nempe</em></strong></span> <span class='ocrx_word' id='word_1_480' title='bbox 2989 3698 3090 3751; x_wconf 88' lang='lat' dir='ltr'><strong><em>fuit</em></strong></span> <span class='ocrx_word' id='word_1_481' title='bbox 3116 3698 3232 3751; x_wconf 85' lang='lat' dir='ltr'><strong><em>viro</em></strong></span> <span class='ocrx_word' id='word_1_482' title='bbox 3254 3696 3323 3750; x_wconf 88' lang='lat' dir='ltr'><strong><em>ad</em></strong></span> <span class='ocrx_word' id='word_1_483' title='bbox 3350 3691 3699 3749; x_wconf 78' lang='lat' dir='ltr'><strong><em>mutuatitiate</em></strong></span> 
     </span>
    </p>
   </div>
   <div class='ocr_carea' id='block_1_63' title="bbox 2136 3787 3704 3867">
    <p class='ocr_par' dir='ltr' id='par_1_63' title="bbox 2136 3787 3704 3867">
     <span class='ocr_line' id='line_1_64' title="bbox 2136 3787 3704 3867; baseline -0.015 -11"><span class='ocrx_word' id='word_1_484' title='bbox 2136 3804 2309 3857; x_wconf 88' lang='lat' dir='ltr'><strong><em>lucem</em></strong></span> <span class='ocrx_word' id='word_1_485' title='bbox 2345 3799 2572 3867; x_wconf 87' lang='lat' dir='ltr'><strong><em>vestigia</em></strong></span> <span class='ocrx_word' id='word_1_486' title='bbox 2593 3812 2690 3853; x_wconf 90' lang='lat' dir='ltr'><strong><em>sua</em></strong></span> <span class='ocrx_word' id='word_1_487' title='bbox 2721 3796 2775 3850; x_wconf 92' lang='lat' dir='ltr'><strong><em>in</em></strong></span> <span class='ocrx_word' id='word_1_488' title='bbox 2814 3796 2948 3850; x_wconf 90' lang='lat' dir='ltr'><strong><em>locis</em></strong></span> <span class='ocrx_word' id='word_1_489' title='bbox 2978 3791 3183 3861; x_wconf 82' lang='lat' dir='ltr'><strong><em>ignotis</em></strong></span> <span class='ocrx_word' id='word_1_490' title='bbox 3212 3787 3427 3858; x_wconf 87' lang='lat' dir='ltr'><strong><em>regenti</em></strong></span> <span class='ocrx_word' id='word_1_491' title='bbox 3456 3805 3470 3840; x_wconf 91' lang='lat'><strong>:</strong></span> <span class='ocrx_word' id='word_1_492' title='bbox 3499 3791 3704 3854; x_wconf 64' lang='lat' dir='ltr'><strong><em>praesta-</em></strong></span> 
     </span>
    </p>
   </div>
   <div class='ocr_carea' id='block_1_64' title="bbox 2135 3872 3704 3951">
    <p class='ocr_par' dir='ltr' id='par_1_64' title="bbox 2135 3872 3704 3951">
     <span class='ocr_line' id='line_1_65' title="bbox 2135 3872 3704 3951; baseline -0.016 -2"><span class='ocrx_word' id='word_1_493' title='bbox 2135 3894 2226 3949; x_wconf 91' lang='lat' dir='ltr'><strong><em>bat</em></strong></span> <span class='ocrx_word' id='word_1_494' title='bbox 2261 3880 2445 3947; x_wconf 73' lang='lat' dir='ltr'><strong><em>abtem</em></strong></span> <span class='ocrx_word' id='word_1_495' title='bbox 2487 3890 2664 3944; x_wconf 89' lang='lat' dir='ltr'><strong><em>lucem</em></strong></span> <span class='ocrx_word' id='word_1_496' title='bbox 2697 3886 2917 3942; x_wconf 65' lang='lat' dir='ltr'><strong><em>indecus</em></strong></span> <span class='ocrx_word' id='word_1_497' title='bbox 2960 3882 3136 3950; x_wconf 88' lang='lat' dir='ltr'><strong><em>Philo,</em></strong></span> <span class='ocrx_word' id='word_1_498' title='bbox 3182 3882 3274 3951; x_wconf 90' lang='lat' dir='ltr'><strong><em>qui</em></strong></span> <span class='ocrx_word' id='word_1_499' title='bbox 3308 3878 3570 3934; x_wconf 85' lang='lat' dir='ltr'><strong><em>Hebraica</em></strong></span> <span class='ocrx_word' id='word_1_500' title='bbox 3612 3872 3704 3927; x_wconf 84' lang='lat' dir='ltr'><strong><em>Ve-</em></strong></span> 
     </span>
    </p>
   </div>
   <div class='ocr_carea' id='block_1_65' title="bbox 2137 3962 3704 4046">
    <p class='ocr_par' dir='ltr' id='par_1_65' title="bbox 2137 3962 3704 4046">
     <span class='ocr_line' id='line_1_66' title="bbox 2137 3962 3704 4046; baseline -0.015 -7"><span class='ocrx_word' id='word_1_501' title='bbox 2137 3986 2267 4041; x_wconf 88' lang='lat' dir='ltr'><strong><em>teris</em></strong></span> <span class='ocrx_word' id='word_1_502' title='bbox 2302 3980 2637 4037; x_wconf 82' lang='lat' dir='ltr'><strong><em>Testamenti</em></strong></span> <span class='ocrx_word' id='word_1_503' title='bbox 2680 3979 2903 4033; x_wconf 87' lang='lat' dir='ltr'><strong><em>nomina</em></strong></span> <span class='ocrx_word' id='word_1_504' title='bbox 2940 3973 3199 4046; x_wconf 88' lang='lat' dir='ltr'><strong><em>peculiari</em></strong></span> <span class='ocrx_word' id='word_1_505' title='bbox 3243 3972 3388 4025; x_wconf 91' lang='lat' dir='ltr'><strong><em>libro</em></strong></span> <span class='ocrx_word' id='word_1_506' title='bbox 3426 3969 3598 4022; x_wconf 80' lang='lat' dir='ltr'><strong><em>fuerat</em></strong></span> <span class='ocrx_word' id='word_1_507' title='bbox 3632 3962 3704 4016; x_wconf 91' lang='lat' dir='ltr'><strong><em>in-</em></strong></span> 
     </span>
    </p>
   </div>
   <div class='ocr_carea' id='block_1_66' title="bbox 446 4057 3700 4158">
    <p class='ocr_par' dir='ltr' id='par_1_66' title="bbox 446 4057 3700 4158">
     <span class='ocr_line' id='line_1_67' title="bbox 446 4057 3700 4158; baseline -0.016 -1"><span class='ocrx_word' id='word_1_508' title='bbox 446 4057 930 4156; x_wconf 45' lang='lat' dir='ltr'><strong><em>0&quot;iﬁt’miauorum-</em></strong></span> <span class='ocrx_word' id='word_1_509' title='bbox 958 4102 1182 4158; x_wconf 89' lang='lat' dir='ltr'><strong><em>operum</em></strong></span> <span class='ocrx_word' id='word_1_510' title='bbox 1232 4057 1603 4158; x_wconf 84' lang='lat' dir='ltr'><strong><em>perfunctorie</em></strong></span> <span class='ocrx_word' id='word_1_511' title='bbox 1652 4086 1876 4152; x_wconf 87' lang='lat' dir='ltr'><strong><em>versati,</em></strong></span> <span class='ocrx_word' id='word_1_512' title='bbox 1938 4089 2029 4156; x_wconf 87' lang='lat' dir='ltr'><strong><em>qui</em></strong></span> <span class='ocrx_word' id='word_1_513' title='bbox 2057 4062 2099 4119; x_wconf 70' lang='grc' dir='ltr'><strong>(ἶ</strong></span> <span class='ocrx_word' id='word_1_514' title='bbox 2136 4085 2499 4145; x_wconf 87' lang='lat' dir='ltr'><strong><em>terpretatus;</em></strong></span> <span class='ocrx_word' id='word_1_515' title='bbox 2539 4071 2627 4126; x_wconf 92' lang='lat' dir='ltr'><strong><em>cui</em></strong></span> <span class='ocrx_word' id='word_1_516' title='bbox 2674 4069 2816 4124; x_wconf 91' lang='lat' dir='ltr'><strong><em>libro</em></strong></span> <span class='ocrx_word' id='word_1_517' title='bbox 2855 4081 3043 4137; x_wconf 90' lang='lat' dir='ltr'><strong><em>parem</em></strong></span> <span class='ocrx_word' id='word_1_518' title='bbox 3071 4061 3376 4158; x_wconf 72' lang='lat' dir='ltr'><strong><em>subiunxit</em></strong></span> <span class='ocrx_word' id='word_1_519' title='bbox 3418 4057 3700 4126; x_wconf 85' lang='lat' dir='ltr'><strong><em>Origenes,</em></strong></span> 
     </span>
    </p>
   </div>
   <div class='ocr_carea' id='block_1_67' title="bbox 446 4175 2026 4248">
    <p class='ocr_par' dir='ltr' id='par_1_67' title="bbox 446 4175 2026 4248">
     <span class='ocr_line' id='line_1_68' title="bbox 446 4175 2026 4248; baseline 0.001 -18"><span class='ocrx_word' id='word_1_520' title='bbox 446 4175 705 4231; x_wconf 86' lang='lat' dir='ltr'><strong><em>eximium</em></strong></span> <span class='ocrx_word' id='word_1_521' title='bbox 740 4178 867 4247; x_wconf 90' lang='lat' dir='ltr'><strong><em>quid</em></strong></span> <span class='ocrx_word' id='word_1_522' title='bbox 902 4178 1005 4247; x_wconf 84' lang='lat' dir='ltr'><strong><em>ipsi</em></strong></span> <span class='ocrx_word' id='word_1_523' title='bbox 1040 4179 1140 4234; x_wconf 55' lang='lat' dir='ltr'><strong><em>vels</em></strong></span> <span class='ocrx_word' id='word_1_524' title='bbox 1158 4179 1213 4235; x_wconf 90' lang='lat' dir='ltr'><strong><em>in</em></strong></span> <span class='ocrx_word' id='word_1_525' title='bbox 1245 4190 1449 4235; x_wconf 78' lang='lat' dir='ltr'><strong><em>sancta:</em></strong></span> <span class='ocrx_word' id='word_1_526' title='bbox 1480 4178 1696 4248; x_wconf 74' lang='lat' dir='ltr'><strong><em>linguze,</em></strong></span> <span class='ocrx_word' id='word_1_527' title='bbox 1729 4177 1814 4232; x_wconf 90' lang='lat' dir='ltr'><strong><em>vel</em></strong></span> <span class='ocrx_word' id='word_1_528' title='bbox 1846 4178 1899 4231; x_wconf 91' lang='lat' dir='ltr'><strong><em>in</em></strong></span> <span class='ocrx_word' id='word_1_529' title='bbox 1929 4193 2026 4233; x_wconf 80' lang='lat' dir='ltr'><strong><em>ea-</em></strong></span> 
     </span>
    </p>
   </div>
   <div class='ocr_carea' id='block_1_68' title="bbox 338 4269 2025 4342">
    <p class='ocr_par' dir='ltr' id='par_1_68' title="bbox 338 4269 2025 4342">
     <span class='ocr_line' id='line_1_69' title="bbox 338 4269 2025 4342; baseline 0.001 -19"><span class='ocrx_word' id='word_1_530' title='bbox 338 4306 345 4316; x_wconf 84' lang='lat'><strong><em>.</em></strong></span> <span class='ocrx_word' id='word_1_531' title='bbox 448 4282 568 4323; x_wconf 90' lang='lat' dir='ltr'><strong><em>rum</em></strong></span> <span class='ocrx_word' id='word_1_532' title='bbox 615 4283 737 4338; x_wconf 66' lang='lat' dir='ltr'><strong><em>quae</em></strong></span> <span class='ocrx_word' id='word_1_533' title='bbox 769 4285 835 4326; x_wconf 91' lang='lat' dir='ltr'><strong><em>ex</em></strong></span> <span class='ocrx_word' id='word_1_534' title='bbox 881 4271 984 4326; x_wconf 89' lang='lat' dir='ltr'><strong><em>hoc</em></strong></span> <span class='ocrx_word' id='word_1_535' title='bbox 1020 4270 1168 4327; x_wconf 90' lang='lat' dir='ltr'><strong><em>fonte</em></strong></span> <span class='ocrx_word' id='word_1_536' title='bbox 1205 4271 1460 4342; x_wconf 63' lang='lat' dir='ltr'><strong><em>profecta;</em></strong></span> <span class='ocrx_word' id='word_1_537' title='bbox 1497 4279 1627 4325; x_wconf 90' lang='lat' dir='ltr'><strong><em>sunt</em></strong></span> <span class='ocrx_word' id='word_1_538' title='bbox 1667 4269 2025 4324; x_wconf 89' lang='lat' dir='ltr'><strong><em>dialectorum</em></strong></span> 
     </span>
    </p>
   </div>
   <div class='ocr_carea' id='block_1_69' title="bbox 445 4360 2028 4433">
    <p class='ocr_par' dir='ltr' id='par_1_69' title="bbox 445 4360 2028 4433">
     <span class='ocr_line' id='line_1_70' title="bbox 445 4360 2028 4433; baseline 0.001 -17"><span class='ocrx_word' id='word_1_539' title='bbox 445 4360 637 4431; x_wconf 64' lang='lat' dir='ltr'><strong><em>peritia</em></strong></span> <span class='ocrx_word' id='word_1_540' title='bbox 669 4363 998 4418; x_wconf 90' lang='lat' dir='ltr'><strong><em>tribuerunt.</em></strong></span> <span class='ocrx_word' id='word_1_541' title='bbox 1030 4362 1139 4419; x_wconf 80' lang='lat' dir='ltr'><strong><em>Nec</em></strong></span> <span class='ocrx_word' id='word_1_542' title='bbox 1172 4363 1412 4433; x_wconf 91' lang='lat' dir='ltr'><strong><em>opinioni</em></strong></span> <span class='ocrx_word' id='word_1_543' title='bbox 1440 4372 1643 4418; x_wconf 70' lang='lat' dir='ltr'><strong><em>nostrae</em></strong></span> <span class='ocrx_word' id='word_1_544' title='bbox 1699 4362 2028 4418; x_wconf 88' lang='lat' dir='ltr'><strong><em>contradicit</em></strong></span> 
     </span>
    </p>
   </div>
   <div class='ocr_carea' id='block_1_70' title="bbox 446 4450 2021 4524">
    <p class='ocr_par' dir='ltr' id='par_1_70' title="bbox 446 4450 2021 4524">
     <span class='ocr_line' id='line_1_71' title="bbox 446 4450 2021 4524; baseline 0 -17"><span class='ocrx_word' id='word_1_545' title='bbox 446 4450 810 4523; x_wconf 81' lang='lat' dir='ltr'><strong><em>Hieronymus</em></strong></span> <span class='ocrx_word' id='word_1_546' title='bbox 836 4454 973 4524; x_wconf 75' lang='lat'><strong><em>(61),</em></strong></span> <span class='ocrx_word' id='word_1_547' title='bbox 998 4456 1099 4510; x_wconf 89' lang='lat' dir='ltr'><strong><em>etsi</em></strong></span> <span class='ocrx_word' id='word_1_548' title='bbox 1125 4455 1341 4510; x_wconf 90' lang='lat' dir='ltr'><strong><em>videtur</em></strong></span> <span class='ocrx_word' id='word_1_549' title='bbox 1367 4455 1763 4518; x_wconf 88' lang='lat' dir='ltr'><strong><em>contradicere,</em></strong></span> <span class='ocrx_word' id='word_1_550' title='bbox 1781 4470 1902 4511; x_wconf 92' lang='lat' dir='ltr'><strong><em>cum</em></strong></span> <span class='ocrx_word' id='word_1_551' title='bbox 1923 4455 2021 4520; x_wconf 89' lang='lat' dir='ltr'><strong><em>ait,</em></strong></span> 
     </span>
    </p>
   </div>
   <div class='ocr_carea' id='block_1_71' title="bbox 444 4545 2027 4616">
    <p class='ocr_par' dir='ltr' id='par_1_71' title="bbox 444 4545 2027 4616">
     <span class='ocr_line' id='line_1_72' title="bbox 444 4545 2027 4616; baseline 0 -15"><span class='ocrx_word' id='word_1_552' title='bbox 444 4545 777 4615; x_wconf 69' lang='lat' dir='ltr'><strong><em>singularem</em></strong></span> <span class='ocrx_word' id='word_1_553' title='bbox 813 4547 1041 4615; x_wconf 64' lang='lat' dir='ltr'><strong><em>loquelae</em></strong></span> <span class='ocrx_word' id='word_1_554' title='bbox 1069 4546 1230 4616; x_wconf 84' lang='lat' dir='ltr'><strong><em>hujus</em></strong></span> <span class='ocrx_word' id='word_1_555' title='bbox 1261 4546 1510 4601; x_wconf 90' lang='lat' dir='ltr'><strong><em>notitiam</em></strong></span> <span class='ocrx_word' id='word_1_556' title='bbox 1542 4547 1859 4600; x_wconf 87' lang='lat' dir='ltr'><strong><em>demiratam</em></strong></span> <span class='ocrx_word' id='word_1_557' title='bbox 1887 4546 1939 4600; x_wconf 93' lang='lat' dir='ltr'><strong><em>in</em></strong></span> <span class='ocrx_word' id='word_1_558' title='bbox 1962 4559 2027 4601; x_wconf 88' lang='lat' dir='ltr'><strong><em>eo</em></strong></span> 
     </span>
    </p>
   </div>
   <div class='ocr_carea' id='block_1_72' title="bbox 446 4636 2026 4707">
    <p class='ocr_par' dir='ltr' id='par_1_72' title="bbox 446 4636 2026 4707">
     <span class='ocr_line' id='line_1_73' title="bbox 446 4636 2026 4707; baseline 0 -17"><span class='ocrx_word' id='word_1_559' title='bbox 446 4636 615 4692; x_wconf 82' lang='lat' dir='ltr'><strong><em>fuisse</em></strong></span> <span class='ocrx_word' id='word_1_560' title='bbox 644 4646 812 4691; x_wconf 91' lang='lat' dir='ltr'><strong><em>totam</em></strong></span> <span class='ocrx_word' id='word_1_561' title='bbox 842 4636 1107 4693; x_wconf 83' lang='lat' dir='ltr'><strong><em>Graeciam</em></strong></span> <span class='ocrx_word' id='word_1_562' title='bbox 1143 4655 1158 4693; x_wconf 91' lang='lat'><strong>:</strong></span> <span class='ocrx_word' id='word_1_563' title='bbox 1191 4638 1388 4692; x_wconf 92' lang='lat' dir='ltr'><strong><em>mirum</em></strong></span> <span class='ocrx_word' id='word_1_564' title='bbox 1425 4638 1476 4691; x_wconf 91' lang='lat' dir='ltr'><strong><em>id</em></strong></span> <span class='ocrx_word' id='word_1_565' title='bbox 1504 4638 1701 4707; x_wconf 90' lang='lat' dir='ltr'><strong><em>quippe</em></strong></span> <span class='ocrx_word' id='word_1_566' title='bbox 1724 4636 1893 4691; x_wconf 89' lang='lat' dir='ltr'><strong><em>videri</em></strong></span> <span class='ocrx_word' id='word_1_567' title='bbox 1925 4649 2026 4705; x_wconf 86' lang='lat' dir='ltr'><strong><em>po-</em></strong></span> 
     </span>
    </p>
   </div>
   <div class='ocr_carea' id='block_1_73' title="bbox 447 4725 2026 4794">
    <p class='ocr_par' dir='ltr' id='par_1_73' title="bbox 447 4725 2026 4794">
     <span class='ocr_line' id='line_1_74' title="bbox 447 4725 2026 4794; baseline -0.003 -13"><span class='ocrx_word' id='word_1_568' title='bbox 447 4726 550 4781; x_wconf 90' lang='lat' dir='ltr'><strong><em>tuit</em></strong></span> <span class='ocrx_word' id='word_1_569' title='bbox 587 4725 794 4782; x_wconf 63' lang='lat' dir='ltr'><strong><em>Graecis</em></strong></span> <span class='ocrx_word' id='word_1_570' title='bbox 851 4726 1157 4782; x_wconf 82' lang='lat' dir='ltr'><strong><em>Hebraismi</em></strong></span> <span class='ocrx_word' id='word_1_571' title='bbox 1209 4727 1433 4782; x_wconf 90' lang='lat' dir='ltr'><strong><em>rudibus</em></strong></span> <span class='ocrx_word' id='word_1_572' title='bbox 1471 4735 1528 4780; x_wconf 89' lang='lat' dir='ltr'><strong><em>et</em></strong></span> <span class='ocrx_word' id='word_1_573' title='bbox 1573 4725 1861 4794; x_wconf 88' lang='lat' dir='ltr'><strong><em>imperitis,</em></strong></span> <span class='ocrx_word' id='word_1_574' title='bbox 1926 4738 2026 4778; x_wconf 88' lang='lat' dir='ltr'><strong><em>nec</em></strong></span> 
     </span>
    </p>
   </div>
   <div class='ocr_carea' id='block_1_74' title="bbox 444 4814 2028 4887">
    <p class='ocr_par' dir='ltr' id='par_1_74' title="bbox 444 4814 2028 4887">
     <span class='ocr_line' id='line_1_75' title="bbox 444 4814 2028 4887; baseline -0.001 -17"><span class='ocrx_word' id='word_1_575' title='bbox 444 4826 707 4886; x_wconf 89' lang='lat' dir='ltr'><strong><em>quantum</em></strong></span> <span class='ocrx_word' id='word_1_576' title='bbox 727 4818 778 4870; x_wconf 90' lang='lat' dir='ltr'><strong><em>in</em></strong></span> <span class='ocrx_word' id='word_1_577' title='bbox 799 4832 864 4873; x_wconf 90' lang='lat' dir='ltr'><strong><em>eo</em></strong></span> <span class='ocrx_word' id='word_1_578' title='bbox 884 4817 1203 4887; x_wconf 88' lang='lat' dir='ltr'><strong><em>profecisset</em></strong></span> <span class='ocrx_word' id='word_1_579' title='bbox 1222 4816 1486 4884; x_wconf 83' lang='lat' dir='ltr'><strong><em>Origenes</em></strong></span> <span class='ocrx_word' id='word_1_580' title='bbox 1511 4816 1827 4869; x_wconf 86' lang='lat' dir='ltr'><strong><em>existimare</em></strong></span> <span class='ocrx_word' id='word_1_581' title='bbox 1850 4814 2028 4869; x_wconf 89' lang='lat' dir='ltr'><strong><em>scien-</em></strong></span> 
     </span>
    </p>
   </div>
   <div class='ocr_carea' id='block_1_75' title="bbox 445 4904 2028 4976">
    <p class='ocr_par' dir='ltr' id='par_1_75' title="bbox 445 4904 2028 4976">
     <span class='ocr_line' id='line_1_76' title="bbox 445 4904 2028 4976; baseline -0.001 -17"><span class='ocrx_word' id='word_1_582' title='bbox 445 4904 611 4960; x_wconf 87' lang='lat' dir='ltr'><strong><em>tibus.</em></strong></span> <span class='ocrx_word' id='word_1_583' title='bbox 640 4906 858 4963; x_wconf 73' lang='lat' dir='ltr'><strong><em>Hinime</em></strong></span> <span class='ocrx_word' id='word_1_584' title='bbox 888 4923 1015 4963; x_wconf 86' lang='lat' dir='ltr'><strong><em>vero</em></strong></span> <span class='ocrx_word' id='word_1_585' title='bbox 1046 4923 1197 4963; x_wconf 88' lang='lat' dir='ltr'><strong><em>suam</em></strong></span> <span class='ocrx_word' id='word_1_586' title='bbox 1227 4908 1342 4976; x_wconf 89' lang='lat' dir='ltr'><strong><em>ipse</em></strong></span> <span class='ocrx_word' id='word_1_587' title='bbox 1376 4907 1573 4976; x_wconf 74' lang='lat' dir='ltr'><strong><em>linguae</em></strong></span> <span class='ocrx_word' id='word_1_588' title='bbox 1616 4904 1776 4974; x_wconf 81' lang='lat' dir='ltr'><strong><em>hujus</em></strong></span> <span class='ocrx_word' id='word_1_589' title='bbox 1808 4906 2028 4974; x_wconf 83' lang='lat' dir='ltr'><strong><em>ignora-</em></strong></span> 
     </span>
    </p>
   </div>
   <div class='ocr_carea' id='block_1_76' title="bbox 446 4994 2020 5065">
    <p class='ocr_par' dir='ltr' id='par_1_76' title="bbox 446 4994 2020 5065">
     <span class='ocr_line' id='line_1_77' title="bbox 446 4994 2020 5065; baseline -0.002 -14"><span class='ocrx_word' id='word_1_590' title='bbox 446 4998 648 5053; x_wconf 88' lang='lat' dir='ltr'><strong><em>tionem</em></strong></span> <span class='ocrx_word' id='word_1_591' title='bbox 687 4998 993 5054; x_wconf 88' lang='lat' dir='ltr'><strong><em>dissimulat</em></strong></span> <span class='ocrx_word' id='word_1_592' title='bbox 1033 4999 1220 5053; x_wconf 88' lang='lat' dir='ltr'><strong><em>bomil.</em></strong></span> <span class='ocrx_word' id='word_1_593' title='bbox 1259 4998 1345 5061; x_wconf 69' lang='grc'><strong><em>14,</em></strong></span> <span class='ocrx_word' id='word_1_594' title='bbox 1392 4998 1449 5050; x_wconf 85' lang='lat' dir='ltr'><strong><em>in</em></strong></span> <span class='ocrx_word' id='word_1_595' title='bbox 1482 4994 1653 5049; x_wconf 84' lang='lat' dir='ltr'><strong><em>Num.</em></strong></span> <span class='ocrx_word' id='word_1_596' title='bbox 1706 5011 1745 5060; x_wconf 88' lang='grc' dir='ltr'><strong><em>ι,</em></strong></span> <span class='ocrx_word' id='word_1_597' title='bbox 1786 5011 1842 5065; x_wconf 90' lang='lat' dir='ltr'><strong><em>p.</em></strong></span> <span class='ocrx_word' id='word_1_598' title='bbox 1894 4994 2020 5050; x_wconf 73' lang='lat'><strong><em>522.</em></strong></span> 
     </span>
    </p>
   </div>
   <div class='ocr_carea' id='block_1_77' title="bbox 447 5086 2024 5159">
    <p class='ocr_par' dir='ltr' id='par_1_77' title="bbox 447 5086 2024 5159">
     <span class='ocr_line' id='line_1_78' title="bbox 447 5086 2024 5159; baseline -0.001 -19"><span class='ocrx_word' id='word_1_599' title='bbox 447 5103 470 5140; x_wconf 74' lang='grc' dir='ltr'>ι</span> <span class='ocrx_word' id='word_1_600' title='bbox 499 5088 664 5159; x_wconf 84' lang='lat' dir='ltr'><strong><em>Aiunt</em></strong></span> <span class='ocrx_word' id='word_1_601' title='bbox 692 5104 840 5159; x_wconf 88' lang='lat' dir='ltr'><strong><em>ergo.</em></strong></span> <span class='ocrx_word' id='word_1_602' title='bbox 878 5089 1073 5159; x_wconf 89' lang='lat' dir='ltr'><strong><em>inquit,</em></strong></span> <span class='ocrx_word' id='word_1_603' title='bbox 1123 5091 1211 5159; x_wconf 90' lang='lat' dir='ltr'><strong><em>qui</em></strong></span> <span class='ocrx_word' id='word_1_604' title='bbox 1242 5088 1536 5144; x_wconf 87' lang='lat' dir='ltr'><strong><em>Hebraicas</em></strong></span> <span class='ocrx_word' id='word_1_605' title='bbox 1568 5086 1777 5141; x_wconf 89' lang='lat' dir='ltr'><strong><em>litteras</em></strong></span> <span class='ocrx_word' id='word_1_606' title='bbox 1816 5086 2024 5154; x_wconf 81' lang='lat' dir='ltr'><strong><em>legunt,</em></strong></span> 
     </span>
    </p>
   </div>
   <div class='ocr_carea' id='block_1_78' title="bbox 444 5175 2023 5249">
    <p class='ocr_par' dir='ltr' id='par_1_78' title="bbox 444 5175 2023 5249">
     <span class='ocr_line' id='line_1_79' title="bbox 444 5175 2023 5249; baseline 0.001 -18"><span class='ocrx_word' id='word_1_607' title='bbox 444 5175 499 5231; x_wconf 89' lang='lat' dir='ltr'><strong><em>in</em></strong></span> <span class='ocrx_word' id='word_1_608' title='bbox 522 5177 626 5233; x_wconf 92' lang='lat' dir='ltr'><strong><em>boc</em></strong></span> <span class='ocrx_word' id='word_1_609' title='bbox 648 5178 785 5245; x_wconf 90' lang='lat' dir='ltr'><strong><em>loco,</em></strong></span> <span class='ocrx_word' id='word_1_610' title='bbox 813 5180 971 5242; x_wconf 87' lang='lat' dir='ltr'><strong><em>Deus,</em></strong></span> <span class='ocrx_word' id='word_1_611' title='bbox 1003 5195 1107 5235; x_wconf 91' lang='lat' dir='ltr'><strong><em>non</em></strong></span> <span class='ocrx_word' id='word_1_612' title='bbox 1137 5181 1236 5234; x_wconf 86' lang='lat' dir='ltr'><strong><em>sub</em></strong></span> <span class='ocrx_word' id='word_1_613' title='bbox 1260 5178 1415 5249; x_wconf 87' lang='lat' dir='ltr'><strong><em>signo</em></strong></span> <span class='ocrx_word' id='word_1_614' title='bbox 1442 5178 1871 5247; x_wconf 86' lang='lat' dir='ltr'><strong><em>tetragrammati</em></strong></span> <span class='ocrx_word' id='word_1_615' title='bbox 1902 5192 2023 5232; x_wconf 89' lang='lat' dir='ltr'><strong><em>esse</em></strong></span> 
     </span>
    </p>
   </div>
   <div class='ocr_carea' id='block_1_79' title="bbox 2135 4152 3703 4223">
    <p class='ocr_par' dir='ltr' id='par_1_79' title="bbox 2135 4152 3703 4223">
     <span class='ocr_line' id='line_1_80' title="bbox 2135 4152 3703 4223; baseline -0.015 -2"><span class='ocrx_word' id='word_1_616' title='bbox 2135 4166 2525 4220; x_wconf 82' lang='lat' dir='ltr'><strong><em>Hebraicorum</em></strong></span> <span class='ocrx_word' id='word_1_617' title='bbox 2563 4160 2697 4215; x_wconf 81' lang='lat' dir='ltr'><strong><em>Novi</em></strong></span> <span class='ocrx_word' id='word_1_618' title='bbox 2743 4156 3083 4215; x_wconf 85' lang='lat' dir='ltr'><strong><em>Testameuti</em></strong></span> <span class='ocrx_word' id='word_1_619' title='bbox 3113 4152 3518 4223; x_wconf 85' lang='lat' dir='ltr'><strong><em>expositionem</em></strong></span> <span class='ocrx_word' id='word_1_620' title='bbox 3563 4161 3703 4199; x_wconf 78' lang='lat' dir='ltr'><strong><em>cont-</em></strong></span> 
     </span>
    </p>
   </div>
   <div class='ocr_carea' id='block_1_80' title="bbox 2135 4236 3703 4329">
    <p class='ocr_par' dir='ltr' id='par_1_80' title="bbox 2135 4236 3703 4329">
     <span class='ocr_line' id='line_1_81' title="bbox 2135 4236 3703 4329; baseline -0.016 -16"><span class='ocrx_word' id='word_1_621' title='bbox 2135 4259 2376 4329; x_wconf 84' lang='lat' dir='ltr'><strong><em>plexum.</em></strong></span> <span class='ocrx_word' id='word_1_622' title='bbox 2412 4254 2515 4322; x_wconf 87' lang='lat' dir='ltr'><strong><em>Qui</em></strong></span> <span class='ocrx_word' id='word_1_623' title='bbox 2550 4268 2683 4309; x_wconf 82' lang='lat' dir='ltr'><strong><em>vero</em></strong></span> <span class='ocrx_word' id='word_1_624' title='bbox 2727 4267 2834 4308; x_wconf 91' lang='lat' dir='ltr'><strong><em>non</em></strong></span> <span class='ocrx_word' id='word_1_625' title='bbox 2866 4248 3183 4306; x_wconf 71' lang='lat' dir='ltr'><strong><em>offendisset</em></strong></span> <span class='ocrx_word' id='word_1_626' title='bbox 3225 4244 3502 4314; x_wconf 84' lang='lat' dir='ltr'><strong><em>Origenes</em></strong></span> <span class='ocrx_word' id='word_1_627' title='bbox 3540 4236 3703 4293; x_wconf 80' lang='lat' dir='ltr'><strong><em>Philo-</em></strong></span> 
     </span>
    </p>
   </div>
   <div class='ocr_carea' id='block_1_81' title="bbox 2133 4334 3704 4418">
    <p class='ocr_par' dir='ltr' id='par_1_81' title="bbox 2133 4334 3704 4418">
     <span class='ocr_line' id='line_1_82' title="bbox 2133 4334 3704 4418; baseline -0.015 -11"><span class='ocrx_word' id='word_1_628' title='bbox 2133 4367 2256 4407; x_wconf 92' lang='lat' dir='ltr'><strong><em>nem</em></strong></span> <span class='ocrx_word' id='word_1_629' title='bbox 2292 4362 2530 4418; x_wconf 88' lang='lat' dir='ltr'><strong><em>sequens</em></strong></span> <span class='ocrx_word' id='word_1_630' title='bbox 2558 4350 2775 4411; x_wconf 91' lang='lat' dir='ltr'><strong><em>ducem,</em></strong></span> <span class='ocrx_word' id='word_1_631' title='bbox 2805 4345 2895 4414; x_wconf 89' lang='lat' dir='ltr'><strong><em>qui</em></strong></span> <span class='ocrx_word' id='word_1_632' title='bbox 2926 4342 3144 4397; x_wconf 68' lang='lat' dir='ltr'><strong><em>Judaaus</em></strong></span> <span class='ocrx_word' id='word_1_633' title='bbox 3170 4338 3324 4401; x_wconf 89' lang='lat' dir='ltr'><strong><em>licet,</em></strong></span> <span class='ocrx_word' id='word_1_634' title='bbox 3353 4334 3558 4390; x_wconf 65' lang='lat' dir='ltr'><strong><em>Iudaeis</em></strong></span> <span class='ocrx_word' id='word_1_635' title='bbox 3588 4343 3704 4401; x_wconf 82' lang='lat' dir='ltr'><strong><em>pre-</em></strong></span> 
     </span>
    </p>
   </div>
   <div class='ocr_carea' id='block_1_82' title="bbox 2131 4422 3703 4514">
    <p class='ocr_par' dir='ltr' id='par_1_82' title="bbox 2131 4422 3703 4514">
     <span class='ocr_line' id='line_1_83' title="bbox 2131 4422 3703 4514; baseline -0.018 -14"><span class='ocrx_word' id='word_1_636' title='bbox 2131 4454 2350 4514; x_wconf 85' lang='lat' dir='ltr'><strong><em>gnatus,</em></strong></span> <span class='ocrx_word' id='word_1_637' title='bbox 2396 4457 2465 4496; x_wconf 89' lang='lat' dir='ltr'><strong><em>ne</em></strong></span> <span class='ocrx_word' id='word_1_638' title='bbox 2500 4437 2762 4495; x_wconf 88' lang='lat' dir='ltr'><strong><em>mediocri</em></strong></span> <span class='ocrx_word' id='word_1_639' title='bbox 2805 4434 3024 4506; x_wconf 87' lang='lat' dir='ltr'><strong><em>quidem</em></strong></span> <span class='ocrx_word' id='word_1_640' title='bbox 3068 4431 3382 4485; x_wconf 85' lang='lat' dir='ltr'><strong><em>litterarum</em></strong></span> <span class='ocrx_word' id='word_1_641' title='bbox 3428 4422 3703 4479; x_wconf 84' lang='lat' dir='ltr'><strong><em>Hebraica-</em></strong></span> 
     </span>
    </p>
   </div>
   <div class='ocr_carea' id='block_1_83' title="bbox 2138 4511 3705 4600">
    <p class='ocr_par' dir='ltr' id='par_1_83' title="bbox 2138 4511 3705 4600">
     <span class='ocr_line' id='line_1_84' title="bbox 2138 4511 3705 4600; baseline -0.018 -10"><span class='ocrx_word' id='word_1_642' title='bbox 2138 4511 2255 4590; x_wconf 74' lang='lat' dir='ltr'><strong><em>rum</em></strong></span> <span class='ocrx_word' id='word_1_643' title='bbox 2291 4550 2443 4597; x_wconf 88' lang='lat' dir='ltr'><strong><em>aura,</em></strong></span> <span class='ocrx_word' id='word_1_644' title='bbox 2474 4532 2549 4586; x_wconf 89' lang='lat' dir='ltr'><strong><em>uti</em></strong></span> <span class='ocrx_word' id='word_1_645' title='bbox 2586 4543 2764 4600; x_wconf 90' lang='lat' dir='ltr'><strong><em>neque</em></strong></span> <span class='ocrx_word' id='word_1_646' title='bbox 2794 4525 3098 4582; x_wconf 72' lang='lat' dir='ltr'><strong><em>hellenistze</em></strong></span> <span class='ocrx_word' id='word_1_647' title='bbox 3128 4521 3241 4575; x_wconf 88' lang='lat' dir='ltr'><strong><em>fere</em></strong></span> <span class='ocrx_word' id='word_1_648' title='bbox 3277 4516 3505 4586; x_wconf 84' lang='lat' dir='ltr'><strong><em>reliqui,</em></strong></span> <span class='ocrx_word' id='word_1_649' title='bbox 3543 4511 3705 4566; x_wconf 85' lang='lat' dir='ltr'><strong><em>fuerat</em></strong></span> 
     </span>
    </p>
   </div>
   <div class='ocr_carea' id='block_1_84' title="bbox 2134 4607 3702 4682">
    <p class='ocr_par' dir='ltr' id='par_1_84' title="bbox 2134 4607 3702 4682">
     <span class='ocr_line' id='line_1_85' title="bbox 2134 4607 3702 4682; baseline -0.017 0"><span class='ocrx_word' id='word_1_650' title='bbox 2134 4627 2383 4682; x_wconf 80' lang='lat' dir='ltr'><strong><em>amatus?</em></strong></span> <span class='ocrx_word' id='word_1_651' title='bbox 2413 4627 2463 4680; x_wconf 88' lang='lat' dir='ltr'><strong><em>Id</em></strong></span> <span class='ocrx_word' id='word_1_652' title='bbox 2495 4625 2538 4680; x_wconf 92' lang='lat' dir='ltr'><strong><em>si</em></strong></span> <span class='ocrx_word' id='word_1_653' title='bbox 2576 4625 2757 4679; x_wconf 91' lang='lat' dir='ltr'><strong><em>minus</em></strong></span> <span class='ocrx_word' id='word_1_654' title='bbox 2802 4621 2857 4675; x_wconf 90' lang='lat' dir='ltr'><strong><em>in</em></strong></span> <span class='ocrx_word' id='word_1_655' title='bbox 2902 4615 3217 4673; x_wconf 89' lang='lat' dir='ltr'><strong><em>hominibus</em></strong></span> <span class='ocrx_word' id='word_1_656' title='bbox 3244 4607 3589 4665; x_wconf 74' lang='lat' dir='ltr'><strong><em>Alexandriae</em></strong></span> <span class='ocrx_word' id='word_1_657' title='bbox 3618 4616 3702 4657; x_wconf 83' lang='lat' dir='ltr'><strong><em>na-</em></strong></span> 
     </span>
    </p>
   </div>
   <div class='ocr_carea' id='block_1_85' title="bbox 2136 4706 3704 4779">
    <p class='ocr_par' dir='ltr' id='par_1_85' title="bbox 2136 4706 3704 4779">
     <span class='ocr_line' id='line_1_86' title="bbox 2136 4706 3704 4779; baseline -0.015 -7"><span class='ocrx_word' id='word_1_658' title='bbox 2136 4720 2203 4774; x_wconf 90' lang='lat' dir='ltr'><strong><em>tis</em></strong></span> <span class='ocrx_word' id='word_1_659' title='bbox 2230 4730 2283 4774; x_wconf 91' lang='lat' dir='ltr'><strong><em>et</em></strong></span> <span class='ocrx_word' id='word_1_660' title='bbox 2312 4717 2522 4771; x_wconf 90' lang='lat' dir='ltr'><strong><em>eductis</em></strong></span> <span class='ocrx_word' id='word_1_661' title='bbox 2549 4729 2748 4771; x_wconf 87' lang='lat' dir='ltr'><strong><em>novum</em></strong></span> <span class='ocrx_word' id='word_1_662' title='bbox 2781 4720 2886 4772; x_wconf 89' lang='lat' dir='ltr'><strong><em>est,</em></strong></span> <span class='ocrx_word' id='word_1_663' title='bbox 2911 4722 3143 4779; x_wconf 88' lang='lat' dir='ltr'><strong><em>quorum</em></strong></span> <span class='ocrx_word' id='word_1_664' title='bbox 3174 4714 3392 4758; x_wconf 58' lang='lat' dir='ltr'><strong><em>natura;</em></strong></span> <span class='ocrx_word' id='word_1_665' title='bbox 3418 4706 3704 4770; x_wconf 76' lang='lat' dir='ltr'><strong><em>repugnare</em></strong></span> 
     </span>
    </p>
   </div>
   <div class='ocr_carea' id='block_1_86' title="bbox 2133 4785 3703 4878">
    <p class='ocr_par' dir='ltr' id='par_1_86' title="bbox 2133 4785 3703 4878">
     <span class='ocr_line' id='line_1_87' title="bbox 2133 4785 3703 4878; baseline -0.019 -12"><span class='ocrx_word' id='word_1_666' title='bbox 2133 4810 2321 4866; x_wconf 89' lang='lat' dir='ltr'><strong><em>scribit</em></strong></span> <span class='ocrx_word' id='word_1_667' title='bbox 2353 4808 2716 4878; x_wconf 87' lang='lat' dir='ltr'><strong><em>Hieronymus</em></strong></span> <span class='ocrx_word' id='word_1_668' title='bbox 2751 4803 2885 4875; x_wconf 73' lang='lat'><strong><em>(64),</em></strong></span> <span class='ocrx_word' id='word_1_669' title='bbox 2918 4800 3238 4855; x_wconf 88' lang='lat' dir='ltr'><strong><em>Hebraicatu</em></strong></span> <span class='ocrx_word' id='word_1_670' title='bbox 3290 4796 3533 4865; x_wconf 88' lang='lat' dir='ltr'><strong><em>linguam</em></strong></span> <span class='ocrx_word' id='word_1_671' title='bbox 3562 4785 3703 4841; x_wconf 83' lang='lat' dir='ltr'><strong><em>addi-</em></strong></span> 
     </span>
    </p>
   </div>
   <div class='ocr_carea' id='block_1_87' title="bbox 2134 4883 3702 4968">
    <p class='ocr_par' dir='ltr' id='par_1_87' title="bbox 2134 4883 3702 4968">
     <span class='ocr_line' id='line_1_88' title="bbox 2134 4883 3702 4968; baseline -0.017 -12"><span class='ocrx_word' id='word_1_672' title='bbox 2134 4916 2306 4965; x_wconf 88' lang='lat' dir='ltr'><strong><em>scere,</em></strong></span> <span class='ocrx_word' id='word_1_673' title='bbox 2340 4913 2437 4968; x_wconf 91' lang='lat' dir='ltr'><strong><em>pro</em></strong></span> <span class='ocrx_word' id='word_1_674' title='bbox 2471 4912 2621 4952; x_wconf 89' lang='lat' dir='ltr'><strong><em>more</em></strong></span> <span class='ocrx_word' id='word_1_675' title='bbox 2642 4895 2954 4950; x_wconf 78' lang='lat' dir='ltr'><strong><em>Graecorum</em></strong></span> <span class='ocrx_word' id='word_1_676' title='bbox 2985 4889 3254 4951; x_wconf 88' lang='lat' dir='ltr'><strong><em>omnium,</em></strong></span> <span class='ocrx_word' id='word_1_677' title='bbox 3286 4884 3384 4955; x_wconf 86' lang='lat' dir='ltr'><strong><em>qui</em></strong></span> <span class='ocrx_word' id='word_1_678' title='bbox 3410 4883 3702 4968; x_wconf 85' lang='lat' dir='ltr'><strong><em>linguarum</em></strong></span> 
     </span>
    </p>
   </div>
   <div class='ocr_carea' id='block_1_88' title="bbox 2133 4967 3704 5052">
    <p class='ocr_par' dir='ltr' id='par_1_88' title="bbox 2133 4967 3704 5052">
     <span class='ocr_line' id='line_1_89' title="bbox 2133 4967 3704 5052; baseline -0.018 -6"><span class='ocrx_word' id='word_1_679' title='bbox 2133 4991 2467 5046; x_wconf 83' lang='lat' dir='ltr'><strong><em>exoticarum</em></strong></span> <span class='ocrx_word' id='word_1_680' title='bbox 2509 4987 2748 5043; x_wconf 88' lang='lat' dir='ltr'><strong><em>studium</em></strong></span> <span class='ocrx_word' id='word_1_681' title='bbox 2788 4979 3071 5052; x_wconf 87' lang='lat' dir='ltr'><strong><em>aspernari</em></strong></span> <span class='ocrx_word' id='word_1_682' title='bbox 3101 4982 3545 5037; x_wconf 79' lang='lat' dir='ltr'><strong><em>consueverunt;</em></strong></span> <span class='ocrx_word' id='word_1_683' title='bbox 3571 4978 3624 5022; x_wconf 90' lang='lat' dir='ltr'><strong><em>at</em></strong></span> <span class='ocrx_word' id='word_1_684' title='bbox 3654 4967 3704 5019; x_wconf 89' lang='lat' dir='ltr'><strong><em>in</em></strong></span> 
     </span>
    </p>
   </div>
   <div class='ocr_carea' id='block_1_89' title="bbox 2131 5062 3702 5153">
    <p class='ocr_par' dir='ltr' id='par_1_89' title="bbox 2131 5062 3702 5153">
     <span class='ocr_line' id='line_1_90' title="bbox 2131 5062 3702 5153; baseline -0.017 -14"><span class='ocrx_word' id='word_1_685' title='bbox 2131 5082 2365 5153; x_wconf 78' lang='lat' dir='ltr'><strong><em>Joseplto</em></strong></span> <span class='ocrx_word' id='word_1_686' title='bbox 2413 5081 2503 5136; x_wconf 89' lang='lat' dir='ltr'><strong><em>illo</em></strong></span> <span class='ocrx_word' id='word_1_687' title='bbox 2550 5080 2779 5135; x_wconf 73' lang='lat' dir='ltr'><strong><em>Hebneo</em></strong></span> <span class='ocrx_word' id='word_1_688' title='bbox 2826 5076 3105 5131; x_wconf 73' lang='lat' dir='ltr'><strong><em>Matltatia:</em></strong></span> <span class='ocrx_word' id='word_1_689' title='bbox 3156 5072 3269 5127; x_wconf 83' lang='lat' dir='ltr'><strong><em>ﬁlio</em></strong></span> <span class='ocrx_word' id='word_1_690' title='bbox 3321 5069 3486 5139; x_wconf 88' lang='lat' dir='ltr'><strong><em>plane</em></strong></span> <span class='ocrx_word' id='word_1_691' title='bbox 3521 5062 3702 5119; x_wconf 89' lang='lat' dir='ltr'><strong><em>mirum</em></strong></span> 
     </span>
    </p>
   </div>
   <div class='ocr_carea' id='block_1_90' title="bbox 2131 5161 3703 5239">
    <p class='ocr_par' dir='ltr' id='par_1_90' title="bbox 2131 5161 3703 5239">
     <span class='ocr_line' id='line_1_91' title="bbox 2131 5161 3703 5239; baseline -0.011 -11"><span class='ocrx_word' id='word_1_692' title='bbox 2131 5174 2303 5230; x_wconf 83' lang='lat' dir='ltr'><strong><em>videri</em></strong></span> <span class='ocrx_word' id='word_1_693' title='bbox 2333 5174 2493 5228; x_wconf 89' lang='lat' dir='ltr'><strong><em>debet</em></strong></span> <span class='ocrx_word' id='word_1_694' title='bbox 2519 5188 2535 5238; x_wconf 89' lang='lat'><strong><em>;</em></strong></span> <span class='ocrx_word' id='word_1_695' title='bbox 2582 5170 2743 5225; x_wconf 87' lang='lat' dir='ltr'><strong><em>facile</em></strong></span> <span class='ocrx_word' id='word_1_696' title='bbox 2785 5169 2989 5239; x_wconf 89' lang='lat' dir='ltr'><strong><em>quippe</em></strong></span> <span class='ocrx_word' id='word_1_697' title='bbox 3019 5180 3088 5221; x_wconf 88' lang='lat' dir='ltr'><strong><em>ex</em></strong></span> <span class='ocrx_word' id='word_1_698' title='bbox 3118 5166 3237 5236; x_wconf 83' lang='lat' dir='ltr'><strong><em>ejus</em></strong></span> <span class='ocrx_word' id='word_1_699' title='bbox 3280 5161 3508 5231; x_wconf 91' lang='lat' dir='ltr'><strong><em>scriptis</em></strong></span> <span class='ocrx_word' id='word_1_700' title='bbox 3534 5162 3703 5224; x_wconf 79' lang='lat' dir='ltr'><strong><em>depre-</em></strong></span> 
     </span>
    </p>
   </div>
   <div class='ocr_carea' id='block_1_91' title="bbox 444 5244 3702 5343">
    <p class='ocr_par' dir='ltr' id='par_1_91' title="bbox 444 5244 3702 5343">
     <span class='ocr_line' id='line_1_92' title="bbox 444 5244 3702 5343; baseline -0.008 -18"><span class='ocrx_word' id='word_1_701' title='bbox 444 5270 677 5339; x_wconf 86' lang='lat' dir='ltr'><strong><em>positum</em></strong></span> <span class='ocrx_word' id='word_1_702' title='bbox 710 5287 726 5325; x_wconf 80' lang='lat' dir='ltr'>z</span> <span class='ocrx_word' id='word_1_703' title='bbox 779 5272 847 5326; x_wconf 92' lang='lat' dir='ltr'><strong><em>de</em></strong></span> <span class='ocrx_word' id='word_1_704' title='bbox 883 5289 991 5342; x_wconf 91' lang='lat' dir='ltr'><strong><em>quo</em></strong></span> <span class='ocrx_word' id='word_1_705' title='bbox 1029 5272 1120 5342; x_wconf 87' lang='lat' dir='ltr'><strong><em>qui</em></strong></span> <span class='ocrx_word' id='word_1_706' title='bbox 1164 5244 1340 5343; x_wconf 73' lang='lat' dir='ltr'><strong><em>potest</em></strong></span> <span class='ocrx_word' id='word_1_707' title='bbox 1376 5244 1645 5343; x_wconf 66' lang='lat' dir='ltr'><strong><em>requirat.</em></strong></span> <span class='ocrx_word' id='word_1_708' title='bbox 1695 5291 1715 5325; x_wconf 72' lang='grc' dir='ltr'><strong><em>ι</em></strong></span> <span class='ocrx_word' id='word_1_709' title='bbox 1756 5270 1919 5325; x_wconf 80' lang='lat' dir='ltr'><strong><em>Multa</em></strong></span> <span class='ocrx_word' id='word_1_710' title='bbox 1969 5273 2023 5326; x_wconf 87' lang='lat' dir='ltr'><strong><em>in</em></strong></span> <span class='ocrx_word' id='word_1_711' title='bbox 2059 5288 2104 5343; x_wconf 78' lang='grc' dir='ltr'><strong><em>ι)</em></strong></span> <span class='ocrx_word' id='word_1_712' title='bbox 2134 5263 2371 5319; x_wconf 86' lang='lat' dir='ltr'><strong><em>hendere</em></strong></span> <span class='ocrx_word' id='word_1_713' title='bbox 2406 5263 2553 5326; x_wconf 89' lang='lat' dir='ltr'><strong><em>licet,</em></strong></span> <span class='ocrx_word' id='word_1_714' title='bbox 2588 5261 2656 5315; x_wconf 87' lang='lat' dir='ltr'><strong><em>ad</em></strong></span> <span class='ocrx_word' id='word_1_715' title='bbox 2688 5275 2945 5328; x_wconf 84' lang='lat' dir='ltr'><strong><em>magnam</em></strong></span> <span class='ocrx_word' id='word_1_716' title='bbox 2978 5258 3125 5313; x_wconf 90' lang='lat' dir='ltr'><strong><em>illam</em></strong></span> <span class='ocrx_word' id='word_1_717' title='bbox 3165 5265 3222 5311; x_wconf 91' lang='lat' dir='ltr'><strong><em>et</em></strong></span> <span class='ocrx_word' id='word_1_718' title='bbox 3263 5252 3599 5323; x_wconf 88' lang='lat' dir='ltr'><strong><em>singularem</em></strong></span> <span class='ocrx_word' id='word_1_719' title='bbox 3624 5244 3702 5301; x_wconf 83' lang='lat' dir='ltr'><strong><em>Ju-</em></strong></span> 
     </span>
    </p>
   </div>
   <div class='ocr_carea' id='block_1_92' title="bbox 444 5361 2023 5434">
    <p class='ocr_par' dir='ltr' id='par_1_92' title="bbox 444 5361 2023 5434">
     <span class='ocr_line' id='line_1_93' title="bbox 444 5361 2023 5434; baseline 0.001 -17"><span class='ocrx_word' id='word_1_720' title='bbox 444 5361 922 5420; x_wconf 88' lang='lat' dir='ltr'><strong><em>Observationibus</em></strong></span> <span class='ocrx_word' id='word_1_721' title='bbox 952 5366 1152 5421; x_wconf 88' lang='lat' dir='ltr'><strong><em>nostris</em></strong></span> <span class='ocrx_word' id='word_1_722' title='bbox 1182 5364 1687 5430; x_wconf 89' lang='lat' dir='ltr'><strong><em>animadvertimus,</em></strong></span> <span class='ocrx_word' id='word_1_723' title='bbox 1710 5381 1828 5434; x_wconf 75' lang='lat' dir='ltr'><strong><em>qua:</em></strong></span> <span class='ocrx_word' id='word_1_724' title='bbox 1860 5365 2023 5420; x_wconf 87' lang='lat' dir='ltr'><strong><em>insci-</em></strong></span> 
     </span>
    </p>
   </div>
   <div class='ocr_carea' id='block_1_93' title="bbox 446 5454 2025 5527">
    <p class='ocr_par' dir='ltr' id='par_1_93' title="bbox 446 5454 2025 5527">
     <span class='ocr_line' id='line_1_94' title="bbox 446 5454 2025 5527; baseline 0.001 -18"><span class='ocrx_word' id='word_1_725' title='bbox 446 5454 577 5509; x_wconf 89' lang='lat' dir='ltr'><strong><em>tiam</em></strong></span> <span class='ocrx_word' id='word_1_726' title='bbox 611 5455 727 5526; x_wconf 87' lang='lat' dir='ltr'><strong><em>ejus</em></strong></span> <span class='ocrx_word' id='word_1_727' title='bbox 768 5456 823 5509; x_wconf 91' lang='lat' dir='ltr'><strong><em>in</em></strong></span> <span class='ocrx_word' id='word_1_728' title='bbox 850 5454 1127 5513; x_wconf 89' lang='lat' dir='ltr'><strong><em>Hebraicis</em></strong></span> <span class='ocrx_word' id='word_1_729' title='bbox 1165 5457 1570 5524; x_wconf 86' lang='lat' dir='ltr'><strong><em>demonstrant;</em></strong></span> <span class='ocrx_word' id='word_1_730' title='bbox 1611 5457 1908 5527; x_wconf 87' lang='lat' dir='ltr'><strong><em>cujusmodi</em></strong></span> <span class='ocrx_word' id='word_1_731' title='bbox 1942 5469 2025 5511; x_wconf 83' lang='lat' dir='ltr'><strong><em>est</em></strong></span> 
     </span>
    </p>
   </div>
   <div class='ocr_carea' id='block_1_94' title="bbox 520 5627 1565 5701">
    <p class='ocr_par' dir='ltr' id='par_1_94' title="bbox 520 5627 1565 5701">
     <span class='ocr_line' id='line_1_95' title="bbox 520 5627 1565 5701; baseline 0.001 -19"><span class='ocrx_word' id='word_1_732' title='bbox 520 5627 633 5701; x_wconf 57' lang='lat'><strong><em>(61)</em></strong></span> <span class='ocrx_word' id='word_1_733' title='bbox 673 5627 897 5701; x_wconf 69' lang='lat' dir='ltr'><strong><em>Hieron.</em></strong></span> <span class='ocrx_word' id='word_1_734' title='bbox 927 5631 1085 5701; x_wconf 82' lang='lat' dir='ltr'><strong><em>epist.</em></strong></span> <span class='ocrx_word' id='word_1_735' title='bbox 1117 5630 1186 5684; x_wconf 73' lang='lat'><strong>25</strong></span> <span class='ocrx_word' id='word_1_736' title='bbox 1216 5630 1284 5684; x_wconf 90' lang='lat' dir='ltr'><strong><em>ad</em></strong></span> <span class='ocrx_word' id='word_1_737' title='bbox 1312 5629 1565 5683; x_wconf 84' lang='lat' dir='ltr'><strong><em>Paulam.</em></strong></span> 
     </span>
    </p>
   </div>
   <div class='ocr_carea' id='block_1_95' title="bbox 520 5698 2015 5768">
    <p class='ocr_par' dir='ltr' id='par_1_95' title="bbox 520 5698 2015 5768">
     <span class='ocr_line' id='line_1_96' title="bbox 520 5698 2015 5768; baseline 0 -18"><span class='ocrx_word' id='word_1_738' title='bbox 520 5698 633 5768; x_wconf 64' lang='grc' dir='ltr'><strong><em>(δὲ)</em></strong></span> <span class='ocrx_word' id='word_1_739' title='bbox 664 5699 882 5768; x_wconf 87' lang='lat' dir='ltr'><strong><em>Origen.</em></strong></span> <span class='ocrx_word' id='word_1_740' title='bbox 932 5701 989 5753; x_wconf 85' lang='lat' dir='ltr'><strong><em>in</em></strong></span> <span class='ocrx_word' id='word_1_741' title='bbox 1018 5700 1209 5755; x_wconf 82' lang='lat' dir='ltr'><strong><em>Matth.</em></strong></span> <span class='ocrx_word' id='word_1_742' title='bbox 1255 5718 1342 5755; x_wconf 88' lang='lat' dir='ltr'><strong><em>xtx</em></strong></span> <span class='ocrx_word' id='word_1_743' title='bbox 1367 5740 1382 5761; x_wconf 88' lang='lat'><strong><em>,</em></strong></span> <span class='ocrx_word' id='word_1_744' title='bbox 1437 5701 1523 5765; x_wconf 73' lang='grc'><strong><em>12,</em></strong></span> <span class='ocrx_word' id='word_1_745' title='bbox 1558 5698 1847 5768; x_wconf 78' lang='lat' dir='ltr'><strong><em>Comment.</em></strong></span> <span class='ocrx_word' id='word_1_746' title='bbox 1883 5707 2015 5751; x_wconf 90' lang='lat' dir='ltr'><strong><em>tom.</em></strong></span> 
     </span>
    </p>
   </div>
   <div class='ocr_carea' id='block_1_96' title="bbox 448 5767 2020 5835">
    <p class='ocr_par' dir='ltr' id='par_1_96' title="bbox 448 5767 2020 5835">
     <span class='ocr_line' id='line_1_97' title="bbox 448 5767 2020 5835; baseline -0.004 -12"><span class='ocrx_word' id='word_1_747' title='bbox 448 5782 540 5828; x_wconf 72' lang='lat' dir='ltr'><strong><em>XV.</em></strong></span> <span class='ocrx_word' id='word_1_748' title='bbox 571 5767 694 5835; x_wconf 82' lang='lat' dir='ltr'><strong><em>pag.</em></strong></span> <span class='ocrx_word' id='word_1_749' title='bbox 726 5767 1101 5834; x_wconf 70' lang='lat' dir='ltr'><strong><em>657.—-’-Quod</em></strong></span> <span class='ocrx_word' id='word_1_750' title='bbox 1131 5772 1175 5823; x_wconf 91' lang='lat' dir='ltr'><strong><em>si</em></strong></span> <span class='ocrx_word' id='word_1_751' title='bbox 1201 5774 1256 5824; x_wconf 85' lang='lat' dir='ltr'><strong><em>in</em></strong></span> <span class='ocrx_word' id='word_1_752' title='bbox 1278 5770 1571 5834; x_wconf 83' lang='lat' dir='ltr'><strong><em>Hebraicis,</em></strong></span> <span class='ocrx_word' id='word_1_753' title='bbox 1604 5780 1711 5823; x_wconf 87' lang='lat' dir='ltr'><strong><em>etc.</em></strong></span> <span class='ocrx_word' id='word_1_754' title='bbox 1758 5767 1889 5821; x_wconf 74' lang='lat' dir='ltr'><strong><em>Vide</em></strong></span> <span class='ocrx_word' id='word_1_755' title='bbox 1908 5768 2020 5819; x_wconf 84' lang='lat' dir='ltr'><strong><em>aui-</em></strong></span> 
     </span>
    </p>
   </div>
   <div class='ocr_carea' id='block_1_97' title="bbox 451 5837 2014 5905">
    <p class='ocr_par' dir='ltr' id='par_1_97' title="bbox 451 5837 2014 5905">
     <span class='ocr_line' id='line_1_98' title="bbox 451 5837 2014 5905; baseline -0.001 -14"><span class='ocrx_word' id='word_1_756' title='bbox 451 5838 882 5892; x_wconf 84' lang='lat' dir='ltr'><strong><em>madversionetn</em></strong></span> <span class='ocrx_word' id='word_1_757' title='bbox 944 5850 1184 5893; x_wconf 83' lang='lat' dir='ltr'><strong><em>nostram</em></strong></span> <span class='ocrx_word' id='word_1_758' title='bbox 1222 5842 1274 5893; x_wconf 92' lang='lat' dir='ltr'><strong><em>in</em></strong></span> <span class='ocrx_word' id='word_1_759' title='bbox 1319 5843 1433 5893; x_wconf 71' lang='lat' dir='ltr'><strong><em>haec</em></strong></span> <span class='ocrx_word' id='word_1_760' title='bbox 1462 5843 1625 5891; x_wconf 85' lang='lat' dir='ltr'><strong><em>verba</em></strong></span> <span class='ocrx_word' id='word_1_761' title='bbox 1657 5838 1897 5905; x_wconf 71' lang='lat' dir='ltr'><strong><em>epistola:</em></strong></span> <span class='ocrx_word' id='word_1_762' title='bbox 1948 5837 2014 5905; x_wconf 84' lang='lat' dir='ltr'><strong><em>ad</em></strong></span> 
     </span>
    </p>
   </div>
   <div class='ocr_carea' id='block_1_98' title="bbox 450 5904 2020 5984">
    <p class='ocr_par' dir='ltr' id='par_1_98' title="bbox 450 5904 2020 5984">
     <span class='ocr_line' id='line_1_99' title="bbox 450 5904 2020 5984; baseline -0.003 -18"><span class='ocrx_word' id='word_1_763' title='bbox 450 5907 763 5966; x_wconf 69' lang='lat' dir='ltr'><strong><em>Africanum</em></strong></span> <span class='ocrx_word' id='word_1_764' title='bbox 790 5921 804 5959; x_wconf 92' lang='lat'><strong>:</strong></span> <span class='ocrx_word' id='word_1_765' title='bbox 824 5907 1062 5979; x_wconf 74' lang='grc' dir='ltr'><strong><em>Νεεμίας</em></strong></span> <span class='ocrx_word' id='word_1_766' title='bbox 1081 5909 1315 5984; x_wconf 83' lang='grc' dir='ltr'><strong><em>οἰνοχόος</em></strong></span> <span class='ocrx_word' id='word_1_767' title='bbox 1325 5908 1418 5961; x_wconf 83' lang='grc' dir='ltr'>τοῦ</span> <span class='ocrx_word' id='word_1_768' title='bbox 1438 5906 1698 5979; x_wconf 74' lang='grc' dir='ltr'><strong><em>βασιλέως</em></strong></span> <span class='ocrx_word' id='word_1_769' title='bbox 1719 5906 1809 5961; x_wconf 78' lang='grc' dir='ltr'><strong><em>καὶ</em></strong></span> <span class='ocrx_word' id='word_1_770' title='bbox 1835 5904 2020 5960; x_wconf 75' lang='grc' dir='ltr'>εὐνοῦ-</span> 
     </span>
    </p>
   </div>
   <div class='ocr_carea' id='block_1_99' title="bbox 2133 5344 3699 5426">
    <p class='ocr_par' dir='ltr' id='par_1_99' title="bbox 2133 5344 3699 5426">
     <span class='ocr_line' id='line_1_100' title="bbox 2133 5344 3699 5426; baseline -0.015 -11"><span class='ocrx_word' id='word_1_771' title='bbox 2133 5360 2408 5415; x_wconf 80' lang='lat' dir='ltr'><strong><em>daicarum</em></strong></span> <span class='ocrx_word' id='word_1_772' title='bbox 2447 5356 2717 5426; x_wconf 87' lang='lat' dir='ltr'><strong><em>originum</em></strong></span> <span class='ocrx_word' id='word_1_773' title='bbox 2759 5353 3127 5422; x_wconf 89' lang='lat' dir='ltr'><strong><em>cognitionem</em></strong></span> <span class='ocrx_word' id='word_1_774' title='bbox 3164 5364 3270 5404; x_wconf 93' lang='lat' dir='ltr'><strong><em>non</em></strong></span> <span class='ocrx_word' id='word_1_775' title='bbox 3306 5360 3499 5417; x_wconf 90' lang='lat' dir='ltr'><strong><em>parem</em></strong></span> <span class='ocrx_word' id='word_1_776' title='bbox 3533 5344 3699 5409; x_wconf 85' lang='lat' dir='ltr'><strong><em>ipsum</em></strong></span> 
     </span>
    </p>
   </div>
   <div class='ocr_carea' id='block_1_100' title="bbox 2133 5433 3699 5523">
    <p class='ocr_par' dir='ltr' id='par_1_100' title="bbox 2133 5433 3699 5523">
     <span class='ocr_line' id='line_1_101' title="bbox 2133 5433 3699 5523; baseline -0.015 -18"><span class='ocrx_word' id='word_1_777' title='bbox 2133 5452 2322 5523; x_wconf 70' lang='lat' dir='ltr'><strong><em>patria:</em></strong></span> <span class='ocrx_word' id='word_1_778' title='bbox 2370 5450 2600 5519; x_wconf 75' lang='lat' dir='ltr'><strong><em>loquela:</em></strong></span> <span class='ocrx_word' id='word_1_779' title='bbox 2664 5445 2915 5518; x_wconf 84' lang='lat' dir='ltr'><strong><em>peritiam</em></strong></span> <span class='ocrx_word' id='word_1_780' title='bbox 2975 5441 3306 5508; x_wconf 77' lang='lat' dir='ltr'><strong><em>contulisse;</em></strong></span> <span class='ocrx_word' id='word_1_781' title='bbox 3353 5433 3601 5509; x_wconf 83' lang='lat' dir='ltr'><strong><em>quamvis</em></strong></span> <span class='ocrx_word' id='word_1_782' title='bbox 3647 5441 3699 5483; x_wconf 83' lang='lat' dir='ltr'><strong><em>se</em></strong></span> 
     </span>
    </p>
   </div>
   <div class='ocr_carea' id='block_1_101' title="bbox 2125 5622 2867 5698">
    <p class='ocr_par' dir='ltr' id='par_1_101' title="bbox 2125 5622 2867 5698">
     <span class='ocr_line' id='line_1_102' title="bbox 2125 5622 2867 5698; baseline -0.003 -17"><span class='ocrx_word' id='word_1_783' title='bbox 2125 5644 2215 5698; x_wconf 86' lang='grc' dir='ltr'><strong><em>χος</em></strong></span> <span class='ocrx_word' id='word_1_784' title='bbox 2238 5626 2423 5692; x_wconf 81' lang='grc' dir='ltr'>αὐτοῦ,</span> <span class='ocrx_word' id='word_1_785' title='bbox 2456 5635 2586 5681; x_wconf 89' lang='lat' dir='ltr'><strong><em>tom.</em></strong></span> <span class='ocrx_word' id='word_1_786' title='bbox 2623 5639 2662 5686; x_wconf 86' lang='grc' dir='ltr'><strong><em>ι,</em></strong></span> <span class='ocrx_word' id='word_1_787' title='bbox 2682 5638 2751 5698; x_wconf 89' lang='lat' dir='ltr'><strong><em>_p.</em></strong></span> <span class='ocrx_word' id='word_1_788' title='bbox 2770 5622 2867 5685; x_wconf 71' lang='grc'><strong><em>27.</em></strong></span> 
     </span>
    </p>
   </div>
   <div class='ocr_carea' id='block_1_102' title="bbox 2195 5686 3699 5783">
    <p class='ocr_par' dir='ltr' id='par_1_102' title="bbox 2195 5686 3699 5783">
     <span class='ocr_line' id='line_1_103' title="bbox 2195 5686 3699 5783; baseline -0.023 -14"><span class='ocrx_word' id='word_1_789' title='bbox 2357 5686 2503 5767; x_wconf 72' lang='lat' dir='ltr'><strong><em>orig.</em></strong></span> <span class='ocrx_word' id='word_1_790' title='bbox 2561 5697 2614 5748; x_wconf 82' lang='lat' dir='ltr'><strong><em>in</em></strong></span> <span class='ocrx_word' id='word_1_791' title='bbox 2666 5686 2832 5746; x_wconf 52' lang='lat' dir='ltr'><strong><em>J&#39;oan.</em></strong></span> <span class='ocrx_word' id='word_1_792' title='bbox 2878 5707 2919 5759; x_wconf 81' lang='grc' dir='ltr'><strong><em>ι,</em></strong></span> <span class='ocrx_word' id='word_1_793' title='bbox 2982 5691 3036 5747; x_wconf 91' lang='lat'><strong><em>6.</em></strong></span> <span class='ocrx_word' id='word_1_794' title='bbox 3090 5686 3386 5744; x_wconf 73' lang='lat' dir='ltr'><strong><em>Comment.</em></strong></span> <span class='ocrx_word' id='word_1_795' title='bbox 3463 5696 3592 5739; x_wconf 87' lang='lat' dir='ltr'><strong><em>tom.</em></strong></span> <span class='ocrx_word' id='word_1_796' title='bbox 3635 5692 3699 5783; x_wconf 54' lang='lat' dir='ltr'><strong><em>tt,</em></strong></span> 
     </span>
    </p>
   </div>
   <div class='ocr_carea' id='block_1_103' title="bbox 2124 5770 2300 5839">
    <p class='ocr_par' dir='ltr' id='par_1_103' title="bbox 2124 5770 2300 5839">
     <span class='ocr_line' id='line_1_104' title="bbox 2124 5770 2300 5839; baseline 0 -18"><span class='ocrx_word' id='word_1_797' title='bbox 2124 5785 2178 5839; x_wconf 88' lang='lat' dir='ltr'><strong><em>p.</em></strong></span> <span class='ocrx_word' id='word_1_798' title='bbox 2210 5770 2300 5839; x_wconf 82' lang='lat'><strong><em>86.</em></strong></span> 
     </span>
    </p>
   </div>
   <div class='ocr_carea' id='block_1_104' title="bbox 2199 5826 3565 5913">
    <p class='ocr_par' dir='ltr' id='par_1_104' title="bbox 2199 5826 3565 5913">
     <span class='ocr_line' id='line_1_105' title="bbox 2199 5826 3565 5913; baseline -0.015 -17"><span class='ocrx_word' id='word_1_799' title='bbox 2199 5838 2312 5913; x_wconf 70' lang='grc'><strong><em>(64)</em></strong></span> <span class='ocrx_word' id='word_1_800' title='bbox 2350 5840 2691 5908; x_wconf 77' lang='lat' dir='ltr'><strong><em>llicrouytn.,</em></strong></span> <span class='ocrx_word' id='word_1_801' title='bbox 2735 5833 2808 5890; x_wconf 89' lang='lat' dir='ltr'><strong><em>De</em></strong></span> <span class='ocrx_word' id='word_1_802' title='bbox 2831 5833 3011 5903; x_wconf 84' lang='lat' dir='ltr'><strong><em>script.</em></strong></span> <span class='ocrx_word' id='word_1_803' title='bbox 3051 5828 3179 5886; x_wconf 85' lang='lat' dir='ltr'><strong><em>eccl.</em></strong></span> <span class='ocrx_word' id='word_1_804' title='bbox 3214 5830 3264 5886; x_wconf 91' lang='lat' dir='ltr'><strong><em>in</em></strong></span> <span class='ocrx_word' id='word_1_805' title='bbox 3305 5826 3565 5897; x_wconf 73' lang='lat' dir='ltr'><strong><em>Origene.</em></strong></span> 
     </span>
    </p>
   </div>
  </div>
