3866 6538
149 475 265 533 τοι

1229 476 1807 538 ORIGENIANORUM
1846 476 1973 533 LIB.
2017 476 2080 543 ll,
2120 476 2273 533 CAP.
2316 476 2357 532 Ι.

3331 475 3435 532 πενῑ

144 601 427 654 nonnulla
460 599 741 655 Hebratcae
774 601 1060 671 scripsisse
1089 601 1256 667 dicat,
1286 616 1407 672 qua:
1434 601 1590 671 lapsu
1617 579 1751 655 tem-
1782 604 1825 662 Α
1856 597 1940 651 vir
1967 599 2128 667 hujus
2160 597 2338 652 antatls
2365 596 2614 653 eruditus
2638 596 2706 651 ab
2736 592 3289 665 interpretesonﬁcla
3318 595 3437 649 exi-

146 708 362 764 porum
399 691 823 747 interciderunt.

211 782 346 848 Qui
376 782 623 839 Judaicis
646 797 811 853 porro
835 783 1037 839 litteris
1065 793 1174 841 tam
1198 784 1393 841 leviter
1418 786 1622 842 tinctus
1651 784 1750 840 fuit

145 853 461 944 drigenes,
494 873 639 929 hunc
668 872 1003 930 Samaritani
1035 875 1311 931 idiomatis
1345 874 1514 929 fuisse
1542 873 1749 929 callen-

146 966 442 1020 tissimum
482 964 755 1021 afﬁrmare
799 967 1021 1037 quidam
1061 983 1169 1022 non
1210 978 1492 1024 verentur.
1520 966 1751 1022 Abunde

146 1058 489 1114 refelluntur
511 1057 584 1111 illi
615 1072 685 1113 ex
713 1058 799 1113 his
826 1058 1077 1129 Origenis
1095 1060 1277 1115 verbis
1302 1060 1368 1114 ad
1390 1059 1521 1113 illud
1544 1059 1748 1114 Ezech.

146 1163 239 1212 ιι,
269 1148 326 1215 4,
367 1162 492 1220 pag.
520 1147 626 1203 424
655 1164 670 1202 :
705 1166 724 1199 r
761 1147 926 1217 Signa
958 1148 1113 1203 Thau
1158 1164 1323 1220 super
1360 1148 1565 1205 frontes
1606 1148 1751 1204 viro-

140 1254 279 1292 rum
324 1240 680 1309 gementium.
722 1257 743 1291 ι
783 1237 1032 1310 Ἐϐραῖος
1056 1238 1113 1292 δέ
1139 1256 1245 1303 τις,
1280 1238 1477 1308 inquit,
1522 1238 1631 1293 τῶν
1670 1240 1750 1303 εἰς

144 1330 391 1403 Σωτῆρα
447 1332 891 1384 πεπιστευκότων
935 1331 1088 1399 ἔλεγε
1129 1331 1199 1384 τὰ
1243 1331 1446 1403 ἀρχαῖα
1510 1334 1751 1403 στοιχεῖα

144 1422 401 1495 ἐμφερὲς
424 1422 569 1493 ἔχειν
597 1422 658 1476 τὸ
687 1421 802 1475 Ταῦ
832 1422 909 1494 τῷ
928 1423 1023 1476 τοῦ
1040 1422 1274 1495 σταυροῦ
1303 1423 1634 1495 χαρακτῆρι,
1656 1423 1751 1477 καὶ

144 1513 597 1585 προφητεύεσθαι
624 1516 753 1586 περὶ
768 1513 862 1568 τοῦ
888 1514 1183 1585 γενομένου
1208 1516 1264 1567 ὲν
1289 1515 1636 1585 Χριπιανοῖς
1657 1514 1750 1567 ἐπὶ

144 1604 249 1658 τοῦ
284 1605 539 1676 μετώπου
573 1606 823 1677 σημείου,
850 1607 985 1678 ὅπερ
1024 1604 1270 1659 ποιοῠᾰιν
1312 1607 1361 1658 οἱ
1389 1606 1749 1660 πεπιστευκό-

143 1715 246 1763 te;
271 1700 475 1764 πάντες
504 1700 811 1754 οὑτινοσοῦν
856 1701 1361 1773 προκαταρχόμενοι
1401 1700 1744 1773 πράγματος,

148 1794 249 1847 καὶ
283 1793 520 1864 μάλιστα
551 1794 583 1865 ἦ
616 1793 791 1864 εὐχῶν
820 1793 853 1865 ἤ
881 1794 1054 1862 ἁγίων
1088 1793 1552 1864 ἀναγνωσμάτων.
1588 1812 1605 1844 r
1640 1792 1747 1847 He-

149 1885 343 1940 braeus
374 1894 552 1940 autem
587 1886 833 1955 quidam,
874 1900 938 1939 ex
975 1884 1042 1940 iis
1072 1886 1162 1956 qui
1202 1885 1407 1941 Christi
1438 1886 1597 1941 ﬁdem
1626 1901 1743 1941 am-

1852 689 2149 755 stimabat;
2194 690 2292 745 sed
2362 690 2416 745 in
2460 689 2666 746 Graecis
2708 688 2873 743 etiam
2927 688 3122 751 tomis,
3163 685 3250 741 vel
3295 686 3434 741 seri-

1851 782 2126 851 ptionibus
2164 782 2233 836 ab
2267 781 2595 852 Hieronymo
2631 779 2930 834 Latinitate
2964 779 3201 843 donatis,
3238 776 3435 846 praeci-

1851 886 1955 941 pue
1996 886 2128 927 vero
2165 873 2217 927 in
2257 872 2413 928 libris
2466 881 2671 941 contra.
2710 869 2944 926 Celsum.
2990 871 3138 925 inter.
3182 868 3437 924 ecclesia-

1852 963 2023 1019 sticos
2056 962 2378 1033 scriptores,
2408 963 2848 1035 apocryphorum
2884 972 3140 1017 auctores
3167 960 3433 1015 librorum

1854 1055 2052 1121 refero,
2079 1072 2312 1127 quorum
2336 1056 2661 1112 testimoniis
2684 1070 2829 1126 saepe
2858 1070 3072 1126 quoque
3102 1057 3293 1121 utitur;
3327 1067 3435 1108 non

1853 1147 1972 1217 plus
2002 1156 2185 1204 tamen
2218 1150 2284 1203 iis
2313 1148 2438 1204 ﬁdei
2480 1149 2567 1205 vel
2601 1148 2947 1204 auctoritatis
2970 1146 3235 1211 tribuens,
3270 1160 3433 1215 quam

1851 1248 2116 1308 quantum
2153 1256 2217 1295 ex
2266 1240 2369 1295 hoc
2421 1240 2666 1309 Apostoli
2720 1240 2927 1296 monito
2974 1238 3228 1293 tribuere
3262 1237 3431 1292 licet:

1857 1352 1876 1386 ε
1914 1334 2111 1391 Omnia
2150 1335 2401 1403 probate,
2439 1334 2582 1404 quod
2618 1338 2814 1394 bonum
2846 1341 2934 1388 est
2959 1340 3138 1385 tenete
3164 1331 3209 1387 '.
3241 1348 3259 1381 ι

1920 1425 2008 1479 IV.
2048 1423 2171 1479 Fuit
2216 1440 2348 1496 ergo
2398 1424 2671 1495 praecipua
2727 1423 2979 1495 Origenis
3025 1423 3079 1477 in
3133 1421 3431 1491 Scriptnris

1851 1513 2151 1568 enodandis
2190 1516 2495 1579 contentio,
2529 1514 2685 1583 cujus
2732 1514 3037 1583 disciplinae
3078 1528 3242 1567 causa
3276 1527 3435 1567 exco-

1852 1606 1949 1660 luit
2008 1605 2106 1671 τὰς
2157 1606 2391 1674 ἔξωθεν,
2448 1608 2542 1663 sed
2596 1607 3000 1678 philosophiam
3059 1606 3428 1676 potissimum.

1852 1693 2026 1749 Unum
2056 1707 2234 1749 autem
2267 1712 2377 1765 prae
2410 1696 2635 1767 reliquis
2664 1696 2939 1751 Platonem
2976 1696 3278 1749 admiratus
3306 1704 3430 1749 est:

1851 1787 1989 1840 sicut
2036 1785 2345 1842 Christiana
2397 1790 2649 1860 dogmata
2703 1791 2769 1844 ad
2822 1788 3117 1843 Platonica:
3168 1788 3433 1841 doctrinm

1852 1879 2015 1949 leges,
2048 1892 2154 1932 non
2189 1878 2361 1951 ipsam
2396 1880 2639 1936 Platonis
2673 1881 2975 1935 doctrinam
3014 1880 3079 1955 ad
3107 1878 3317 1935 Christi
3347 1877 3433 1931 ef-

148 1975 305 2042 plexi
346 1984 499 2042 sunt,
537 1949 753 2032 dicebat
777 1949 829 2032 in
856 1949 1396 2046 antiquislelementis
1417 1977 1590 2032 simile
1618 1992 1739 2034 esse
1771 1949 1814 2003 Β
1847 1976 1955 2033 fata
1983 1949 2442 2035 accommodaret.
2462 1973 2722 2042 Exemplo
2752 1988 2851 2028 suo
2879 1949 3165 2042 Origencm
3196 1986 3263 2025 eo
3285 1986 3432 2024 com-

145 2068 309 2122 Tbau
349 2066 536 2124 forma
572 2068 795 2136 crucis,
827 2078 882 2124 et
909 2067 1130 2137 praedici
1174 2066 1243 2122 de
1274 2068 1429 2138 signo
1470 2068 1611 2138 quod
1659 2071 1740 2124 in-

147 2168 239 2214 ter
276 2158 629 2217 Christianos
671 2160 814 2215 litin
864 2158 1066 2226 fronte,
1103 2160 1246 2230 quod
1283 2161 1502 2230 quidem
1534 2160 1742 2217 faciunt

144 2248 246 2318 qui
294 2248 653 2305 crediderunt
693 2264 918 2317 omnes,
962 2264 1348 2320 quamcunque
1393 2265 1507 2306 rem
1552 2267 1743 2324 aggre-

144 2340 404 2407 diantur,
440 2341 677 2397 maxime
718 2356 851 2397 vero
888 2341 972 2396 vel
1018 2356 1242 2411 preces,
1283 2342 1371 2398 vel
1410 2351 1632 2399 sanctas
1670 2342 1741 2399 le-

141 2429 387 2485 ctiones.
429 2449 450 2483 ι
500 2430 900 2485 Samaritarum
944 2430 1213 2486 elementa
1254 2432 1488 2503 appellat
1534 2434 1742 2505 ἀρχαῖα

143 2522 417 2593 στοιχεῖα,
455 2522 597 2592 quod
625 2522 693 2577 iis
718 2521 931 2578 Hebraei
965 2533 1258 2578 uterentur
1289 2523 1487 2593 priscis
1532 2535 1741 2593 tempo-

142 2615 325 2676 r'bus,
385 2614 493 2687 πρὸ
521 2614 624 2685 τῆς
651 2615 996 2686 μετοικεσίας
1015 2614 1353 2680 Βαϐυλῶνος.
1389 2616 1505 2687 (65)
1536 2616 1738 2672 Eorum

140 2704 189 2759 si
232 2704 488 2759 notitiam
530 2705 768 2775 aliquam
834 2716 1207 2775 comparasset
1259 2705 1545 2777 Origenes,
1584 2706 1737 2762 Thau

141 2796 485 2851 Samaritani
515 2794 747 2851 formam
774 2798 844 2852 ab
874 2796 1101 2852 Hebraeo
1126 2797 1220 2852 illo
1240 2798 1519 2867 accepisse
1546 2813 1604 2853 se
1629 2814 1737 2853 non

140 2881 403 2949 dixisset,
437 2897 600 2952 quam
633 2886 906 2954 cognitam
937 2900 1003 2940 ex
1030 2900 1089 2940 se
1120 2885 1402 2941 habuisset
1433 2896 1488 2942 et
1514 2902 1737 2957 perspe-

143 2984 325 3030 ctam.
380 2974 563 3045 Atque
617 2975 705 3030 hic
753 2976 931 3032 obiter
979 2976 1270 3047 Origenem
1319 2978 1658 3035 vindicemus
1706 2997 1738 3036 a

140 3079 384 3120 censura
422 3066 714 3137 Scaligeri,
748 3068 841 3135 qui
882 3068 934 3121 in
980 3066 1135 3124 Notis
1174 3068 1240 3122 ad
1273 3068 1570 3126 Eusebium
1600 3087 1739 3142 prae—

139 3155 324 3211 fracte
368 3165 535 3227 negat
567 3156 719 3212 Thau
768 3156 1159 3213 Samariticum
1196 3158 1301 3211 alia
1335 3158 1510 3213 forma
1550 3159 1734 3225 fuisse,

137 3262 310 3316 quam
352 3263 460 3318 qua
505 3248 669 3303 hodie
718 3249 960 3319 pingitur
1000 3249 1054 3304 in
1103 3248 1261 3304 libris
1302 3248 1732 3317 Samaritarum;

138 3340 314 3395 etiam
354 3351 544 3396 contra
585 3340 898 3412 Hieronymi
938 3342 1348 3409 auctoritatem,
1379 3342 1470 3411 qui
1522 3342 1736 3397 codices

140 3430 533 3490 Samaritanus
558 3442 895 3488 versaverat.
920 3434 1141 3489 Certum
1168 3445 1250 3490 est
1274 3438 1416 3491 enim
1446 3453 1550 3491 non
1575 3438 1735 3491 unico

138 3526 311 3581 modo
346 3527 523 3581 notari
554 3528 775 3582 solitum
811 3528 979 3583 fuisse
1022 3528 1176 3582 Thau
1210 3528 1617 3594 Samariticum,
1655 3540 1737 3584 at-

136 3632 256 3687 que
285 3618 341 3672 id
374 3619 669 3688 aliquando
701 3622 768 3675 ad
797 3621 983 3676 crucis
1014 3619 1247 3675 formam
1286 3622 1731 3688 essedepictnm,

138 3716 202 3762 ut.
234 3708 397 3763 ﬁdem
432 3707 641 3763 faciunt
677 3710 1040 3765 vetustissimi
1085 3709 1289 3764 nummi
1320 3708 1692 3765 Hebraeorum.

215 3798 306 3855 lll.
342 3798 456 3853 Non
488 3800 783 3868 Scriptura:
815 3800 1295 3870 interpretationes
1326 3801 1610 3866 duntaxat,
1640 3802 1735 3856 sed

140 3891 300 3962 ipsos
364 3891 529 3946 etiam
566 3892 887 3962 interpretes
944 3894 1349 3962 scriptoresque
1389 3892 1525 3948 adeo
1556 3893 1735 3949 eccle-

137 3984 408 4041 siasticos
461 4001 650 4040 omnes
701 3996 957 4041 accurate
1011 3986 1291 4041 evolverat
1336 3986 1735 4051 Adamantius,

138 4091 381 4147 quorum
421 4077 788 4146 patrocinium
829 4078 1124 4134 sententiis
1151 4078 1263 4133 suis
1290 4077 1609 4147 plerumque
1637 4093 1738 4133 no-

138 4167 398 4220 minatim
455 4165 705 4230 asciscit,
756 4166 1054 4225 Clementis
1093 4177 1250 4239 puta,
1302 4167 1537 4239 lgnatii,
1574 4167 1733 4224 lose-

141 4256 232 4326 phi
254 4297 273 4325 ,
311 4254 560 4312 Philonis
585 4266 642 4313 et
675 4256 934 4315 aliorum.
968 4257 1157 4330 Neque
1182 4258 1236 4313 id
1278 4257 1332 4313 in
1373 4257 1530 4312 libris
1558 4257 1733 4313 solum

139 4349 230 4419 qui
267 4364 301 4402 a
343 4346 543 4402 Ruﬁno
571 4348 823 4405 conversi
850 4360 1002 4419 sunt,
1048 4349 1333 4421 reperias;
1386 4349 1503 4405 hac
1538 4349 1739 4422 quippe

206 4440 230 4471 '
266 4438 287 4494 l
319 4438 571 4496 Thessal.
607 4455 664 4510 v,
704 4440 794 4495 2i.

208 4535 333 4605 (65)
372 4533 641 4613 Eorumfi
664 4537 910 4613 notitiam
941 4541 1175 4613 aliquam
1210 4547 1569 4613 comparasset
1598 4538 1723 4613 Orig

1845 2070 1981 2140 pulit
2031 2070 2185 2126 Philo
2233 2066 2496 2132 Iudaeus,
2541 2074 2684 2120 totus
2739 2066 2805 2119 ad
2851 2063 3093 2118 Platonis
3119 2062 3430 2133 exemplum

1844 2162 2202 2233 compositus,
2233 2175 2340 2215 non
2373 2156 2586 2212 Platoni
2620 2156 2782 2211 nimis
2819 2154 3112 2210 tribuendo
3146 2155 3429 2216 duntaXat,

1844 2253 1936 2308 sed
1992 2252 2343 2321 Scripturam
2384 2249 2549 2304 etiam
2606 2246 2879 2317 allegoriis
2912 2246 3188 2315 perpetuis
3242 2245 3434 2315 expla-

1843 2344 2044 2399 nando.
2072 2341 2345 2411 Compulit
2388 2348 2443 2395 et
2493 2347 2793 2408 praeceptor
2826 2337 2970 2392 illius
3012 2336 3261 2392 Clemens
3305 2337 3430 2391 Ale-

1843 2433 2150 2489 xandrinus
2175 2472 2190 2496 ,
2231 2429 2522 2485 academize
2553 2428 2843 2498 pigmentis
2875 2444 2961 2483 res
2991 2428 3333 2483 Christianas
3367 2427 3431 2482 il-

1846 2523 2083 2579 lustrare
2112 2530 2299 2577 suetus
2327 2535 2343 2585 ;
2392 2518 2539 2588 quod
2592 2530 2649 2573 et
2681 2519 2914 2572 maxima
2948 2533 3073 2588 pars
3106 2518 3237 2571 fecit
3277 2527 3431 2571 vetu-

1841 2619 2070 2673 stiorum
2103 2615 2330 2670 Patrum
2363 2653 2379 2679 ,
2416 2612 2510 2668 sed
2557 2612 2779 2681 parcius
2832 2621 2887 2665 et
2914 2609 3295 2665 verecundius.
3334 2610 3431 2665 His

1843 2711 2027 2780 itaque
2082 2708 2488 2763 Platonicorum
2554 2705 2759 2760 deliriis
2827 2704 3104 2760 sincerum
3167 2703 3431 2758 doctrinm

1841 2802 2164 2857 Christiana:
2201 2817 2296 2858 vas
2327 2811 2611 2871 postquam
2659 2796 2986 2852 incrustavit
3029 2794 3427 2861 Adamantius,

1842 2911 1906 2949 ex
1939 2893 2030 2949 illo
2072 2893 2315 2948 doctrina
2352 2891 2470 2959 ejus
2508 2898 2763 2958 corrupta
2793 2895 2920 2952 est,
2951 2894 3005 2941 et
3034 2884 3281 2961 profanis
3325 2886 3430 2939 im-

1843 2988 1971 3043 buta
2003 2987 2309 3053 erroribus,
2340 2985 2484 3040 unde
2532 2983 2762 3038 inﬁnitis
2803 2979 3045 3050 iactatus
3077 2979 3339 3035 conviciis
3374 2988 3430 3035 et

1840 3076 2076 3146 querelis
2114 3077 2166 3131 in
2202 3090 2446 3130 summas
2475 3074 2669 3129 incidit
2716 3071 3085 3134 calamitates,
3124 3079 3180 3125 et
3213 3069 3427 3125 laudem

1840 3168 2049 3223 meritis
2082 3176 2291 3238 partam
2339 3165 2575 3221 decoxit.
2609 3163 2718 3217 Sed
2774 3178 2870 3215 nee
2903 3162 3196 3216 academia:
3229 3160 3427 3215 ﬁnibus

1843 3259 2116 3329 ingenium
2151 3274 2306 3313 suum
2343 3256 2612 3321 coercuit;
2643 3255 2924 3308 universas
2958 3253 3047 3309 ille
3080 3253 3427 3323 philosopho-

1844 3364 1962 3403 rum
1995 3359 2176 3404 sectas
2223 3349 2406 3403 animo
2435 3360 2763 3418 pervagatus
2795 3355 2895 3401 est.
2940 3345 3426 3417 Pythagoricorum

1842 3439 2059 3506 scriptis
2116 3439 2437 3494 delectatum
2503 3440 2689 3505 fuisse,
2746 3449 2801 3493 et
2846 3439 3154 3493 Stoicorum
3199 3451 3417 3507 quoque

1841 3530 2152 3585 adhibuisse
2211 3530 2383 3585 libros
2422 3531 2575 3586 testis
2615 3539 2699 3585 est
2728 3529 3079 3601 Porphyrius.
3111 3528 3247 3583 Hinc
3291 3530 3427 3583 adeo

1843 3637 1947 3676 non
1985 3623 2075 3677 uni
2110 3623 2270 3678 alicui
2307 3623 2582 3679 addictum
2619 3633 2803 3689 sectae,
2826 3625 2918 3677 sed
2946 3624 3186 3677 omnium
3218 3622 3427 3677 studio-

1840 3729 1959 3768 sum
1995 3715 2180 3779 fuisse,
2209 3733 2276 3771 ex
2309 3716 2484 3788 iisque
2510 3717 2772 3786 quidquid
2815 3717 2998 3771 utilius
3028 3729 3194 3780 esset,
3218 3726 3274 3770 et
3297 3730 3426 3770 vero

1839 3810 2069 3864 similius
2103 3810 2461 3880 decerpsisse,
2492 3810 2745 3880 idemque
2769 3810 3051 3880 discipulis
3079 3818 3133 3861 ut
3182 3808 3426 3862 facerent

1837 3910 1995 3953 caute
2022 3900 2362 3969 praecepisse.
2382 3900 2679 3971 Gregorius
2708 3899 3143 3969 Thanmaturgns
3163 3898 3425 3966 scriptum

1839 3991 2056 4059 reliquit
2073 3991 2210 4059 (66);
2235 3999 2291 4045 ut
2310 4006 2413 4045 non
2444 3998 2551 4044 tam
2566 3991 2898 4058 Platonicus,
2918 3994 2999 4047 vel
3016 3992 3422 4063 Pythagoricus.

1838 4094 2000 4149 quam
2033 4079 2420 4146 Potamonicus
2466 4082 2571 4137 dici
2624 4082 2861 4149 debeat,
2918 4098 2948 4137 a
3000 4082 3299 4137 Potamone
3331 4081 3425 4134 illo

1840 4171 2237 4240 Alexandrino,
2282 4174 2387 4243 ‘qui
2425 4174 2697 4231 eclectica:
2728 4186 2889 4231 secta:
2914 4183 3105 4229 auctor
3126 4173 3249 4229 fuit.
3281 4173 3424 4241 Quo-

1842 4262 1989 4317 circa
2030 4261 2369 4321 Justinianus
2427 4267 2482 4322 in
2542 4267 2771 4337 epistola
2818 4268 2886 4323 ad
2953 4266 3187 4333 Menam,
3252 4275 3309 4322 et
3372 4264 3425 4319 in

1844 4353 2016 4408 altera
2074 4358 2143 4410 ad
2197 4355 2443 4427 quintam
2510 4358 2813 4429 synodum,
2882 4372 3216 4430 paganorum
3278 4370 3426 4412 erro-

1828 4540 1946 4596 nesi
1989 4548 2045 4595 et
2076 4540 2300 4605 Exodo,
2349 4539 2403 4593 in
2437 4538 2667 4595 Psalmis
2724 4540 2852 4595 item
2880 4579 2896 4605 ,
2951 4540 3002 4594 in
3049 4537 3322 4601 Ieremia,
3373 4537 3427 4593 in

139 4603 323 4681 genas,
372 4603 525 4681 Tuon
574 4606 908 4681 Samaritani
953 4603 1217 4679 formam,
1247 4603 1356 4681 etc.
1396 4609 1728 4665 Samaritani
1762 4609 2108 4676 D'l‘hrenis;
2164 4603 2309 4681 apud
2368 4609 2711 4666 Ezechielem
2768 4603 2990 4681 etiam,
3038 4608 3427 4681 Danieiemet

142 4676 369 4742 quidem
423 4675 699 4730 idiomatis
736 4675 1209 4737 callenti'ssimum;
1242 4680 1412 4736 fuisse
1451 4697 1559 4735 non
1601 4696 1731 4737 reor

141 4746 590 4815 Urigenemtsed
631 4748 769 4800 haud
805 4749 921 4804 scio
956 4766 1025 4805 an
1060 4750 1397 4815 utJudaicis,
1432 4752 1503 4805 ita
1537 4752 1730 4806 Sama-

142 4814 339 4886 ritanis
372 4824 430 4886 et
459 4814 702 4886 Syriacis
734 4818 932 4874 litteris
950 4822 1140 4876 saltem
1174 4821 1364 4876 leviter
1386 4814 1599 4875 tinctus
1624 4837 1728 4878 non

144 4883 334 4939 fuerit.
388 4884 481 4939 Sic
501 4883 659 4940 'enim
710 4886 772 4941 Ι).
819 4889 1123 4946 Bernardus
1169 4893 1236 4945 de
1285 4890 1631 4946 Montfaucon
1675 4894 1727 4945 in

144 4953 622 5030 Prxlijninaribus
652 4958 720 5010 ad
762 4956 1005 5030 Hexapla
1044 4962 1296 5029 Origenis
1330 4977 1450 5030 cap.
1479 4962 1533 5025 ‘l,
1576 4977 1726 5016 num.

140 5021 211 5079 8:
241 5042 269 5099 c_
290 5024 623 5099 samarltani
667 5038 721 5080 et
755 5029 876 5098 Syri
909 5021 1240 5086 l'ectionesin
1278 5021 1615 5099 marginibus
1634 5046 1727 5084 ve-

144 5096 578 5170 tustissimorum
626 5096 1039 5166 exemplarium,
1065 5117 1185 5170 qua:
1226 5096 1589 5169 Hexaplorum
1620 5103 1729 5154 fra-

144 5174 372 5241 gmen‘ta
396 5166 675 5241 eahibent,
697 5182 949 5241 persaepe
999 5166 1405 5236 observantur,
1440 5172 1564 5241 Syri
1599 5171 1721 5240 qui-

146 5236 272 5314 dem
308 5236 361 5288 in
400 5235 674 5314 plerisque
692 5235 1567 5314 Scripturmglihris;Samaritani
1597 5235 1727 5314 vero

147 5305 199 5357 in
232 5305 631 5379 Pentateucho_
655 5305 859 5361 tantum
892 5328 906 5365 :
946 5312 1038 5366 ubi
1084 5328 1187 5365 non
1240 5312 1617 5379 infrequenter
1643 5311 1727 5363 iu-

146 5376 571 5443 terpretationes
599 5377 930 5434 Samaritani
962 5382 1366 5436 animadvertas
1388 5376 1419 5446 ,_
1455 5381 1725 5435 interdum

146 5446 308 5520 solas,
349 5448 552 5520 saepius
583 5462 705 5502 cum
738 5447 967 5520 aliorum
1008 5452 1365 5520 interpretum
1403 5451 1726 5506 lectionibus

147 5516 399 5569 collatas.
424 5516 558 5570 Cum
598 5530 776 5572 autem
807 5518 908 5574 illa:
934 5516 1265 5575 Samaritani
1299 5522 1583 5583 lectiones,
1616 5537 1721 5574 non

147 5583 200 5637 in
234 5587 466 5639 vetustis
493 5589 770 5642 codicibus
804 5598 1012 5644 tantum
1041 5631 1057 5656 ,
1092 5593 1188 5645 sed
1218 5593 1384 5645 etiam
1429 5593 1569 5657 apud
1620 5590 1724 5645 Pa-

148 5663 260 5710 tres
305 5660 531 5726 quarti,
568 5659 742 5726 quinti
793 5671 849 5714 et
885 5663 1223 5728 sequentium
1275 5661 1600 5716 smculnrutn
1629 5676 1724 5715 oc-

150 5738 378 5801 currant
402 5765 418 5789 ,
449 5730 751 5801 probabile
794 5745 939 5801 sane
962 5732 1175 5786 videtur
1219 5731 1405 5801 ipsum
1429 5729 1720 5801 Origenem

152 5743 378 5779 currant
402 5765 418 5789 ,
468 5743 751 5850 {trababtle
794 5745 927 5785 sane
962 5743 1175 5786 Vldetttr
1219 5747 1392 5800 Ipsum
1429 5743 1719 5801 Urtgenem

152 5793 417 5871 lectiones
449 5796 573 5871 iAlas
616 5799 947 5855 Samaritani
982 5802 1036 5860 in
1069 5802 1313 5870 margine
1357 5800 1719 5871 Hexaplorum

154 5867 419 5942 posuisse.
467 5867 612 5922 ldem
662 5884 824 5942 porro
855 5871 1143 5942 dicendum
1176 5867 1391 5926 videtur
1430 5867 1675 5942 de'Syro
1701 5911 1716 5935 ,

154 5934 304 6015 Cuius
354 5934 830 6009 interpretationes
867 5941 1067 6013 passim
1126 5943 1467 6019 reperiuntur
1506 5934 1717 5999 iu'Geé

1833 4682 1991 4752 Osee.
2030 4681 2151 4752 Syri
2191 4679 2353 4751 porro
2413 4681 2677 4736 lectiones
2718 4680 3020 4752 afferuntur
3076 4682 3146 4734 ab
3193 4679 3427 4752 Eusebio

1832 4748 2241 4815 Caesariensi,_a
2269 4752 2507 4807 Diodoro
2530 4752 2789 4807 Tarsensi
2824 4750 3186 4819 frequentius,
3225 4752 3291 4803 ab
3318 4748 3426 4803 Eu-

1831 4823 1983 4878 sebio
2051 4822 2310 4877 Emiseno
2337 4860 2353 4885 ,
2385 4821 2716 4893 Hieronymo
2740 4864 2756 4887 ,
2786 4820 3131 4893 Theodoreto
3181 4830 3259 4893 et_
3277 4819 3424 4893 aliis.

1831 4893 2093 4960 Quodque
2131 4894 2430 4948 notandum
2477 4890 2812 4958 estfiidem,
2853 4892 3197 4960 maximeque
3231 4890 3428 4960 Diodo-

1832 4958 1925 5018 rus
1988 4958 2186 5032 Syrum
2250 4978 2376 5015 cum
2440 4960 2663 5032 Hebraeo
2724 4977 2867 5029 saepe
2925 4958 3264 5032 conjungunt
3321 4958 3426 5032 hoc

1831 5044 1987 5103 pacto
2016 5026 2088 5086 ξό
2124 5033 2294 5103 Σύρος
2332 5032 2428 5085 καὶ
2455 5035 2484 5086 ὁ
2511 5031 2761 5103 Ἐϐραῖος
2779 5026 2896 5097 ,νει
2916 5071 2932 5096 ,
2952 5102 2955 5103 ν
2976 5033 3005 5083 ὁ
3051 5028 3301 5103 Ἐϐραῖος
3331 5026 3428 5081 καὶ

1829 5104 1859 5155 ὁ
1884 5102 2074 5173 Σύρος,
2126 5099 2341 5171 quando
2377 5103 2588 5157 scilicet
2610 5099 3426 5173 ἐιιιιιροιιυιιιηὶηιειδρτοιᾳιίοῃθε

1829 5167 2162 5226 conveniunt
2189 5213 2205 5239 ,
2237 5174 2378 5242 quod
2414 5187 2556 5241 saepe
2587 5171 2874 5241 contingit.
2901 5168 2995 5242 Hae
3029 5167 3207 5242 porro
3223 5167 3413 5242 lectio-

1831 5259 1946 5305 nes,
1990 5244 2213 5311 perinde
2242 5238 2408 5311 atque
2444 5238 2801 5307 samaritani,
2822 5242 2891 5295 ab
2920 5239 3156 5309 Origene
3178 5238 3416 5311 diligen-

1831 5307 2042 5367 tissimo
2093 5307 2407 5367 versionum
2454 5312 2748 5367 collectore
2796 5307 3089 5380 potuerunt
3139 5310 3305 5362 etiam
3364 5307 3419 5380 in

1830 5383 2167 5452 marginibus
2220 5381 2585 5451 Hexaplorum
2638 5376 2895 5437 collocari
2942 5393 3332 5452 :_quanqt_tam_
3364 5376 3417 5452 id

1828 5447 2051 5507 minime
2084 5463 2317 5509 constet.
2354 5447 2477 5507 Haec
2506 5453 2706 5522 quippe
2730 5452 2905 5506 solum
2946 5450 3246 5522 divinando
3282 5447 3418 5522 dici-

1829 5539 1948 5577 mus
1980 5543 1992 5577 :
2022 5527 2193 5578 donec
2214 5524 2359 5578 enim
2385 5517 2568 5591 aliqua
2603 5517 2686 5577 vel
2731 5522 2940 5576 tantilla
2976 5536 3107 5589 pars
3140 5517 3416 5587 "exapta-

1827 5605 2072 5669 rum,_ut
2107 5594 2261 5648 initio
2294 5595 2497 5669 scripta
2536 5593 2778 5669 fuerunt,
2822 5607 2853 5647 e
2886 5592 3128 5669 tenebris
3174 5602 3417 5669 etnerse:

1827 5664 1920 5728 rit,
1951 5664 2162 5733 plenam
2187 5659 2598 5735 perfectamque
2618 5664 2831 5719 illorum
2870 5661 3119 5717 notitiam
3144 5659 3417 5729 expiscari

1826 5750 1933 5789 non
1962 5735 2279 5790 valebimus.
2307 5754 2326 5787 ι

1901 5803 2500 5937 ἓδῶϐἕῗῆτιηυω.
2560 5805 2615 5862 in
2688 5808 2891 5877 t’aneg.
2950 5818 3099 5859 num.
3142 5801 3176 5858 7
3222 5812 3277 5861 et
3328 5797 3421 5865 15,

1829 5870 1954 5949 pag.
1984 5870 2054 5931 67
2094 5885 2149 5935 et
