3878 6514
523 435 634 496 703
1804 433 1868 490 P.
1912 432 2050 488 DAN

2214 436 2235 489 5
2274 431 2513 488 ιιυΕΤιι
2835 482 2839 487 .
3656 447 3745 502 τοι

520 551 679 611 ribus
726 545 939 601 aﬂinem
974 542 1144 600 fuisse
1185 542 1476 615 Origenem
1526 553 1636 599 tam
1679 558 1872 601 crearo
1904 543 2115 613 objicit.
2144 551 2189 607 Α
2219 560 2269 599 vr
2302 554 2445 601 cont.
2497 544 2728 616 Celsum,
2768 563 2919 603 num.
2941 546 3047 610 24.
3077 560 3130 617 p.
3159 545 3263 601 648
3305 546 3435 618 (68).
3478 550 3630 609 Porro
3652 565 3747 627 cpi-

599 639 661 694 Υ.
701 638 813 709 (67)
837 636 915 693 Ad
956 634 1196 705 reliquas
1220 650 1439 706 quoque
1467 636 1808 707 disciplinas,
1844 637 1959 692 sive
1990 651 2107 689 ma-
2216 639 2350 693 stola
2381 639 2612 707 quadam
2645 680 2660 703 ,
2689 655 2810 709 quas
2838 649 2923 694 est
2954 640 3093 708 apud
3139 638 3424 694 Eusebium
3452 640 3578 711 (69),
3611 662 3750 702 επακ-

517 729 845 788 tbematicas
860 735 1023 795 artes,
1052 727 1166 783 sive
1187 742 1281 783 eas
1310 730 1513 798 qua:ab
1535 728 1877 785 humanitate
1911 743 2105 782 nomen
2214 729 2352 782 savit
2380 729 2606 782 nimium
2645 744 2803 784 suum
2836 729 2890 782 in
2918 743 3011 783 eas
3052 729 3330 785 doctrinas
3357 732 3601 799 studium,
3626 740 3747 804 quod

522 823 745 888 habent,
796 819 1035 873 animum
1083 820 1333 888 appulit;
1367 823 1459 875 sed
1496 819 1756 888 majorem
1789 820 2003 873 videtur
2039 818 2104 871 iis
2214 820 2518 888 aliquorum
2566 822 3083 889 reprehensionibus
3127 831 3413 889 patuerat;
3463 824 3746 886 stolidarum

522 914 736 969 artibus
769 911 1099 980 impendisse
1122 927 1347 982 operam
1368 952 1383 976 ,
1420 927 1649 982 quarum
1691 922 1810 967 erat
1842 927 1973 967 usus
2022 908 2106 963 vel
2213 911 2413 979 quippe
2443 911 2726 966 hominum
2751 952 2768 977 ,
2811 922 3077 983 quantum
3109 910 3349 981 profana:
3377 910 3563 968 littera:
3603 921 3747 974 sacris

518 1006 586 1059 ad
632 1005 933 1075 Scriptum
961 1020 1133 1059 sacra:
1171 1004 1591 1060 illustrationem
1622 1047 1639 1073 ,
1672 1004 1756 1059 vel
1791 1004 1857 1058 ad
1892 1016 2102 1057 morum
2212 1004 2595 1073 promovendis
2622 1003 2931 1059 conducant
2959 1020 3149 1073 parum
3177 1004 3601 1072 intelligentium.
3626 1009 3747 1063 'l‘au—

516 1096 1003 1161 emendationem,
1042 1094 1126 1149 vel
1152 1095 1216 1148 ad
1266 1094 1528 1149 Ecclesiae
1559 1093 1974 1149 mdiﬁcationem
2006 1107 2101 1145 ac-
2213 1103 2320 1147 tam
2377 1095 2592 1150 demum
2663 1096 2765 1151 sibi
2827 1097 3061 1151 nominis
3122 1097 3426 1150 claritatem
3482 1100 3747 1157 eruditione

516 1186 931 1243 commodalior.
980 1184 1111 1238 Tam
1157 1184 1360 1240 assidui
1409 1194 1591 1238 autem
1626 1195 1681 1238 et
1712 1184 2017 1238 inexhausti
2049 1181 2101 1236 in
2212 1203 2307 1241 sua
2342 1188 2592 1257 peperit,
2640 1197 2701 1252 ut
2744 1189 2812 1243 ad
2841 1205 2965 1244 eum
3011 1186 3346 1244 conﬂuerent
3386 1190 3556 1243 oumis
3605 1206 3745 1261 gene-

517 1280 834 1334 evolvendis
863 1278 1232 1347 voluminibus
1270 1277 1472 1332 laboris
1510 1275 1612 1329 fuit
1638 1316 1654 1343 ,
1691 1284 1751 1329 ut
1776 1275 1999 1345 objiciat
2052 1274 2101 1328 ei
2210 1278 2286 1332 ris
2320 1278 2566 1333 homines
2591 1317 2607 1343 ,
2638 1278 2993 1333 excellentem
3042 1278 3163 1349 ejus
3211 1281 3564 1335 eruditionem
3594 1283 3747 1337 etimi-

518 1371 851 1441 Tbeopbilus
876 1412 890 1436 ,
931 1379 1227 1440 perpetuus
1256 1370 1425 1439 ipsius
1479 1368 1800 1431 insectator,
1836 1384 1854 1416 ι
1892 1364 2049 1434 jactai

2216 1371 2258 1424 ci
2309 1372 2408 1439 ipsi
2458 1371 2799 1427 celebrarent
2845 1374 3107 1442 scriptis,
3141 1390 3266 1428 suas
3309 1375 3359 1428 ei
3404 1386 3747 1433 consecrarent

516 1479 578 1518 se
620 1482 639 1515 ι
694 1464 843 1517 illum
882 1483 900 1515 ι
953 1464 1004 1516 in
1053 1462 1281 1517 scientia
1333 1459 1762 1528 Scripturarum,
1807 1467 1862 1511 et
1910 1467 2100 1526 putare
2210 1462 2658 1530 lucubrationes,
2702 1463 3107 1533 disciplinarum
3161 1465 3403 1519 omnium
3461 1466 3745 1536 encyclope-

517 1565 666 1609 tanta
703 1555 901 1625 legisse
930 1597 945 1621 ,
999 1564 1206 1624 quanta
1263 1552 1440 1606 nullus
1484 1550 1763 1605 hominum
1800 1549 2037 1620 legerit:
2073 1566 2093 1600 ι
2207 1554 2350 1607 diam
2384 1553 2565 1608 animo
2594 1556 2906 1610 crederetur
2927 1571 3046 1610 esse
3076 1556 3411 1625 complexus,
3446 1565 3499 1609 et
3528 1557 3745 1626 princeps

517 1656 666 1701 tanta
702 1662 827 1699 vero
854 1645 1098 1700 discendi
1152 1644 1446 1719 cupiditate
1482 1642 1738 1696 incensus
1765 1680 1780 1707 ,
1824 1650 1881 1693 ut
1905 1641 1971 1692 ad
2003 1654 2095 1693 eos
2204 1645 2349 1699 inter
2395 1645 2665 1702 litteratos
2717 1650 2784 1703 ab
2825 1649 3081 1703 omnibus
3127 1647 3515 1718 propemodum
3553 1663 3747 1718 ponere-

514 1737 947 1802 eonveniendos,
978 1752 1211 1807 quorum
1233 1746 1378 1790 esset
1400 1735 1615 1790 celebre
1644 1748 1839 1788 nomen
1869 1733 1921 1786 in
1951 1731 2093 1785 litte-
2200 1746 2306 1793 tur.

520 1829 598 1885 ris
623 1872 638 1899 ,
687 1830 888 1885 multas
927 1845 1048 1885 sese
1080 1834 1330 1900 regiones
1362 1830 1722 1898 perlustrasse
1763 1826 1969 1882 scribat
1996 1823 2091 1877 lib.
2133 1839 2175 1895 η

1568 2107 1954 2198 CAPUT
2025 2106 2718 2195 SECUNDUM.

1812 2302 2116 2379 Origenis
2161 2303 2475 2382 dogmata.

582 2615 806 2669 CAPITIS
834 2610 870 2663 Ξ
905 2623 1179 2665 ριιοιοιῑυς
1219 2625 1289 2663 ET
1324 2623 1599 2680 murena.
1630 2639 1701 2649 —
1728 2610 2083 2664 Perveninms
2123 2610 2233 2678 jam
2280 2610 2344 2662 ad
2383 2611 2501 2680 ipsa
2534 2609 2790 2677 Origcnis
2836 2609 3082 2680 dogmata
3113 2650 3129 2675 ,
3171 2608 3286 2661 sive
3319 2624 3447 2677 quae
3476 2614 3741 2680 reprehen-

513 2685 697 2739 siones
730 2692 950 2749 eXperta
984 2681 1164 2748 aliquo
1197 2680 1354 2732 modo
1382 2677 1595 2732 defendi
1634 2690 1888 2747 possunt;
1927 2682 2044 2733 sive
2088 2677 2209 2749 quas
2237 2696 2387 2734 sana:
2406 2677 2859 2735 Christianorum
2890 2677 3148 2735 doctrinm
3199 2679 3379 2747 reipsa
3434 2677 3603 2735 minus
3627 2701 3740 2737 con-

513 2763 771 2809 sentanea
806 2764 1021 2804 onmem
1054 2749 1267 2818 penitus
1314 2758 1577 2819 respuunt
1606 2751 2015 2803 excusationem
2046 2767 2059 2801 :
2097 2765 2196 2803 nec
2230 2766 2292 2804 ea
2345 2754 2505 2804 modo
2542 2765 2663 2819 qua:
2709 2749 2915 2818 culpari
2954 2750 3113 2819 vulgo
3144 2749 3319 2802 solent
3349 2794 3364 2815 ,
3397 2751 3489 2803 sed
3518 2768 3629 2819 qua:
3658 2771 3741 2808 nos

512 2824 676 2878 etiam
705 2836 769 2876 ex
820 2828 1025 2873 attenta
1067 2829 1119 2872 et
1159 2818 1401 2890 diligenti
1436 2818 1873 2890 lucubrationum
1908 2820 2023 2888 ejus
2063 2820 2291 2873 lectione
2315 2818 2650 2889 excepimus.
2690 2820 2791 2872 Alii
2820 2821 3035 2888 quidem
3068 2822 3352 2875 universos
3395 2818 3634 2890 Origénis
3664 2841 3740 2877 ετ-

514 2907 669 2949 rores
698 2890 988 2945 defendere
1023 2904 1125 2958 qua
1150 2887 1291 2957 jure,
1320 2902 1534 2957 quaque
1565 2887 1759 2954 injuria
1790 2899 1915 2943 sunt
1940 2887 2185 2959 aggressi
2216 2909 2230 2954 ;
2266 2887 2510 2958 magnam
2548 2892 2673 2943 hinc
2706 2891 2803 2943 sibi
2829 2887 3153 2959 Spondenles
3190 2890 3428 2954 laudem,
3451 2887 3740 2958 si'rcceptas

511 2963 580 3017 de
606 2976 671 3016 eo
703 2961 989 3029 Opiniones
1022 2962 1442 3027 impugnarent;
1496 2961 1810 3027 neutiquam
1856 2962 2157 3029 cogitantes
2192 2977 2250 3015 se
2278 3001 2293 3021 ,
2328 2962 2452 3013 dum
2494 2962 2543 3013 in
2569 2960 2861 3029 Origenem
2895 2959 3116 3013 ollicinsi
3155 2976 3275 3011 esse
3304 2964 3547 3025 student,
3576 2963 3742 3017 existi-

513 3033 734 3086 mationi
784 3046 895 3085 sua:
930 3046 993 3083 ac
1029 3029 1218 3097 pudori
1248 3044 1444 3099 parum
1482 3032 1788 3084 consulere.
1833 3030 1999 3085 Nobis
2031 3032 2313 3084 veritatem
2343 3032 2594 3099 persequi
2629 3032 2961 3099 propositum
2999 3040 3079 3084 eSt
3105 3070 3119 3093 ,
3161 3040 3215 3082 et
3250 3030 3626 3086 Adamantiqu
3670 3033 3738 3087 vel

509 3116 769 3156 accusare
793 3142 808 3166 ,
836 3102 879 3154 si
917 3100 987 3153 ita
1025 3114 1112 3170 res
1147 3098 1283 3170 lerat
1308 3140 1323 3163 ,
1365 3097 1449 3151 vel
1481 3114 1742 3155 excusare
1765 3142 1780 3166 ,
1816 3100 1955 3170 quod
1988 3102 2223 3168 patietur
2255 3100 2462 3155 candor
2495 3097 2683 3154 uoster
2710 3097 2744 3163 ς’
2769 3101 2866 3170 sed
2897 3103 2966 3152 ita
3003 3108 3180 3154 tamen
3210 3111 3266 3153 ut
3294 3103 3363 3153 ad
3404 3102 3737 3168 prmstaudum

509 3171 611 3241 ipsi
650 3172 984 3225 delensionis
1017 3168 1267 3241 officium
1300 3170 1469 3241 simus
1517 3168 1868 3237 paratiores:
1914 3170 2055 3237 quod
2093 3171 2289 3239 triplici
2335 3170 2446 3241 fere
2502 3170 2710 3224 ratione
2759 3169 2938 3241 facere
2989 3170 3323 3225 instituimus
3357 3211 3374 3234 ,
3413 3171 3495 3225 vel
3524 3172 3658 3225 rnolli
3686 3190 3739 3226 ac

511 3238 1392 3310 benignainterpretationelocis
1416 3242 1783 3295 controversis
1832 3240 2071 3294 adhibita
2095 3280 2109 3303 ,
2146 3238 2229 3294 vel
2254 3240 2483 3310 prolatis
2517 3257 2581 3293 ex
2618 3240 2734 3309 ipso
2760 3240 2996 3310 Origene
3033 3243 3331 3293 contrariis
3363 3254 3429 3294 ac
3463 3258 3737 3309 repugnan-

508 3307 666 3366 tibus'
693 3309 868 3364 effatis
893 3307 1030 3373 {vel
1065 3308 1332 3361 similibus
1364 3307 1584 3361 Patrum
1615 3310 1865 3364 adductis
1899 3310 2203 3364 sententiis.
2255 3307 2536 3364 Posterior
2570 3307 2797 3377 uterque
2835 3307 3167 3363 defensionis
3198 3313 3393 3365 modus
3434 3326 3462 3363 a
3496 3307 3741 3366 nonnullis

509 3380 831 3451 reprobatus
855 3388 959 3443 est,
995 3381 1353 3451 etsecundus
1382 3379 1598 3451 quidem
1634 3381 1703 3433 ab
1737 3381 1933 3448 insigni
1969 3382 2145 3434 aetatis
2184 3391 2379 3435 nostra:
2406 3380 2675 3451 tbeologo,
2704 3380 2906 3434 idcirco
2932 3378 3185 3432 nimirum
3219 3382 3368 3448 quod
3402 3395 3466 3434 ex
3504 3382 3740 3449 oppositis

507 3448 761 3517 0rigenis
788 3448 1133 3519 testimoniis,
1154 3450 1494 3519 concluditur
1523 3450 1863 3504 solummodo
1892 3451 2105 3505 diversa
2139 3452 2312 3519 ipsum
2347 3448 2614 3515 sensisse,
2652 3466 2758 3503 non
2787 3464 2916 3504 vero
2945 3451 3222 3517 perversis
3245 3448 3590 3518 opinionibus
3624 3467 3738 3504 neu-

510 3521 716 3590 tiquam
754 3521 1069 3590 adhaesisse.
1109 3518 1176 3570 At
1205 3517 1535 3590 Διιοιιῌειιὶιιιη
1594 3529 1768 3573 tamen
1824 3517 2490 3590 protegendir'Adamantii
2523 3519 2950 3590 commodiorem
2993 3520 3133 3572 viam
3174 3520 3436 3573 insistere
3467 3536 3524 3574 se
3558 3523 3736 3587 putavit

509 3585 823 3658 Pamphilus
853 3590 903 3643 in
939 3585 1463 3659 Apologetico.Nam
1489 3603 1611 3641 cum
1644 3591 1711 3643 ab
1750 3585 2023 3644 haereticis
2057 3589 2252 3643 violata
2305 3607 2429 3647 esse
2482 3598 2761 3645 constaret
2814 3589 3140 3659 Origeniana
3188 3590 3474 3645 volumina
3505 3630 3520 3654 ,
3559 3585 3599 3644 si
3636 3606 3739 3658 quas

508 3662 910 3715 sententiarum
962 3658 1469 3727 deprehendebatur
1496 3660 1751 3723 varietas,
1785 3663 1981 3714 merito
2022 3661 2075 3714 in
2114 3660 2498 3716 haereticorum
2553 3660 2768 3714 fraudes
2807 3658 3085 3713 varietatis
3116 3662 3281 3714 causa
3316 3660 3737 3714 convertebatur.

507 3730 776 3784 Praeterea
815 3738 874 3783 ut
901 3743 1117 3784 errasse
1147 3728 1682 3799 Origenemdemus,
1714 3729 1990 3785 fatendum
2022 3739 2105 3784 est
2136 3731 2328 3785 saltem
2366 3733 2633 3785 incertum
2664 3730 2828 3783 animi
2860 3731 2910 3783 in
2948 3730 3014 3783 iis
3046 3730 3212 3782 fuisse
3244 3731 3666 3799 quaestionibus,
3696 3740 3743 3782 et

510 3814 543 3869 a
574 3800 886 3869 pertinaciae
923 3799 1150 3853 crimine
1174 3798 1332 3867 longe
1361 3797 1623 3859 abfuisse,
1658 3815 1765 3868 quo
1802 3815 1908 3854 uno
1943 3802 2075 3854 satis
2102 3812 2383 3869 purgatur.
2412 3799 2597 3854 Tertia
2625 3815 2842 3869 quoque
2873 3799 3054 3853 tuendi
3089 3797 3337 3869 Origenis
3368 3801 3531 3862 ratio,
3556 3815 3665 3869 qua:
3686 3813 3741 3852 ett

509 3867 730 3940 Patruini
763 3869 1147 3940 astipulatione
1180 3870 1435 3940 sumitur,
1482 3867 1904 3940 repudiaturiab
1935 3867 2294 3940 Hieronymo;
2346 3872 2436 3939 qni
2468 3910 2483 3934 ,
2530 3867 2655 3924 cuni
2684 3867 2873 3924 eodem
2903 3879 3060 3938 pacto
3089 3867 3385 3940 Origenent
3439 3867 3743 3923 defendisset

506 3938 746 3999 Joannes
774 3938 1278 4010 Jerosolymitanus,
1303 3938 1417 3992 haac
1439 3938 1661 4007 scripsit
1696 3944 1762 3993 ad
1792 3938 2153 4010 Theophilum
2186 3958 2199 3993 :
2239 3958 2259 3992 ι
2295 3938 2506 3996 Νονιιιιι
2538 3940 2870 3995 defensionis
2891 3953 3083 4009 genus,
3110 3942 3188 3994 sic
3219 3939 3478 4008 Origenis
3510 3940 3629 3992 vitia
3654 3954 3741 3992 non

511 4024 715 4081 negare
738 4050 754 4075 ,
786 4021 843 4065 ut
876 4009 1125 4081 cumiillo,
1159 4018 1388 4063 caeteros
1422 4011 1749 4064 crimineris.
1791 4009 2047 4065 Videlicet
2079 4026 2238 4081 quem
2279 4022 2465 4081 aperte
2509 4010 2804 4081 defendere
2840 4025 2944 4063 non
2982 4011 3183 4081 audeas
3210 4050 3226 4073 ,
3262 4011 3561 4081 multorum
3597 4010 3739 4063 simili

502 4078 691 4135 errore
725 4081 982 4134 tuearis.)
1005 4080 1212 4151 Nempe
1238 4094 1345 4151 non
1376 4095 1497 4133 raro
1529 4081 1776 4151 contigit,
1794 4090 1861 4151 ut
1883 4082 2022 4150 quod
2052 4078 2349 4151 inrigene
2379 4083 2668 4134 damnabat
2700 4078 3213 4151 llieronymus(70;,
3239 4078 3359 4145 ejus
3397 4080 3512 4147 ipse
3532 4094 3648 4133 reus
3672 4089 3741 4132 te-

510 4162 758 4220 neretur.
798 4152 851 4205 ld
882 4166 1003 4203 cum
1034 4151 1133 4219 ipsi
1166 4147 1467 4220 obiicerem
1506 4147 1825 4213 adversarii,
1860 4147 2077 4220 purgari
2110 4147 2397 4220 Origenem
2439 4150 2653 4203 volebat
2681 4190 2696 4211 ,
2726 4165 2831 4204 non
2878 4147 2978 4220 suo
3017 4150 3365 4220 aliorumque
3390 4150 3635 4220 exemplo
3656 4152 3743 4220 de-

502 4217 676 4273 fendi.
719 4216 1068 4289 Quapropter
1093 4218 1619 4292 Ruiittus_1ttvecl.l,
1664 4222 1737 4273 ita
1782 4216 2089 4289 loquentem
2138 4216 2348 4277 inducit
2400 4221 2787 4292 Hieronymum
2823 4236 2838 4274 :
2877 4237 2894 4269 ι
2931 4218 3137 4292 Omnes
3164 4220 3253 4272 isti
3274 4216 3527 4289 (Patres)
3552 4216 3607 4292 iit
3634 4218 3739 4292 Ori-

502 4305 670 4360 genus
702 4288 1027 4362 erraverunt
1056 4307 1070 4343 :
1105 4290 1197 4362 sed
1233 4288 1509 4362 accipiant
1536 4292 1740 4362 erroris
1769 4288 1861 4345 sui
1884 4293 2120 4353 veniam,
2147 4294 2274 4358 quia
2315 4302 2370 4348 et
2392 4307 2492 4362 ego
2521 4288 2819 4362 aliquando
2842 4290 3019 4362 erravi
3048 4328 3064 4351 ,
3109 4300 3164 4343 et
3206 4305 3353 4342 nunc
3390 4288 3739 4362 prenitentiam

502 4359 654 4431 gero,
689 4363 783 4414 sed
815 4360 1029 4431 veniam
1052 4359 1312 4431 accipere
1341 4360 1529 4431 debeo.
1558 4359 1823 4426 Origenes
1844 4376 1976 4414 vero
2001 4376 2123 4413 cum
2149 4362 2337 4416 eadem
2366 4359 2488 4431 quae
2517 4375 2618 4430 ego
2651 4359 2851 4414 dixerit
2881 4399 2895 4423 ,
2927 4360 3139 4431 etiamsi
3177 4361 3559 4427 pmnitentiain
3603 4360 3732 4427 egit,

504 4430 717 4500 veniam
746 4447 852 4484 non
892 4430 1121 4497 accipiet
1157 4430 1325 4500 :“imo
1352 4443 1450 4494 pro
1476 4430 1561 4482 his
1591 4444 1713 4496 quae
1744 4445 1935 4484 omnes
1968 4431 2234 4495 diximus,
2267 4428 2413 4486 solus
2439 4428 2886 4500 ipse'damuetur.
2927 4447 2946 4481 ι
2980 4428 3035 4482 Si
3060 4433 3277 4496 quando
3297 4444 3434 4500 vero
3466 4432 3734 4483 accusabaa

504 4506 593 4569 tur
628 4498 1149 4569 Hieronymusipse,
1180 4497 1443 4569 Origenis
1466 4500 1825 4569 patrocinium
1854 4516 1950 4568 pro
1985 4515 2044 4555 se
2075 4503 2282 4556 ambire
2313 4519 2419 4557 non
2463 4497 2748 4554 dubitabat
2776 4516 2791 4553 :
2824 4499 2928 4553 sibi
2958 4499 3182 4553 concedi
3220 4499 3415 4554 volens
3441 4540 3457 4565 ,
3486 4501 3623 4568 quod
3661 4512 3738 4569 ne:

503 4568 665 4638 gabat
687 4566 928 4638 Origeni.
959 4566 1154 4622 Merito
1190 4569 1371 4634 itaque
1401 4568 1476 4620 ait
1510 4567 1738 4623 Rutilius
1774 4566 1970 4623 Ιηῦεσι.
2000 4571 2035 4624 2
2062 4588 2076 4624 :
2106 4590 2125 4622 ι
2149 4572 2274 4626 Sive
2304 4574 2407 4628 hoc
2433 4571 2559 4625 fecit
2589 4570 2870 4636 Origenes,
2904 4570 3159 4638 siveﬂnon
3191 4569 3343 4634 fecit,
3382 4566 3518 4638 quid
3553 4570 3615 4621 ad
3663 4566 3744 4621 te?

488 4637 563 4690 Si
592 4638 659 4690 ad
695 4637 841 4693 illius
872 4638 1180 4710 exemplum
1208 4638 1441 4710 judicari
1486 4639 1591 4701 vis,
1629 4639 1805 4710 relege
1839 4643 2139 4695 sententias
2177 4651 2327 4707 tuas,
2360 4653 2416 4697 et
2454 4642 2572 4694 vide
2602 4641 2731 4709 quid
2759 4638 2983 4693 dixeris.
3021 4637 3134 4693 Hoc
3163 4655 3270 4693 non
3306 4637 3428 4701 esti,
3462 4640 3666 4710 inquis,
3692 4650 3742 4710 se

504 4722 777 4782 purgare;
822 4711 917 4782 sed
963 4708 1148 4782 socios
1186 4707 1435 4782 criminis
1483 4707 1764 4782 quarerei
1798 4710 1918 4782 Noli
1951 4728 2083 4782 ergo
2130 4722 2186 4765 et
2223 4723 2275 4765 tu
2308 4713 2488 4766 socios
2519 4707 2769 4763 criminis
2796 4724 3061 4782 qumrere,
3093 4713 3186 4782 sed
3222 4713 3603 4782 purgationem
3630 4707 3742 4761 facti

506 4779 743 4851 require.
792 4796 811 4831 ›
854 4777 1108 4851 Profecto
1129 4778 1250 4851 hinc
1278 4778 1323 4830 si
1356 4777 1799 4832 criminationum
1831 4777 2095 4850 eripiat'ur
2129 4782 2372 4851 depulsio
2398 4823 2413 4847 ,
2446 4781 2771 4851 legitbnoet
2815 4777 2871 4832 in
2921 4779 3188 4847 ejusmodi
3234 4777 3638 4851 controversiis
3672 4792 3743 4831 re-

502 4848 1172 4920 ceptissima,delensionis
1197 4860 1515 4920 argumento
1546 4851 1877 4911 carebimus.
1896 4848 2000 4907 eta
2028 4848 2279 4906 Patribus
2313 4854 2480 4907 etiam
2506 4848 2646 4920 post
2677 4849 3090 4920 Hieronymum
3110 4865 3255 4918 sape
3281 4861 3568 4918 usurpato.
3602 4848 3740 4920 Nam,

504 4927 567 4972 ut
591 4919 727 4992 alios
769 4919 959 4975 sileam
989 4960 1005 4983 ,
1026 4920 1272 4992 nunquid
1308 4919 1816 4992 similipatrocinio
1847 4921 2118 4979 Theodori
2146 4917 2760 4992 lilopsuesteni'causam
2792 4917 3023 4992 munivit
3052 4917 3363 4983 Facundos,
3405 4917 3496 4990 qui
3538 4919 3743 4992 undeci-

502 5002 651 5061 mum
684 4988 882 5061 Operis
911 4992 993 5045 sui
1023 4990 1220 5061 librum
1249 4991 1577 5057 conquisitis
1597 4990 1819 5046 Patrum
1841 4995 2065 5061 paribus
2085 4988 2376 5048 sententiis
2407 5003 2580 5047 totum
2609 4990 2823 5061 refersit
2850 5008 2864 5044 :
2905 5007 2924 5040 ι
2966 4990 3292 5061 Statuimus,
3336 4988 3543 5058 iiiq'uit,
3576 4991 3626 5043 iu
3654 4990 3742 5040 hoc

500 5058 776 5114 volumine
809 5075 1130 5130 magnorum
1159 5060 1402 5114 virorum
1428 5061 1572 5114 dicta
1600 5058 1857 5131 proferre
1876 5063 2099 5129 similia,
2129 5065 2197 5117 ad
2227 5064 2603 5119 excusandum
2633 5058 2933 5115 diﬂiciliora
2980 5059 3066 5114 bis
3108 5074 3206 5127 pro
3234 5062 3435 5128 quibus
3465 5076 3586 5115 eum
3611 5066 3744 5131 puta-

505 5139 721 5204 verunt,
754 5128 1011 5204 tanqtiapi
1056 5131 1373 5204 magistrum
1403 5128 2036 5204 Nestorii,anatbemate

2213 5135 2488 5189 :lle'ndum.
2532 5149 2551 5183 ι
2584 5133 2647 5184 lit
2682 5132 2911 5204 nupc_in
2939 5131 3347 5204 velitationibus
3372 5128 3629 5204 adversus
3664 5128 3744 5181 lte-

501 5199 809 5271 terodoxos,
834 5199 964 5270 quid
992 5203 1243 5255 usitatius
1278 5214 1439 5268 quam
1464 5201 1721 5271 suil‘ragio
1744 5202 1964 5259 Patrum
1998 5199 2079 5259 et'
2107 5206 2463 5259 consensione
2491 5200 2779 5271 pugnare?
2805 5200 3026 5270 Triplici
3056 5203 3158 5257 hoc
3200 5216 3333 5270 ergo
3356 5201 3586 5255 vallatus
3611 5214 3734 5268 pm:-

500 5268 668 5343 sid_i_o,
699 5268 922 5338 prodeat
959 5271 1172 5325 tandem
1203 5271 1268 5343 ad
1298 5285 1531 5338 pugnam
1560 5268 1839 5343 Origenes.

570 5337 743 5408 Hujus
773 5343 1021 5413 dogmata
1048 5337 1441 5411 quaestionibus
1464 5337 1879 5411 quatuo‘rdecim
1912 5345 2442 5413 comprehendimus.
2471 5344 2508 5397 Ι.
2542 5343 2633 5397 Est
2663 5343 2729 5397 de
2761 5343 2871 5398 Deo
2900 5361 2915 5397 :
2951 5342 3015 5399 ll.
3049 5344 3115 5400 de
3147 5343 3491 5399 sanctissima
3525 5339 3746 5396 Trinita-

574 5569 690 5648 (li'i)
727 5572 809 5626 Ad
860 5574 1092 5648 reliquas
1122 5593 1324 5648 quoque
1356 5577 1665 5648 disciplinas
1690 5618 1706 5643 ,
1733 5588 1840 5633 etc.
1882 5596 1900 5630 ι
1947 5579 2075 5633 Dia-
2183 5579 2445 5635 cularium
2475 5581 2780 5636 litterarum
2821 5586 3123 5633 sectatores
3171 5578 3423 5642 haberet,
3466 5594 3485 5629 ι
3508 5584 3615 5631 etc.

500 5638 775 5723 lecticam,
812 5662 830 5696 ι
866 5638 1042 5714 inquit
1064 5638 1422 5723 Hieronymus
1442 5638 1626 5723 lfuini.
1655 5638 1834 5710 script.
1865 5650 2071 5723 eccles.,
2254 5650 2370 5723 (68)
2397 5650 2707 5723 'l‘heopbil._
2726 5647 2916 5701 Pascit.
2945 5664 2983 5701 ι.

504 5726 624 5780 cap.
650 5713 739 5778 54,
770 5732 789 5792 ε
834 5727 890 5769 et
918 5713 1294 5792 geometriam,
1328 5718 1750 5792 arithmeticam,
1786 5713 2068 5792 musicam,
2250 5713 2364 5792 ('69)
2403 5713 2624 5792 Euseb,
2664 5718 3051 5792 llislor._eccl.,
3094 5717 3189 5792 lib.
3216 5733 3289 5786 Vt,
3311 5734 3441 5790 cap.
3488 5715 3574 5772 l9.

502 5785 913 5863 grammaticam
949 5794 1004 5863 et
1045 5787 1396 5863 rhetoricam,
1437 5790 1788 5863 omniumque
1832 5789 2070 5855 phil0so-
2249 5785 2363 5863 (70)
2400 5790 2621 5847 llicrou.
2661 5793 2820 5859 epist.
2863 5788 2955 5857 62,
2996 5804 3117 5859 cap.
3139 5786 3194 5843 2.

504 5850 734 5925 phorum
763 5863 939 5909 sectas
969 5856 1043 5909 ita
1070 5857 1259 5912 didicit
1278 5895 1292 5923 ,
1329 5850 1389 5913 ut
1415 5850 1935 5928 studiosos'quoquc
1965 5874 2067 5914 sa:-
