3878 6544
483 419 586 478 ’1οἸ

1754 415 1816 471 Ρ.
1858 413 2174 472 DANIELIS
2211 413 2447 471 HUETll

3625 423 3723 480 708

481 540 636 609 juxta
672 536 801 593 illud
829 532 1033 590 Christi
1064 549 1078 585 :
1113 550 1133 584 ‹
1168 531 1239 587 Ut
1270 531 1547 601 quomodo
1578 546 1683 602 ego
1707 541 1766 589 et
1806 542 1863 588 ιιι
1893 549 2059 588 unum
2088 544 2136 601 Α
2166 533 2200 587 5
2242 549 2258 586 :
2294 550 2313 582 ι
2346 529 2505 585 Omni
2545 529 2710 599 igitur
2743 542 2937 595 sensu,
2973 527 3066 598 qui
3092 542 3406 600 corporeum
3435 530 3628 601 aliquid
3666 536 3721 593 de

484 642 695 691 sumus,
721 626 799 680 sic
825 633 879 677 et
904 623 993 677 isti
1022 623 1077 676 in
1101 621 1258 675 nobis
1289 636 1453 675 unum
1477 622 1644 687 sint”;
1675 640 1694 674 ι
1723 623 1864 678 Deus
1887 632 2066 678 autem

483 729 569 775 est
597 719 970 785 incorporeus.
1012 711 1164 780 Quod
1209 712 1386 782 ipsum
1432 715 1674 783 reperire
1704 714 1835 770 licet
1875 715 2064 770 ltomil.

485 808 514 868 1
541 809 593 864 in
638 807 832 863 Genes.
868 819 1015 861 num.
1053 804 1137 869 l5,
1172 814 1225 859 et
1264 803 1356 859 lib.
1406 821 1457 858 vt
1508 816 1676 862 contr.
1712 804 1873 871 Cels.,
1916 823 2067 862 num.

485 902 575 957 69.
619 900 690 955 At
729 896 1085 953 ostendemus
1136 896 1190 951 in
1234 896 1613 964 sequentibus,
1660 899 1896 953 animam
1943 899 2072 954 licet

488 994 886 1064 incorporalem
933 1002 1178 1048 statuere
1208 991 1482 1057 videatur,
1534 993 1697 1049 talem
1745 1004 1923 1049 tamen
1983 1010 2070 1049 re-

484 1097 670 1154 spectu
690 1086 1016 1141 crassiorum
1036 1100 1329 1155 corporum
1350 1085 1419 1140 ab
1445 1101 1511 1141 eo
1541 1086 1848 1156 praedicari,
1880 1103 2067 1143 revera

481 1192 715 1249 corpore
759 1175 1043 1247 praeditam
1095 1177 1345 1242 decerni;
1398 1178 1857 1246 quemadmodum
1885 1179 1971 1232 vel
1999 1193 2065 1234 ex

483 1270 804 1341 praefatione
839 1267 1107 1323 librorum
1142 1267 1220 1323 De
1264 1268 1521 1337 princip.,
1576 1284 1728 1324 num.
1760 1268 1814 1335 8,
1860 1271 2070 1341 perspi-

483 1375 649 1417 cuum
674 1370 780 1425 est,
805 1361 893 1415 ubi
926 1360 1035 1416 vim
1059 1360 1213 1416 vocis
1242 1360 1422 1429 hujus,
1446 1358 1737 1431 ἀσώματον
1765 1375 2068 1430 exponens,

485 1451 661 1525 accipi
723 1453 886 1507 docet
942 1467 1042 1522 pro
1085 1466 1152 1507 eo
1197 1452 1341 1522 quod
1382 1451 1533 1506 «Non
1567 1462 1652 1506 est
1705 1451 1883 1508 simile
1941 1454 2068 1510 huic

486 1552 680 1598 nostro
706 1541 987 1605 crassiori,
1019 1552 1074 1596 et
1114 1540 1312 1596 visibili
1344 1540 1566 1611 corpori
1588 1557 1635 1606 ς»
1664 1541 1761 1596 sed
1784 1541 1957 1609 «quod
1986 1554 2069 1598 est

484 1632 807 1689 naturaliter
833 1632 1033 1687 subtile
1064 1640 1119 1685 et
1146 1630 1295 1686 velut
1319 1646 1455 1685 aura
1505 1639 1688 1686 tenue.
1720 1647 1739 1682 ι
1774 1629 1917 1685 Deus
1961 1629 2063 1699 igi-

486 1737 577 1782 tur
616 1725 703 1781 cui
737 1725 917 1780 anima
976 1723 1171 1780 similis
1207 1723 1490 1793 est,juxta
1534 1721 1826 1795 Origenem
1873 1738 2068 1794 reapse

484 1817 785 1887 corporalis
809 1825 916 1879 est,
946 1819 1042 1872 sed
1083 1816 1395 1885 graviorum
1444 1825 1654 1871 tantum
1682 1817 1895 1873 ratione
1941 1831 2059 1870 cor-

2173 625 2280 679 Deo
2314 622 2546 693 intelligi
2596 623 2855 693 suggerit,
2891 631 3051 690 prout
3082 622 3353 691 potuimus
3375 664 3392 689 ,
3433 623 3719 694 confutata,

2167 716 2401 770 dicimus
2427 700 2721 769 secundum
2756 713 3047 767 veritatem
3080 712 3297 782 quidem
3326 713 3492 768 Deum
3523 715 3716 772 incom-

2168 804 2594 876 prehensibilem
2622 815 2785 874 atque
2810 803 3270 859 inrestimabilem.
3300 824 3319 858 ι
3359 806 3560 863 Deinde
3586 825 3719 866 num.

2170 900 2202 955 6
2237 919 2249 954 :
2283 918 2302 951 ‹
2333 898 2448 952 Non
2483 913 2611 969 ergo
2640 906 2732 951 aut
2767 912 2968 966 corpus
3006 897 3244 966 aliquod,
3284 900 3461 953 autin
3514 916 3721 973 corpore

2168 1006 2291 1047 esse
2325 992 2594 1059 putandus
2640 1000 2725 1045 est
2781 988 2946 1054 Deus,
2995 988 3089 1043 sed
3136 989 3522 1047 intellectualis
3550 1003 3718 1050 natura

2167 1082 2427 1152 simplex,
2455 1082 2589 1137 nihil
2621 1080 2844 1137 omnino
2874 1080 2927 1135 in
2950 1094 3009 1136 se
3031 1081 3399 1151 adjunctionis
3424 1084 3718 1153 admittens,

2169 1176 2243 1231 uti
2281 1190 2348 1229 ne
2373 1175 2548 1243 majus
2582 1174 2785 1245 aliquid
2810 1184 2866 1230 et
2898 1171 3129 1229 inferius
3164 1174 3215 1228 in
3240 1190 3298 1231 se
3326 1176 3528 1232 habere
3552 1178 3720 1233 creda-

2170 1279 2291 1333 tnr;
2342 1267 2437 1323 sed
2476 1275 2537 1321 ut
2566 1267 2637 1322 sit
2689 1282 2757 1322 ex
2802 1267 2951 1322 omni
3002 1278 3156 1337 parte
3188 1267 3374 1339 μονὰς,
3433 1278 3508 1335 et,
3557 1278 3613 1326 ut
3642 1272 3719 1327 ita

2169 1362 2346 1416 dicam
2374 1359 2522 1425 ὲνὰς,
2549 1366 2604 1413 et
2639 1374 2810 1424 mens,
2845 1375 2909 1415 ac
2948 1358 3070 1415 fons
3098 1374 3162 1414 ex
3201 1374 3310 1430 quo
3340 1360 3550 1416 initium
3577 1362 3720 1420 totius

2168 1450 2561 1509 intellectualis
2592 1460 2821 1515 naturae,
2873 1450 2953 1506 vel
3000 1450 3198 1507 mentis
3226 1460 3330 1509 est.
3360 1469 3379 1504 ι
3418 1452 3486 1508 Et
3523 1467 3636 1524 cap.
3670 1454 3717 1522 6,

2168 1559 2323 1599 num.
2357 1544 2394 1599 ι
2426 1558 2444 1599 :
2484 1562 2504 1597 ι
2531 1541 2714 1599 Solius
2753 1543 2871 1608 Del,
2917 1544 2969 1599 id
3012 1554 3100 1599 est
3150 1539 3352 1611 Patris,
3391 1554 3450 1600 et
3498 1542 3633 1611 Filii,
3672 1558 3721 1604 et

2168 1634 2408 1707 Spiritus
2459 1636 2642 1692 sancti
2691 1644 2898 1690 naturae
2949 1635 3004 1691 id
3050 1636 3338 1707 proprium
3370 1646 3478 1702 est,
3524 1646 3580 1692 ut
3617 1638 3721 1695 sine

2168 1727 2445 1783 materiali
2475 1727 2805 1793 substantia,
2838 1740 2894 1786 et
2919 1730 3125 1801 absque
3152 1729 3261 1784 ulla
3287 1743 3561 1798 corporeae
3585 1730 3717 1800 adje-

2167 1817 2367 1875 ctionis
2440 1819 2704 1874 societate
2749 1820 3082 1891 intelligatur
3123 1819 3503 1884 subsisterep
3553 1828 3606 1874 et
3633 1820 3717 1877 lib.

486 1925 677 1980 porum
745 1910 1120 1978 incorporeus.
1154 1907 1514 1977 Hieronymus
1552 1917 1815 1978 pmterea
1862 1923 1985 1979 cap.
2032 1907 2066 1962 5
2098 1914 2141 1972 Β
2170 1924 2231 1973 ιι,
2255 1923 2379 1978 cap.
2404 1907 2461 1973 2,
2484 1924 2635 1964 num.
2661 1908 2700 1963 2
2729 1908 2969 1966 :iSolius
2996 1924 3228 1979 namque
3253 1908 3539 1964 Trinitatis
3563 1908 3720 1964 incor-

486 2010 807 2059 tnemorata:
852 2002 919 2056 ad
971 2002 1185 2055 Avitum
1223 1999 1487 2069 epistolae.
1538 2001 1616 2055 ait
1661 2000 1948 2070 Origenem
1993 2002 2060 2056 ad

482 2106 788 2157 extremum
853 2093 975 2147 libri
1023 2108 1084 2147 ιιι
1149 2092 1290 2161 Περὶ
1331 2092 1534 2162 ἀρχῶν
1593 2092 1709 2147 haec
1768 2092 2061 2148 intulisse:

491 2206 510 2241 ι
540 2188 605 2242 Et
650 2188 749 2242 erit
788 2186 943 2240 Deus
1000 2186 1177 2239 omnia
1227 2185 1281 2239 in
1316 2185 1558 2239 omnibus
1608 2185 1651 2252 ',
1712 2195 1772 2239 ut
1813 2183 2065 2239 universa

492 2289 686 2335 natura
750 2292 1013 2347 corporea
1079 2276 1356 2346 redigatur
1422 2278 1475 2331 in
1530 2292 1650 2332 eam
1703 2276 2064 2337 substantiam

492 2384 606 2439 quae
630 2367 886 2424 omnibus
917 2364 1108 2421 melior
1158 2375 1266 2431 est,
1306 2364 1359 2419 in
1404 2364 1644 2420 divinam
1681 2365 1915 2429 scilicet,
1960 2379 2065 2434 qua

492 2462 631 2518 nulla
661 2470 746 2516 est
771 2458 984 2514 melior.
1018 2478 1037 2511 ι
1087 2457 1153 2511 Ει
1199 2456 1301 2512 sub
1329 2456 1489 2510 linem
1536 2457 1776 2525 ejusdem
1823 2456 2067 2527 epistola:

492 2555 657 2611 refert
704 2551 1016 2621 Origenem,
1053 2549 1145 2603 lib.
1177 2564 1230 2602 iv
1256 2547 1395 2616 Περὶ
1421 2546 1647 2618 ἀρχῶν.
1681 2566 1699 2600 ι
1740 2548 2067 2618 conjungere

493 2658 677 2703 amnes
736 2641 1093 2697 rationabiles
1122 2648 1362 2702 naturas,
1396 2638 1448 2693 id
1487 2648 1572 2693 est
1616 2638 1856 2703 Patrem,
1897 2649 1951 2693 et
1979 2638 2067 2693 Fi-

493 2739 641 2801 uium,
696 2743 753 2789 et
802 2732 1069 2802 Spiritum
1130 2739 1406 2793 sanctum,
1451 2731 1696 2802 angelos,
1743 2739 2063 2801 potestates,

493 2825 927 2887 dominationes,
953 2832 1292 2891 caeteras-que
1331 2822 1596 2886 virtutes,
1642 2822 1818 2892 ipsum
1853 2836 2068 2891 quoque

493 2919 761 2976 nominem
816 2915 1115 2971 secundum
1159 2914 1357 2969 anima:
1387 2913 1710 2982 dignitatem
1757 2914 1919 2969 unius
1945 2929 2068 2969 esse

494 3009 832 3068 substantiae.
862 3029 881 3063 ι
930 3006 987 3063 ld
1013 3007 1188 3079 ipsum
1243 3020 1308 3061 ex
1349 3004 1468 3074 ejus
1512 3005 1761 3085 doctrina
1804 3006 2066 3076 consequi

491 3104 683 3175 probat
701 3100 1036 3171 Theophilus
1061 3099 1467 3156 Alexandrinus
1496 3114 1513 3153 ι
1552 3098 1751 3157 Pasch.

558 3192 650 3253 Vl.
691 3194 805 3263 (71)
838 3190 1204 3248 Nihilominus
1227 3199 1409 3244 tamen
1436 3189 1507 3244 ab
1538 3189 1642 3244 hac
1677 3189 1837 3259 longe
1872 3189 2065 3244 lizeresi

2168 2017 2330 2070 porea
2369 2001 2476 2054 vita
2531 2002 2797 2057 exsistere
2850 2010 3001 2057 recte
3043 2002 3358 2072 potabitur;
3403 2018 3424 2053 ι
3450 2010 3506 2055 et
3541 2001 3627 2057 lib.
3653 2016 3720 2070 ιν,

2169 2110 2321 2149 num.
2369 2093 2439 2147 27
2478 2112 2491 2148 :
2531 2092 2668 2147 «Illa
2727 2109 2860 2149 vero
2912 2094 3213 2149 substantia
3253 2091 3572 2161 Trinitatis,
3616 2107 3719 2163 qua:

2169 2186 2493 2256 principium
2527 2192 2614 2240 est
2649 2194 2705 2240 et
2742 2200 2909 2241 causa
2957 2186 3197 2240 omnium
3221 2224 3238 2250 ,
3290 2200 3364 2239 ex
3401 2199 3506 2254 qua
3539 2186 3715 2250 omnia,

2168 2286 2224 2332 et
2254 2293 2353 2347 per
2380 2292 2543 2347 quam
2576 2278 2786 2343 omnia,
2835 2286 2891 2332 et
2921 2279 2975 2332 in
3007 2292 3112 2346 qua
3136 2277 3349 2343 omnia,
3402 2291 3572 2346 neque
3614 2291 3719 2332 cor-

2169 2383 2292 2438 pus,
2330 2382 2505 2436 neque
2535 2367 2587 2421 in
2641 2382 2868 2437 corpore
2905 2382 3028 2423 esse
3066 2366 3344 2421 credenda
3390 2374 3493 2423 est.
3524 2385 3542 2420 ι
3592 2364 3718 2421 Prae-

2168 2459 2316 2513 clare
2350 2475 2481 2514 vero
2508 2459 2603 2513 lib.
2637 2475 2697 2524 ιι,
2735 2473 2857 2530 cap.
2884 2458 2942 2525 4,
2975 2474 3128 2513 num.
3163 2458 3234 2513 5:
3271 2477 3289 2510 ι
3316 2456 3377 2514 Si
3409 2473 3597 2527 corpus
3618 2471 3720 2513 esse

2168 2549 2554 2619 pronuntietur
2583 2549 2748 2613 Deus,
2804 2549 3062 2619 quoniam
3102 2563 3265 2603 omne
3308 2563 3508 2619 corpus
3532 2562 3593 2603 ex
3619 2559 3718 2602 ma-

2172 2642 2304 2696 teria
2352 2648 2456 2707 est,
2515 2638 2828 2695 invenietur
2862 2650 2917 2694 et
2972 2640 3115 2694 Deus
3170 2654 3292 2694 esse
3348 2655 3416 2694 ex
3474 2638 3715 2693 materia:

2169 2733 2314 2802 quod
2338 2734 2382 2787 si
2415 2747 2484 2786 ex
2521 2732 2753 2787 materia
2798 2731 2899 2798 sit,
2938 2731 3169 2786 materia
3220 2741 3403 2787 autem
3432 2731 3547 2787 sine
3581 2730 3721 2786 dubio

2170 2821 2546 2891 corruptibilis
2600 2831 2719 2888 est;
2777 2821 2882 2876 erit
2939 2835 3074 2892 ergo
3118 2821 3231 2889 jam
3282 2820 3577 2876 secundum
3618 2819 3719 2874 illos

2169 2914 2544 2984 corruptibilis
2580 2914 2745 2969 Deus.
2774 2934 2794 2967 ι
2843 2913 2975 2980 Quae
3023 2894 3222 2984 siqnis
3267 2928 3299 2968 a
3350 2913 3542 2969 Rulino
3575 2911 3721 2984 gratis

2170 3006 2379 3062 inserta
2408 3015 2579 3078 putet,
2613 3006 2861 3062 eamdem
2894 3006 3377 3061 ratiocinationem
3409 3006 3644 3061 iteratam
3664 3018 3721 3059 ac

2172 3101 2449 3157 dilatatam
2494 3100 2677 3155 videat
2718 3111 2851 3155 tom.
2911 3115 3028 3154 ιιιι·
3079 3101 3135 3154 in
3172 3098 3364 3166 Joan.,
3402 3114 3546 3153 num.
3581 3097 3638 3151 2i
3674 3105 3721 3151 et

2171 3208 2289 3263 seq.
2316 3192 2448 3248 ltem
2494 3192 2630 3247 libr.
2665 3206 2767 3247 vni
2816 3202 2987 3249 contr.
3022 3190 3189 3256 Cels.,
3223 3206 3380 3245 num.
3411 3190 3498 3258 49,
3522 3189 3599 3245 sic
3624 3188 3716 3243 ait:

492 3259 734 3342 abfuisse
787 3259 965 3353 ipsum
1013 3290 1203 3352 aperte
1245 3281 1509 3337 evincunt
1563 3279 1667 3335 loci
1725 3281 2063 3351 complures;

2173 3259 2309 3339 Οὐδὲ
2335 3284 2445 3356 γὰρ
2472 3283 2595 3338 καθ’
2626 3286 2777 3357 ἡμᾶς
2815 3286 2974 3358 σῶμα
3011 3288 3040 3340 ὁ
3076 3286 3208 3350 Θεός
3232 3301 3247 3314 ·
3277 3286 3369 3341 ἵνα
3404 3286 3478 3357 μὴ
3518 3281 3720 3357 περιπέ-

492 3378 724 3433 masime
749 3392 880 3432 vero
919 3375 1132 3447 caput!
1162 3373 1287 3429 libri
1330 3388 1346 3427 ι
1387 3371 1529 3443 Περὶ
1549 3371 1770 3442 ἀρχῶν,
1802 3389 1907 3443 quo
1943 3389 2066 3430 cor-

491 3477 589 3532 pus
634 3478 824 3518 omnes
864 3479 892 3517 a
934 3462 1047 3519 Deo
1074 3461 1415 3533 apertissime
1453 3473 1786 3531 segregatur.
1840 3462 2064 3519 Demum

491 3565 615 3626 post
652 3556 864 3626 longam
891 3555 969 3610 rei
1002 3555 1163 3625 hujus
1190 3556 1569 3625 probationem
1604 3554 1686 3610 sic
1709 3554 1879 3611 habet
1911 3571 2063 3611 num.

560 3696 584 3725 "
606 3692 766 3750 Joan.
808 3707 945 3759 svu,
974 3692 1066 3747 2|.
1141 3693 1162 3725 ’
1195 3691 1216 3746 1
1242 3693 1368 3749 Cor.
1396 3709 1485 3761 xv,
1518 3691 1610 3747 28.

561 3827 674 3968 fll)
745 3827 1108 3883 Nihilominus
1157 3840 1332 3884 tamen
1396 3830 1462 3883 ab
1516 3831 1614 3883 hac
1676 3828 1827 3900 longe
1876 3830 2063 3885 haeresi

586 3901 725 3953 uisse
755 3900 925 3965 ipsum
950 3910 1124 3968 aperte
1138 3902 1381 3953 evincunt
1412 3899 1515 3953 loci
1532 3900 1826 3968 complures
1846 3918 1865 3967 ;
1889 3902 2063 3954 maxi-

492 3899 725 3968 abfuisse
755 3900 925 3965 ipsum
950 3910 1124 3968 aperte
1138 3902 1381 3953 evincunt
1412 3899 1515 3953 loci
1532 3899 1826 3969 complures
1846 3918 1865 3967 ;
1889 3902 2063 3954 maxi-

492 3975 584 4025 me'
602 3984 719 4024 vero
748 3979 905 4035 caput
949 3970 971 4022 1
1017 3969 1136 4024 libri
1194 3985 1207 4024 l
1244 3969 1384 4038 Περὶ
1415 3968 1789 4039 ἀρχῶνρθιε.
1828 3970 2061 4026 Maxime

492 4041 561 4094 ab
586 4039 702 4110 hac
725 4039 918 4094 haeresi
950 4052 1211 4108 purgatur
1243 4040 1506 4109 Origenes
1547 4055 1615 4093 ex
1646 4040 1732 4094 his
1763 4057 1883 4110 quae
1927 4042 2061 4095 dicit

493 4111 631 4164 libro
668 4109 746 4180 De
777 4111 1037 4180 oratione,
1089 4110 1185 4179 qui
1234 4110 1423 4166 Graece
1474 4111 1683 4180 integer
1712 4109 1909 4175 exStat,
1968 4112 2058 4165 nbi

493 4195 642 4235 num.
670 4179 761 4245 23,
797 4194 917 4248 pag.
949 4178 1056 4234 255
1108 4178 1167 4235 et
1194 4196 1337 4249 seq.,
1380 4178 1658 4249 exponens
1689 4181 1864 4248 prima
1894 4183 2056 4235 verba

493 4252 756 4305 orationis
790 4248 1084 4307 Dontinicze
1106 4294 1121 4315 ,
1168 4248 1330 4303 Pater
1368 4248 1561 4313 noster,
1596 4252 1684 4319 qui
1713 4267 1767 4304 es
1805 4252 1858 4304 in
1892 4252 2058 4313 cretis,

493 4321 735 4375 occurrit
790 4319 1188 4385 objeCtionibus
1237 4320 1630 4390 simpliciorum
1691 4323 2050 4390 quorumdam

494 4391 587 4458 qui
620 4390 790 4444 Deum
829 4404 949 4459 esse
990 4390 1043 4442 in
1090 4390 1231 4450 loco,
1264 4389 1509 4459 adeoque
1566 4389 1887 4459 corporeum
1938 4406 2060 4445 esse

496 4457 621 4517 inde
649 4469 704 4513 et
734 4475 798 4512 ex
837 4458 1156 4527 quibusdam
1192 4459 1308 4513 aliis
1341 4457 1559 4514 Veteris
1594 4457 1820 4514 ct'Novi
1872 4460 2062 4515 Testa-

496 4529 664 4583 tnenti
710 4528 1311 4599 locisAarbitrabantnr.
1349 4546 1373 4599 «ν
1393 4528 1528 4582 Cum
1583 4527 1804 4592 dicitur,
1847 4530 2056 4599 inquit,

496 4608 805 4651 sanctorum
851 4597 1011 4650 Pater
1042 4612 1163 4652 esse
1191 4600 1242 4651 in
1274 4598 1451 4661 caelis,
1487 4613 1594 4652 non
1620 4599 1709 4653 ille
1742 4586 2060 4667 ligura‘cor;
2095 4586 2140 4642 Ῑ)

496 4682 660 4735 porea
701 4667 1076 4720 circumscribi
1112 4668 1380 4736 putandus
1424 4674 1528 4730 est,
1562 4676 1618 4721 et
1655 4669 1708 4721 in
1736 4670 1891 4723 caelis
1909 4670 2061 4724 habi-

496 4747 634 4793 tare.
668 4736 800 4791 Nam
828 4738 1250 4804 comprehensus
1279 4737 1431 4792 cmlis
1460 4737 1618 4801 Deus,
1660 4739 2061 4794 continentibus

496 4808 672 4879 ipsum
718 4806 872 4861 caelis
919 4806 1492 4879 inveniretunminor;
1545 4822 1669 4879 cum
1719 4823 1749 4862 e
1788 4812 2063 4864 contrario

495 4875 718 4932 credere
746 4891 974 4931 necesse
1020 4877 1091 4931 sit
1140 4875 1400 4931 ineﬂ'abili
1451 4892 1575 4932 eum
1621 4878 1914 4948 divinaque
1965 4895 2062 4933 sua

496 4949 695 5002 virtute
723 4948 1193 5017 comprehendere
1216 4949 1399 5002 omnia
1430 4963 1492 5002 ac
1526 4950 1837 5003 continere.
1884 4950 2065 5018 Atque

496 5019 894 5088 iri-universum
928 5033 1048 5087 qua:
1074 5020 1234 5073 verba
1270 5019 1336 5071 ad
1369 5018 1605 5071 litteram
1632 5029 1843 5088 sumpta
1877 5019 2064 5073 viden-

496 5098 582 5141 tur
607 5087 1034 5157 simplicioribus
1087 5089 1251 5143 Deum
1297 5089 1351 5142 in
1403 5089 1519 5143 loco
1559 5103 1682 5143 esse
1728 5087 1937 5152 dicere,
1986 5090 2065 5143 sic

495 5159 807 5228 accipienda
840 5169 988 5223 sunt,
1024 5168 1082 5211 ut
1109 5159 1319 5229 magnis
1355 5170 1410 5213 et
1437 5158 1917 5229 spiritualibustle
1950 5159 2062 5214 Deo

495 5227 805 5283 notiOnibus
870 5227 1222 5286 conveniant.
1250 5248 1269 5282 ι
1328 5227 1495 5283 Paulo
1554 5240 1673 5297 post
1710 5246 1723 5282 :
1769 5246 1787 5279 ι
1819 5227 1947 5284 Haec
1996 5232 2062 5283 de

497 5298 607 5371 illis
634 5299 814 5371 verbis
844 5318 859 5353 ι
894 5298 1057 5353 Pater
1088 5309 1299 5371 noster,
1318 5301 1410 5371 qui
1439 5317 1493 5355 es
1528 5301 1583 5371 in
1622 5299 1765 5353 cwlis
1785 5338 1800 5363 ,
1824 5314 2063 5371 accura-

499 5369 605 5424 tius
630 5370 949 5437 disputanda
979 5370 1211 5435 credidi,
1241 5370 1306 5423 ad
1331 5369 1644 5425 tollendam
1689 5369 1943 5423 humilem
1996 5372 2063 5423 de

497 5438 607 5509 Deo
652 5440 961 5507 opinionem
1000 5455 1187 5494 eorum
1228 5441 1320 5509 qui
1370 5442 1423 5493 in
1463 5440 1607 5495 caelo
1657 5439 1832 5509 ipsum
1890 5447 1950 5493 ut
2006 5440 2058 5492 in

498 5506 617 5579 loco
640 5506 761 5579 esse
786 5520 1000 5577 putant.
1024 5519 1081 5564 et
1121 5524 1187 5564 ne
1220 5506 1341 5578 quis
1372 5509 1540 5565 Demn
1566 5510 1620 5565 in
1655 5506 1918 5579 corporeo
1939 5522 2061 5564 esse

499 5576 615 5631 loco
635 5577 948 5634 arbitretur.
975 5576 1382 5647 Consequenter
1410 5582 1556 5635 enim
1593 5576 1885 5634 dicendum
1911 5588 2061 5633 esset

500 5661 695 5717 corpus
740 5650 915 5717 ipsum
965 5652 1125 5712 cssel,
1187 5652 1328 5704 unde
1382 5662 1686 5717 sequuntur
1738 5648 2060 5717 impiissima

502 5716 772 5788 dogmata,
800 5717 1125 5772 divisibiletu
1154 5718 1356 5788 ipsum,
1389 5716 1831 5783 etinaterialem,
1866 5729 1920 5772 et
1944 5732 2061 5788 cor-

501 5783 804 5857 ruptibilem
826 5802 947 5842 esse
967 5783 1191 5842 credere
1216 5805 1231 5853 ;
1261 5803 1460 5857 corpus
1496 5793 1643 5842 enim
1679 5803 1841 5843 omne
1873 5787 2062 5842 divisi-

426 5859 432 5864 ‘
498 5852 606 5909 bile
628 5863 734 5922 est,
770 5865 822 5911 et
864 5857 1159 5921 materiale,
1205 5852 1674 5931 etico'rruptibile.
1733 5860 1835 5917 Aut
1876 5858 2060 5915 dicant

2172 3392 2353 3446 σωμεν
2383 3369 2466 3439 οἷς
2495 3375 2916 3449 περιπίπτουσιν
2949 3376 3173 3440 ἀτόποις
3199 3376 3248 3429 oi
3277 3374 3349 3429 τὰ
3385 3374 3618 3447 Ζήνωνος
3639 3370 3722 3427 καὶ

2171 3466 2496 3538 Χρυσίππου
2528 3467 2968 3539 φιλοσοφοῦντες.
3029 3486 3049 3520 ι
3075 3466 3263 3537 Neque
3302 3466 3450 3521 enim
3484 3480 3549 3520 ex
3588 3463 3720 3520 nobis

2174 3557 2315 3614 Deus
2338 3567 2420 3613 est
2449 3572 2668 3630 corpus,
2717 3574 2787 3615 ne
2821 3559 2874 3615 in
2915 3559 3106 3617 eadem
3151 3558 3391 3614 absurda
3424 3556 3718 3624 incidamus,

2170 3831 2328 3887 nobis
2364 3846 2474 3887 non
2505 3833 2662 3888 vanis
2696 3833 2846 3888 ducti
2879 3832 3184 3900 aﬂ‘ectihus,
3213 3835 3308 3891 sed
3332 3834 3479 3890 clare
3505 3849 3559 3891 se
3593 3847 3717 3889 com-

2169 3902 2507 3976 prehendere
2551 3915 2885 3967 asserentes,
2935 3906 3026 3976 qui
3073 3904 3194 3960 ﬁeri
3236 3908 3410 3976 possit
3438 3916 3495 3958 ut
3523 3904 3719 3976 alterius

2168 3973 2243 4028 sit
2292 3983 2499 4026 natura:
2548 3989 2711 4042 quam
2770 3973 3091 4031 matcrialis.
3147 3973 3521 4045 At‘qnoniam
3566 3973 3708 4045 multa

2167 4057 2352 4098 eorum
2372 4058 2490 4112 qua:
2512 4049 2638 4098 ante
2657 4059 2982 4114 corporeum
2996 4045 3200 4101 Christi
3226 4044 3520 4100 adventum
3536 4044 3713 4111 scripta

2168 4123 2317 4177 sunt,
2353 4129 2619 4183 corporeo
2652 4112 2822 4169 Deum
2858 4115 2909 4167 in
2948 4115 3065 4170 loco
3096 4130 3218 4171 esse
3250 4116 3500 4171 videntur
3534 4115 3712 4173 dicere,

2168 4199 2274 4238 non
2304 4184 2434 4237 mihi
2469 4184 2680 4239 videtur
2723 4200 2755 4238 a
2801 4187 3078 4254 proposito
3121 4186 3360 4262 alienum
3391 4200 3459 4262 es
3497 4184 3576 4262 h_is
3602 4197 3713 4262 quo-

2170 4269 2277 4320 que
2320 4269 2488 4322 pauca
2524 4269 2858 4325 proponere,
2893 4266 2955 4325 ut
2996 4256 3174 4311 omnis
3215 4257 3280 4310 iis
3320 4255 3580 4325 dubitatio
3605 4255 3710 4325 _eri_-

2174 4320 2379 4391 piatur,
2421 4320 2772 4393 qui'propter
2801 4322 3171 4395 imperitiam,
3236 4335 3497 4395 quantum
3524 4323 3572 4377 in
3603 4320 3713 4395 ipsis

2171 4403 2276 4457 est,
2312 4391 2511 4463 exiguo
2547 4391 2603 4448 et
2642 4391 2793 4449 brevi
2826 4391 2945 4449 loco
2990 4391 3322 4450 concludunt
3362 4396 3525 4449 Demn
3556 4391 3708 4446 omnia

2169 4475 2537 4534 superantem.
2572 4464 2651 4519 Ac
2679 4466 2911 4534 primum
2944 4467 3161 4533 quidem
3192 4468 3244 4520 in
3275 4464 3473 4534 Genesi
3505 4464 3707 4534 dicitur:

2170 4532 2340 4587 Atiam
2382 4547 2427 4589 et
2463 4532 2572 4589 Eva
2608 4532 2895 4587 audierunt
2935 4532 3105 4589 vocem
3128 4535 3343 4590 Domini
3383 4533 3479 4588 Dei
3501 4532 3713 4587 deamba-v

2169 4605 2329 4657 (antis
2366 4607 2421 4658 in
2448 4606 2699 4673 paradiso
2733 4606 2801 4659 ad
2836 4620 3104 4670 vesperam
3132 4622 3149 4660 :
3174 4617 3223 4658 et
3264 4606 3635 4659 absconderant
3666 4616 3713 4653 se

2167 4674 2338 4728 Adam
2376 4687 2423 4728 et
2450 4672 2655 4729 mulier
2679 4677 2795 4745 ejus
2834 4692 2867 4728 a
2894 4675 3035 4744 {acie
3080 4675 3290 4745 Domini
3337 4675 3435 4727 Dei
3473 4674 3527 4727 in
3565 4672 3709 4725 medio

2167 4746 2299 4814 ligni
2330 4746 2570 4817 paradisi
2603 4744 2819 4815 (Cenes.
2851 4760 2938 4809 ιιι,
2976 4745 3074 4817 8).
3117 4744 3572 4817 Interrogabimus
3600 4756 3710 4810 ergo

2167 4830 2263 4869 eos
2321 4817 2412 4881 qui
2473 4816 2774 4883 Scriptura:
2816 4814 3103 4870 thesauros
3156 4815 3367 4884 ingredi
3427 4814 3710 4884 noluntLet

2162 4880 2386 4956 jannam
2418 4901 2485 4940 ne
2509 4880 2725 4955 pulsant
2745 4886 2962 4954 quidem
2986 4928 3002 4950 ,
3036 4880 3247 4956 possini
3283 4898 3351 4939 ne
3373 4880 3709 4956 probarem-

2166 4951 2374 5009 ininuin
2410 4951 2574 5009 Deum
2609 4956 2699 5025 qui
2736 4951 2936 5010 coelum
2969 4951 3264 5011 et'terram
3298 4951 3504 5023 implet,
3535 4951 3633 5015 cui,
3660 4957 3713 5002 ut

2163 5025 2267 5092 ipsi
2299 5026 2638 5108 existimant,
2673 5026 2873 5108 malum
2905 5026 3207 5108 corporalis
3241 5025 3474 5108 thronus
3515 5031 3632 5103 est,
3666 5027 3713 5072 et

2167 5105 2309 5170 terra
2372 5094 2663 5170 scabellum
2716 5096 2916 5165 pedum
2965 5092 3105 5170 ejus,
3161 5094 3485 5170 tam_brevi,
3522 5092 3707 5170 si-cunt

2164 5164 2423 5221 universo
2451 5165 2590 5220 ccelo
2620 5178 2669 5219 et
2707 5161 2851 5220 terra
2899 5161 3236 5230 conferatur,
3275 5164 3395 5219 loco
3444 5161 3707 5223 contineri,

2166 5235 2239 5301 i_ta
2292 5244 2352 5287 ut
2396 5236 2699 5306 quemgsibi
2750 5239 2959 5305 lingunt
3010 5250 3336 5306 corporeum
3398 5231 3705 5306 paradisum,

2166 5306 2308 5376 Deus
2336 5304 2442 5362 non
2464 5304 2702 5376 impleat,
2735 5304 2901 5376 sedis
2930 5304 3140 5361 tantum
3176 5304 3539 5374 magnitudine
3564 5312 3704 5354 esce-

2164 5375 2277 5438 dat,
2322 5386 2382 5431 ut
2429 5374 2596 5430 etiam
2644 5374 3080 5431 deambulantem
3112 5377 3422 5439 contineat,
3454 5382 3703 5436 sonusque

2164 5444 2361 5515 planta:
2419 5447 2614 5516 pedum
2680 5444 2797 5516 ejus
2850 5447 3122 5501 audiatur.
3147 5465 3167 5498 ι
3226 5445 3292 5499 Ει
3333 5444 3516 5516 infra:
3556 5440 3703 5494 illaec

2165 5529 2335 5585 pauca
2377 5515 2471 5589 ex,
2493 5516 2673 5589 Veteri
2703 5515 3054 5589 Testamento
3102 5516 3397 5589 adiecimus
3437 5515 3570 5589 loca,
3601 5522 3705 5589 qna!

2164 5584 2422 5655 putantur
2444 5585 2613 5641 Deum
2645 5588 2699 5641 in
2725 5586 2845 5640 loco
2871 5588 3227 5654 constituere;
3256 5595 3314 5640 ut
3334 5584 3533 5655 lectori
3553 5584 3706 5637 omni-

2163 5654 2462 5731 modopro
2511 5672 2765 5731 concessa
2808 5656 2964 5731 nobis
3008 5657 3268 5713 facultate
3307 5654 3705 5731 persuadeamus

2163 5724 2447 5796 altiori'et
2485 5727 2760 5796 spirituali
2792 5727 2964 5796 magis
3009 5742 3172 5783 sensu
3220 5724 3427 5783 sacram
3479 5724 3703 5790 accipere

2162 5792 2543 5920 (Slczzpturam',
2605 5812 2728 5855 cum
2780 5792 3057 5854 videbitur
3109 5798 3163 5854 in
3216 5798 3333 5855 loco
3375 5796 3540 5853 Deum
3597 5805 3704 5846 esse

2199 5880 2230 5920 ο
2300 5880 2377 5920 re.
2408 5885 2427 5919 ι
3152 5912 3155 5915 .

2199 5878 2377 5923 0081'8.
2408 5885 2427 5919 ι
3152 5912 3155 5923 τ
