3866 6520
273 362 387 420 709

1132 359 1713 420 ORIGENIANOBUI
1749 360 1882 421 LIB.
1920 361 1990 429 II,
2029 361 2183 419 CAP.
2222 361 2290 428 II,
2323 361 2607 430 QUEST.
2646 362 2714 419 Il.

3449 363 3555 420 7I0

270 480 330 535 in
390 492 510 551 qua:
563 476 803 532 Zenonis
838 485 908 532 ~et
964 475 1254 549 Chrysippi
1308 486 1609 533 sectatores
1653 478 1865 534 incide-
1894 484 1941 541 Α
1970 477 2092 549 legii
2132 477 2341 532 crimen
2380 477 2649 543 additum,
2700 477 2779 532 ait
2817 475 3225 550 Hieronymus;
3266 492 3366 536 nos
3395 482 3553 537 beni-

268 581 429 625 runt.
462 588 482 620 ι
536 567 647 638 (72)
698 567 939 633 Denique
982 566 1036 621 in
1087 565 1291 622 Catena
1344 568 1744 624 Combelisiana
1792 572 1859 625 aii
1969 568 2130 639 gnius
2160 568 2509 639 interpretari
2535 582 2846 640 possumus.

266 660 415 717 Gen.
449 676 488 725 i,
512 659 608 725 26,
635 668 689 715 et
714 660 855 727 apud
884 657 1285 715 Thendoretum
1323 671 1521 730 quaest.
1559 661 1630 716 20
1675 662 1727 716 in
1750 660 1861 718 Ge-

268 755 473 817 nesim,
515 751 833 806 Melitenetn
858 764 969 807 non
1028 750 1412 821 perfunctorie
1449 753 1710 822 castigat,
1765 754 1861 825 qui

266 847 476 901 librant
508 844 804 915 scripserat
832 844 935 900 boc
973 853 1318 915 argumento,
1366 844 1537 900 Deum
1581 861 1703 902 esse
1732 862 1859 903 cor-

266 951 526 1007 poreum.
562 933 709 990 Sane
736 936 854 1007 ipse
885 934 1068 1003 Plato,
1118 936 1274 1005 cujus
1303 937 1559 1010 dogmata
1595 939 1711 995 fere
1742 954 1861 996 am-

266 1030 466 1102 plexus
494 1040 584 1089 est
610 1029 905 1100 Origenes,
939 1046 968 1084 a
1001 1032 1114 1087 Deo
1136 1046 1337 1102 corpus
1362 1046 1529 1087 omne
1564 1044 1809 1089 removet
1842 1052 1856 1090 :

268 1135 521 1181 removet
549 1134 604 1181 et
624 1124 974 1180 Aristoteles.

343 1217 459 1274 VII.
507 1216 643 1272 Cum
688 1216 766 1272 ait
806 1215 978 1286 igitur
1020 1215 1286 1287 Origenes
1335 1216 1577 1272 animam
1626 1232 1858 1289 corpore

264 1311 592 1372 carituram,
626 1309 755 1379 quia
784 1307 981 1363 similis
1014 1306 1196 1362 futura
1236 1318 1320 1364 est
1354 1308 1466 1364 Deo
1500 1308 1594 1379 qui
1627 1324 1858 1382 corpore

262 1410 451 1463 caret,
484 1398 538 1455 id
560 1399 663 1454 sibi
683 1396 820 1462 vult,
853 1396 1022 1452 Deum
1054 1406 1111 1453 et
1136 1398 1375 1453 animam
1398 1412 1633 1469 corpore
1665 1413 1858 1456 carere

262 1491 584 1565 ὁμωνύμως
611 1490 872 1561 quidem,
918 1489 1015 1545 sed
1055 1505 1161 1545 non
1206 1492 1398 1545 eodem
1442 1493 1642 1557 modo;
1687 1493 1855 1549 Deum

264 1588 475 1656 quippe
513 1581 833 1654 simpliciter
863 1590 919 1639 et
965 1581 1218 1639 absolute
1269 1597 1393 1638 esse
1428 1582 1851 1656 incorporeum;

268 1676 396 1748 (7'5)
426 1674 662 1730 animam
701 1686 832 1730 vero
872 1672 1208 1728 crassiorum
1261 1674 1529 1729 duntaxat
1563 1689 1854 1746 corporum

264 1768 509 1822 ratione.
541 1765 697 1834 Quod
730 1773 915 1820 autem
955 1763 1224 1836 objiciunt
1268 1764 1603 1836 Theophilus
1640 1778 1695 1824 et
1725 1768 1857 1827 Ilie-

1892 1670 1898 1683 I

2039 659 2173 716 Vlll.
2216 661 2347 727 Qua:
2374 677 2499 716 cum
2532 661 2607 715 ita
2640 661 2773 725 sint,
2818 662 2933 715 haec
2966 671 3149 716 tamen
3187 661 3380 718 scribit
3427 662 3554 721 Ori-

1967 766 2132 821 genes
2153 753 2206 809 in
2234 767 2465 823 prooem.
2493 752 2682 807 iibror.
2700 752 2842 822 Περὶ
2864 749 3085 823 ἀρχῶν,
3114 768 3264 808 num.
3283 754 3317 809 9
3343 773 3386 809 ει
3411 754 3554 811 Deus

1966 859 2183 915 quoque
2214 845 2332 915 ipse
2359 844 2635 915 quomodo
2664 844 2892 915 intelligi
2927 845 3143 908 debeat,
3168 846 3548 915 inquirendqu

1966 948 2072 1001 est,
2121 953 2457 1009 corporeus,
2526 954 2594 992 an
2664 940 2964 993 secundum
3017 937 3252 1008 aliquem
3300 938 3549 993 habitum

1966 1031 2343 1097 deformatus,
2409 1046 2478 1085 an
2542 1030 2771 1085 alterius
2824 1039 3032 1085 naturae
3090 1046 3253 1100 quam
3313 1046 3547 1101 corpora

1966 1135 2115 1189 sunt,
2147 1125 2291 1195 quod
2323 1124 2513 1194 utique
2534 1123 2589 1178 in
2629 1122 3023 1192 praedicatione
3047 1132 3234 1177 nostra
3258 1122 3552 1177 manifeste

1966 1232 2073 1271 non
2108 1217 2451 1289 designatur.
2482 1234 2502 1269 ι
2545 1213 2677 1270 Inde
2704 1222 2790 1270 est
2827 1215 2971 1285 quod
3005 1213 3179 1268 Deum
3210 1213 3549 1283 corporalem

1964 1323 2088 1363 esse
2122 1309 2327 1379 absque
2349 1307 2691 1364 dubitatione
2721 1305 2965 1362 decrevit
2994 1304 3390 1373 Tertullianus,
3425 1322 3550 1362 cum

1964 1400 2113 1466 alibi,
2146 1412 2259 1455 tum
2304 1402 2509 1456 advers.
2546 1398 2840 1466 Praeconi,
2894 1414 3017 1470 cap.
3067 1399 3124 1454 7.
3177 1398 3356 1467 «Quis
3403 1397 3549 1454 enim

1963 1493 2206 1563 negabit,
2267 1493 2468 1563 inquit,
2510 1492 2680 1549 Deum
2730 1506 2929 1562 corpus
2969 1504 3111 1555 esse,
3158 1491 3263 1548 etsi
3326 1491 3552 1562 spiritus

1962 1584 2090 1639 est?
2117 1583 2342 1653 spiritus
2374 1584 2519 1640 enim
2548 1599 2749 1655 corpus
2784 1585 2869 1640 sui
2896 1583 3113 1655 generis
3142 1583 3194 1639 in
3228 1599 3324 1639 sua
3352 1581 3547 1653 eliigie.

1964 1676 2072 1733 Sed
2109 1686 2161 1732 et
2192 1676 2485 1732 invisibilia
2518 1677 2611 1733 illa
2640 1692 2980 1747 quaecunque
3002 1684 3148 1739 sunt,
3173 1675 3382 1732 habent
3405 1674 3548 1746 apud

1966 1766 2131 1821 Deum
2163 1776 2219 1821 et
2258 1782 2417 1821 suum
2447 1781 2649 1833 corpus
2671 1807 2687 1832 ,
2721 1776 2776 1821 e‘t
2802 1781 2957 1821 suam
2993 1766 3248 1831 formam,
3287 1780 3388 1837 per
3424 1781 3551 1836 qua:

264 1874 535 1931 ronymus
568 1858 738 1913 Deum
770 1856 935 1912 unius
958 1865 1012 1914 et
1043 1856 1285 1927 ejusdem
1316 1858 1634 1915 substantiae
1673 1877 1740 1917 ac
1770 1879 1858 1919 res
1889 1859 1931 1914 Β
1961 1858 2060 1913 soli
2089 1859 2225 1913 °Deo
2282 1858 2520 1913 visibilia
2570 1869 2743 1924 sunt;
2806 1865 3010 1927 quanto
3058 1857 3231 1927 magis
3284 1856 3428 1926 quod
3479 1870 3549 1912 ex

262 1952 486 2007 ratione
507 1951 763 2021 preditas
780 1950 1167 2005 Adamantium
1195 1950 1466 2020 posuisse,
1492 1952 1611 2021 pari
1638 1969 1855 2025 respon-

262 2046 427 2102 sione
460 2042 805 2108 dissolvitur;
838 2042 891 2096 in
926 2056 991 2097 eo
1018 2041 1139 2095 illas
1168 2042 1469 2097 convenire
1494 2043 1853 2112 substantias,

262 2136 415 2208 quod
448 2137 557 2190 sint
583 2134 770 2205 νοεραὶ
811 2143 866 2188 et
903 2131 1141 2201 λογικαὶ,
1168 2145 1291 2186 cum
1332 2131 1658 2189 immensum
1694 2146 1857 2191 ciete-

260 2226 467 2297 roquin
502 2224 772 2279 differant.
805 2222 1016 2277 Firmat
1052 2221 1195 2275 hanc
1238 2224 1655 2293 responsionem
1699 2223 1853 2282 locus

263 2315 393 2384 ipse
433 2312 684 2384 Origeuis
734 2326 895 2382 quem
943 2309 1104 2365 all'ert
1149 2310 1513 2383 Hieronymus
1558 2328 1626 2369 ex
1662 2314 1755 2371 lib.
1800 2332 1853 2371 iv

260 2405 412 2474 Περὶ
458 2401 682 2474 ἀρχῶν,
738 2418 889 2457 num.
949 2401 1041 2457 36.
1099 2400 1610 2470 «Intellectualem,
1654 2404 1851 2475 inquit,

263 2496 762 2563 rationabileinque
787 2508 1037 2550 naturam
1078 2493 1254 2550 sentit
1294 2493 1436 2550 Deus
1461 2535 1475 2561 ,
1511 2506 1565 2551 et
1605 2495 1855 2567 unigeni-

262 2600 357 2645 tus
374 2588 548 2644 Filius
577 2590 714 2657 ejus,
742 2597 797 2643 et
829 2586 1067 2658 Spiritus
1085 2599 1347 2653 sanctus;
1384 2588 1628 2642 sentiunt
1653 2589 1853 2660 angeli,

264 2693 323 2739 et
356 2690 691 2755 potestates,
725 2691 1053 2750 ceteraeque
1096 2680 1370 2745 virtutes;
1420 2680 1588 2735 sentit
1628 2678 1857 2735 interior

265 2776 463 2840 homo,
494 2774 587 2844 qui
622 2774 688 2827 ad
725 2772 1019 2841 imaginem
1047 2778 1103 2826 et
1135 2770 1551 2826 similitudinem
1585 2771 1678 2826 Dei
1720 2787 1858 2827 con-

262 2868 422 2923 ditus
465 2876 569 2922 est.
616 2864 695 2919 Ex
725 2878 835 2935 quo
865 2862 1212 2919 concluditur
1246 2862 1417 2917 Deum
1455 2872 1510 2917 et
1551 2863 1669 2918 haec
1719 2877 1856 2935 quo-

264 2958 565 3015 dammodo
606 2958 768 3013 unius
814 2972 939 3014 esse
986 2954 1795 3022 substantiallnodammodo,
1828 2976 1848 3010 ι

265 3052 325 3108 id
359 3060 469 3119 est,
501 3050 684 3122 aliqua
713 3063 779 3104 ex
808 3057 999 3121 parte;
1027 3051 1171 3119 quod
1191 3047 1259 3103 ad
1283 3045 1647 3119 eﬂugiendum
1676 3049 1855 3104 sacri-

763 3211 1248 3280 QUIESTIO
1294 3210 1358 3267 II.

660 3297 728 3338 DE
766 3299 1113 3340 εΑΜιτιεειιίΑ
1143 3299 1465 3340 TBINITATB.

255 3370 309 3428 1.
342 3372 446 3447 ,ιηλ
476 3374 678 3447 multos
733 3376 877 3447 circa
913 3374 975 3431 S.
1006 3374 1285 3430 Trinitatis
1310 3376 1615 3447 mysterium
1656 3394 1857 3435 errores

332 3443 597 3517 incidisse
633 3445 803 3517 fertur
845 3445 1131 3517 Origenes,
1178 3443 1400 3517 quorum
1436 3448 1735 3516 gravissimi
1765 3466 1860 3503 no-

336 3524 544 3568 tantur.
566 3515 626 3568 ll.
654 3514 770 3569 Hoc
794 3514 1001 3570 nomine
1024 3514 1243 3585 Patrum
1269 3514 1555 3570 multorum
1580 3520 1857 3585 reprelien-

334 3585 509 3638 siones
534 3596 776 3658 expertus
808 3596 905 3641 est.
931 3586 1014 3642 III.
1055 3584 1246 3639 Utrum
1272 3586 1331 3641 S.
1369 3584 1642 3658 Trinitatis
1676 3605 1856 3658 perso-

336 3670 438 3726 nas
475 3656 773 3726 substantia
806 3658 1023 3726 diﬂerre
1055 3658 1301 3724 apinatus
1336 3656 1427 3726 sit.
1458 3655 1549 3726 IV.
1580 3655 1857 3714 Nonnulla

335 3724 399 3777 in
434 3726 551 3799 ejus
593 3724 961 3799 defensionem,
986 3726 1306 3799 afferuntur.
1363 3725 1431 3799 V_.
1468 3725 1700 3799 Eruitur
1734 3745 1854 3799 ger-

335 3811 499 3866 mana
526 3794 693 3863 ipsius
737 3797 1015 3851 sententia.
1060 3797 1142 3849 Vl.
1177 3794 1364 3849 Utrum
1382 3794 1588 3866 Filium
1606 3814 1697 3865 per
1725 3794 1851 3866 pro-

335 3864 601 3936 lationem
631 3867 861 3936 genitum
904 3882 1016 3921 esse
1059 3868 1345 3920 arbitratus
1387 3864 1477 3936 sit.
1524 3864 1631 3923 VII.
1661 3864 1853 3923 Utrum

335 3933 542 3990 Filium
572 3933 737 3989 Patre
759 3976 773 3998 ,
810 3935 1072 4004 Spiritum
1099 3946 1337 3990 sanctum
1372 3935 1518 3992 Filio
1547 3938 1852 4006 inferiorem

332 4022 449 4077 esse
488 4008 701 4070 dixerit,
726 4006 859 4061 VIII.
905 4008 979 4060 ita
1012 4017 1066 4061 ut
1108 4006 1351 4076 jactatur
1396 4025 1427 4061 a
1453 4008 1715 4077 plurimis.
1755 4007 1848 4065 IX.

335 4073 629 4148 Utriusque
678 4077 986 4148 dignitatem
1031 4073 1237 4132 videtur
1278 4073 1653 4148 nonnunquam
1694 4080 1848 4133 tueri.

332 4145 407 4201 X.
445 4145 982 4218 Patrummnltorum
1027 4148 1283 4217 suffragio
1312 4145 1528 4218 gaudet.
1577 4146 1666 4201 XI.
1696 4148 1852 4203 Recte

334 4234 458 4271 eum
499 4217 564 4270 de
598 4215 729 4270 Filii
764 4229 810 4271 et
848 4215 1079 4285 Spiritus
1108 4215 1295 4271 sancti
1316 4215 1591 4286 idignitate
1624 4220 1847 4273 sensisse

334 4286 529 4341 Patres
554 4288 794 4341 nonnulli
835 4296 1113 4342 testantur.
1162 4286 1277 4341 XII.
1314 4285 1601 4341 Platonicis
1641 4290 1845 4343 deliriis

333 4359 686 4411 orthodoxam
712 4357 1007 4412 doctrinam
1034 4357 1321 4411 oblimaoit.
1352 4356 1487 4411 XIII.
1523 4356 1708 4412 Utrum
1737 4358 1843 4411 Ρα-

335 4439 471 4482 trem
513 4428 825 4496 primarium
850 4442 1045 4496 rerum
1080 4425 1438 4490 Conditorem,
1489 4426 1534 4479 F
1538 4428 1685 4482 ilium
1725 4444 1842 4483 vero

333 4498 713 4551 secundarium
743 4508 793 4552 et
836 4495 1016 4551 Patris
1039 4498 1340 4551 ministrum
1371 4498 1671 4551 crediderit.
1701 4496 1841 4553 XIV.

343 4565 702 4621 Vetustiorum
742 4568 942 4625 aliquot
971 4566 1196 4621 Patrum
1230 4583 1487 4622 consensu
1518 4568 1841 4625 sublevatur.

336 4635 457 4690 XV.
489 4636 606 4701 Quo
641 4654 795 4691 sensu
822 4635 871 4690 F
877 4639 1025 4692 ilium
1067 4637 1259 4691 dixerit
1304 4654 1410 4692 non
1457 4655 1566 4692 esse
1604 4640 1843 4693 absolute

334 4708 554 4771 bonum,
587 4706 723 4763 XVI.
760 4716 809 4762 et
835 4724 940 4763 non
962 4724 1074 4763 esse
1101 4708 1336 4763 absolute
1365 4709 1654 4762 veritatem.
1676 4707 1840 4767 XVII.

333 4774 529 4849 Utrum
556 4794 706 4847 aqua
747 4780 814 4832 sit
860 4778 1146 4849 multorum
1185 4778 1530 4849 criminatio,
1565 4777 1845 4849 Origenem

331 4848 535 4901 dixisse
562 4846 887 4917 querentium
927 4847 1139 4903 Patrem
1165 4866 1196 4901 a
1218 4847 1360 4917 Filio
1378 4888 1393 4909 ,
1423 4848 1622 4903 Filium
1657 4846 1689 4902 ii
1717 4846 1841 4917 Spi-

330 4918 447 4970 ritu
468 4916 649 4973 sancto
674 4918 839 4971 videri
880 4934 988 4972 non
1046 4934 1228 4984 posse,
1268 4916 1451 4973 XVIII.
1475 4935 1633 4984 quam
1692 4916 1843 4973 abeo

330 4987 592 5057 depellere
654 4996 878 5042 conatur
940 4986 1187 5058 Ruﬁnus.
1247 4986 1391 5044 XIX.
1451 4986 1645 5043 Utrum
1711 4987 1843 5043 Filii

332 5173 451 5247 (72)
477 5175 732 5247 Origenis
746 5172 885 5229 Vide
902 5181 1033 5228 tom.
1051 5181 1247 5247 nostra:
1261 5170 1486 5247 edition.
1519 5169 1585 5235 II,
1601 5185 1723 5247 pag.
1748 5171 1845 5229 25.

334 5242 458 5314 (75⁷)
498 5242 747 5299 Animam
792 5259 913 5299 vero
960 5244 1276 5297 crassiorem
1321 5242 1842 5314 duntaxatrratione.

254 5313 477 5383 Carpos
502 5316 718 5384 quidem
745 5317 941 5384 animai
974 5314 1297 5383 casterisque
1317 5313 1638 5384 substantiis
1673 5313 1845 5367 ratio-

257 5382 540 5439 nabilibns
602 5386 789 5439 tribuit
845 5382 1109 5453 Origenes
1168 5382 1321 5452 quasi
1376 5382 1689 5453 vehiculum
1747 5397 1841 5437 seu

258 5455 671 5520 indumentum,
736 5463 922 5524 utpote
949 5451 1080 5522 quae
1105 5451 1273 5524 nuda:
1308 5451 1695 5524 comprehendi
1732 5466 1840 5506 non

257 5526 501 5595 possint,
533 5540 632 5579 nec
661 5524 770 5578 ullo
799 5521 998 5595 degere
1024 5521 1222 5595 inloco
1251 5523 1380 5590 quin
1415 5521 1691 5593 indigeant
1711 5536 1831 5595 cor:

256 5609 400 5664 pore
456 5596 525 5650 ad
581 5604 836 5649 naturam

1886 3199 1931 3258 (Ζ

909 5596 992 5648 oci
1048 5592 1193 5648 illius
1244 5592 1652 5663 accommodato
1686 5609 1700 5645 :
1734 5593 1829 5646 sed
1938 5595 2337 5651 intellectuales
2410 5608 2671 5663 mereque
2721 5593 3020 5663 spiritales,
3086 5608 3195 5649 non

257 5662 371 5719 non
422 5665 556 5737 inde
610 5666 855 5734 sequitur
914 5671 1166 5737 naturam
1240 5662 1436 5717 animai
1490 5662 1830 5737 aliarumque
1935 5682 2249 5737 corporeae,
2294 5676 2351 5720 nt
2382 5675 2529 5737 recte
2558 5662 3207 5737 observathcularissiiuus

1969 1950 2141 2021 ipsius
2170 1950 2479 2006 substantia
2514 1950 2741 2005 missum
2788 1958 2893 2013 est,
2931 1949 3049 2004 sine
3082 1949 3394 2004 substantia
3440 1962 3549 2003 non

1965 2043 2109 2098 erit?
2138 2062 2156 2095 ι
2201 2043 2332 2109 Quae
2356 2041 2604 2112 quamvis
2632 2040 2923 2095 manifesta
2965 2040 3096 2109 sint,
3133 2041 3185 2095 in
3216 2039 3550 2095 contrariam

1966 2146 2149 2191 tamen
2186 2138 2512 2191 sententiam
2561 2134 2783 2189 ﬂectere
2828 2146 3102 2191 conantur
3146 2132 3392 2204 quidam,
3452 2149 3551 2204 per

1965 2243 2163 2296 corpus
2209 2217 2570 2282 substantiam
2618 2227 2845 2298 intelligi
2892 2228 3159 2281 volentes.
3221 2226 3385 2293 Quasi
3420 2240 3550 2281 vero

1963 2329 2071 2373 tam
2100 2318 2280 2374 Latini
2311 2319 2583 2375 sermonis
2627 2319 2912 2389 imperitus
2939 2317 3125 2385 fuerit,
3158 2326 3214 2372 et
3254 2316 3551 2373 vocabulo-

1961 2427 2083 2466 rum
2116 2412 2273 2482 inops
2296 2410 2694 2478 Tertullianus,
2748 2421 2807 2467 ut
2842 2426 2956 2467 rem
3002 2424 3103 2480 per
3146 2424 3204 2465 se
3241 2417 3547 2468 exstantem

1961 2512 2154 2567 notare
2184 2503 2397 2569 volens,
2428 2518 2532 2559 non
2561 2503 2723 2559 aliter
2754 2502 3031 2573 appellare
3058 2500 3299 2571 Potnerit
3321 2543 3336 2567 ,
3383 2516 3547 2571 quam

1962 2609 2183 2666 corpus.
2207 2594 2359 2651 Idem
2386 2598 2453 2651 de
2499 2596 2611 2651 Deo
2638 2606 2933 2652 senserunt
2966 2595 3309 2664 Valentinus,
3356 2596 3548 2652 Selen-

1964 2702 2059 2742 eus
2088 2696 2142 2742 et
2173 2686 2423 2744 Hermias
2470 2688 2705 2755 Galatae,
2750 2688 2979 2753 Andius,
3034 2698 3091 2743 et
3144 2689 3263 2760 ejus
3320 2688 3550 2744 assecla‘.

1960 2780 2195 2835 Audiani
2258 2781 2438 2853 (quos
2500 2782 2591 2837 alii
2644 2781 2878 2837 subinde
2935 2781 3211 2838 Vadianos
3258 2797 3547 2853 perperam

1964 2872 2346 2946 appellarunt)
2399 2882 2455 2929 et
2501 2874 2754 2948 Egyptii
2817 2874 3386 2946 anthropomorphitai
3414 2914 3431 2940 ,
3479 2876 3552 2930 de

1960 2965 2162 3036 quibus
2195 2965 2338 3021 inira
2373 2966 2727 3023 disseremus.

2036 3204 2390 3268 cognitionem
2463 3200 2757 3269 cognitione
2792 3197 3314 3269 iPatris,’Spiritiis
3374 3200 3548 3255 sanc:i

2038 3269 2387 3391 coinitionem
2414 3268 2739 3352 .cog'nitione
2781 3268 2915 3322 Filii
2972 3268 3279 3335 inferiorem
3329 3269 3546 3335 dixerit,

2037 3336 2086 3409 ξς
2143 3374 2160 3391 .
2183 3338 2321 3409 quod
2353 3339 2640 3409 aliquando
2667 3340 2874 3393 videtur
2902 3355 3137 3408 negasse.
3177 3336 3319 3393 XXI.
3356 3337 3544 3393 Utrum

2036 3406 2239 3463 Filium
2260 3418 2306 3479 et
2326 3406 2584 3479 Spiritum
2606 3421 2847 3463 sanctum
2862 3406 3251 3479 exigitimanerit
3268 3426 3378 3464 esse
3400 3426 3549 3464 crea-

2037 3488 2142 3544 los,
2180 3476 2430 3537 XXll.'ut
2461 3478 2608 3547 vulgo
2631 3479 2821 3548 fertur.
2856 3478 3041 3549 XXIII.
3080 3476 3341 3549 Plurima:
3376 3481 3548 3549 culpa

2036 3550 2161 3603 huic
2191 3550 2458 3604 elevanda!
2495 3547 3110 3620 propoiiuntur.XXIV.
3168 3548 3416 3620 Aperitur
3453 3547 3545 3620 ge-

2038 3622 2201 3673 nuina
2235 3619 2479 3688 Origenis
2498 3617 2779 3689 sententia.
2808 3618 2979 3677 XXV.
3009 3617 3198 3673 Patres
3218 3617 3433 3689 aliquot
3454 3617 3545 3675 as-

2032 3692 2310 3745 sentientes
2334 3691 2509 3747 habet.
2534 3688 2725 3744 XXVI.
2752 3689 2868 3756 Qiio
2899 3707 3052 3743 sensu
3088 3689 3281 3743 dixerit
3309 3688 3441 3744 duos
3464 3706 3545 3745 se-

2036 3762 2286 3831 raphinos
2319 3760 2503 3831 (Isaia:
2530 3776 2748 3831 cap.vi,
2776 3777 2910 3831 vers.
2934 3759 2990 3829 ‘2)
3022 3758 3460 3831 esseVCIiristuni,
3494 3770 3544 3814 et

2036 3830 2300 3897 Spiritum
2325 3844 2585 3900 sanctum.
2618 3830 2832 3885 XXVII.
2866 3830 3093 3884 Criniint'
3119 3830 3280 3900 datur
3308 3831 3543 3900 Origeni,

2033 3902 2173 3971 quod
2203 3901 2399 3955 dixerit
2432 3899 2652 3971 Patrem
2682 3905 2839 3954 rebus
2889 3901 3168 3963 universis,
3210 3898 3417 3971 Filium
3456 3916 3547 3953 ra-

2036 3969 2178 4024 tione
2205 3970 2444 4040 prwditis
2464 4012 2478 4032 .
2508 3969 2786 4040 Spiritum
2833 3980 3076 4025 sanctum
3122 3969 3318 4040 tangis
3344 3972 3540 4040 dunta-

2030 4035 2369 4109 xatpr'azesse
2391 4056 2410 4095 :
2430 4035 2663 4095 XXVIII.
2694 4043 2784 4093 sed
2796 4040 3118 4109 defenditur.
3147 4035 3337 4094 XXIX.
3354 4035 3545 4109 Utrum

2033 4106 2235 4164 Filium
2277 4128 2379 4164 non
2420 4110 2681 4163 orandum
2722 4126 2835 4163 esse
2864 4106 3316 4176 'pronuntiaverit.
3366 4106 3542 4163 XXX.

2032 4179 2219 4235 Utrum
2244 4181 2458 4249 ﬁnxerit
2488 4180 2587 4234 sibi
2610 4178 2867 4248 Spiritum
2891 4189 3132 4232 sanctum
3158 4196 3320 4249 genus
3352 4179 3545 4232 huma—

2026 4267 2151 4305 num
2183 4252 2439 4305 redimere
2464 4266 2565 4304 noti
2596 4251 2851 4319 potuisse.

2028 4343 2069 4397 l.
2113 4341 2193 4396 Ex
2231 4341 2299 4397 iis
2337 4341 2621 4413 religionis
2651 4340 2975 4397 Christiana:
3015 4340 3281 4412 dogmatis
3322 4356 3443 4411 qua:
3473 4340 3543 4396 ab

1954 4433 2190 4503 Origene
2221 4442 2458 4490 tractata
2505 4443 2929 4502 sunt;tractata
2984 4444 3113 4490 sunt
3173 4443 3354 4490 autem
3405 4448 3543 4503 pene

1878 4556 1924 4613 ι)
1954 4529 2207 4585 universa
2234 4546 2250 4597 ;
2284 4528 2489 4584 nullum
2523 4543 2678 4598 aeque
2710 4528 3035 4584 commentis
3064 4538 3119 4584 et
3137 4526 3543 4599 opinationibus

1955 4619 2297 4676 deformasse
2327 4620 2443 4675 suis
2474 4619 2717 4675 creditus
2748 4630 2803 4676 et
2833 4619 3015 4676 dictus
3048 4630 3155 4684 est,
3182 4634 3246 4675 ac
3272 4618 3400 4675 illud
3432 4634 3542 4689 quo

1952 4722 2321 4769 sacrosancta:
2350 4713 2637 4770 Trinitatis
2672 4715 2991 4787 mysterium
3030 4714 3364 4769 continetur.
3402 4711 3538 4765 Nam

1953 4817 2007 4862 et
2032 4807 2155 4864 Filii
2192 4809 2559 4864 substantiam
2608 4810 2757 4866 visus
2791 4818 2876 4867 est
2926 4824 2957 4865 s
3004 4810 3309 4865 substantia
3360 4805 3541 4863 Patris

1956 4914 2289 4969 secernere;
2342 4910 2400 4957 et
2460 4902 2659 4959 Filium
2705 4903 2906 4971 Patre,
2965 4902 3228 4973 Spiritum
3290 4910 3538 4955 sanctum

1957 4989 2101 5047 Filio
2142 4990 2457 5047 inferiorem
2490 5007 2726 5063 ponere,
2760 4992 2892 5047 adeo
2922 5001 2978 5046 ut
3002 4991 3164 5047 Pater
3188 5008 3218 5047 a
3242 4990 3403 5058 Filio,
3446 4988 3537 5043 Fi-

1954 5175 2290 5245 omninoque
2323 5172 2622 5244 spiritalem
2652 5173 2901 5245 agnoscit
2926 5171 3077 5242 juxta
3109 5187 3173 5245 ac
3202 5170 3535 5245 Platonicos,

1952 5255 2015 5299 ut
2039 5244 2179 5299 infra
2201 5241 2582 5314 ostendemus,
2617 5241 2816 5314 quaest.
2849 5243 2905 5308 6,
2931 5241 2935 5242 “
2960 5259 3109 5299 num.
3142 5243 3195 5298 5.
3228 5241 3376 5314 illine,
3399 5257 3533 5297 c0n-

1950 5331 2185 5384 sequens
2218 5323 2321 5378 est,
2360 5313 2533 5369 sicubi
2566 5312 2766 5368 diierit
2791 5313 3241 5383 Origenes,qnod
3274 5312 3536 5384 objiciunt

1952 5383 2288 5453 Theophilus
2334 5395 2388 5439 et
2420 5385 2800 5454 ilieronymus,
2826 5384 2995 5438 Deum
3024 5384 3188 5454 unius
3215 5394 3270 5437 et
3290 5383 3533 5454 ejusdem

1950 5452 2351 5523 quodammodo
2375 5469 2494 5511 esse
2523 5452 2841 5509 substantiae
2875 5469 2941 5507 ac
2966 5467 3053 5507 res
3092 5452 3303 5507 ratione
3335 5453 3531 5522 praedi-

1946 5534 2051 5592 tas,
2084 5527 2137 5579 in
2164 5540 2229 5580 eo
2259 5526 2378 5579 illas
2427 5524 2720 5579 convenire
2753 5525 3091 5580 substantias
3118 5534 3390 5592 quatenus
3415 5523 3529 5578 sint

3286 5603 3523 5649 ιιειιειιιιε

3308 5665 3454 5722 υθιὶιι
3468 5693 3533 5739 δ,

261 5736 671 5808 rationabilium
690 5732 1076 5789 creaturarum
1111 5735 1165 5789 in
1197 5746 1423 5808 corpore
1447 5732 1825 5808 _quamtumvis
1934 5732 2183 5808 quamvis
2204 5735 2441 5807 alioquin
2471 5736 2790 5791 immensum
2821 5734 3089 5792 differunt.

258 5807 449 5863 subtili
500 5807 766 5877 posuisse,
812 5818 971 5875 quam
1027 5819 1059 5859 e
1114 5805 1390 5861 contrario
1444 5804 1822 5873 incorporeain
