3866 6526
426 408 527 463 719

1670 402 1732 466 P.
1770 406 2086 464 DANIELIS
2119 406 2352 464 HUETII

3533 405 3643 458 7'20

425 525 699 594 ipsiusque
754 525 1062 596 οἰκονομίαν
1113 535 1386 595 pertinent
1449 524 1768 595 insigniores
1823 525 1982 594 quin-
2008 522 2261 593 Aquoad
2331 521 2444 576 fieri
2512 522 2732 591 poterit,
2793 527 2848 575 et
2903 520 2956 575 in
3017 534 3185 590 pauca
3231 523 3640 578 contrahemus.

422 633 548 689 que.
598 617 710 674 Nos
767 618 975 688 singula
1008 632 1230 686 quicque
1281 619 1647 688 expendemns
1687 616 1973 682 distincte,

421 796 563 866 quod
583 795 853 850 Christum
877 794 1268 866 quodammodo
1293 793 1605 851 Creatorem
1641 811 1759 849 esse
1793 796 1934 866 dicat
1961 815 1974 852 :

419 862 544 921 iiam
590 881 710 919 cum
763 865 999 918 haeretici
1053 862 1313 934 majorem
1355 882 1474 918 cuin
1515 867 1770 920 Creatore
1812 865 1980 934 finge-

417 944 569 998 rent,
598 935 740 1004 solet
767 934 1027 1004 Origenes
1049 977 1063 998 ,
1098 943 1156 986 iit
1205 932 1413 988 Patrem
1443 935 1579 989 Filio
1602 975 1617 998 ,
1652 938 1723 988 ita
1757 932 1980 990 Creato-

419 1020 532 1085 rem
581 1003 800 1059 Christo
851 1003 1110 1072 majorem
1162 1005 1490 1061 contendere
1525 1005 1706 1059 habita
1752 1005 1979 1075 originis

415 1085 649 1129 ratione.

483 1142 539 1196 ln
566 1144 754 1198 eodem
778 1150 944 1204 tomo,
969 1157 1120 1196 num.
1143 1141 1236 1206 51,
1263 1141 1351 1208 52,
1366 1141 1636 1198 Christum
1660 1142 1975 1211 magistrum

411 1228 532 1268 esse
554 1222 610 1266 et
633 1212 916 1266 Dominum
951 1212 1349 1273 demonstrans,
1379 1213 1444 1264 ad
1475 1227 1706 1279 eumque
1739 1215 1978 1266 referens

412 1283 539 1335 illud
575 1281 850 1335 Malachize
876 1299 888 1335 :
918 1279 976 1335 Si
1001 1280 1254 1333 Dominus
1283 1297 1374 1351 ego
1407 1297 1524 1334 sum
1545 1321 1560 1344 ,
1605 1282 1691 1333 ubi
1722 1292 1794 1334 ert
1822 1283 1977 1334 timor

411 1353 602 1405 meus?
633 1351 885 1421 (Malach.
921 1367 960 1412 i,
994 1353 1048 1415 ti)
1080 1351 1254 1421 adhuc
1282 1351 1724 1404 honoriﬁcentius
1765 1351 1812 1404 ei
1839 1365 1978 1421 esse

410 1422 602 1475 statuit
643 1417 778 1475 illud
820 1420 1015 1473 Psalnii
1055 1436 1067 1471 :
1103 1417 1276 1472 Filius
1310 1436 1455 1472 meus
1496 1437 1549 1472 es
1589 1434 1681 1483 lu,
1711 1436 1802 1487 ego
1827 1419 1977 1473 hodie

393 1490 563 1560 genui
608 1501 656 1543 te
680 1487 851 1560 (Paul.
884 1505 945 1553 ii,
979 1488 1054 1558 7).
1091 1487 1252 1560 Ἀλλὰ
1299 1488 1628 1560 διὰ-ντούτῳν
1673 1490 1885 1560 πάντων
1914 1490 1974 1542 οὐ

408 1557 595 1627 ὰαφῶς
620 1561 652 1630 ἡ
689 1557 944 1630 ἐργἐνειο,
971 1557 1310 1630 Δ’παρίσταται
1335 1558 1431 1630 τοῦ
1459 1559 1623 1630 Υιοῦ.Δ
1646 1560 1771 1630 Ὅτε
1800 1558 1855 1630 δὲ
1880 1560 1940 1630 rd
1960 1575 1973 1588 ·

407 1623 536 1694 Υἱός
553 1623 671 1698 [iob
697 1625 755 1681 εἴ
767 1623 868 1690 in),
891 1627 1004 1698 ἐγὼ
1023 1623 1284 1698 σῆμερογ
1301 1627 1628 1697 γεγέννηκά
1645 1643 1738 1691 σε,
1761 1623 1976 1696 λέγετξχι

390 1695 733 1770 -πρὸςάὐτὺν
760 1698 865 1752 ὑπὸ
891 1695 1003 1778 τοῦ*
1017 1695 1150 1750 Θεοῦ
1177 1695 1220 1766 ᾧ
1243 1695 1327 1751 diei
1349 1695 1462 1777 ἐςτι
1493 1698 1552 1751 τὸ
1587 1700 1649 1768 σή
1661 1715 1820 1786 μερον
1838 1695 1855 1728 ⁷·
1879 1700 1977 1752 οὐκ

407 1768 486 1822 ενι
517 1769 626 1822 γὰο
645 1768 776 1821 ἑσπέ
787 1786 853 1822 aa.
872 1768 1026 1822 Θεου.
1055 1767 1164 1822 ἐγὼ
1189 1770 1245 1822 δὲ
1266 1771 1397 1822 ἠγου
1408 1785 1500 1822 μαι
1522 1770 1602 1820 ὃτι
1623 1769 1745 1821 ουδὲ
1773 1769 1972 1822 atomis.

407 1771 486 1822 ενι
517 1771 626 1890 γὰέ
645 1771 776 1821 ἑσπέ
787 1786 853 1839 pa.
872 1771 1026 1832 Θεοῦ,
1055 1771 1164 1836 ἐγὼ
1189 1771 1245 1822 δὲ
1266 1771 1397 1838 ἡγοῦ
1407 1785 1500 1838 μαι
1522 1771 1602 1820 ὃτι
1623 1771 1745 1821 οὐδὲ
1773 1771 1972 1839 πρωϊα,

407 1838 566 1918 (Ξιξιλὸι⁸
611 1907 636 1918 _
678 1837 1192 1918 gupgapexfeivwvu
1214 1841 1281 1909 τῇ
1354 1839 1636 1918 ὰγξννήτιει
1682 1838 1775 1918 διαὶ
1822 1838 1976 1918 ᾁῖδίιῳ

386 1907 569 1960 αὑτοῦ
606 1907 716 1978 ζωῇ
739 1906 760 1972 ,⁷
795 1906 882 1960 ἵνά
931 1906 1104 1978 aii-5'0;
1139 1906 1280 1960 εἴπώ
1299 1946 1313 1970 ,
1354 1906 1575 1978 χρόνος,
1614 1909 1799 1978 ἡμέρα
1831 1906 1975 1960 ἐστὶν

407 1978 554 2063 atii-cfp
595 1972 955 2063 σήεξὲρρν,ηὲν
1059 1972 1458 2063 ζεγέννηταῖᾏ.
1477 1977 1604 2040 Υἱὸς
1625 1972 1852 2063 {diariis
1887 1994 1976 2057 ζε-

407 2048 606 2135 νέσξως
634 2047 799 2135 αὐτοῦ
835 2047 1137 2135 οἱξτωξοιξχ
1170 2047 1560 2135 εὑρισδιομένης
1579 2085 1593 2109 ,
1724 2047 1973 2135 essenqu
2002 2080 2044 2135 Β

406 2117 639 2188 ἡμέρας.
677 2135 694 2168 ι
733 2116 846 2188 Non
883 2127 1058 2170 tamen
1091 2116 1173 2171 liis
1214 2116 1464 2170 omnibus
1512 2117 1792 2188 iiiaiiil'este
1845 2116 1961 2170 Filii

406 2183 660 2242 nobilitas
686 2183 990 2240 declaratur
1019 2208 1030 2240 ;
1065 2188 1157 2240 sed
1189 2197 1323 2249 tum,
1359 2201 1504 2250 cum,
1537 2184 1710 2239 Filius
1741 2203 1882 2240 meus
1909 2203 1963 2240 es

405 2266 482 2316 tu,
514 2273 606 2325 ego
633 2257 783 2310 hodie
819 2256 972 2322 genui
995 2264 1066 2320 te,
1097 2256 1160 2309 ad
1224 2256 1367 2310 illum
1403 2257 1597 2310 dicitur
1625 2271 1654 2308 a
1687 2254 1840 2325 Deo,
1878 2257 1963 2310 cui

405 2324 618 2394 semper
643 2336 725 2380 est
760 2326 919 2378 hodie
962 2344 978 2389 ;
1026 2340 1197 2392 neque
1252 2326 1392 2380 enim
1440 2332 1523 2379 est
1579 2340 1799 2392 vespera
1832 2324 1960 2388 Dei,

404 2393 578 2464 neque
629 2409 813 2455 mane,
877 2408 994 2449 meo
1040 2397 1253 2464 quidem
1305 2393 1548 2460 judicio;
1609 2399 1700 2446 sed
1762 2395 1964 2461 aequale

403 2463 546 2518 illius
609 2464 852 2534 ingenita:
890 2472 944 2517 et
985 2463 1324 2534 sempiternae
1354 2465 1477 2518 vita:
1501 2504 1517 2528 ,
1554 2467 1730 2534 iitrita
1770 2465 1966 2528 dicam,

403 2543 647 2601 tempus,
685 2535 798 2587 dies
836 2533 935 2601 ipsi
983 2543 1067 2586 est
1105 2533 1298 2595 hodie,
1333 2536 1381 2585 in
1432 2548 1534 2600 qua
1564 2533 1729 2586 Filius
1758 2535 1968 2601 genitus

404 2612 516 2668 est;
553 2605 623 2656 ita
646 2610 723 2668 ut,
753 2603 1200 2671 quemadmodum
1232 2617 1329 2655 nec
1358 2603 1480 2667 diei,
1513 2605 1582 2655 ita
1611 2617 1782 2672 neque
1804 2605 1965 2656 etiam

405 2673 768 2741 generationis
795 2673 1004 2725 initium
1041 2672 1362 2725 inveniatur.

475 2741 588 2794 Non
615 2744 791 2796 minus
821 2740 1100 2810 magnifice
1134 2742 1367 2809 loquitur
1408 2740 1562 2795 initio
1589 2739 1716 2794 tonii
1755 2756 1815 2804 ii,
1839 2756 1962 2810 pag.

403 2810 496 2878 49,
523 2812 632 2874 ubi,
662 2813 802 2877 quod
837 2813 887 2864 iii
922 2809 1098 2864 Veteri
1127 2811 1471 2865 Testamento
1509 2811 1612 2864 dici
1643 2810 1798 2875 solet,
1831 2809 1960 2865 Ver-

403 2881 529 2949 l_iuiii
563 2880 760 2934 factum
785 2895 902 2934 esse
933 2881 998 2932 ad
1026 2883 1335 2949 prophetas,
1355 2881 1430 2934 sic
1454 2889 1866 2949 comparatcuiii
1886 2882 1967 2934 his

401 2947 625 3003 Joannis
657 2951 864 3020 verbis:
898 2949 960 3002 Et
1001 2947 1221 3003 Verbum
1269 2950 1546 3020 eratrapiid
1576 2947 1753 3020 Deum
1781 2949 1963 3020 (Joan.

405 3033 444 3082 ι,
593 3018 750 3072 Ἀλλὰ
771 3019 1224 3091 *πρὺςῌμὲνᾼτοὺςῌ
1238 3019 1552 3091 ἀνθρώπους
1572 3059 1586 3082 ,
1617 3018 1875 3091 πρότερον
1904 3020 1964 3071 οὐ

405 3037 444 3082 ι,
478 3037 551 3089 ι).
608 3037 750 3072 AM;
786 3037 918 3091 προς
957 3037 1053 3141 risv
1085 3037 1208 3081 τους
1238 3037 1552 3090 ανυρωπους
1572 3059 1586 3082 ,
1617 3037 1875 3091 προτερον
1904 3037 1964 3071 ου

402 3089 709 3159 χωροῦντας
731 3089 828 3160 τὴν
852 3089 944 3140 τοῦ
991 3089 1114 3152 ’ἰοῦ,
1138 3088 1228 3141 τοῦ
1247 3090 1379 3141 Θεοῦ
1401 3090 1570 3160 Λόγον
1592 3089 1964 3160 τνγχάνοντος,

402 3159 714 3230 ἐπιδημίαν,
746 3159 977 3230 ὁΑόγος
1002 3161 1205 3230 γίνεται
1227 3177 1239 3188 ο
1272 3161 1407 3230 πρὸς
1436 3160 1490 3212 δὲ
1513 3159 1601 3212 τὸν
1629 3159 1759 3210 Θεὸν
1786 3160 1846 3212 οὐ
1879 3160 1964 3228 γί-

401 3228 586 3294 vexati,
621 3230 696 3292 ὡς
730 3229 988 3299 πρότερον
1033 3231 1132 3282 οὐκ
1160 3228 1234 3282 ὢν
1263 3228 1395 3299 πρὸς
1428 3230 1609 3282 αὐτόν.
1638 3230 1795 3299 Παρὰ
1823 3229 1878 3282 δὲ
1906 3229 1966 3281 τὸ

399 3299 485 3371 ἀεὶ
510 3302 743 3353 συνεῖναι
766 3298 1049 3371 ίτῷλΠατρ).
1073 3298 1315 3371 λέγεταιί
1337 3299 1444 3371 Καὶ
1462 3303 1491 3371 d
1512 3300 1697 3371 Λόγος
1713 3298 1790 3371 ἦν
1818 3299 1966 3371 πρὸς

399 3370 505 3423 τὸν
526 3372 688 3440 Θεόνο
713 3370 784 3440 pii
814 3368 923 3440 γὰρ
953 3368 1164 3438 ἐγένετο
1187 3370 1321 3438 πρὸς
1346 3369 1435 3422 τὸν
1464 3369 1612 3422 Θεόν.
1637 3368 1745 3424 Καῖ
1775 3368 1965 3440 ταίῦτδν

435 3440 550 3510 ἧμα
577 3439 668 3500 τὸ,
697 3435 777 3510 ἦγέ
799 3435 938 3510 (τοῦ
962 3435 1131 3510 Myos
1162 3435 1538 3510 xzrqyopsi'ipt
1560 3479 1574 3502 ,
1619 3440 1699 3510 ξτι
1738 3442 1795 3492 ἐν
1825 3439 1962 3510 ἀρχῇ

438 3505 488 3573 νς
512 3511 602 3562 καὶ
627 3505 870 3580 ὅτείμεε.
894 3505 1168 3580 animi);
1195 3505 1443 3580 τὸνίθέὸν
1469 3505 1556 3579 ἦν,
1585 3506 1706 3580 οὔτε
1737 3510 1834 3580 τῆς
1867 3505 1966 3579 δι’ῥί

397 3577 501 3650 xii;
533 3577 1088 3650 xmptCépsvog,_oﬁrs
1139 3579 1231 3650 τοῦ
1267 3577 1922 3650 ῌατρδςᾶπολειπόμενοζ
1947 3595 1960 3608 ο

399 3645 493 3703 Sidi
522 3645 680 3702 ᾗάλιν
715 3645 967 3720 οὔτεγὰπὸ
996 3649 1089 3720 τοῦ
1129 3649 1201 3720 μὴ
1243 3645 1463 3720 εἶναι’ὲν
1494 3651 1655 3720 ἀρχῇ,
1686 3645 1964 3720 γινόμενος

397 3720 619 3796 ξνιάρχῇ
648 3735 660 3748 ·
691 3717 942 3796 οὕτεεάτὶὸ
971 3719 1062 3796 ςτοῦ
1075 3703 1171 3796 δρίὴ
1190 3703 1491 3796 ’τυγχάνειν
1685 3703 1774 3796 υἱον
1807 3703 1960 3784 Θεὸνξ

398 3789 488 3842 ἐπὶ
515 3784 753 3859 saepe;
777 3787 864 3841 τὸν
889 3787 1018 3859 Θεὸν
1047 3784 1183 3840 εἶναί
1218 3784 1513 3859 γινόμενος.
1545 3784 1656 3859 Πρὸ
1690 3788 1798 3859 γὰρ
1830 3807 1964 3841 παν-

396 3860 486 3923 τὸς
499 3857 685 3946 χρόνον
701 3859 791 3946 ξαὶ
805 3858 1017 3946 (nimim,
1036 3861 1135 3912 Ἐν
1463 3857 1670 3946 Λόγόςρ
1689 3857 1786 3914 καὶ
1803 3863 1836 3946 ς
1848 3860 1961 3946 (δότ

396 3927 601 3998 γοςῆν
620 3927 890 3997 πρὸςτὸν
907 3930 1072 3982 Θεόν.
1112 3948 1130 3980 ι
1157 3934 1226 3982 At
1260 3927 1488 3998 Verbum
1537 3931 1751 3994 quidem
1800 3929 1962 3998 fiebat

397 4003 462 4052 ad
493 4000 756 4061 homines,
786 3999 876 4068 qui
904 4001 1049 4067 prius
1081 4001 1342 4053 adventus
1379 3997 1498 4052 Filii
1530 3998 1620 4052 Dei
1653 3997 1814 4054 Verbi
1861 4015 1957 4053 ca-

395 4083 554 4138 paces
599 4084 705 4122 non
757 4079 933 4122 erant.
980 4070 1060 4122 Ad
1109 4068 1276 4123 Deum
1327 4080 1505 4122 autem
1555 4083 1655 4123 non
1690 4069 1957 4137 fit,quasi

393 4139 543 4206 prius
582 4140 724 4208 apud
750 4153 873 4192 eum
915 4154 1018 4193 non
1051 4150 1211 4194 esset.
1245 4140 1364 4208 Sed
1387 4139 1511 4208 quia
1550 4153 1764 4206 semper
1792 4155 1958 4192 coex-

393 4205 538 4262 Sistit
582 4205 752 4269 Patri,
801 4209 1003 4263 idcirco
1052 4210 1288 4264 dicitur:
1319 4205 1652 4261 Et‘l’erbum
1670 4205 1791 4262 erat
1817 4211 1956 4275 apud

394 4276 582 4330 Deum.
612 4278 690 4330 Ac
719 4277 808 4331 illa
863 4279 975 4346 ipsa
1015 4293 1154 4343 vox,
1201 4287 1316 4332 erat
1343 4316 1358 4339 ,
1409 4278 1474 4332 de
1519 4275 1694 4332 Verbo
1736 4279 1953 4342 dicitur,

393 4346 522 4412 quia
559 4349 615 4416 in
647 4345 909 4415 principio
954 4347 1083 4412 fuit,
1121 4358 1174 4403 et
1207 4351 1346 4416 apud
1390 4346 1553 4400 Deum
1592 4345 1732 4411 fuit,
1779 4360 1878 4402 nec
1926 4363 1952 4400 a

394 4415 659 4484 principio
696 4427 1029 4485 separatum,
1057 4433 1156 4472 nec
1187 4433 1215 4471 a
1246 4415 1412 4471 Patre
1445 4417 1713 4480 relictum,
1744 4432 1865 4480 nec,
1889 4432 1953 4470 ex

393 4498 458 4536 eo
481 4487 622 4553 quod
652 4499 754 4538 non
784 4496 926 4539 esset
968 4487 1020 4540 in
1049 4488 1330 4557 principio,
1353 4487 1550 4557 factum
1586 4487 1638 4539 in
1671 4487 1952 4555 principio,

395 4567 516 4616 nec,
551 4570 616 4608 ex
647 4569 712 4607 eo
748 4558 889 4624 quod
917 4570 1022 4609 non
1050 4569 1191 4610 esset
1219 4555 1360 4624 apud
1383 4555 1621 4619 Patrem,
1648 4556 1850 4609 factum
1897 4568 1953 4610 ut

393 4631 540 4677 esset
584 4623 724 4694 apud
765 4623 1004 4694 Patrem.
1049 4629 1189 4679 Ante
1238 4623 1386 4694 cnim
1437 4638 1624 4694 omne”
1652 4635 1859 4694 tempus
1902 4635 1954 4680 et

393 4707 588 4754 aevum,
623 4692 701 4745 'in
745 4693 1005 4762 principio
1041 4707 1151 4748 erat
1212 4693 1453 4760 Verbum,
1494 4705 1541 4748 et
1591 4692 1805 4748 Verbum
1840 4707 1949 4752 erat

392 4764 530 4829 apud
561 4763 746 4816 Deum.
777 4780 797 4814 ι

446 4833 587 4885 idem
604 4833 1054 4888 oliservateodeni
1072 4843 1214 4887 tomo
1233 4848 1294 4896 ii,
1313 4850 1365 4887 n.
1391 4833 1476 4894 15,
1497 4832 1951 4903 pag.72,Verbum

393 4902 444 4973 iu
469 4903 732 4970 principio
754 4903 952 4956 factum
973 4919 1076 4958 non
1104 4903 1298 4968 fuisse;
1326 4902 1661 4973 nequeenim
1689 4906 1852 4958 fuisse
1875 4909 1953 4958 ul-

390 4971 502 5025 lum
519 4981 754 5042 tempus,
774 4987 896 5025 cum
927 4975 1269 5042 principium,
1296 4975 1347 5028 id
1374 4971 1473 5035 est,
1499 4971 1796 5042 Sapientia,
1824 4975 1949 5028 ἄλο-

389 5058 485 5109 γος
516 5036 603 5111 ἦν,
638 5036 760 5095 sine
789 5036 964 5097 Verbo
997 5056 1050 5098 et
1095 5036 1325 5099 Ratione
1365 5055 1530 5099 esset.
1573 5036 1790 5098 ibidem?
1826 5062 1946 5098 cuni

391 5111 620 5165 dixisset
653 5113 814 5164 vitam
863 5115 915 5165 in
951 5113 1122 5167 Verbo
1169 5117 1362 5168 factam
1408 5128 1568 5177 esse,
1617 5130 1679 5168 ac
1711 5111 1943 5167 Verbum

391 5195 513 5251 esse
538 5183 935 5250 quodaminodo
969 5196 1092 5237 ante
1115 5184 1438 5251 vitam,quia
1469 5185 1573 5236 vita
1594 5183 1683 5237 lux
1714 5195 1816 5246 est,
1849 5201 1948 5237 nec

391 5250 480 5305 lux
508 5264 623 5304 erat
642 5251 914 5304 hominum
939 5266 1226 5320 antequam
1257 5250 1500 5308 homines
1527 5266 1736 5316 eSSent;
1768 5263 1950 5307 monet

312 5389 314 5392 ν
390 5335 459 5374 ne
487 5324 607 5389 quis
638 5341 666 5374 a
698 5337 755 5374 se
789 5322 1072 5392 χρονικῶς,
1101 5324 1472 5392 tempora/iter,
1508 5323 1619 5378 huic
1643 5324 1742 5378 dici
1777 5335 1942 5392 putet,

390 5393 542 5460 quasi
586 5393 699 5444 haec
733 5391 1020 5457 aliquando
1067 5411 1173 5447 non
1204 5391 1451 5459 iuerint,
1506 5395 1598 5447 sed
1639 5396 1750 5447 haec
1778 5391 1818 5444 7a
1867 5409 1944 5456 se,

392 5472 651 5530 quantum
687 5462 752 5514 ad
787 5461 1033 5531 homines
1069 5473 1311 5531 spectat,
1342 5466 1480 5516 serie
1509 5464 1737 5531 quadam
1761 5473 1814 5517 et
1853 5478 1944 5515 or-

393 5531 516 5600 dine
546 5533 832 5585 recenseri.
868 5530 962 5585 His
991 5530 1125 5587 adde
1155 5537 1297 5600 quod
1337 5530 1549 5586 eodem"
1570 5543 1749 5598 tonio,
1795 5548 1941 5586 iiuni.

362 5651 366 5658 ,
392 5599 482 5672 ξε,
508 5616 638 5672 pag.
669 5600 756 5662 87,
782 5614 978 5672 contra
1013 5599 1314 5666 haereticos,
1347 5604 1434 5671 qui
1474 5603 1850 5672 prophetarum
1881 5606 1945 5655 de

391 5668 607 5740 Christo
634 5671 884 5723 vaticinia
925 5681 981 5724 ut
1019 5672 1224 5725 inutilia
1256 5668 1592 5740 reﬁciebant,
1615 5674 1953 5726 demonstrat

394 5739 558 5809 Deum
589 5739 823 5793 voluisse
852 5750 908 5792 ut
940 5741 1122 5794 multis
1161 5745 1492 5809 argumentis
1520 5751 1792 5795 constaret
1817 5781 1830 5802 ,
1869 5743 1950 5794 ὅτι

391 5808 520 5870 Θεὸς
540 5809 568 5860 ὀ
599 5809 733 5875 ὑπὲρ
763 5809 935 5862 πάντα
961 5812 1028 5863 τὰ
1061 5808 1262 5880 γενητὰ
1289 5811 1688 5884 ἐνανθρώπησε,
1715 5831 1733 5864 ι
1767 5813 1951 5877 Deum,

2150 609 2234 668 Ill.
2271 613 2556 670 Ordiamur
2578 614 2808 683 primum
2837 617 2904 667 ab
2939 627 3004 668 eo
3029 614 3276 679 crimine,
3333 617 3484 683 cujus
3515 616 3646 669 Ori-

2081 799 2171 864 qiii
2207 809 2289 853 est
2327 816 2484 868 supra
2527 816 2612 854 res
2642 813 2831 854 omnes
2858 805 3088 862 creatas,
3121 796 3390 851 hominem
3426 795 3642 851 factum

2078 883 2220 924 ESSE.
2257 887 2274 920 ι

2149 935 2213 991 ν.
2234 937 2577 1004 Periniquum
2601 938 2736 993 foret
2762 946 2841 990 tot
2867 934 3093 990 eximias
3118 935 3410 988 sententias
3438 937 3645 990 eodem

2078 1005 2274 1075 effugio
2306 1007 2522 1063 eludere
2544 1048 2559 1070 ,
2593 1024 2700 1076 quo
2733 1008 2984 1076 Petavius
3010 1015 3067 1060 et
3097 1005 3320 1076 ﬂuetius
3347 1007 3424 1059 usi
3461 1016 3593 1058 sunt
3624 1024 3642 1070 ;

2077 1093 2303 1147 quorum
2331 1079 2466 1132 alter
2488 1077 2580 1134 lib.
2607 1075 2623 1132 i
2652 1075 2929 1147 De_Tri‘n.,
2955 1090 3070 1143 cap.
3095 1075 3150 1137 4,
3179 1075 3340 1147 citata
3369 1077 3433 1130 ab
3453 1077 3645 1147 Atha-

2079 1144 2230 1201 nasio
2259 1148 2324 1201 ad
2363 1147 2612 1216 Origenis
2657 1145 3020 1216 defensionem
3069 1144 3369 1198 testimonia
3397 1185 3411 1204 .
3445 1145 3649 1216 valere

2077 1216 2166 1269 illa
2195 1218 2408 1285 quidem
2440 1213 2953 1285 adversusArianos
2979 1213 3196 1278 fatetur,
3217 1217 3308 1268 sed
3344 1217 3408 1266 ad
3429 1214 3649 1284 ὁμοού-

2078 1302 2190 1339 σιον
2214 1283 2584 1340 aiiirmandnm
2615 1283 2857 1338 suliicere
2885 1292 3063 1353 negat.
3091 1299 3154 1336 eo
3177 1285 3319 1353 quod
3345 1295 3647 1338 creaturas

2076 1370 2140 1409 ex
2170 1365 2373 1410 interno
2397 1354 2562 1409 fuisse
2590 1369 2709 1408 cum
2737 1353 2844 1408 Deo
2865 1351 3136 1407 censuerit
3161 1351 3452 1418 Origenes;
3494 1354 3647 1408 Hiie-

2079 1425 2182 1480 tius
2203 1440 2331 1479 vero
2364 1426 2522 1491 hujus
2549 1425 2862 1491 quaestionis
2892 1422 2927 1474 2
2973 1437 3122 1475 num.
3155 1421 3248 1485 24,
3279 1423 3476 1476 fatetur
3505 1425 3644 1488 qui-

2075 1495 2195 1548 dem
2226 1510 2288 1549 ex
2317 1495 2452 1547 lucis
2485 1503 2538 1548 et
2568 1493 2866 1561 splendoris
2896 1492 3142 1560 exemplo
3177 1492 3348 1561 sequi,
3374 1504 3428 1545 ut
3459 1492 3645 1546 Filius

2073 1578 2139 1618 ex
2169 1563 2350 1618 Patris
2375 1564 2672 1618 substantia
2701 1563 2912 1628 genitus
2941 1561 3032 1627 sit,
3069 1561 3167 1615 sed
3198 1563 3335 1615 hunc
3361 1563 3642 1617 stultissi-

2075 1649 2218 1688 mum
2249 1647 2487 1687 errorem
2513 1630 2728 1700 Origeiii
2768 1629 3008 1698 afﬁngit,
3055 1630 3248 1685 Filium
3299 1645 3326 1683 a
3370 1631 3462 1685 Dei
3499 1634 3646 1686 sub-

2075 1704 2272 1756 stantia
2299 1717 2403 1757 non
2433 1702 2591 1756 aliter
2617 1715 2778 1769 quam
2814 1701 2980 1768 ipsam
3021 1701 3298 1754 materiam
3319 1738 3336 1763 ,
3381 1701 3449 1754 ab
3479 1702 3641 1755 omni

2075 1782 2220 1826 retro
2250 1787 2363 1827 arvo
2404 1784 2701 1825 emanasse.
2743 1770 2894 1835 Quod
2926 1770 2997 1823 ait
3030 1770 3367 1840 doctissimus
3404 1773 3641 1840 praesul,

2076 1842 2375 1905 materiam,
2406 1855 2472 1894 ex
2507 1839 2755 1910 Origenis
2785 1840 3070 1900 sententia,
3104 1841 3177 1894 ita
3214 1855 3242 1892 a
3271 1839 3411 1904 Deo,
3449 1848 3511 1893 ut
3543 1841 3605 1894 lu
3631 1870 3645 1877 ε

2076 1926 2196 1964 nien
2220 1926 2247 1964 a
2280 1910 2390 1964 sole
2419 1910 2687 1979 proﬁcisci
2715 1917 2768 1979 et
2792 1913 3102 1979 procreari;
3133 1925 3253 1964 cum
3287 1911 3427 1962 nullo
3459 1925 3644 1979 argn-

2076 1991 2252 2036 inento
2279 1977 2438 2035 fidem
2461 1980 2544 2034 sui
2570 1977 2757 2047 iudicii
2784 1978 2970 2042 faciat,
2989 1979 3180 2032 minuit
3202 1981 3352 2034 nobis
3382 1977 3643 2033 laborem

2075 2049 2231 2116 hujus
2274 2045 2581 2103 commenti
2610 2045 2887 2102 refellendi
2913 2087 2943 2116 ,ί
2981 2047 3134 2116 cujus
3180 2048 3382 2102 nullum
3444 2061 3645 2104 exstat

2070 2115 2212 2201 apud
2240 2119 2526 2201 Origcnei'u
2561 2116 2869 2201 vestigium.
2903 2115 3029 2201 μὴ]⁸
3055 2119 3179 2201 (uti?
3221 2118 3440 2201 forte
3472 2120 3647 2201 dcte:-

2072 2187 2267 2244 riorem
2313 2187 2518 2258 partem
2553 2187 2733 2256 rapiat
2777 2188 2917 2258 quod
2960 2188 3036 2258 ait
3072 2187 3332 2258 Origenes
3373 2188 3467 2258 lib.
3502 2207 3516 2241 i
3551 2188 3643 2241 De

2067 2255 2330 2328 principf,
2363 2273 2481 2326 cap.
2519 2259 2578 2321 l,
2611 2255 2760 2328 rium.
2787 2256 2860 2310 6:
2899 2274 2919 2307 ι
2959 2255 3230 2328 Interdum
3267 2257 3403 2311 oculi
3444 2259 3642 2328 nostri

2009 2323 2017 2330 ’
2067 2323 2245 2398 ipsam
2272 2323 2519 2383 naturam
2545 2326 2705 2388 lucis,
2733 2325 2799 2398 id
2839 2337 2949 2398 est,
2993 2326 3344 2398 substantiam
3375 2327 3644 2398 solisin—

1993 3408 2034 3466 C

1986 4740 2031 4799 D

2071 2394 2206 2452 tueri
2241 2413 2346 2453 non
2371 2406 2596 2465 possunt
2621 2413 2634 2449 :
2668 2394 3006 2464 splendorem
3032 2410 3158 2450 vero
3187 2396 3302 2465 ejus
3327 2396 3410 2449 vel
3442 2397 3643 2450 radios

2069 2468 2319 2523 fenestris
2349 2469 2486 2521 forte
2511 2477 2565 2520 et
2593 2465 2920 2534 quibuslibet
2963 2465 3085 2519 aliis
3114 2466 3464 2534 receptaculis
3493 2467 3640 2519 bre-

2068 2537 2224 2592 vibus
2249 2538 2454 2592 infusos
2475 2537 2760 2596 intuentes,
2786 2536 3129 2589 considerare
3147 2550 3423 2603 possumus
3447 2534 3642 2590 fomes

2068 2608 2183 2676 ipse
2213 2621 2276 2661 ac
2305 2607 2424 2660 fons
2460 2616 2692 2674 quantus
2717 2605 2784 2658 sit
2819 2605 3062 2676 corporei
3109 2604 3343 2658 luminis.
3381 2605 3456 2657 lia
3490 2622 3638 2674 ergo

2067 2675 2220 2743 quasi
2250 2678 2383 2730 radii
2416 2677 2634 2744 quidam
2678 2685 2802 2728 sunt
2833 2675 2921 2728 Dei
2966 2684 3172 2744 natura:
3214 2689 3376 2742 opera
3421 2675 3642 2729 divina:

2067 2742 2421 2800 Providentia:
2435 2742 2492 2799 et
2512 2744 2872 2798 universitatis
2890 2742 3065 2810 hujus,
3079 2745 3142 2797 ad
3162 2745 3656 2812 comparationem-

2067 2817 2377 2869 snbstaiitize
2399 2827 2702 2885 aenaturie.
2731 2813 2864 2880 Quia
2896 2829 3028 2881 ergo
3057 2827 3207 2866 mens
3237 2824 3410 2885 nostra
3441 2814 3639 2883 ipsum

2068 2901 2160 2954 per
2194 2900 2250 2940 se
2279 2883 2470 2948 Deum,
2499 2885 2638 2938 sicut
2669 2893 2772 2948 est,
2802 2898 2905 2954 non
2933 2891 3106 2952 potest
3136 2883 3363 2947 intueri;
3395 2899 3462 2936 ex
3501 2887 3640 2951 pul-

2067 2953 2373 3009 chritudine
2407 2969 2671 3022 operum,
2708 2963 2760 3004 et
2793 2953 2989 3022 decore
3016 2961 3383 3022 creaturarum
3415 2970 3636 3021 paren—

2069 3033 2176 3079 tem
2222 3020 2457 3078 universi
2503 3023 2768 3088 intelligit.
2806 3041 2826 3072 ι
2872 3020 3061 3076 Utrum
3107 3021 3193 3074 hic
3240 3021 3390 3087 locus
3421 3020 3636 3079 'lliietii

2067 3096 2247 3147 animo
2287 3092 2603 3147 obversatus
2637 3093 2737 3157 sit,
2773 3106 2892 3145 cum
2925 3102 3029 3144 tam
3061 3092 3216 3144 stulta
3251 3095 3454 3145 somnia
3493 3096 3636 3147 Ori-

2067 3165 2184 3232 geni
2222 3163 2514 3224 tribueret,
2555 3160 2958 3232 aliiriiiarenon
3011 3176 3226 3232 possum
3259 3179 3272 3214 :
3304 3165 3394 3215 sed
3447 3164 3638 3228 liquet

2067 3230 2344 3288 creaturas
2373 3233 2425 3285 in
2461 3247 2525 3285 eo
2560 3232 2712 3298 quasi
2757 3230 2934 3285 radios
2976 3231 3234 3298 quosdam
3275 3232 3380 3284 dici
3419 3234 3637 3290 divina:

2068 3314 2291 3367 naturm,
2337 3318 2440 3355 non
2468 3303 2610 3370 quod
2639 3301 2848 3365 omnia,
2876 3315 3208 3370 quaecunque
3235 3310 3359 3354 sunt
3393 3303 3445 3355 iu
3489 3305 3634 3366 Deo,

2069 3373 2176 3426 sint
2203 3373 2365 3426 etiam
2393 3373 2442 3424 iii
2480 3369 2763 3433 creaturis,
2799 3380 2855 3424 ut
2883 3372 2948 3424 de
2978 3369 3113 3422 Filio
3139 3371 3294 3424 docet
3315 3371 3627 3440 Origenes;

2069 3444 2159 3496 sed
2189 3442 2329 3510 quod
2361 3442 2412 3494 in
2444 3442 2522 3496 eis
2547 3439 2798 3509 inajestas
2833 3441 3297 3510 etromnipotentia
3337 3439 3633 3498 Creatoris

2066 3511 2296 3566 eluceat.
2327 3511 2438 3565 lluc
2467 3513 2672 3564 accedit
2705 3510 2844 3579 quod
2877 3509 2944 3564 de
2988 3510 3121 3564 Filio
3165 3510 3305 3562 idem
3343 3512 3475 3564 dicit
3499 3511 3634 3566 Ori-

2066 3596 2227 3649 genes
2260 3588 2388 3636 tom.
2417 3595 2435 3632 1
2467 3583 2519 3634 in
2543 3580 2706 3634 Joan.
2728 3623 2742 3645 ,
2775 3595 2920 3633 num.
2946 3579 3014 3633 50
3037 3618 3053 3643 ,
3089 3594 3211 3648 pag.
3253 3579 3353 3643 52,
3393 3595 3517 3634 eum
3549 3599 3630 3637 ex

2065 3652 2316 3719 operibus
2349 3652 2597 3720 cognosci
2626 3649 2694 3704 ab
2719 3651 2821 3715 bis,
2843 3650 2934 3719 qui
2964 3649 3195 3704 divinam
3225 3650 3342 3720 ejus
3368 3659 3629 3706 naturam

2065 3720 2414 3788 contemplari
2442 3735 2545 3774 non
2579 3730 2818 3789 possunt.

2132 3787 2287 3856 Quod
2309 3798 2512 3859 spectat
2535 3787 2600 3843 ad
2629 3790 2980 3843 aeternitatem
3010 3787 3249 3841 materiae
3271 3827 3288 3854 ,
3312 3790 3426 3843 sive
3450 3791 3623 3844 etiam

2065 3860 2269 3922 mundi,
2301 3859 2570 3914 fatendum
2601 3871 2684 3914 est
2708 3859 3013 3928 Origenem,
3042 3860 3290 3926 quamvis
3319 3862 3625 3927 saepissime

2062 3945 2153 3983 cos
2186 3931 2424 3992 refellat,
2453 3929 2545 3997 qui
2579 3927 2830 3980 mundum
2863 3943 2925 3979 ex
2963 3927 3189 3997 materia
3212 3928 3484 3993 increata,
3520 3941 3624 3982 aut

2062 3999 2128 4052 ab
2164 3999 2415 4052 inferiore
2441 3996 2668 4066 quodam
2702 3997 2808 4051 Deo
2836 4005 3080 4050 creatum
3112 3996 3401 4062 volebant;
3433 4017 3622 4067 quani-

2061 4069 2141 4122 vis
2176 4087 2194 4120 ι
2229 4070 2294 4123 de
2337 4068 2715 4122 ecclesiasticis
2755 4067 3154 4120 deﬁnitionibus
3198 4072 3490 4122 secundum
3531 4071 3618 4121 lii-

2059 4139 2238 4192 storiae
2278 4149 2471 4192 nostra:
2506 4137 2661 4190 ﬁdem
2701 4155 2718 4186 ι
2751 4145 2997 4190 constare
3021 4139 3250 4195 doceat.
3285 4139 3379 4191 liii.
3432 4155 3487 4190 iii
3536 4140 3618 4190 De

2057 4209 2313 4277 princip.,
2341 4221 2458 4274 cap.
2487 4207 2543 4270 5,
2576 4222 2721 4259 num.
2754 4207 2817 4277 ii,
2855 4223 2872 4256 ι
2906 4206 3046 4276 quod
3078 4207 3312 4260 mundus
3341 4208 3514 4261 factus
3540 4211 3616 4261 sit

2058 4287 2110 4330 et
2133 4293 2198 4331 ex
2227 4276 2374 4332 Certo
2402 4287 2638 4343 tempore
2667 4276 2828 4344 cwpit
2859 4292 2872 4327 :
2911 4294 2928 4324 ι
2965 4277 3230 4328 interdum
3263 4287 3435 4330 tamen
3467 4281 3614 4330 vide-

2061 4359 2145 4400 tur
2173 4349 2224 4402 in
2257 4348 2540 4400 absurdam
2572 4345 2714 4398 illam
2741 4346 3047 4414 opinionem
3087 4345 3375 4414 inclinare,
3399 4359 3456 4400 ut
3485 4357 3611 4401 ante

2059 4418 2198 4470 hunc
2229 4420 2484 4468 mundum
2508 4415 2642 4467 alios
2663 4413 2921 4483 quoSdani
2946 4416 2991 4466 ei
3019 4413 3311 4468 dissimiles
3337 4419 3608 4471 exstitisse

2058 4502 2160 4539 lion
2199 4486 2480 4552 improbet.
2506 4485 2692 4539 Utrum
2719 4487 2813 4538 bas
2845 4490 3162 4536 mundorum
3193 4486 3292 4538 sibi
3318 4489 3606 4540 succeden-

2058 4555 2184 4608 tium
2222 4556 2612 4610 vicissitudines
2639 4565 2869 4608 wtei'iias
2903 4553 3137 4616 duxerit,
3184 4569 3287 4607 non
3322 4558 3602 4618 examino;

2056 4627 2149 4680 sed
2186 4625 2396 4680 etiamsi
2437 4637 2673 4694 331611135
2705 4623 2969 4684 duxisset,
3009 4632 3225 4694 starent
3253 4639 3470 4694 semper
3509 4643 3600 4677 suo

2060 4696 2254 4749 robore
2293 4695 2435 4748 illius
2475 4696 2540 4747 de
2578 4691 2698 4746 Filii
2738 4694 3040 4746 aeternitate
3088 4702 3142 4746 et
3198 4691 3478 4747 divinitate
3527 4708 3600 4748 leo

2059 4764 2350 4818 stimonia:
2391 4763 2546 4818 aliter
2576 4764 2716 4816 enim
2751 4761 2884 4816 Filio
2923 4762 3038 4825 Dei,
3073 4762 3226 4815 aliter
3263 4767 3422 4817 rebus
3457 4781 3597 4820 crea-

2061 4835 2128 4887 tis
2179 4835 2530 4887 ieterniiatein
2586 4835 2900 4886 attribueret
2945 4849 2960 4884 :
3013 4832 3132 4885 istis
3179 4835 3519 4902 conjicienda
3555 4843 3597 4884 et

2057 4903 2395 4957 dubitando:
2439 4903 2524 4956 isti
2578 4902 2895 4956 allirniaudo
2943 4912 2996 4955 et
3035 4905 3396 4956 asseverando
3433 4922 3446 4956 :
3492 4905 3595 4957 istis

2057 4974 2180 5042 quia
2239 4974 2394 5026 aliter
2453 4975 2589 5026 Deus
2636 4972 2974 5041 omnipotens
3031 4986 3242 5038 semper
3293 4972 3461 5027 fuisse
3500 4990 3588 5042 non

2058 5041 2356 5107 videbatur,
2399 5043 2498 5096 nisi
2539 5042 2874 5110 aliquidrsuo
2911 5042 3184 5096 dominatu
3226 5052 3474 5106 teneret;
3515 5041 3591 5095 isti

2059 5129 2206 5178 vero,
2246 5115 2368 5181 quia
2408 5121 2489 5165 est
2526 5112 2686 5176 Deus,
2731 5109 2992 5175 Verbum,
3036 5111 3332 5178 Sapientia,
3376 5112 3589 5173 Veritas,

2057 5185 2319 5250 Splendor
2357 5181 2551 5244 Patris,
2591 5191 2646 5235 et
2678 5182 2856 5248 imago
2895 5183 3315 5245 absolutissima,
3350 5183 3437 5234 cui
3469 5182 3586 5234 nihil

2055 5255 2226 5316 desit,
2263 5253 2402 5320 quod
2442 5252 2654 5321 quidem
2699 5253 2768 5305 sit
2807 5254 2858 5304 in
2898 5250 3075 5304 Patre.
3114 5253 3250 5314 Quin
3290 5251 3451 5304 etiam
3488 5267 3582 5303 non

2054 5323 2218 5376 solius
2253 5322 2424 5376 Patris
2460 5321 2861 5389 omnipotentiae
2893 5321 3119 5377 consulit
3154 5323 3205 5372 in
3237 5321 3338 5374 hac
3367 5323 3585 5374 absurda

2054 5393 2322 5458 opinione,
2357 5395 2449 5446 sed
2489 5392 2658 5459 ipsius
2699 5391 2857 5444 etiam
2889 5389 3032 5444 Filii.
3063 5390 3329 5442 Metuebat
3366 5405 3498 5446 enim
3530 5395 3586 5439 ut

2056 5462 2136 5514 vel
2177 5461 2334 5515 Pater
2371 5464 2746 5530 omnipotens,
2787 5461 2869 5513 vel
2909 5460 3076 5514 Filius
3134 5461 3415 5528 aporrlitna
3452 5459 3584 5530 illius

2051 5532 2452 5599 omnipotentiae
2498 5527 2712 5599 semper
2749 5530 2912 5585 fuisse
2956 5527 3446 5596 denmnStraretur,
3483 5527 3581 5599 nisi

2051 5594 2380 5655 exstitissent
2417 5617 2506 5656 res
2540 5594 2768 5665 creatis,
2807 5602 2860 5654 in
2898 5616 3032 5668 quas
3082 5600 3180 5669 ipsi
3226 5599 3381 5653 Pater
3413 5594 3461 5653 et
3493 5594 3583 5648 Fi-

2056 5671 2181 5734 lius,
2221 5672 2414 5739 quibus
2447 5685 2608 5725 unam
2646 5681 2702 5725 et
2750 5674 2992 5726 eamdem
3031 5670 3458 5739 oninipoteiitiam
3491 5674 3576 5739 at-

2059 5735 2263 5805 tribuit,
2303 5741 2724 5796 dominarentur.
2767 5739 2889 5794 i-lzec
2925 5741 3101 5808 legere
3135 5735 3216 5794 est
3258 5742 3310 5792 in
3346 5741 3466 5790 lib.i
3500 5735 3581 5808 [ξε

2055 5804 2275 5880 princip.
2304 5850 2321 5880 ,
2359 5825 2478 5881 cap.
2512 5811 2587 5880 2,
2630 5826 2776 5866 num.
2820 5812 2907 5867 10.
2949 5804 3305 5878 Quamobrem
3358 5811 3457 5862 lucc
3499 5804 3580 5856 dc
