3866 6522
137 398 228 457 7⁵39

135 530 239 574 erat
263 517 464 580 simi-lis,
497 532 654 572 secus
702 533 805 586 qua
848 519 1127 576 inferiora.
1164 518 1486 585 Macrobius,
1533 519 1628 575 lib.
1659 534 1678 574 t
1708 521 1755 580 Δ

134 613 177 664 in
194 609 364 666 Somn.
389 607 554 674 Scip.,
573 624 691 678 cap.
715 610 802 673 li.
820 625 885 664 ex
917 612 1179 667 sententia
1204 611 1439 666 Platonis
1461 611 1541 667 sic
1567 611 1681 667 dis-

133 702 288 756 serit:
323 719 342 752 ι
387 700 522 754 Deus
551 700 644 768 qui
695 702 864 771 prima
899 717 1062 756 causa
1097 712 1154 758 et
1193 711 1276 758 est
1317 713 1374 756 et
1423 710 1676 769 vocatur,

130 807 252 846 untts
275 792 505 845 omnium
537 804 764 860 qumque
801 801 949 859 sunt,
992 807 1218 862 qumque
1259 793 1511 847 videntur
1536 805 1676 859 esse,

129 886 358 955 princeps
391 890 442 935 et
470 881 623 952 origo
652 892 755 941 est.
790 882 886 938 llic
932 883 1390 954 superabundauti
1427 882 1678 952 majesta-

131 979 188 1030 tis
233 973 554 1029 fecunditate
586 973 653 1027 de
694 986 752 1028 se
794 984 1031 1029 mentem
1078 976 1299 1032 creavit.
1348 973 1474 1029 Haec
1525 989 1678 1030 mens

126 1085 230 1138 qua:
255 1066 375 1131 νοῦς
412 1076 657 1133 vocatur,
702 1083 806 1138 qua
855 1067 1066 1124 Patrem
1100 1068 1334 1138 inspicit,
1368 1067 1579 1138 plenam
1603 1065 1678 1122 si-

127 1159 458 1214 militudinem
516 1167 696 1214 servat
729 1161 1012 1228 auctoris;
1045 1161 1282 1215 animam
1327 1175 1454 1216 vero
1505 1160 1570 1214 de
1620 1141 1690 1213 se.

126 1263 259 1304 creat
289 1250 584 1316 posteriora
637 1252 996 1321 respiciens.»
1042 1251 1226 1306 Mundi
1264 1252 1422 1323 hujus
1467 1251 1679 1307 eﬂ'ecto-

126 1358 225 1394 rem
254 1357 368 1396 esse
413 1340 537 1395 νοῦν
575 1340 899 1414 Pythagorei
939 1344 1300 1402 aﬂirmabant.
1344 1347 1424 1400 Ab
1455 1346 1538 1400 bis
1570 1360 1676 1400 non

124 1435 306 1488 abludit
341 1435 628 1503 Origenes,
663 1451 785 1490 cum
816 1435 1030 1492 Patrem
1060 1439 1134 1493 ait
1160 1455 1265 1492 non
1312 1439 1495 1495 lucere
1521 1439 1572 1494 in
1605 1449 1679 1494 te-

126 1527 307 1587 nebris,
334 1526 530 1582 Filium
557 1542 686 1583 vero
722 1527 884 1585 Patre
911 1545 1031 1586 esse
1074 1531 1393 1586 inferiorem
1415 1542 1678 1602 quatenus

123 1617 167 1668 in
200 1616 426 1670 tenebris
477 1617 640 1686 lucet,
665 1620 732 1675 ab
777 1619 948 1690 iisque
1000 1631 1343 1692 Oppugnatur
1375 1639 1390 1688 ;
1421 1638 1542 1677 cum
1592 1638 1678 1678 res

123 1709 352 1761 nimirum
381 1709 452 1762 ab
479 1724 546 1764 eo
576 1721 903 1779 procreatae,
933 1727 997 1766 ac
1027 1713 1273 1770 homines
1298 1714 1562 1784 praecipue
1589 1715 1680 1770 be-

121 1799 407 1853 ncﬁcioruut
467 1802 832 1869 immemores,
865 1805 1105 1860 auctoris
1147 1806 1230 1860 sui
1267 1805 1411 1877 leges
1437 1821 1501 1861 ac
1531 1823 1674 1861 tuan-

118 1891 224 1940 data
246 1899 617 1945 contemnunt.

179 1979 279 2050 (77)
320 1979 598 2038 Diﬂicilior
631 1984 794 2038 etiam
830 1995 912 2041 est
933 1985 1171 2042 locorum
1212 1986 1428 2051 solutio,
1455 1989 1544 2058 qui
1579 2003 1676 2043 ex-

119 2082 240 2124 stant
280 2071 367 2124 lib.
401 2087 504 2128 vm
548 2085 730 2130 contra
775 2075 1004 2140 Celsum,
1052 2094 1201 2132 num.
1253 2079 1322 2134 12
1351 2097 1367 2136 :
1401 2081 1464 2135 Ei
1496 2080 1553 2134 δέ
1597 2101 1680 2148 τις

119 2163 620 2235 περισπασθήσεται.
658 2167 732 2238 μή
770 2184 847 2238 πη
905 2167 1312 2241 αὑτομολοῦμεν
1362 2171 1500 2243 πρὸς
1555 2176 1680 2240 τοὺς

118 2255 448 2325 ἀναιροῦντας
478 2257 570 2310 δύο
600 2253 738 2313 εἶναι
769 2260 1090 2326 ὑποστάσεις
1121 2263 1336 2335 Πατέρα
1391 2265 1487 2319 καὶ
1521 2266 1676 2328 Υἱὸν.

118 2348 440 2419 ἐπιστησάτω
475 2350 567 2422 τῷ,
593 2346 661 2423 ἦν
692 2351 748 2422 δὲ
790 2354 1006 2408 πάντων
1052 2355 1160 2409 τῶν
1199 2358 1601 2412 πιστευσάντων
1645 2362 1678 2432 ἠ

119 2437 288 2507 καρδία
315 2442 404 2493 καὶ
427 2444 462 2509 ὴ
487 2441 632 2513 ψυχὴ
669 2443 786 2514 μία,
808 2445 892 2498 ἵνα
927 2445 1179 2520 Θεωρήσῃ
1214 2448 1272 2500 τό
1291 2465 1304 2478 ο
1346 2449 1492 2519 Ἐγὼ
1517 2451 1614 2504 καὶ
1643 2453 1677 2504 ό

118 2528 295 2597 Πατὴρ
323 2531 391 2584 ἓν
413 2533 623 2601 ἐσμεν·
656 2547 710 2588 et
741 2536 932 2590 deinde
965 2553 978 2589 :
1019 2536 1408 2610 Θρησκέυομεν
1443 2536 1535 2595 οὖν
1575 2541 1668 2596 τὸν

120 2621 310 2693 Πατέρα
345 2625 446 2694 τῆς
496 2624 772 2697 ἀληθείας,
816 2627 910 2681 καὶ
959 2628 1051 2682 τὸν
1089 2629 1216 2683 Υἱὺν
1250 2632 1350 2701 τὴν
1393 2631 1685 2704 ἀλήθειαν,

119 2712 227 2766 ὅντα
256 2714 343 2768 δύο
379 2719 449 2788 τῇ
488 2718 780 2774 ὑποστάσει
813 2721 1132 2792 πράγματα,
1173 2721 1231 2776 ἓν
1276 2723 1424 2795 δὲτῇ
1463 2725 1686 2797 ὁμονοίᾳ

120 2804 199 2856 καὶ
244 2809 302 2878 τῇ
348 2808 672 2881 συμφωνίᾳ,
706 2810 800 2866 καὶ
826 2813 890 2882 τῇ
935 2812 1226 2883 ταυτότητι
1273 2812 1366 2866 τοῦ
1407 2813 1681 2884 βουλήμα-

118 2911 219 2958 τοςε
251 2898 458 2954 Patrem
488 2911 548 2954 et
564 2902 756 2956 Filium
784 2904 887 2957 duo
909 2917 1027 2958 esse
1054 2905 1130 2957 ait
1156 2905 1476 2970 ὑποστάσει,
1508 2921 1676 2960 unum

120 3004 357 3043 consensu
411 3001 474 3046 et
527 2991 836 3048 concordia.
882 2991 994 3064 (78)
1031 2994 1191 3065 Atqui
1231 2994 1531 3060 ὑπόστασις
1579 3010 1677 3066 pro

1711 1887 1755 1943 B

181 3175 283 3244 (77)
327 3175 609 3245 Diﬂiciiior
633 3178 790 3232 etiam
819 3186 894 3230 est
922 3175 1153 3230 locorum
1179 3175 1398 3240 solutio,
1431 3182 1537 3247 etc.
1567 3176 1686 3232 Dif-
1714 3187 1757 3247 ο

121 3245 255 3316 iicilis
281 3249 532 3314 equidem
582 3248 752 3316 prima
795 3246 972 3301 fronte
1004 3247 1175 3300 videri
1218 3250 1391 3314 possit
1438 3245 1681 3302 locorum

119 3314 314 3372 istorum
342 3315 545 3370 solutio
570 3314 592 3380 ς’
620 3318 714 3372 sed
763 3320 807 3370 si
841 3319 1104 3372 attentius
1143 3326 1199 3372 et
1230 3316 1464 3385 penitius
1509 3317 1685 3386 inspi-

119 3387 320 3452 ciuntur,
353 3388 831 3456 praeclarissimum
856 3387 1060 3440 dabunt
1091 3387 1382 3456 numericae
1410 3388 1460 3440 in
1501 3389 1683 3442 divina

118 3455 385 3513 substantia
417 3456 649 3512 unitatis
680 3458 1066 3512 testimonium.
1098 3455 1426 3511 i°Adliibita
1465 3459 1534 3512 ab
1557 3457 1685 3513 Ori-

117 3539 231 3590 gene
249 3527 441 3590 cautio,
477 3540 542 3580 ne
563 3526 702 3582 idem
729 3528 870 3597 quod
892 3527 1136 3581 Noetiani
1168 3527 1372 3582 sentire
1392 3527 1681 3592 videretur,

119 3607 404 3666 argumento
441 3606 536 3666 est
577 3598 808 3652 mediam
860 3597 1006 3650 illum
1053 3597 1196 3652 viam
1252 3598 1489 3652 tenuisse
1545 3601 1688 3654 inter

117 3667 343 3722 Arianam
383 3678 430 3722 at
481 3665 842 3722 Sabellianam
867 3668 1140 3731 h:cresim,
1165 3669 1513 3722 utcatholica
1541 3684 1680 3724 sem-

177 3754 197 3791 r
219 3740 384 3793 tenuit
415 3737 687 3794 Ecclesia.
720 3738 850 3806 Quis
905 3738 1046 3792 enim
1084 3746 1198 3792 tres
1238 3751 1500 3806 personas
1530 3739 1686 3808 longe

167 3818 306 3876 teque
337 3808 667 3871 dissocians,
694 3808 746 3862 id
793 3808 893 3862 sibi
920 3808 1231 3876 cavendum,
1257 3817 1311 3862 et
1335 3810 1686 3864 metuendum

123 3875 268 3950 putet,
299 3895 363 3932 ne
389 3895 484 3934 eas
535 3879 870 3932 confundere
892 3879 1137 3950 videatur
1164 3878 1188 3932 'i
1211 3875 1270 3930 2°
1294 3878 1513 3950 Repetit
1555 3880 1683 3950 qui-

122 3949 223 4001 dem
280 3951 546 4020 Origenes
585 3948 985 4020 uuitate_meei
1016 3963 1083 4002 ex
1127 3948 1415 4020 concordia
1449 3958 1506 4004 et
1548 3948 1684 4004 c'on-

121 4032 259 4073 sensu
289 4017 425 4074 inter
450 4020 672 4073 Patrem
703 4030 757 4072 et
780 4017 1001 4082 Filium,
1040 4020 1133 4074 sed
1173 4019 1318 4073 hunc
1353 4033 1682 4074 consensum

123 4087 164 4140 in
187 4090 449 4145 identitate
480 4089 771 4143 voluntatis
805 4088 954 4159 ponit
985 4104 1142 4158 :qute
1173 4089 1390 4159 quidem
1427 4089 1683 4159 loquendi

123 4165 240 4228 ratio
281 4176 400 4213 cum
451 4175 554 4214 sua
599 4169 793 4228 sponte
827 4157 1162 4214 voluntatem
1196 4157 1336 4214 sive
1387 4157 1683 4214 essentiam

122 4226 272 4284 Patris
291 4229 423 4284 Filio
446 4226 906 4285 communicatam
929 4229 1195 4293 designat,
1215 4238 1327 4283 tum
1362 4244 1498 4284 vero
1518 4229 1682 4286 alium

122 4312 311 4369 sensum
350 4302 454 4355 hoc
492 4302 613 4354 loco
645 4315 753 4353 non
794 4298 1020 4369 patitur.
1047 4298 1181 4352 Nam
1212 4298 1484 4353 haereticis
1519 4315 1684 4357 unam

123 4366 166 4419 in
195 4369 343 4425 Patre
376 4380 432 4426 et
467 4366 992 4441 Filiovoluu’tatemﬂ
1019 4371 1132 4423 sive
1165 4369 1455 4423 essentiam
1493 4379 1547 4441 et
1579 4370 1684 4441 hy-

123 4442 353 4506 postasim
383 4440 718 4510 [ingentibus
773 4439 1024 4493 concedit
1065 4454 1227 4510 unam
1261 4453 1385 4510 esse
1435 4439 1685 4493 volunta-

123 4509 734 4604 them:duasr‘hy'postascsI
777 4509 1218 4604 requirit..Q.uod
1243 4509 1312 4604 si,
1333 4517 1397 4604 ui
1425 4509 1560 4604 duas
1587 4510 1684 4580 hy-
1717 4547 1761 4604 Β

122 4589 358 4655 postases.
382 4579 465 4636 ita'
491 4579 671 4655 etiam
699 4581 838 4655 duas
866 4580 1180 4655 voluntates
1203 4579 1562 4655 adudttebat,
1584 4579 1684 4635 cur

123 4649 166 4699 in
189 4649 347 4705 altero
366 4667 563 4707 manus
580 4652 671 4705 dat
698 4650 1073 4704 haereticorum
1089 4650 1395 4713 sententiae,
1431 4649 1500 4704 de
1515 4649 1690 4705 altero

121 4723 212 4798 tam
225 4722 490 4798 obstinate
507 4719 934 4798 delitigat?_Cu_m
952 4720 1255 4798 _pr_:nsertim_
1265 4721 1388 4774 data
1401 4734 1562 4798 opera
1579 4720 1690 4775 dis-

125 4789 331 4868 tinguat,
349 4794 480 4868 quid
502 4789 786 4868 numerum
802 4792 860 4868 in
874 4791 1138 4868 'l‘riniiate
1151 4791 1406 4868 patiatur,
1419 4789 1555 4868 quid
1574 4805 1688 4868 non

122 4860 351 4922 patiatur.
374 4863 578 4917 Deinde
606 4875 736 4916 vero
760 4875 828 4915 ex
847 4860 948 4914 hac
963 4860 1253 4919 voluntatis
1269 4861 1550 4914 identitate
1570 4860 1687 4916 ﬁeri

122 4931 362 5003 declarat,
405 4942 466 4987 ut
506 4933 599 5002 qui
626 4930 1079 5003 AEilium_viderit_,
1113 4929 1690 5003 Patretn‘quoquevi-

123 4998 260 5073 derit.
290 5000 508 5073 Optime
524 4998 763 5073 quidem
816 5001 861 5055 si
899 5009 1008 5073 tota
1041 5000 1220 5073 Patris
1273 4998 1519 5073 voluntas
1550 4999 1589 5073 Ε
1597 5000 1688 5056 ilio

123 5071 300 5126 tradita
339 5070 398 5128 et
433 5070 842 5129 communicata
868 5088 883 5125 :
911 5071 1015 5125 hoc
1044 5071 1186 5125 enim
1227 5070 1403 5136 posito
1435 5070 1690 5138 sequitur

122 5140 241 5216 nihil
259 5156 380 5216 esse
413 5144 469 5198 in
506 5141 670 5216 Patre
694 5144 840 5216 quod
872 5155 977 5216 non
1013 5141 1087 5216 sit
1111 5143 1166 5216 in
1196 5139 1354 5216 Fiiio,
1381 5149 1437 5194 et
1465 5139 1688 5216 Patrem

125 5208 450 5287 \'i_t_leri,__dum
488 5208 916 5287 videtur—Filius.
946 5214 1017 5287 At
1041 5212 1084 5266 si
1109 5210 1365 5287 identitas
1391 5210 1690 5287 voluntatis

121 5279 242 5333 nihil
267 5282 410 5354 aliud
457 5292 563 5347 est,
599 5297 765 5354 quam
793 5283 1116 5350 obsequium
1147 5279 1269 5354 Filii
1293 5280 1554 5354 adversus
1584 5278 1689 5354 Pa-

124 5356 264 5423 trem,
293 5353 415 5423 quis
450 5364 560 5409 tam
606 5350 896 5423 absurdus,
937 5361 996 5406 ut
1040 5350 1399 5423 exdejusmodi
1425 5350 1688 5423 obsequio

123 5419 388 5497 concludat
420 5423 686 5497 aequalem
706 5421 1072 5497 _Patri_e_sse‘
1105 5421 1298 5497 filium
1321 5458 1336 5484 ,
1368 5429 1436 5497 et_
1469 5419 1684 5497 Patrem

123 5491 273 5545 videri
305 5494 434 5547 dum
465 5490 678 5548 videtur
706 5492 920 5548 Filius?
945 5493 1004 5547 5ο
1037 5491 1257 5546 Refellit
1281 5493 1383 5545 hoc
1424 5491 1543 5545 loco
1565 5490 1687 5546 Ori-

123 5572 270 5634 genes
297 5566 442 5632 quod
473 5563 665 5620 Celsus
695 5563 975 5634 perinique
1014 5562 1129 5616 ﬁeri
1167 5577 1197 5615 a
1241 5561 1567 5634 Christianis
1601 5561 1686 5613 di-

125 5631 284 5697 cebat,
317 5631 376 5687 ut
402 5649 529 5688 cum
559 5635 656 5704 ipsi
699 5631 903 5703 prteter
946 5647 1217 5704 summum
1255 5631 1499 5704 Deum,_¢
1543 5633 1686 5704 hunc

127 5713 294 5775 recens
338 5701 591 5759 exortum
629 5723 648 5756 ι
681 5701 782 5775 (sic
829 5718 973 5758 enim
1014 5703 1299 5775 Christum
1346 5701 1684 5775 designabat)

126 5769 286 5826 colere
341 5790 447 5828 non
508 5769 838 5838 dubitarent,
868 5774 1114 5829 eamdem
1146 5773 1359 5827 veniam
1414 5769 1535 5826 aliis
1577 5786 1684 5824 non

127 5838 298 5899 darent
328 5861 542 5904 summo
567 5847 675 5905 Deo
705 5846 978 5903 ministros
1001 5843 1346 5916 adiungendi.
1376 5841 1684 5916 Respondet

945 398 1516 457 ORICENIANORUM
1554 399 1682 456 LIB.
1728 399 1790 464 ll,
1829 399 1982 456 CAP.
2023 399 2088 465 ll,
2129 397 2406 466 QUIEST.
2445 395 2510 450 ll.

3255 385 3360 443 730

1781 517 1940 588 οὐσίᾳ
1966 517 2162 587 priscis
2189 513 2518 583 temporibus
2546 509 2758 566 solebat
2781 503 3029 576 usurpari
3071 504 3142 560 ab
3182 500 3361 558 etlrui'

1785 610 1868 664 cis
1893 621 1948 664 et
1967 609 2308 664 Christianis.
2347 604 2706 676 Hieronymus
2725 599 2884 671 epist.
2913 598 2977 652 57
3003 597 3069 651 ad
3101 595 3356 650 Damam:

1791 718 1811 754 ι
1851 698 1986 754 Tota
2010 698 2344 755 sacularium
2365 698 2669 752 litterarum
2691 690 2872 748 schola
2905 688 3038 744 nihil
3061 687 3204 742 aliud
3231 684 3362 740 ὑπό-

1787 809 1975 848 στασιν
2011 793 2111 847 nisi
2152 789 2340 845 οὐσίαν
2379 789 2547 844 novit.
2593 806 2612 839 ι
2653 785 2729 840 lla
2771 789 3119 852 sumpserunt
3157 777 3358 833 Nicarui

1785 881 1998 944 Patres,
2031 881 2103 935 ita
2131 879 2502 933 Sardicenses.
2530 876 2602 929 Ita
2643 882 2698 929 et
2747 871 3045 940 sumpsisse
3071 868 3358 937 Origenetu

1784 973 2075 1030 verisimile
2096 981 2199 1028 est.
2219 971 2388 1026 Tomo
2401 969 2615 1039 quidem
2640 966 2812 1034 primo
2833 965 2886 1018 in
2912 963 3189 1022 Joannem.
3210 975 3357 1014 num.

1782 1065 1885 1130 95.
1931 1064 2013 1120 sic
2049 1063 2287 1133 loquilur
2337 1061 2404 1117 de
2447 1057 2840 1115 Valentiuianis
2871 1073 2886 1109 :
2921 1055 3167 1125 Οἰόμενοι
3227 1068 3361 1122 προ-

1785 1158 1956 1228 φορὰν
1997 1155 2288 1229 πατρικὴν,
2319 1153 2482 1208 οἱονεὶ
2527 1153 2585 1206 ὲν
2613 1149 2902 1212 συλλαϐαῖς
2925 1146 3182 1218 κειμένην
3220 1139 3362 1198 εἶναι

1783 1251 1875 1306 τὸν
1914 1251 2041 1304 Υἱὸν
2075 1249 2169 1302 τοῦ
2199 1247 2332 1302 Θεοῦ
2355 1289 2370 1309 ,
2395 1248 2489 1300 καὶ
2514 1245 2652 1300 κατὰ
2679 1243 2834 1297 τοῦτο
2870 1242 3162 1295 ὑπόστασιν
3188 1233 3360 1307 αὑτῷ,

1784 1345 1832 1397 ει
1885 1341 2126 1415 ἀκριϐῶς
2157 1341 2335 1394 αὑτῶν
2379 1336 2799 1407 πυνθανοίμεθα,
2843 1336 2903 1387 οὑ
2935 1333 3200 1395 διδόασιν,
3245 1329 3365 1383 οὑδὲ

1784 1434 1971 1488 οὑσίαν
2027 1431 2192 1488 αὑτοῦ
2253 1429 2660 1502 σαφηνίζουσιν.
2719 1427 2816 1482 Ubi
2854 1425 3149 1479 ὑπόστασιν
3178 1425 3247 1475 ab
3275 1422 3366 1474 οὑ·
3394 1473 3405 1485 ,

1788 1524 1878 1598 σία
1922 1525 2202 1594 distinguit
2251 1523 2492 1593 quidem,
2520 1531 2575 1575 at
2624 1536 2729 1575 uou
2775 1518 2941 1574 sumit
2971 1532 3068 1588 pro
3113 1531 3364 1585 persona,

1786 1617 1879 1672 sed
1909 1633 2005 1686 pro
2025 1617 2384 1680 subsistentia,
2416 1629 2704 1684 personam
2729 1613 2928 1684 quippe
2955 1609 3175 1681 proprio
3201 1622 3366 1661 voca-

1785 1709 1910 1764 bulo
1938 1708 2175 1781 ιδιότητα
2191 1707 2326 1762 alias
2341 1706 2594 1776 appellat.
2617 1705 2884 1760 Prteterea
2905 1719 3024 1758 cum
3056 1717 3218 1755 unum
3246 1713 3369 1756 esse

1785 1815 2053 1856 consensu
2093 1809 2148 1855 et
2195 1799 2487 1855 concordia
2538 1798 2736 1852 dixerit
2777 1796 2992 1850 Patrem
3046 1803 3101 1850 et
3135 1792 3367 1857 Filium,

1784 1900 2066 1962 postquam
2099 1889 2434 1944 docuitduos
2462 1903 2582 1943 esse
2609 1888 2907 1958 bypostasi,
2947 1885 3104 1955 plane
3133 1883 3373 1938 ὑποστά-

1786 1999 1924 2046 σεως
1949 1981 2271 2036 vocabulum
2316 1979 2529 2034 videtur
2571 1980 2820 2032 notandte
2868 1976 3184 2033 substantiae
3215 1975 3370 2028 adhi-

1782 2072 1967 2128 buisse
2001 2089 2015 2126 :
2048 2087 2172 2126 nam
2204 2073 2248 2127 si
2294 2072 2473 2141 priore
2511 2071 2631 2127 loco
2680 2073 2816 2126 duos
2857 2084 2978 2124 esse
3013 2067 3374 2138 signiﬁcasset

1783 2165 1958 2234 quoad
1986 2162 2573 2234 personas,adjecisset
2597 2161 2840 2234 profecto
2861 2177 3026 2216 unum
3052 2174 3173 2216 esse
3195 2156 3373 2230 quoad

1782 2257 1993 2312 οὐσίαν.
2027 2257 2097 2310 At
2131 2271 2254 2311 cum
2289 2271 2452 2310 unum
2478 2270 2600 2310 esse
2629 2254 2914 2325 scripserit
2941 2268 3208 2309 consensu
3242 2252 3374 2306 dun-

1783 2357 1934 2405 taxat
1957 2389 1972 2414 ,
2000 2348 2161 2402 aliam
2195 2362 2412 2402 omnem
2436 2346 2653 2402 videtur
2694 2345 2967 2416 respuisse
2997 2345 3256 2400 unitatem
3279 2383 3295 2406 .
3319 2349 3376 2398 et

1783 2443 1918 2497 duos
1944 2441 2124 2511 quoad
2155 2440 2343 2494 οὐσίαν
2372 2439 2688 2495 credidisse.
2718 2437 3092 2492 Antiocheuus
3119 2435 3206 2490 ille
3238 2451 3400 2517 con-.

1784 2545 1979 2591 ventus
2017 2535 2069 2588 in
2100 2534 2360 2590 encaauiis
2401 2532 2708 2588 celebratus
2754 2545 2900 2585 anno
2931 2529 3059 2592 3M,
3101 2529 3154 2582 in
3191 2525 3372 2596 Expo-

1784 2628 1975 2683 sitione
2002 2627 2128 2697 ﬁdei
2149 2626 2541 2691 ecclesiasticaz,
2569 2638 2733 2694 quam
2781 2622 3191 2692 Expositionem
3231 2619 3376 2679 refe-

1789 2728 1915 2774 runt
1973 2719 2307 2775 Athanasius
2358 2726 2414 2773 et
2464 2716 2705 2771 Hilarius
2755 2715 2811 2770 in
2845 2714 3000 2770 libris
3047 2713 3124 2768 De
3159 2713 3376 2784 synodis

1787 2820 1973 2865 contra
2025 2808 2277 2877 Arianos,
2329 2807 2602 2864 consimili
2638 2806 2916 2862 locutione
2961 2805 3170 2860 utitur:
3203 2823 3222 2858 ι
3264 2803 3379 2860 Ma-

1786 2901 1980 2956 nifesta
2015 2901 2219 2969 utique,
2284 2900 2478 2968 inquit,
2549 2897 2748 2960 Patris,
2811 2911 2935 2950 vere
2983 2895 3199 2961 Patris;
3256 2911 3377 2949 cer-

1785 3001 1949 3065 taque
1983 2992 2126 3060 Filii,
2157 3008 2284 3049 vere
2311 2991 2469 3058 Filii;
2496 3001 2733 3061 notaque
2767 2991 3004 3060 Spiritus
3033 2991 3228 3052 sancti,
3249 3003 3376 3043 vere

1790 3177 2052 3248 Origenes
2085 3176 2246 3231 aliter
2283 3175 2348 3248 de
2376 3173 2702 3248 Christianis
2738 3174 3170 3248 ex_istimatu_rutn
3204 3169 3372 3227 fuisse

1789 3241 2032 3308 Celsum.
2087 3249 2134 3301 si
2171 3247 2526 3301 intellexisset
2566 3245 2739 3299 illud:
2773 3245 2886 3315 Ego
2927 3255 2973 3297 et
3021 3241 3184 3296 Pater
3203 3258 3376 3315 unum

1787 3335 1971 3373 sumus
2002 3317 2185 3388 (Joan.
2221 3333 2297 3379 tv,
2332 3317 2446 3388 50),
2472 3325 2558 3388 et,
2583 3315 2745 3388 Pater
2768 3310 2956 3388 iniure,
2993 3322 3039 3366 et
3065 3327 3157 3381 ego
3187 3312 3250 3388 in
3277 3310 3380 3388 lia:

1788 3399 1868 3443 tre
1898 3381 2051 3458 (ibid.
2097 3389 2210 3457 38).
2241 3388 2377 3442 Tum
2405 3381 2658 3458 adhibita
2696 3385 2947 3440 cautione
3001 3384 3232 3458 ne‘quis
3270 3381 3376 3436 sibi

1787 3453 2064 3514 Noetianaa
2095 3453 2319 3514 hzeresis
2354 3467 2537 3513 notam
2579 3457 2840 3518 inureret,
2865 3453 3143 3510 concludit
3187 3463 3378 3506 contra

1787 3529 2003 3584 Celsum
2029 3547 2047 3580 ι
2073 3544 2238 3584 unum
2261 3529 2447 3594 Deum,
2478 3527 2693 3581 Patrem
2711 3536 2764 3581 et
2789 3525 2984 3579 Filium
3021 3543 3039 3576 ι
3065 3523 3380 3577 aChristia-

1790 3600 1873 3653 nis
1897 3600 2021 3660 coli,
2057 3617 2077 3651 ι
2119 3615 2207 3654 res
2241 3597 2777 3669 quidemghypostasi
2821 3597 2978 3669 d_uas_,
3005 3610 3166 3669 unam
3195 3603 3378 3647 autem

1789 3669 2075 3724 identitate
2093 3666 2409 3724 voluntatis.
2425 3687 2443 3720 ι
2468 3666 2585 3722 Non
2609 3676 2821 3737 poterat
2839 3666 3101 3737 Ecclesia:
3122 3679 3382 3737 causa_ac-

1788 3741 2031 3796 curatius
2057 3741 2270 3795 defendi
2296 3757 2312 3795 :
2349 3754 2472 3794 nam
2503 3753 2569 3793 ex
2592 3733 2802 3793 unitate
2829 3735 3154 3789 substantia
3193 3735 3245 3787 in
3278 3733 3382 3786 Pa-

1788 3819 1874 3864 tre
1897 3819 1954 3864 et
1983 3809 2123 3865 Filio
2151 3812 2334 3865 unitas
2366 3809 2460 3863 Dei
2493 3808 2805 3863 necessario
2833 3806 3204 3875 consequitur.
3234 3803 3376 3875 A_ti_si

1787 3879 2052 3949 Origenes
2074 3882 2239 3936 citata
2275 3879 2571 3948 Scriptura:
2601 3879 2766 3932 verba
2809 3879 2875 3930 ad
2902 3873 3223 3949 obsequium
3256 3873 3379 3949 Filii

1788 3961 1843 4005 et
1871 3944 2197 4005 censensum
2240 3944 2581 4004 voluntatum
2630 3955 2938 4012 evocasset,
2977 3955 3036 3998 ut
3082 3944 3378 4012 factumrab

1785 4021 2028 4091 Arianis,
2061 4021 2334 4091 quomodo
2377 4020 2690 4091 sibiiunum
2733 4017 2900 4071 Deum
2924 4011 3115 4069 colere
3159 4011 3384 4091 videba-

1787 4092 1920 4145 tur?
1946 4083 2138 4145 Nonne
2169 4090 2360 4146 Celsus
2402 4088 2591 4144 eodem
2615 4088 2739 4157 jure
2773 4099 3098 4157 consensum
3126 4083 3382 4157 volunta-

1790 4172 1904 4215 tum
1938 4161 2082 4214 inter
2111 4175 2383 4215 summum
2416 4159 2583 4214 Deum
2609 4151 2665 4212 et
2689 4156 2808 4222 eius
2836 4155 3118 4210 ministros
3143 4151 3379 4222 objecisf

1787 4231 1913 4305 set?
1941 4234 2022 4305 An
2062 4231 2144 4305 ita
2189 4228 2592 4305 absurdpsiqit
2633 4221 2915 4305 Origenes,
2953 4234 3010 4278 ut
3056 4226 3109 4279 in
3137 4225 3213 4305 id,
3237 4221 3382 4305 quod

1788 4296 2224 4371 reprehendebat
2248 4302 2302 4355 iu
2341 4299 2600 4371 ethnicis,
2634 4293 2838 4371 revolvi
2864 4311 2942 4371 _s_e
2974 4311 3081 4371 no_u
3112 4293 3326 4371 videret
3360 4309 3377 4360 ;

1787 4363 1881 4427 au't
1907 4373 1980 4426 ita
2010 4371 2286 4440 improbus
2327 4379 2388 4425 ut
2422 4363 2836 4440 dissimularet?
2864 4364 3001 4440 liter:
3027 4365 3090 4440 D_.
3136 4363 3383 4440 Pruden-

1791 4442 1897 4497 tius
1947 4432 2170 4507 Ilara'u,
2214 4440 2307 4496 lib.
2338 4438 2503 4507 tv,De
2540 4437 2820 4493 divinitate
2875 4435 3242 4507 Christi,_¢ap.
3290 4432 3381 4507 15,

1789 4527 1938 4582 n_um.
1962 4511 2018 4566 6.
2049 4503 2183 4566 Vide
2205 4503 2428 4582 insuper
2448 4509 2681 4582 Builum,
2701 4507 2914 4582 Defens.
2929 4503 3305 4582 ﬁdeiicnzna’
3319 4504 3385 4558 de

1789 4579 2020 4654 Filiijrqi
2042 4577 2349 4654 ὁμσουσίῳξ
2369 4591 2502 4637 sect.
2521 4579 2579 4645 2,
2613 4577 3005 4654 cap._9,_num_.
3038 4577 3126 4654 il.

1861 4651 1974 4723 (78)
1991 4643 2170 4724 ’Διὶιαὶ
2191 4643 2532 4717 ita-dinam;-
2564 4643 2878 4724 pr_o_'oija'_lq
2914 4648 3101 4716 priscis
3126 4643 3385 4724 tempori-

1790 4715 1886 4777 bus
1913 4715 2110 4778 solebat
2137 4715 2531 4793 usurpari,etc_.
2559 4715 2577 4772 ἆ
2599 4715 3211 4793 Etiamsidenonuullis
3245 4717 3385 4793 serii-

1789 4794 2036 4863 ptoribus
2085 4793 2136 4848 id
2170 4787 2647 4863 concederem,de_
2693 4787 2926 4860 Origene
2973 4798 3123 4863 certe
3152 4787 3376 4863 concedi

1790 4855 1896 4917 non
1928 4874 2151 4934 posset;
2194 4866 2288 4919 sed
2332 4862 2486 4917 multi
2515 4861 2603 4934 alii
2636 4861 2777 4934 hanc
2794 4855 2991 4934 'vocem
3035 4859 3087 4911 in
3135 4855 3384 4909 eamdem

1789 4929 2114 4988 sententiam
2167 4941 2517 5002 usurparunt.
2575 4931 2682 5001 Ipsi
2733 4929 2999 5002 haaretici,
3041 4941 3163 5002 cum
3217 4939 3382 5002 unam

1791 5003 2128 5074 hypostasim
2188 4993 2559 5074 admitterent,
2591 4993 2784 5074 jionne
2806 4997 3133 5074 _hypostasis
3164 4993 3384 5074 nomine

1790 5062 2077 5142 personam
2129 5073 2504 5143 intelligebant
2535 5072 2556 5143 Ζ
2591 5068 2666 5143 ω
2710 5062 2959 5143 omitte}?
3011 5062 3382 5143 “Quum!!!”

1787 5131 2214 5198 Alexandrinum
2254 5131 2344 5211 qui
2393 5144 2443 5195 iu
2474 5140 2724 5210 epistola.
2758 5139 2824 5192 ad
2849 5138 3243 5211 Alexandrum
3275 5131 3380 5211 CP.

1799 5212 1940 5274 idem
1980 5213 2137 5270 docet
2164 5228 2228 5267 ac
2271 5203 2570 5281 Origenes;
2600 5209 2981 5284 Athanasium,
3010 5210 3101 5284 qui
3121 5203 3385 5284 iresnhy-

1799 5294 2049 5352 postases
2088 5299 2210 5338 cum
2228 5298 2348 5352 una
2374 5273 2428 5338 in
2455 5273 3093 5352 concordiam__addu_xit;
3121 5273 3384 5352 insiliunt

1787 5345 1840 5408 ἐι
1864 5353 2184 5424 Gregorium
2220 5351 2728 5424 Nazianzenum,_e_t
2775 5349 2908 5424 alios
2936 5347 3096 5424 trium
3126 5345 3385 5424 hypostaf

1792 5425 1932 5478 sium
1973 5415 2288 5478 defensores
2320 5440 2336 5490 ;
2378 5415 2981 5495 uterque'Dionysius,
3016 5415 3293 5495 Romanus
3330 5421 3387 5495 et

1791 5496 2215 5560 Alexandrinus,
2252 5484 2347 5549 sei
2371 5484 2632 5562 episcopi,
2660 5484 2891 5562 quorum
2937 5496 3118 5562 exstat
3150 5484 3381 5562 epistola

1787 5567 1854 5618 ad
1878 5564 2099 5618 Paulum
2123 5554 2569 5628 Sainosatebum,
2584 5554 2919 5631 ltypostasim
2938 5560 3126 5631 eodem
3151 5554 3306 5631 modo
3326 5564 3385 5606 ut

1789 5635 2045 5704 Origenes
2073 5635 2412 5704 interpretati
2435 5624 2581 5688 sunt.
2725 5629 2849 5704 liget:
2879 5631 2942 5684 D.
2965 5627 3129 5704 P_ru_d.
3163 5624 3382 5704 Magali.

1789 5705 1865 5758 De
1887 5694 2055 5758 divin.
2085 5694 2350 5776 Chrfcap.
2377 5703 2464 5771 15,
2486 5701 2704 5764 nutn.6.
2744 5701 2874 5758 Vide
2907 5709 2963 5755 et
2985 5698 3217 5763 Bullum,
3248 5694 3381 5749 ibid.

1790 5791 1897 5845 quo
1932 5791 2116 5846 supra.
