3878 6526
553 371 655 429 7‘55

1818 378 1882 436 P.
1921 380 2235 441 DANIELIS
2267 386 2496 443 HUETII

3695 403 3805 460 756

547 488 813 559 prodiisse
844 489 1135 585 vehemens
1170 492 1409 563 suspicio
1434 503 1539 551 est.
1569 496 1716 554 Talis
1748 500 1836 557 ille
1867 502 2014 559 locus
2040 513 2123 560 est
2151 510 2197 569 Α
2224 506 2503 577 imaginem
2534 524 2708 575 suam,
2747 521 2794 565 et
2826 509 3111 565 secundum
3146 514 3366 583 speciem
3394 532 3545 570 suam
3572 519 3635 573 ι’.
3671 517 3813 585 Quae

546 580 735 635 humil.
768 579 837 635 12
875 582 931 633 in
966 579 1157 646 Num,
1207 600 1351 637 num.
1382 587 1434 651 1,
1470 602 1595 659 pag.
1625 588 1730 643 512
1760 608 1774 646 :
1815 611 1836 645 ι
1862 593 1958 648 Est
1993 610 2121 665 ergo

546 671 662 726 haec
696 670 853 724 trium
885 671 1164 727 distinctio
1192 690 1552 743 personarum
1587 679 1640 734 in
1674 680 1854 750 Patre,
1884 694 1939 740 et
1962 685 2121 755 Filio,

545 775 598 821 et
640 765 845 835 Spiritu
883 776 1102 835 sancto,
1135 785 1255 840 quae
1292 773 1358 827 ad
1394 773 1653 842 pluralem
1696 788 1981 847 puteorum
2024 798 2122 836 ttu-

2224 596 2402 667 imago
2436 598 2599 653 etiam
2647 612 2854 657 natura:
2903 617 2968 658 ac
3010 602 3327 660 substantiae
3374 607 3551 663 Patris
3590 622 3645 665 et
3679 610 3807 667 Filii

2221 688 2465 743 continet
2496 691 2787 758 unitatem;
2820 712 2841 746 ι
2876 703 2929 748 et
2957 694 3045 750 hic
3072 710 3104 751 e
3136 698 3313 765 capite
3344 700 3616 767 sequenti,
3648 718 3805 757 num.

2226 780 2281 844 4,
2312 796 2469 850 quem
2505 783 2696 837 recitat
2726 784 3039 854 Pamphilus
3085 787 3138 842 in
3176 788 3431 858 Apologia
3453 806 3471 843 :
3510 808 3529 842 t
3562 793 3722 858 Quod
3759 796 3806 848 si

542 872 748 911 merum
793 866 1098 914 revocatur.
1144 860 1253 915 Sed
1296 862 1487 918 horum
1534 876 1821 933 puteorum
1855 884 1994 925 unus
2034 880 2122 925 est
2221 879 2384 933 esset,
2422 886 2694 939 nunquam
2740 874 2926 943 utique
2961 876 3016 930 in
3044 877 3249 932 unitate
3269 878 3575 945 Trinitatis,
3609 884 3661 937 id
3695 894 3802 951 est,

540 944 662 1000 fons
694 961 710 999 :
738 961 847 1000 una
871 947 1014 1003 enim
1038 950 1333 1005 substantia
1362 965 1443 1007 est
1468 963 1521 1008 et
1550 964 1738 1010 natura
1761 957 2041 1014 Trinitatis
2065 975 2112 1023 ;a

545 1048 599 1092 et
632 1037 717 1093 hic
750 1038 916 1093 etiam
942 1054 974 1095 e
1004 1039 1097 1095 lib.
1123 1056 1185 1095 ιιι
1225 1042 1279 1095 in
1316 1043 1485 1112 Epist.
1516 1047 1585 1097 ad
1609 1044 1788 1110 Rom.,
1816 1063 1965 1101 num.
1989 1047 2050 1102 11
2096 1066 2113 1103 :

542 1154 560 1186 ι
591 1134 775 1189 Fidem
818 1144 1003 1190 autem
1045 1136 1275 1191 dicimus
1320 1138 1373 1191 in
1420 1136 1659 1205 Patrem,
1705 1149 1761 1195 et
1801 1139 2017 1206 Filium,
2064 1149 2119 1197 et

536 1226 801 1295 Spiritum
840 1236 1112 1293 sanctum,
1166 1229 1452 1299 integram,
1506 1229 1742 1299 plenam,
1792 1232 2113 1303 perlectam,

534 1336 656 1389 qua:
691 1320 827 1375 nihil
858 1321 1153 1382 diversum,
1185 1319 1261 1373 nil
1300 1320 1636 1390 discrepans,
1672 1332 1768 1377 aut
1797 1332 2115 1379 extraneum

534 1412 588 1465 in
617 1410 883 1466 Trinitate
932 1411 1246 1479 proﬁtetur;
1286 1429 1306 1463 ι
1355 1420 1409 1467 et
1453 1411 1541 1468 ille
1584 1429 1615 1467 e
1658 1413 1754 1472 lib.
1783 1430 1837 1481 v,
1882 1431 2033 1476 num.
2058 1418 2117 1485 2,

530 1520 653 1575 pag.
690 1506 796 1561 555
829 1520 843 1558 :
880 1523 898 1557 ι
927 1503 1040 1561 Nec
1081 1504 1326 1574 rapinam
1357 1504 1505 1583 ducit
1546 1505 1839 1578 (Christus)
1890 1523 2009 1565 esse
2057 1525 2118 1567 se

531 1598 789 1667 aequalem
821 1599 959 1664 Deo;
1006 1599 1109 1654 hoc
1139 1606 1258 1665 est,
1292 1613 1398 1653 non
1439 1599 1540 1653 sibi
1585 1600 1761 1670 magni
1791 1601 1991 1673 aliquid
2021 1601 2117 1658 de-

531 1698 699 1757 putat,
751 1690 893 1758 quod
947 1688 1064 1759 ipse
1109 1688 1331 1759 quidem
1381 1690 1607 1759 mqualis
1660 1692 1793 1759 Deo,
1844 1702 1900 1749 et
1948 1709 2113 1749 unum

529 1796 650 1835 cum
691 1781 853 1838 Patre
888 1791 1008 1847 est;
1035 1801 1053 1833 ι
1091 1791 1145 1837 et
1178 1782 1282 1837 iste
1315 1797 1346 1838 e
1392 1783 1491 1838 lib.
1530 1799 1629 1847 vti,
1676 1800 1827 1840 num.
1860 1786 1949 1853 15,
1986 1801 2108 1858 pag.

529 1872 635 1928 612
666 1893 680 1929 :
712 1893 729 1925 ι
756 1873 813 1929 Si
840 1890 971 1944 ergo
1001 1873 1171 1930 Filius
1207 1876 1347 1931 Deus
1382 1890 1547 1945 super
1572 1876 1754 1931 omnia
1798 1876 2015 1943 dicitur,
2056 1890 2113 1935 et

526 1965 763 2036 Spiritus
788 1977 1009 2021 sanctus
1039 1968 1321 2024 continere
1366 1970 1547 2024 omnia
1583 1980 1935 2039 memoratur,
1970 1974 2111 2030 Deus

526 2067 704 2112 autem
735 2055 899 2112 Pater
926 2070 1009 2113 est
1040 2074 1106 2114 ex
1135 2074 1243 2128 quo
1270 2060 1470 2125 omnia,
1502 2062 1783 2117 evidenter
1807 2065 2111 2119 ostenditur

525 2160 773 2204 naturam
805 2150 1091 2206 Trinitatis
1129 2162 1184 2205 et
1212 2152 1565 2207 substantiam
1600 2169 1761 2209 unam
1803 2170 1946 2222 esse,
1992 2172 2109 2224 quae

524 2252 603 2296 est
638 2257 800 2313 super
829 2243 1047 2309 omnia;
1082 2262 1099 2297 ι
1130 2253 1184 2298 et
1220 2245 1305 2298 hic
1339 2260 1557 2316 quoque
1599 2262 1629 2301 e
1664 2246 1759 2301 lib.
1802 2262 1922 2313 vnt,
1955 2263 2105 2304 num.

522 2334 576 2399 5,
611 2349 734 2403 pag.
765 2332 909 2391 6‘26:
948 2353 969 2388 ι
994 2336 1132 2390 Sunt
1166 2336 1329 2392 etiam
1360 2338 1599 2393 nonnulli
1645 2339 1735 2408 qui
1783 2340 2107 2395 annuntiaat

522 2426 739 2496 quidem
771 2436 827 2481 et
856 2428 1149 2496 praedicant
1185 2430 1250 2483 de
1278 2428 1471 2494 Patre,
1506 2440 1562 2485 et
1593 2429 1765 2495 Filio,
1812 2440 1868 2486 et
1897 2431 2103 2500 Spiritu

521 2528 730 2583 sancto,
768 2518 864 2574 sed
896 2534 1002 2573 non
1038 2521 1284 2584 sincere,
1322 2537 1430 2574 non
1459 2522 1702 2592 integre;
1749 2532 1807 2576 ut
1837 2533 1966 2577 sunt
1992 2539 2104 2579 om-

522 2623 621 2663 nes
669 2608 946 2677 haeretici,
1000 2612 1090 2682 qui
1130 2611 1347 2667 Patrem
1402 2612 1643 2682 quidem,
1695 2624 1749 2669 et
1781 2614 1997 2682 Filium,
2049 2626 2104 2672 et

524 2699 788 2768 Spiritum
831 2710 1078 2757 sanctum
1114 2705 1474 2768 annuntiant,
1514 2706 1608 2760 sed
1646 2722 1750 2760 non
1792 2709 1960 2772 bene,
1994 2723 2099 2762 non

520 2790 748 2846 ﬁdeliter
792 2794 1143 2848 annuntiant.
1187 2794 1295 2848 Aut
1345 2795 1489 2850 enhn
1532 2796 1674 2851 male
1719 2808 1973 2868 separant
2009 2798 2100 2853 Fi-

520 2884 646 2938 lium
684 2900 714 2938 a
746 2883 941 2953 Patre,
977 2896 1037 2941 ut
1067 2886 1291 2941 alterius
1335 2894 1542 2943 natura:
1574 2886 1826 2954 Patrem,
1872 2888 2097 2944 alterius

519 2976 709 3031 Filium
746 2977 955 3045 dicant;
987 2987 1082 3032 aut
1114 2979 1255 3034 male
1286 2979 1647 3044 confundunt,
1688 2992 1746 3036 ut
1783 2982 1865 3035 vel
1894 2996 1958 3037 ex
1999 2981 2096 3037 tri-

518 3072 618 3118 nus
650 3068 1011 3134 compositum
1046 3067 1249 3133 Deum,
1291 3069 1375 3123 vel
1407 3071 1562 3125 trina:
1597 3074 1968 3127 tantummodo
2001 3089 2096 3142 ap-

516 3153 819 3221 pellationis
848 3158 901 3212 in
928 3174 992 3214 eo
1026 3174 1148 3215 esse
1179 3161 1505 3215 vocabulum
1536 3172 1750 3231 putent.
1783 3163 1883 3231 Qui
1909 3175 2091 3219 autem

516 3245 650 3302 bene
676 3250 957 3305 annuntiat
984 3251 1147 3318 bona,
1191 3254 1555 3324 proprietates
1586 3254 1800 3324 quidem
1832 3255 2000 3323 Patri,
2037 3267 2092 3311 et

515 3333 670 3402 Filio,
713 3348 768 3391 et
813 3337 1041 3407 Spiritui
1087 3350 1279 3397 sancto
1325 3357 1452 3398 suas
1487 3342 1685 3413 cuique
1729 3344 1914 3411 dabit;
1957 3345 2090 3400 nihil

514 3436 693 3479 autem
735 3428 1067 3486 diversitatis
1108 3446 1231 3488 esse
1268 3434 1621 3491 cunlitebitur
1666 3436 1719 3489 in
1763 3446 1953 3491 natura
2003 3438 2091 3493 vel

514 3516 850 3584 substantia;
900 3538 919 3571 ι
965 3535 1175 3576 necnon
1225 3531 1278 3575 et
1326 3522 1415 3576 ille
1445 3537 1475 3578 e
1502 3522 1599 3579 lib.
1632 3539 1646 3577 ι
1684 3524 1826 3593 Περὶ
1856 3526 2081 3595 ἀρχῶν,

514 3623 627 3677 cap.
682 3609 755 3672 2,
812 3626 961 3665 num.
1010 3612 1043 3666 5
1077 3630 1091 3667 :
1124 3632 1143 3665 ι
1192 3612 1459 3668 Secunda:
1507 3628 1639 3668 vero
1701 3615 2091 3685 comparationi

514 3698 691 3770 imago
713 3700 832 3754 Filii
861 3700 977 3768 Dei,
1010 3703 1075 3757 de
1102 3719 1207 3773 qua
1242 3720 1388 3759 nunc
1418 3720 1598 3759 sermo
1635 3714 1740 3770 est,
1779 3707 2085 3775 comparari

512 3802 690 3861 potest
736 3792 901 3847 etiam
948 3796 1243 3850 secundum
1298 3797 1399 3852 hoc
1455 3798 1599 3869 quod
1653 3797 1942 3852 invisibilis
1991 3798 2085 3853 Dei

513 3885 693 3954 imago
739 3886 1028 3942 invisibilis
1078 3896 1199 3953 est,
1266 3889 1406 3944 sicut
1451 3889 1748 3947 secundum
1797 3890 2083 3945 historiam

511 3975 742 4034 dicimus
796 3978 1210 4034 similitudinem
1241 3981 1370 4035 Adae
1422 3981 1587 4037 ﬁlium
1638 3981 1755 4051 ejus
1805 3978 1957 4037 Seth.
2002 3981 2083 4036 ita

510 4069 653 4123 enim
686 4072 950 4142 scriptum
986 4084 1071 4130 est
1104 4093 1117 4130 :
1154 4075 1219 4129 Et
1249 4076 1423 4147 genuit
1448 4074 1616 4128 Adam
1641 4072 1764 4129 Sella
1795 4074 2080 4129 secundum

592 4188 635 4219 “
662 4189 797 4245 Gen.
832 4206 884 4249 v.
912 4192 968 4246 5.

511 4281 658 4337 addit
684 4286 953 4354 propriam
999 4295 1053 4343 et
1094 4287 1503 4350 subsistentem,
1545 4298 1609 4339 ac
1638 4283 1751 4339 suis
1781 4282 2082 4353 proprieta-

512 4354 654 4407 tibus
701 4356 978 4410 deﬁnitam
1031 4366 1085 4411 et
1133 4356 1622 4422 circumscriptam.
1684 4354 1962 4423 Denique,
2020 4362 2080 4408 ut

511 4437 670 4490 supra
696 4424 989 4495 haereticos
1036 4426 1337 4495 castigabat
1378 4424 1520 4494 quod
1549 4424 1823 4478 Christum
1862 4425 2080 4495 nomine

512 4499 669 4591 genus
693 4493 887 4548 Filium
920 4492 1303 4591 dicerent,hic
1334 4492 1691 4591 Filiutmvere
1717 4508 1836 4548 esse
1860 4492 2075 4591 Filium,
2109 4536 2153 4591 Β

559 4570 727 4591 alanna
770 4579 898 4591 ειη-Α
973 4575 1143 4591 (nl—AM
1190 4573 1403 4591 ΑΛιι.Λ-ιιι
1430 4573 1463 4591 ιι
1496 4580 1509 4591 ι
1545 4580 1597 4591 ιιι
1632 4577 1737 4591 mann
1768 4577 1871 4591 -ιΛη
1904 4578 1962 4591 an
1988 4580 2073 4591 ιι...

511 4558 728 4631 Patrem
770 4579 899 4620 vere
929 4564 1144 4620 Patrem
1174 4558 1466 4619 contendit
1496 4580 1509 4615 :
1545 4566 1599 4616 in
1631 4577 1738 4631 quo
1767 4577 1873 4617 non
1904 4563 2056 4617 solun

510 4627 803 4704 Noetianos
848 4634 1062 4698 refellit,
1102 4635 1192 4704 qui
1230 4636 1347 4689 hanc
1391 4634 1458 4687 ad
1511 4627 1701 4704 inanes
1734 4633 2081 4704 metaphoras

513 4699 860 4767 redigehant;
888 4706 980 4757 sed
1011 4699 1171 4758 etiain
1200 4705 1453 4765 Arianos,
1482 4702 1573 4772 qui
1606 4701 1659 4755 in
1687 4702 1882 4772 haeresi
1919 4703 2078 4769 plane

510 4772 795 4843 contraria
814 4774 1002 4827 eadem
1024 4786 1207 4843 postea
1234 4773 1419 4843 nugati
1436 4770 1580 4843 sunt.
1598 4801 1670 4843 ττ-
1685 4770 1923 4827 Domnus
1948 4773 2081 4825 Pru-

510 4837 727 4964 tlentiu‘s‘
748 4842 960 4964 M:n5a.v,
988 4837 1062 4899 De
1087 4837 1361 4898 divinitate
1382 4840 1578 4897 Christi
1606 4841 1702 4898 lib.
1727 4856 1803 4908 Iv,
1833 4856 1955 4910 cap.
1986 4843 2076 4909 i5,

530 4924 658 4964 tum.
764 4928 793 4964 e
888 4951 903 4964 .
1534 4954 1537 4957 ι

509 4922 658 4964 num.
694 4914 727 4964 4
764 4922 818 4967 et
849 4914 903 4966 5.
1534 4954 1537 4957 λ

592 4980 706 5053 (81)
765 4980 965 5037 Filium
1025 4982 1114 5053 qui
1181 4982 1429 5051 splendor
1494 4981 1719 5051 gloriae,
1786 4988 1836 5035 et
1901 4981 2078 5050 ﬁgura

508 5053 820 5106 substantia:
880 5063 1112 5120 paternis
1162 5052 1496 5123 appellatur,
1562 5053 1617 5104 id
1665 5066 1777 5106 esse
1835 5053 2075 5123 censebat

511 5123 709 5194 ratione
726 5123 925 5187 Patris,
953 5124 1090 5194 quod
1113 5120 1400 5177 estradius
1425 5131 1659 5194 respectu
1679 5123 1827 5175 solis.
1852 5120 1965 5175 Hoc
1984 5137 2076 5194 sog

510 5187 578 5262 hs
603 5192 904 5262 solarisque
931 5187 1065 5247 radii
1109 5194 1359 5262 exemplo
1393 5187 1527 5246 nihil
1576 5194 1909 5249 frequentius
1933 5193 2075 5259 apud

509 5258 1081 5341 Orige_nem_'aliosqtte
1121 5258 1308 5318 Patres
1353 5263 1429 5341 ad
1465 5262 1890 5341 signiﬁcandam.
1918 5258 2077 5341 aiter-5

510 5330 631 5383 nam
660 5330 818 5387 Verbi
848 5330 1250 5404 generationem
1285 5350 1300 5388 :
1336 5333 1431 5404 sed
1470 5330 1734 5404 quatenus
1777 5331 1961 5404 radius
1992 5340 2075 5386 est

510 5404 683 5468 portio
706 5401 949 5473 quaedam
976 5414 1030 5458 et
1051 5403 1325 5473 ellluvium
1350 5402 1513 5473 solari
1570 5401 1909 5464 snhst’antiae,
1945 5416 2077 5473 n_us-

510 5486 671 5542 quam
706 5470 921 5527 censuit
957 5476 1221 5542 Origenes
1249 5472 1445 5527 Filiqu
1477 5472 1529 5525 id
1571 5486 1692 5542 esse
1726 5476 1934 5542 ratione
1965 5470 2074 5523 Pa-

512 5539 801 5621 ξιιὶ5,.‹ιιιρ(1
824 5554 906 5597 est
921 5539 1126 5621 radius
1142 5553 1392 5621 respectu
1420 5542 1569 5621 solis.
1593 5560 1611 5591 ι
1632 5540 2073 5621 Nunquidnam,a

512 5607 857 5692 inquit‘th
911 5613 1052 5679 Περὶ
1094 5607 1326 5692 ἀρχῶν,
1358 5627 1477 5692 cap.
1503 5613 1555 5692 1.
1610 5607 1845 5692 nurui}.
1902 5628 1919 5660 ‘
1947 5612 2071 5692 quia

515 5677 723 5749 (Filius)
771 5682 951 5734 lumen
990 5677 1351 5746 nominatur,
1397 5677 1572 5736 simile
1622 5679 1897 5748 putabitur
1941 5681 2073 5734 solis

516 5748 669 5813 hujus
708 5748 931 5803 lumini?
978 5752 1176 5805 Lumen
1212 5762 1293 5805 est
1329 5766 1588 5815 verum,r
1641 5750 1717 5803 ait
1752 5749 1844 5801 lib.
1882 5751 2069 5802 eodem

514 5834 629 5883 cap.
655 5818 721 5882 2,
762 5835 906 5871 num.
936 5820 1000 5884 6,
1043 5837 1060 5871 ι
1085 5823 1226 5885 quod
1264 5821 1526 5873 illuminat
1566 5834 1767 5873 onmem
1805 5819 2066 5875 hominem

2223 957 2315 1012 Dei
2344 958 2519 1015 Patris
2546 960 2982 1019 inconvertibilis
3005 1005 3021 1031 ,
3050 974 3105 1021 et
3132 965 3253 1021 Filii
3284 967 3401 1035 ejus
3427 1010 3442 1034 ,
3473 971 3637 1026 etiam
3682 972 3802 1040 ipse

2225 1048 2464 1120 Spiritus
2485 1064 2705 1108 sanctus
2730 1054 3022 1111 haberetur
3052 1071 3068 1111 :
3092 1075 3112 1110 ι
3144 1070 3199 1113 et
3220 1058 3322 1115 iste
3344 1062 3511 1115 etiam
3541 1076 3571 1116 e
3594 1078 3719 1133 cap.
3742 1066 3798 1129 5,

2219 1158 2367 1198 num.
2389 1145 2423 1199 5
2448 1162 2463 1200 :
2484 1164 2503 1197 ι
2524 1143 2638 1200 Non
2669 1146 2811 1202 enim
2842 1147 3125 1205 Trinitatis
3147 1162 3337 1205 natura
3362 1152 3566 1207 habere
3595 1154 3801 1226 aliquid

2218 1236 2631 1301 compositionis
2697 1248 2916 1293 ostensa
2982 1251 3100 1303 est;
3161 1261 3179 1294 ι
3229 1253 3283 1297 et
3332 1244 3421 1298 hic
3483 1261 3513 1299 e
3574 1246 3668 1300 lih.
3721 1264 3799 1313 Ill,

2218 1342 2335 1396 cap.
2362 1328 2415 1392 6,
2442 1345 2591 1386 num.
2622 1330 2675 1396 1,
2707 1347 2828 1402 pag.
2859 1332 2995 1388 152:
3031 1353 3049 1386 ι
3077 1334 3131 1389 ld
3161 1337 3302 1405 quod
3328 1352 3495 1391 unum
3522 1349 3603 1393 est
3630 1338 3803 1395 Filius

2219 1432 2341 1471 cum
2393 1418 2574 1486 Patre,
2629 1422 2694 1475 ad
2746 1432 2955 1479 natura:
3004 1429 3391 1496 proprietatem
3450 1428 3799 1484 referendum

2219 1507 2340 1563 ﬁdei
2374 1511 2575 1565 veritas
2604 1513 2796 1577 docet;
2836 1533 2856 1567 ι
2891 1525 2942 1569 et
2976 1516 3077 1572 iste
3106 1528 3369 1586 praeterea
3412 1534 3444 1576 e
3492 1521 3587 1575 lib.
3618 1538 3696 1585 tv,
3750 1523 3799 1575 in

2216 1598 2646 1669 Anacepltala’osi
2666 1618 2685 1656 :
2718 1622 2737 1654 ι
2764 1602 2999 1673 Veritas,
3028 1607 3159 1672 vita,
3186 1609 3472 1677 sapientia,
3505 1610 3643 1665 idem
3676 1622 3805 1665 sunt

2216 1704 2279 1745 ac
2302 1690 2551 1749 Christus
2584 1713 2597 1749 :
2631 1694 2882 1752 Christus
2909 1698 3048 1754 idem
3078 1714 3141 1754 ac
3170 1698 3353 1755 Pater.
3384 1699 3517 1767 Qua:
3549 1704 3803 1769 quamvis

2219 1780 2497 1838 intellectu
2541 1784 2707 1840 multa
2757 1784 2887 1843 esse
2925 1789 3210 1856 dicantur;
3245 1806 3304 1846 re
3352 1800 3533 1844 tamen
3580 1803 3635 1845 et
3672 1793 3803 1846 sub-

2144 1860 2187 1916 Β
2214 1876 2413 1929 stantia
2441 1893 2605 1931 unum
2636 1889 2782 1943 sunt,
2814 1880 2866 1934 in
2895 1882 3091 1950 quibus
3120 1882 3397 1951 plenitudo
3420 1892 3504 1937 est
3544 1883 3803 1936 divinita-

2213 1964 2327 2019 tis:
2366 1985 2387 2019 ι
2428 1968 2511 2021 cui
2560 1977 2615 2022 et
2665 1969 2754 2025 hic
2799 1971 3033 2025 indidem
3090 1970 3465 2040 adjungendus
3514 1974 3799 2029 num.28:

2215 2073 2234 2108 ι
2260 2054 2378 2111 Non
2407 2058 2553 2112 enim
2582 2059 2838 2123 dicimus,
2871 2060 3011 2116 sicut
3054 2062 3299 2117 heretici
3332 2073 3552 2134 putant,
3588 2077 3799 2134 partem

2209 2146 2445 2217 aliquam
2483 2150 2800 2206 substantiae
2838 2153 2929 2208 Dei
2978 2152 3032 2208 in
3066 2153 3258 2209 Filium
3306 2170 3546 2215 versam.
3595 2168 3693 2212 aut
3733 2174 3798 2212 ex

2208 2239 2371 2294 nullis
2394 2241 2813 2298 subsistentibus
2844 2243 3039 2299 Filium
3072 2255 3415 2316 procreatum
3455 2262 3485 2299 a
3528 2247 3711 2312 Patre,
3746 2248 3799 2303 id

2206 2340 2310 2398 est,
2357 2341 2513 2386 extra
2557 2334 2918 2389 substantiam
2959 2350 3135 2403 suam,
3169 2346 3228 2391 ut
3267 2336 3432 2391 luerit
3477 2337 3796 2404 aliquando,

2206 2423 2426 2492 quando
2458 2440 2561 2478 non
2608 2425 2790 2479 fuerit.
2817 2444 2835 2476 ι
2884 2424 3027 2480 Nihil
3056 2434 3202 2481 esset
3246 2428 3311 2479 ad
3346 2424 3639 2481 Trinitatis
3680 2428 3798 2481 lau-

2203 2513 2324 2567 dem
2360 2513 2580 2581 clarius,
2622 2516 2665 2569 si
2714 2531 2843 2583 non,
2898 2528 2958 2571 ut
3001 2517 3151 2585 dixi,
3190 2530 3445 2588 suspecta
3494 2534 3556 2573 ea
3594 2519 3800 2574 faceret

2202 2604 2344 2658 ﬂuxa
2382 2605 2564 2660 Ruﬁni
2615 2607 2928 2677 interpretis
2980 2608 3135 2665 ﬁdes.
3185 2608 3350 2666 Utilia
3404 2626 3624 2681 quoque
3676 2613 3795 2666 haec

2201 2712 2321 2753 esse
2343 2698 2562 2770 Origeni
2589 2702 2863 2769 putaverit
2898 2702 3117 2772 aliquis,
3143 2718 3263 2772 quae
3290 2704 3545 2769 leguntur
3573 2714 3707 2759 tom,
3756 2721 3792 2759 ιι

2199 2789 2252 2842 in
2280 2788 2467 2855 lonn.,
2504 2806 2652 2844 nu:n.
2685 2791 2717 2841 li
2744 2810 2757 2846 :
2781 2793 2841 2845 El
2876 2792 2933 2846 δὲ
2983 2794 3125 2846 κατὰ
3162 2793 3255 2847 τὸν
3297 2793 3527 2846 Ἡσαΐαν
3563 2795 3732 2865 φησὶν
3768 2797 3799 2849 ὁ

2196 2880 2401 2951 Κύριος
2428 2882 2585 2953 ἡμῶν
2633 2883 2738 2936 ὑπὸ
2784 2884 2878 2938 τοῦ
2923 2885 3135 2957 Πατρὸς
3177 2886 3516 2940 ἀπεστάλθαι
3563 2888 3654 2939 καὶ
3693 2886 3795 2941 τοῦ

2195 2972 2513 3043 Πνεύματος
2551 2974 2736 3039 αὐτοῦ,
2776 2975 2893 3029 ἐστὶ
2934 2978 3027 3030 καὶ
3064 2976 3297 3031 ἐνταῦθα
3340 2978 3471 3048 περὶ
3513 2978 3606 3031 τοῦ
3646 2979 3793 3032 ἀπο-

2197 3065 2503 3130 στείλαντος
2546 3067 2637 3121 τὸν
2686 3066 2919 3138 Χριστὸν
2958 3070 3275 3139 Πνεύματος
3316 3070 3788 3142 ἀπολογήσασθαι,

2194 3155 2291 3226 οὐχ
2323 3157 2399 3221 ὡς
2431 3157 2591 3226 φύσει
2634 3157 3001 3230 διαφέροντος,
3057 3160 3189 3213 ἀλλὰ
3224 3160 3313 3213 διὰ
3352 3160 3452 3232 τὴν
3484 3163 3792 3235 γενομένηη

2192 3251 2502 3323 οἰκονομίαν
2542 3253 2641 3323 τῆς
2678 3252 3144 3324 ὲνανθρωπὴσεως
3183 3253 3276 3307 τοῦ
3307 3254 3441 3308 Υἱοῦ
3489 3254 3582 3309 τοῦ
3620 3256 3788 3322 Θεοῦ,

2193 3341 2586 3406 ὲλαττωθέντος
2614 3345 2744 3415 παρ’
2765 3344 2896 3397 αὐτὸ
2927 3344 3017 3397 τοῦ
3044 3345 3315 3416 Σωτῆρος.
3352 3348 3420 3399 At
3452 3361 3574 3401 cum
3605 3348 3787 3416 Spiri-

2156 3434 2306 3487 tum
2348 3445 2598 3488 sanctum
2652 3436 2728 3489 ait
2773 3452 2878 3490 non
2927 3452 3046 3492 esse
3086 3439 3246 3508 φύσει
3283 3440 3631 3511 διαφέροντα,
3676 3443 3785 3495 tni-

2192 3524 2337 3579 nime
2381 3526 2653 3595 signiﬁcat
2691 3538 2885 3581 natura
2926 3545 3030 3583 non
3080 3530 3327 3601 differre,
3372 3534 3521 3602 quod
3570 3537 3784 3604 putavit

2191 3612 2498 3682 Perionius,
2526 3618 2620 3672 sed
2658 3631 2853 3673 natura
2885 3636 2987 3675 non
3014 3633 3291 3689 prwslare.

2268 3705 2327 3764 V.
2364 3706 2601 3763 Validior
2638 3710 2727 3765 ille
2770 3711 2920 3767 locus
2950 3727 3016 3766 ex
3061 3715 3250 3769 eodem
3294 3725 3441 3771 tomo
3478 3718 3532 3771 in
3570 3718 3777 3786 Joan.,

2190 3812 2341 3851 num.
2377 3798 2445 3862 2,
2480 3799 2571 3853 ubi
2621 3801 2881 3856 adversus
2915 3806 3175 3870 quosdam
3225 3806 3536 3870 invehitur,
3576 3811 3779 3880 ἀρνου-

2192 3888 2385 3961 μένους
2408 3890 2506 3961 τὴν
2536 3892 2763 3961 θεότητα
2800 3894 2893 3947 τοῦ
2926 3896 3076 3959 Υἰοῦ,
3108 3896 3355 3962 τιθέντας
3384 3900 3442 3953 δὲ
3483 3901 3651 3954 αὐτοῦ
3675 3904 3778 3973 τὴν

2192 3981 2448 4055 ἰδιότητα,
2478 3986 2571 4039 καὶ
2590 3986 2690 4057 τὴν
2720 3987 2904 4040 οὐσίαν
2928 3989 3068 4043 κατὰ
3098 3992 3445 4063 περιγραφὴν
3470 3994 3778 4063 τυγχάνου-

2190 4093 2286 4132 σαν
2320 4076 2510 4149 ἑτέραν
2555 4078 2650 4132 τοῦ
2692 4080 2923 4151 Πατρός.
2977 4082 3087 4153 (81)
3126 4082 3319 4137 Filiqu
3368 4085 3462 4153 qui
3513 4087 3776 4153 splendor

2187 4286 2473 4339 uenientem
2502 4284 2555 4337 in
2587 4284 2727 4337 hunc
2754 4283 3011 4355 mundum
3041 4283 3226 4355 (Joan.
3258 4300 3277 4338 ι
3296 4324 3312 4349 ,
3348 4282 3403 4355 9)
3427 4324 3467 4355 ,ᾼ
3488 4284 3583 4338 sed
3631 4286 3769 4342 nihil

2187 4356 2355 4409 habet
2378 4367 2664 4409 commune
2698 4354 2764 4406 ad
2794 4353 2923 4408 solis
2958 4352 3116 4423 hujus
3144 4354 3347 4408 lumen.
3374 4352 3394 4405 ι
3430 4352 3765 4412 Germanam

2184 4424 2437 4495 Origenis
2467 4423 2568 4495 hac
2595 4424 2661 4477 de
2690 4438 2747 4477 re
2777 4425 3087 4492 Opinionem
3119 4423 3331 4495 discere
3370 4424 3497 4495 licet
3522 4440 3589 4477 ex
3628 4435 3763 4480 tom.

2182 4490 2337 4549 xxxii
2385 4496 2443 4546 in
2491 4490 2691 4558 10am,
2739 4490 2889 4548 num.
2951 4496 3039 4551 18.
3082 4494 3171 4547 ubi
3230 4494 3309 4549 ait
3364 4493 3598 4548 tFilium
3642 4510 3767 4550 esse

2186 4564 2531 4633 splendorem
2584 4564 2750 4617 totius
2796 4564 2982 4629 gloria:
3030 4564 3154 4628 Dei,
3206 4574 3262 4617 et
3319 4564 3493 4619 solum
3537 4578 3761 4619 omnem

2182 4634 2524 4704 splendorem
2546 4634 2724 4704 totius
2768 4635 2954 4704 gloriae
2993 4633 3086 4688 Dei
3131 4648 3329 4703 capere
3361 4648 3577 4703 posm.»
3626 4633 3763 4698 Qua:

2179 4702 2346 4757 verba
2386 4702 2678 4757 manifeste
2722 4702 2964 4758 iudicant
3005 4704 3138 4757 nihil
3188 4702 3311 4757 esse
3358 4702 3409 4756 in
3458 4705 3769 4770 exemplari

2179 4775 2322 4842 quod
2365 4787 2472 4827 non
2514 4774 2585 4827 sit
2627 4773 2681 4826 in
2724 4772 2996 4843 imagine,
3032 4776 3275 4842 adeoque
3300 4771 3496 4827 Filium
3530 4788 3561 4825 a
3593 4772 3761 4828 Patre

2178 4858 2287 4896 non
2327 4843 2495 4897 dividi
2527 4852 2617 4896 aut
2649 4846 2890 4913 separari
2922 4853 2982 4898 ut
3015 4853 3221 4911 partem
3253 4859 3281 4897 a
3316 4853 3429 4897 toto
3454 4842 3600 4913 ,sed
3632 4857 3757 4897 esse

2177 4913 2340 4967 unius
2382 4927 2607 4966 numero
2653 4912 2727 4967 et’
2754 4913 2995 4980 ejusdem
3044 4928 3110 4968 ac
3154 4913 3368 4967 Patrem
3410 4912 3754 4966 substantiae.

2179 4980 2315 5037 Vide
2340 4983 2479 5036 infra
2516 4991 2633 5036 not.
2666 4984 2720 5037 in
2758 4999 2905 5037 num.
2934 4983 3034 5047 τις
3085 4983 3205 5037 vide
3231 4994 3287 5036 et
3315 4981 3527 5036 Bullum
3553 4984 3609 5035 in
3648 4981 3755 5035 Dc-

2178 5052 2311 5120 fens.
2342 5050 2746 5132 EdeinNicwna,
2794 5052 3513 5132 deFiliisubordinatione,
3538 5066 3659 5119 cap.
3692 5052 3750 5132 ξ,

2179 5138 2331 5177 ιιιιηι.
2360 5123 2418 5185 9,
2438 5121 2506 5175 10
2535 5130 2590 5177 et
2616 5137 2795 5193 seqq..
2824 5123 2912 5177 ubi
2941 5126 3221 5179 evidenter
3248 5122 3483 5193 ostendit
3508 5124 3751 5175 numeri-

2178 5206 2295 5246 cam
2346 5193 2604 5246 unitatem
2651 5190 2965 5248 substantiae
3008 5193 3186 5248 Patris
3238 5203 3293 5246 et
3337 5190 3457 5244 Filii
3516 5201 3749 5245 eatenus

2177 5262 2462 5339 agnovisse
2489 5261 2809 5339 Origenem,
2856 5272 3123 5339 quatenus
3171 5262 3341 5339 ipsam
3383 5260 3601 5339 Patrum
3639 5276 3746 5339 an-

2177 5334 2472 5401 tiquiorum
2538 5331 2892 5402 quisquam;
2926 5331 3202 5401 adeoque
3242 5333 3356 5399 ipse
3409 5331 3748 5402 Athanasius

2174 5399 2435 5478 agnovit:
2468 5399 2569 5478 h_oc
2608 5399 2722 5478 est,
2765 5405 3062 5458 credidisse
3081 5399 3381 5471 ’Origeuem
3426 5399 3747 5478 Patrenuet

2173 5473 2370 5527 Filium
2399 5484 2453 5525 et
2479 5472 2740 5541 Spiritum
2765 5484 3012 5529 sanctum
3034 5515 3050 5540 ,
3093 5489 3213 5528 cum
3256 5486 3444 5525 revera
3480 5479 3589 5524 tres
3627 5472 3746 5522 sint

2174 5557 2438 5611 personae,
2476 5557 2811 5619 nequaquam
2842 5554 3022 5619 tamen
3050 5555 3109 5597 ut
3143 5556 3251 5619 tres
3296 5542 3546 5619 homines
3581 5553 3746 5619 seor-

2174 5610 2294 5666 sum
2332 5622 2396 5689 et
2415 5610 2709 5680 separatim
2748 5615 3052 5689 exsistere;
3087 5612 3183 5668 sed
3221 5613 3411 5689 intime
3449 5610 3548 5689 sibi
3594 5610 3740 5661 invi-
3777 5670 3797 5689 ’

2173 5683 2591 5760 cem_cohaerere
2627 5694 2683 5737 et
2704 5685 3021 5751 coniunctos
3047 5698 3198 5760 esse;
3226 5680 3736 5760 adeoquealterum

2175 5752 2226 5803 in
2262 5752 2430 5805 altero
2463 5755 2762 5818 exsistere,
2806 5763 2998 5821 atque,
3045 5763 3101 5805 ut
3126 5754 3195 5807 ita
3226 5752 3438 5821 loquar,
3472 5752 3739 5821 irmtneare

2175 5821 2404 5876 invicem
2426 5831 2479 5876 et
2509 5832 2791 5890 penetrare
2821 5820 2915 5891 per
2947 5821 3270 5877 ineffabilem
3306 5820 3591 5889 Quamdam
3636 5831 3738 5870 1::-
