3866 6510
149 471 242 527 769

973 463 1554 522 οιιιοεΝιΑΝοιιιιιι
1592 466 1725 523 LIB.
1767 468 1834 534 ιι,
1873 467 2028 523 CAP.
2069 469 2133 535 ιι,
2173 465 2448 536 vasr.
2487 448 2583 525 n.’

3265 470 3368 529 750

147 590 238 658 τὴν
277 583 594 657 προπέτειαν
631 581 978 636 ὑποτίθεσθαι
1023 583 1113 636 τὸν
1162 585 1390 658 Σωτῆρα
1426 581 1563 641 εἶναι
1609 587 1699 640 τὸν

1818 587 2097 660 ignorasse
2119 588 2419 655 Christum,
2461 599 2725 661 quatenus
2749 589 3218 661 ipsam'Eeclesia,
3247 607 3371 663 qua

149 677 232 733 επὶ
296 676 420 727 πᾶσι
458 672 615 726 Θεόν.
665 672 806 726 Ἀλλ’
848 673 962 727 οὑτι
1016 691 1078 742 γε
1129 676 1289 746 ἡμεῖς
1343 677 1602 744 τοιοῦτον,
1648 680 1699 731 οἱ

149 767 434 838 πειθόμενοι
482 763 630 836 αὑτῷ
667 764 898 832 λέγοντισ
945 784 962 816 ‹
983 765 1046 818 Ὀ
1070 767 1258 839 Πατὴρ
1295 769 1324 822 ό
1355 767 1579 841 πέμψας
1610 786 1698 841 με,

150 859 334 932 μείζων
368 855 468 928 μού
501 859 668 910 ἐστιν.
698 872 720 910 ι
761 856 858 911 His
889 857 1158 928 vulgatam
1195 875 1260 914 ex
1280 861 1577 916 Athanasio
1612 877 1699 917 re-

150 951 469 1022 sponsionem
511 949 736 1016 subjicit
779 943 1117 1006 Hmscltelius
1156 970 1170 1005 :
1223 953 1298 1006 Οὑ
1335 952 1555 1023 μεγέθει
1593 955 1702 1008 τινὶ¹

152 1045 261 1098 οὑδὲ
307 1041 504 1114 χρόνῳ,
556 1040 691 1094 ἀλλὰ
737 1040 827 1094 διὰ
871 1041 972 1112 τὴν
1019 1040 1079 1106 ἐξ
1134 1042 1298 1096 αὑτοῦ
1338 1043 1434 1096 τοῦ
1485 1045 1700 1116 Πατρὸς

149 1136 396 1205 γέννησιν.
432 1152 450 1184 ι
484 1131 600 1187 Non
633 1131 1008 1202 magnitudine
1031 1131 1236 1201 aliqua,
1277 1149 1376 1190 nec
1425 1143 1690 1204 tempore,

155 1227 234 1281 sed
262 1236 474 1296 propter
513 1225 916 1293 generationem
946 1239 1014 1279 ex
1045 1225 1162 1295 ipso
1193 1226 1391 1290 Patre;
1429 1244 1448 1278 ι
1477 1236 1530 1281 et
1559 1227 1699 1281 alte-

149 1332 249 1372 ram
281 1316 450 1370 hanc:
491 1316 581 1378 Ὠς
619 1313 751 1378 Θεὸς
790 1314 927 1368 Θεοῦ
966 1313 1087 1386 οὑχ,
1123 1316 1200 1380 ὡς
1246 1317 1436 1389 Πατὴρ
1480 1317 1538 1370 δὲ
1567 1316 1698 1370 Υἱοῦ

148 1406 663 1477 ὲνανθρωπήσαντος.
704 1425 722 1456 ι
749 1402 867 1459 Non
901 1414 960 1459 ut
987 1405 1128 1459 Deus
1157 1407 1285 1470 Deo,
1323 1410 1416 1461 sed
1450 1415 1509 1460 ut
1541 1405 1702 1462 Pater

149 1498 288 1565 Filio,
326 1497 416 1566 qui
444 1498 735 1551 humanam
770 1496 1010 1565 suscepit
1055 1505 1325 1552 naturam.
1359 1516 1380 1548 ι
1413 1496 1484 1551 At
1522 1512 1609 1558 ea,
1643 1506 1704 1552 ut

147 1602 261 1643 vere
307 1587 509 1652 dicam,
558 1602 751 1658 parum
799 1587 867 1642 ad
907 1603 1046 1643 rem.
1078 1587 1437 1642 Afﬁrmabant
1479 1591 1697 1657 quidam

149 1679 405 1736 Christum
439 1693 566 1734 esse
594 1679 974 1736 universorum
1027 1680 1218 1746 Deum,
1269 1680 1435 1751 idque
1475 1696 1602 1737 vere
1647 1692 1704 1737 et

147 1771 449 1828 orthodoxe.
478 1771 722 1827 Pertinet
777 1771 907 1826 illud
959 1785 1090 1827 sane
1126 1773 1191 1826 ad
1231 1772 1470 1828 divinam
1500 1773 1700 1828 Christi

1802 692 2003 747 corpus
2033 677 2236 734 Christi
2260 690 2365 746 est,
2396 682 2629 752 ignorat.
2665 680 2782 738 Huc
2814 681 3114 737 addendam
3144 693 3370 740 censeat

1802 769 1997 838 aliquis
2036 769 2250 841 longam
2295 772 2714 843 disputationem
2758 787 2824 828 ex
2869 774 3024 830 initio
3053 777 3182 831 torni
3216 791 3280 842 ιι,
3308 778 3364 829 in

1800 858 1988 924 Joan.,
2016 877 2164 916 num.
2200 863 2311 934 Set
2335 878 2477 931 seq.,
2517 864 2570 917 in
2609 879 2715 933 qua
2737 877 2924 920 vocem
2965 864 3100 930 Θεός
3142 866 3370 921 articulo

1802 966 1900 1006 suo
1929 951 2273 1019 coniunctam
2308 953 2591 1024 distinguit
2621 953 2885 1026 Origenes
2910 970 2940 1009 a
2963 970 3096 1010 voce
3120 953 3254 1020 Θεός
3279 970 3374 1011 eo-

1803 1041 1923 1097 dem
1969 1043 2201 1098 artieulo
2247 1043 2524 1115 destituta,
2559 1053 2724 1114 atque
2773 1046 2915 1101 hanc
2947 1046 3173 1115 deputat
3209 1045 3368 1111 Filio,

1803 1133 1948 1187 illam
1978 1133 2125 1190 Patri
2159 1152 2174 1188 :
2211 1136 2355 1191 unde
2379 1137 2586 1207 opinati
2612 1146 2735 1191 sunt
2757 1138 2975 1207 quidam
3005 1138 3166 1192 aliam
3190 1139 3368 1208 ipsum

1806 1224 2071 1282 Deitatem
2135 1212 2453 1296 ascripsisse
2484 1227 2654 1292 Patri,
2687 1243 2752 1284 ac
2777 1229 3250 1298 praestantiorem;
3288 1230 3375 1284 in-

1805 1316 2060 1372 feriorem
2118 1332 2250 1374 vero
2289 1317 2452 1373 Filio.
2507 1317 2850 1390 Quapropter
2893 1334 2955 1374 ea
2984 1319 3369 1377 Cenebrardus

1804 1406 1870 1462 ab
1902 1408 2118 1462 Arianis
2152 1418 2334 1464 assuta
2376 1410 2542 1466 fuisse
2585 1412 2863 1467 censebat.
2902 1412 2975 1466 At
3022 1427 3146 1467 eum
3174 1427 3239 1467 ea
3292 1421 3375 1466 ta-

1804 1513 1931 1554 men
1956 1500 2145 1556 dextre
2192 1502 2360 1571 accipi
2386 1517 2547 1572 posse
2595 1514 2872 1574 agnoscat,
2911 1514 2968 1559 et
2999 1518 3097 1558 nos
3157 1517 3376 1574 quoque

1807 1590 1861 1645 in
1903 1590 2368 1648 Observationibus
2397 1594 2821 1650 demonstraturi
2877 1595 3070 1658 simus,
3117 1609 3217 1650 cur
3255 1594 3375 1650 loco

1805 1683 1932 1738 huic
1979 1684 2102 1740 falsi
2150 1699 2486 1755 apponamus
2529 1695 2737 1751 notam,
2781 1701 2947 1742 causa
2985 1687 3128 1742 nulla
3162 1695 3268 1741 est.
3304 1684 3378 1740 At

1807 1774 2092 1830 manifeste
2125 1784 2370 1831 sanctum
2409 1776 2669 1846 Spiritum
2717 1777 2922 1832 honore
2966 1791 3064 1832 suo
3098 1791 3163 1831 ac
3202 1775 3378 1846 digni-

148 1872 396 1928 naturam,
434 1877 540 1917 non
566 1862 633 1916 ad
665 1863 981 1918 humanam.
1011 1861 1182 1935 Negat
1210 1879 1241 1919 e
1278 1864 1552 1920 contrario
1580 1864 1704 1920 Ori-
1734 1933 1767 1938 Α
1810 1873 1920 1920 tate
1945 1865 2202 1922 fraudare
2234 1876 2466 1923 conatur
2499 1867 2758 1938 Origenes
2785 1878 2915 1922 tom.
2964 1883 3062 1922 xm
3097 1868 3152 1920 in
3180 1865 3372 1929 Ιοαη..

147 1969 291 2026 genes
328 1954 675 2010 Servatorem
729 1969 850 2010 esse
888 1957 1266 2012 universorum
1297 1957 1462 2011 Deum
1491 1996 1507 2019 ,
1557 1957 1699 2026 quod

1809 1972 1956 2010 num.
2010 1956 2103 2020 95,
2158 1958 2245 2013 his
2295 1959 2508 2014 verbis:
2556 1933 2672 2030 (62)
2722 1957 2866 2030 Πρὸς
2921 1959 3012 2012 τὸν
3051 1957 3376 2029 βουλόμενον

148 2045 259 2101 inde
292 2048 482 2114 probat
504 2047 634 2116 quia
666 2045 824 2100 Patre
851 2047 1029 2102 minor
1065 2048 1158 2109 sit,
1185 2048 1276 2117 qui
1308 2057 1393 2102 est
1419 2047 1704 2103 universo-

149 2151 252 2192 rum
302 2137 465 2192 Deus.
524 2137 731 2191 Divinae
772 2151 904 2206 ergo
953 2136 1161 2192 Christi
1214 2146 1421 2192 natura:
1467 2137 1708 2194 detrahit

147 2243 434 2300 supremam
482 2228 628 2282 illam
677 2226 908 2300 Θεότητα
951 2243 1258 2302 ευριεγι-εε
1296 2229 1600 2294 universas,
1652 2238 1710 2285 et

146 2318 276 2376 Patri
307 2323 511 2378 addicit
542 2340 557 2388 ;
583 2322 920 2392 proindeque
953 2321 1176 2392 μεγέθει
1207 2323 1340 2387 τινι,
1369 2330 1424 2378 et
1455 2333 1514 2377 ut
1536 2323 1704 2378 Deum

148 2411 263 2480 Deo,
289 2413 599 2469 inferiorem
631 2414 788 2468 Patre
819 2415 1017 2470 Filium
1048 2415 1260 2480 statuit,
1291 2430 1397 2470 non
1429 2423 1491 2469 ut
1531 2414 1706 2470 homi-

148 2519 252 2559 nem
285 2504 412 2561 Deo.
448 2504 708 2562 Leontius
742 2507 1077 2578 Byzantinus
1101 2505 1446 2562 Scholiorum
1492 2506 1706 2563 actione

149 2595 226 2657 10,
254 2596 316 2650 ad
340 2597 775 2652 convincendum
808 2598 1016 2652 erroris
1062 2595 1226 2664 hujus
1258 2595 1552 2666 Origenem
1603 2597 1703 2650 ista

148 2687 344 2742 adducit
373 2689 542 2743 verba
573 2703 639 2742 ex
667 2689 898 2758 qua-lam
943 2690 1116 2758 ipsius
1147 2688 1373 2757 epistola
1402 2706 1416 2742 :
1464 2687 1523 2741 Ὀ
1574 2687 1705 2752 Υἱὸς

147 2777 177 2847 ἢ
200 2776 382 2848 μείζων
415 2779 540 2833 ἐστὶ
567 2777 662 2832 τοῦ
688 2779 923 2848 Πατρὸς,
949 2778 982 2849 ἢ
1014 2778 1272 2844 ἐλάττων,
1302 2779 1335 2850 ἢ
1365 2779 1497 2844 ἴσος·
1537 2781 1585 2832 εἰ
1611 2775 1704 2833 οὖν

147 2869 282 2935 δείξω
317 2873 394 2924 ὃτι
447 2871 570 2924 οὑδὲ
622 2871 821 2941 μείζων
863 2863 1030 2935 ἐστὶν,
1070 2871 1192 2924 οὑδὲ
1239 2873 1370 2936 ῐσος,
1415 2871 1571 2940 δῆλον
1622 2873 1704 2925 ὅτι

148 2963 358 3018 ἐλάττων
390 2963 568 3020 ἐστίν.
601 2964 881 3019 Postremo
901 2979 1032 3036 cum
1062 2966 1264 3019 dixerit
1310 2967 1562 3034 superius
1593 2965 1703 3020 Pa-

150 3066 267 3112 trem
299 3057 565 3120 essentia,
591 3057 875 3126 dignitate,
929 3058 1156 3122 virtute,
1212 3057 1515 3122 divinitate,
1548 3059 1704 3112 boni-

148 3155 242 3203 tate
278 3158 330 3203 et
372 3149 646 3218 sapientia
684 3159 944 3217 praestare
977 3147 1139 3211 Filio,
1175 3147 1315 3205 idem
1347 3164 1568 3219 qitoque
1594 3151 1704 3204 sci-

148 3239 237 3293 scit
275 3242 338 3296 de
383 3241 618 3297 scientia
669 3252 828 3296 tract.
891 3241 982 3306 50,
1032 3241 1087 3295 in
1128 3241 1349 3306 Matth.,
1407 3258 1557 3296 num.
1589 3243 1658 3298 55
1686 3260 1698 3295 :
1730 3274 1775 3332 ο

151 3347 170 3381 ι
197 3330 426 3388 Forsitan
470 3342 648 3388 autem
680 3343 734 3388 et
767 3335 908 3402 quod
943 3333 1020 3387 ait
1047 3333 1260 3388 nescire
1285 3347 1345 3387 se
1385 3334 1525 3387 diem
1571 3349 1703 3388 con-

144 3425 510 3480 summationis
547 3435 601 3479 et
638 3423 852 3486 horam.
891 3434 1018 3479 ante
1043 3424 1502 3494 dispensationem
1538 3438 1693 3478 suam

145 3512 259 3570 dixit
293 3517 436 3587 quia,
486 3516 654 3570 Nemo
679 3516 799 3580 scit,
851 3533 1017 3586 neque
1063 3517 1257 3587 angeli,
1295 3497 1475 3585 neque
1507 3514 1700 3580 Filius,

145 3606 233 3659 nisi
266 3609 404 3663 solus
439 3606 609 3661 Pater
639 3608 704 3661 η.
741 3607 869 3661 Post
900 3607 1358 3676 dispensationem
1396 3617 1574 3663 autem
1599 3608 1695 3662 imo

145 3695 319 3764 pletam
361 3715 711 3768 nequaquam
733 3699 836 3754 hoc
865 3699 1028 3762 dixit,
1059 3709 1344 3767 postquam
1385 3697 1522 3752 Deus
1552 3698 1703 3752 illum

147 3791 555 3856 superexaitavit,
581 3801 627 3842 et
657 3791 869 3844 donavit
924 3790 973 3842 ei
1007 3806 1194 3843 nomen
1245 3791 1384 3855 quod
1424 3801 1500 3844 est
1546 3805 1704 3859 super

149 3895 281 3934 omne
325 3899 517 3936 nomen
573 3881 614 3913 "
660 3899 674 3937 :
730 3897 852 3935 nam
908 3890 1092 3952 postea
1149 3891 1204 3934 et
1253 3881 1422 3937 Filius
1449 3885 1704 3952 cognovit

148 3973 406 4028 scientiam
459 3990 488 4027 a
544 3974 708 4029 Patre
751 3975 1076 4043 suscipiens,
1115 3975 1278 4029 etiam
1335 3975 1402 4028 de
1450 3976 1534 4027 die
1570 3990 1702 4028 con-

149 4067 505 4122 summationis
531 4076 587 4120 et
613 4067 769 4131 hora,
806 4075 867 4120 ut
899 4065 1011 4134 jam
1049 4081 1153 4120 non
1186 4066 1360 4120 solum
1401 4065 1560 4119 Pater
1593 4066 1701 4120 sci-

148 4166 220 4210 ret
249 4159 310 4212 de
334 4174 420 4225 ea,
463 4160 560 4214 sed
585 4159 747 4211 etiam
788 4157 981 4212 Filius.
1018 4177 1036 4209 ι
1072 4159 1235 4224 Quasi
1279 4157 1529 4211 Christus
1560 4172 1698 4212 non-

149 4246 236 4302 nisi
262 4262 376 4319 post
408 4261 641 4305 mortem
671 4249 875 4304 ubitam
910 4251 1274 4319 cognitionem
1311 4249 1450 4302 hanc
1479 4265 1508 4302 a
1541 4249 1702 4304 Patre

148 4342 414 4409 acceperit.
455 4344 529 4395 At
570 4341 756 4397 sanior
800 4351 884 4396 est
934 4357 1054 4407 qua:
1092 4340 1254 4411 paulo
1293 4351 1413 4409 post
1453 4342 1703 4409 sequitur

148 4425 237 4483 loci
263 4431 497 4499 ejusdem
529 4433 819 4503 expositio,
849 4443 1078 4488 eatenus
1115 4447 1306 4502 nempe
1343 4433 1530 4486 horam
1558 4431 1701 4486 hanc

214 4565 256 4598 ¹⁶
275 4569 462 4629 Matth.
493 4589 648 4640 xxiv,
677 4569 769 4628 56.
848 4574 890 4605 “’
914 4572 1109 4644 Philip.
1141 4589 1204 4636 ιι,
1245 4574 1279 4628 9

1806 2047 2187 2118 ὑπερὼξάζειν
2225 2050 2316 2104 τὸν
2363 2050 2512 2113 Υἱὸν,
2569 2051 2783 2104 πάντων
2828 2050 2925 2121 μὲν
2969 2049 3079 2102 τῶν
3137 2049 3381 2120 γενητῶν

1805 2140 2113 2212 ὑπερέχειν,
2135 2141 2197 2195 ού
2233 2142 2537 2214 συγκρίσει,
2585 2142 2700 2196 ἀλλ’
2747 2141 3158 2216 ὑπερϐαλλούσῃ
3206 2142 3380 2214 ὑπερ-

1814 2231 2144 2303 οχῇ,-φαμὲν
2181 2233 2273 2287 τὸν
2301 2234 2551 2307 Σωτῆρα,
2601 2235 2697 2288 καὶ
2741 2234 2802 2288 τὸ
2847 2235 3070 2306 Πνεῦμα
3101 2235 3162 2288 τὸ
3200 2232 3380 2304 ἅγιον,

1809 2324 2212 2396 ὑπερεχόμενον
2271 2326 2548 2392 τοσοῦτον,
2579 2327 2612 2398 ἢ
2651 2326 2742 2381 καὶ
2785 2325 2942 2380 πλέον
2985 2327 3092 2381 ἀπὸ
3135 2325 3229 2380 τοῦ
3273 2326 3385 2391 lla:

1805 2413 1953 2485 τρὸς,
1986 2415 2096 2485 ὅσῳ
2123 2414 2380 2486 ὑπερέχει
2406 2415 2567 2479 αὑτὸς
2607 2416 2701 2470 καὶ
2729 2415 2790 2470 τὸ
2817 2415 2971 2485 ἅγιον
3001 2414 3226 2486 Πνεῦμα
3269 2413 3380 2470 τῶν

1804 2503 2028 2570 λοιπῶν,
2067 2505 2129 2557 οὑ
2169 2508 2280 2559 τῶν
2317 2507 2609 2577 τυχόντων.
2659 2507 2924 2576 Spiritum
2973 2516 3220 2563 sanctum
3268 2506 3382 2562 illic

1809 2595 1951 2650 infra
1979 2595 2194 2652 Patrem
2223 2599 2512 2666 deprimit:
2545 2598 2684 2654 Filio
2701 2614 2830 2654 vero
2849 2599 3138 2668 posthabet
3161 2607 3292 2655 tom.
3314 2613 3378 2663 ιι.

1805 2689 1860 2742 in
1885 2687 2071 2753 10am,
2093 2703 2242 2743 num.
2291 2687 2360 2744 6:
2391 2689 2501 2760 (95)
2541 2688 2726 2744 Ταῦτα
2753 2688 2808 2743 δὲ
2837 2689 3066 2744 ἐπιπολὺ
3093 2690 3383 2760 ἐξήτασται

1806 2780 2137 2851 σαφέστερον
2192 2781 2322 2836 ἰδεῖν
2374 2780 2737 2854 βουλομένοις,
2802 2780 2940 2846 πῶς,
2998 2782 3048 2834 εἰ
3103 2781 3282 2835 πάντα
3313 2781 3382 2835 δι’

1803 2871 1968 2926 αὑτοῦ
1995 2874 2231 2942 ἐγένετο,
2260 2873 2354 2928 καὶ
2377 2874 2439 2928 τὸ
2464 2873 2688 2946 Πνεῦμα
2717 2874 2804 2928 διὰ
2833 2875 2924 2928 τοῦ
2956 2873 3114 2944 λόγου
3140 2874 3381 2942 ἐγένετο.

1803 2963 1860 3016 ἓν
1915 2965 2022 3017 τῶν
2079 2965 2294 3019 πάντων
2345 2965 2610 3037 τυγχάνον
2643 2966 3044 3037 ὑποδεεστέρων
3085 2965 3180 3018 τοῦ
3227 2965 3293 3019 δι’
3320 2960 3384 3022 οὗ

1803 3056 2019 3125 ἐγένετο
2044 3057 2353 3127 νοούμενον,
2382 3059 2430 3110 εἰ
2462 3057 2557 3111 καὶ
2579 3057 2751 3120 λέξεις
2771 3058 2912 3120 τινὲς
2939 3059 3210 3128 περισπᾷν
3236 3056 3384 3128 ἡμᾶς

1803 3151 1885 3212 εἰς
1923 3147 1986 3200 τὸ
2015 3149 2255 3201 ἐναντίον
2296 3147 2564 3202 δοκοῦσιν.

1880 3238 2009 3294 Vill.
2065 3240 2230 3295 Lassa:
2281 3240 2486 3295 Christi
2531 3241 2830 3310 majestatis
2885 3255 3034 3294 remn
3093 3239 3384 3311 Origenem

1809 3332 2019 3403 peragit
2047 3331 2414 3403 Hieronymus
2442 3332 2605 3402 epist.
2649 3332 2741 3397 59,
2767 3333 2838 3386 ad
2862 3331 3027 3395 Avit.,
3071 3347 3188 3402 cap.
3224 3347 3262 3394 ι,
3291 3331 3385 3385 ubi

1807 3422 1930 3477 libri
1969 3424 2129 3492 primi
2163 3424 2305 3492 Περὶ
2333 3423 2536 3493 ἀρχῶν
2557 3424 2749 3479 deliria
2783 3439 3240 3486 commemorans.
3268 3421 3384 3495 (94)

1810 3516 2013 3570 dixisse
2060 3515 2208 3570 illum
2246 3525 2446 3571 notat:
2497 3533 2516 3568 ι
2545 3515 2818 3570 Christum
2877 3514 3164 3570 collatione
3209 3513 3387 3569 Patris

1810 3607 2158 3676 splendorem
2190 3623 2313 3663 esse
2342 3622 2694 3678 perparvom,
2725 3607 2818 3677 qui
2849 3611 2990 3677 apud
3026 3622 3125 3662 nos
3156 3623 3254 3678 pro
3283 3607 3386 3662 im-

1809 3699 2106 3754 becillitate
2162 3710 2346 3753 nostra
2397 3715 2623 3770 magnus
2653 3712 2775 3754 esse
2818 3699 3088 3753 videatur.
3131 3718 3150 3749 ι
3183 3697 3387 3752 Deinde

1810 3789 2000 3844 addit:
2042 3789 2156 3861 (95)
2204 3809 2222 3841 ι
2262 3789 2501 3846 Duarum
2537 3793 2867 3854 statuarum,
2907 3789 3129 3859 majoris
3173 3799 3230 3843 et
3263 3804 3386 3859 par-

1810 3882 1986 3947 vulaa;
2033 3883 2196 3938 unius
2231 3898 2352 3952 qua:
2409 3885 2668 3936 mundum
2711 3881 2954 3950 impleat,
3011 3891 3067 3936 et
3109 3883 3383 3950 magnitu-

1811 3973 1935 4028 dine
1977 3989 2072 4028 sua
2103 3974 2506 4044 quodammodo
2549 3973 2832 4028 invisibilis
2886 3973 2997 4036 sit;
3051 3982 3109 4026 et
3162 3973 3388 4026 alterius

1811 4080 1933 4135 qua:
1961 4069 2061 4120 sub
2083 4067 2270 4120 oculos
2296 4068 2478 4128 cadat,
2512 4066 2665 4134 ponit
2693 4063 3004 4134 exemplum
3035 4104 3049 4129 ,
3083 4063 3252 4131 priori
3285 4061 3388 4116 Pa~

1812 4168 1973 4220 trem,
2007 4160 2290 4228 posteriori
2319 4157 2519 4212 Filium
2544 4171 2889 4227 comparans.
2916 4175 2935 4207 ι
2963 4154 3307 4210 Justinianus
3331 4155 3385 4208 in

1809 4248 2042 4318 epistola
2093 4252 2158 4302 ad
2209 4249 2420 4302 Menam
2471 4248 2670 4314 gradus
2717 4249 2769 4302 in
2820 4247 3088 4302 Trinitate
3136 4247 3386 4316 posuisse

1812 4341 1987 4411 ipsum
2017 4341 2134 4403 ait,
2173 4351 2228 4396 et
2256 4340 2472 4395 Patrem
2502 4339 2645 4395 Filio
2667 4339 2927 4408 majorem
2966 4339 3188 4393 finxisse
3220 4355 3233 4390 :
3273 4347 3385 4391 turn

1811 4448 1874 4488 ex
1914 4433 2046 4502 ipsis
2075 4430 2326 4503 Origenis
2362 4432 2544 4488 verbis
2585 4431 2992 4488 accusationem
3041 4445 3200 4486 suam
3233 4444 3385 4486 com-

147 4706 537 4783 dominabitur?
566 4731 584 4762 ι
613 4713 742 4780 Qua:
762 4729 883 4768 cum
914 4712 1296 4783 haereticorum
1327 4713 1549 4783 propria
1574 4729 1697 4769 esse
1737 4695 1784 4753 θ
1880 4711 2014 4783 (Μ)
2043 4711 2251 4783 Dixisse
2288 4710 2436 4764 illum
2461 4719 2630 4773 notat,
2653 4708 2924 4764 Christum
2954 4707 3234 4783 collatione
3268 4702 3385 4783 Ρα-

149 4781 360 4860 ειςειείιιει
410 4793 506 4836 aut
557 4782 1171 4860 dissimularet._Filium
1206 4783 1309 4860 Dei_
1329 4781 1470 4852 apud
1504 4799 1696 4838 omnes

145 4845 488 4919 Christianos,
539 4870 557 4903 ς
600 4854 882 4908 fortiorem
942 4853 1049 4906 Deo
1119 4845 1407 4919 imperium
1455 4862 1692 4914 tenente.

146 4916 354 4999 altisque
377 4916 818 4986 Dominum‘dici,
855 4937 920 4999 ae
953 4923 1128 4978 solum
1148 4916 1249 4977 coli
1282 4942 1299 4972 ιι
1334 4925 1690 4999 querebatur.

149 4985 401 5062 Chi-imum
451 5007 610 5062 ergo,
663 5002 721 5045 ut
766 4985 954 5062 exibis
981 5003 1158 5062 patet,
1196 5008 1300 5046 non
1337 4985 1500 5044 Deum
1535 5002 1694 5062 negat

147 5051 411 5128 Origenes.
444 5051 546 5117 sed
571 5061 732 5116 Patre
755 5051 1015 5129 majorem
1052 5051 1218 5116 Deum
1252 5079 1268 5126 ;
1312 5076 1414 5115 nec
1447 5051 1692 5116 Catholi-

146 5138 231 5196 cos
260 5130 476 5196 refellit,
509 5133 604 5186 sed
633 5133 1096 5193 criminationem.
1142 5133 1230 5186 cui
1269 5131 1552 5184 materiam
1598 5133 1695 5185 dc-

146 5193 322 5270 derant
351 5193 732 5256 haereticorum
776 5213 1108 5266 commenta,
1139 5217 1168 5254 ιι
1202 5201 1538 5270 Christianis
1570 5217 1697 5270 pro-

145 5265 321 5330 pulsat.
353 5271 412 5324 D.
440 5271 702 5325 Prudent.
722 5271 904 5326 Marau
931 5271 1002 5324 De
1026 5273 1230 5325 diuinit.
1253 5269 1454 5324 Christ.
1493 5265 1586 5324 lib:
1620 5288 1693 5332 tv.

147 5345 256 5402 cap.
286 5339 374 5401 16,
408 5357 559 5395 ιιιιιιι.
593 5341 648 5395 5.
685 5341 816 5396 Vide
846 5352 898 5396 et
929 5342 1136 5396 Rullum
1187 5342 1396 5410 Defens.
1428 5341 1552 5408 ﬁdei
1590 5341 1694 5393 Νι-

145 5415 288 5496 fﬁm
309 5411 388 5496 nde
423 5410 545 5491 Filii
574 5411 970 5496 νιτιξιρμοουςιιῳ3
998 5427 1118 5480 cap.
1142 5411 1382 5496 9.Anum.
1413 5410 1502 5474 12,
1541 5421 1596 5465 et
1625 5411 1699 5464 De

145 5474 559 5550 subordination
593 5474 746 5539 Filii.
779 5499 895 5550 cap.
920 5474 986 5544 ’2,
1014 5474 1164 5535 num.
1189 5480 1244 5535 6.

208 5545 311 5618 (92)
350 5550 494 5620 Πρὸς
522 5551 612 5604 τὸν
643 5545 984 5623 βουλόμενον,
1017 5561 1121 5623 etc.
1174 5551 1308 5623 Vide
1339 5550 1698 5623 paulosupra

146 5612 568 5694 observationem
623 5612 675 5676 in
710 5612 824 5678 haec
853 5612 1108 5692 Origenis
1139 5622 1300 5676 verba
1327 5612 1352 5674 ι’
1387 5620 1526 5673 Ἀλλ’
1551 5612 1700 5690 ὅμως

145 5688 239 5735 τῶν
270 5688 558 5754 τοσούτων,
595 5703 702 5747 etc.

208 5754 550 5834 (93)__To.6¢a
587 5762 645 5814 δὲ
690 5762 923 5834 ἐπιπολὺ
971 5758 1696 5834 ἐξήτασταιηειεηειι-Ρθ-

147 5827 535 5900 trumaliorum
579 5833 847 5886 similibus
898 5827 1077 5887 verbis
1119 5831 1358 5886 ostendit
1389 5831 1530 5884 infra
1580 5831 1695 5900 ipse

149 5889 356 5952 lluetius
381 5916 492 5970 quo
523 5917 686 5958 sensu
718 5905 833 5958 haec
867 5905 1039 5973 accipi
1067 5904 1322 5960 debeant.

1806 4774 1903 4836 tris
1934 4774 2262 4848 splendorem
2310 4797 2420 4834 esse
2467 4795 2798 4848 perparuum,
2847 4789 2953 4832 etc.
2986 4775 3222 4848 Videtur
3268 4774 3387 4828 haec

1804 4845 2115 4914 criminatio
2168 4867 2234 4903 ex
2277 4850 2344 4903 iis
2399 4845 2531 4903 locis
2560 4845 2763 4916 petita,
2805 4848 2892 4899 ubi
2943 4846 3076 4900 dicit
3119 4845 3386 4916 Origenes

1809 4939 1828 4971 ι
1875 4924 1926 4976 iu
1957 4921 2117 4974 Patre
2144 4921 2323 4974 nullas
2351 4934 2474 4974 esse
2499 4915 2775 4979 tenebras.
2817 4916 3010 4970 Filium
3037 4928 3171 4968 vero
3214 4915 3263 4964 in
3305 4922 3385 4963 te-

1805 4991 1993 5046 nebris
2026 4991 2230 5044 lucere.
2264 5008 2281 5039 ι
2315 4987 2421 5042 Sed
2452 5003 2561 5056 quo
2591 5001 2752 5041 sensu
2784 4986 2838 5039 id
2873 4984 3077 5056 dixerit
3099 4997 3258 5050 supra
3287 4995 3388 5034 ex—

1803 5063 2074 5130 penimus,
2116 5075 2268 5130 num.
2297 5059 2352 5119 3,
2409 5054 2616 5130 in_ba:e
2647 5056 2851 5130 verba:
2886 5072 2907 5104 ι
2941 5054 3049 5130 Sed
3077 5065 3271 5130 vereor
3296 5060 3388 5130 ta»

1803 5121 1924 5198 inen
1983 5121 2166 5198 nerrde
2212 5127 2506 5198 Platonicre
2559 5121 3382 5198 do_clrin:_e_nartheciojnguétg.

1801 5196 1936 5253 Vide
1979 5208 2034 5254 et
2068 5197 2278 5252 Bullum
2331 5197 2546 5265 Defens.
2601 5195 2728 5264 ﬁdei
2771 5191 3012 5246 Nicwna’
3043 5193 3111 5246 de
3151 5189 3277 5244 Filii
3304 5189 3384 5260 τῷ

1801 5269 2089 5341 ὀμοουσίιρ,
2131 5284 2253 5337 cap.
2290 5267 2347 5326 9.
2378 5284 2526 5319 num.
2563 5267 2648 5320 l8.

1875 5341 1989 5409 (95)
2040 5329 2649 5409 Duarumistatuarum,
2696 5336 2927 5409 majoris
2995 5329 3383 5409 et___paruulog,

1803 5397 1913 5465 etc.
1973 5397 2171 5462 Exstat
2225 5408 2442 5474 quidem
2499 5397 2806 5473 exemplum
2848 5407 2980 5474 _hoc
3058 5397 3152 5474 lib.
3213 5414 3231 5455 ι
3306 5397 3385 5452 De

1801 5482 2054 5548 princip.,
2082 5493 2201 5544 cap.
2234 5472 2289 5538 2,
2324 5493 2472 5531 ιιιιιιι.
2504 5476 2557 5529 8.
2591 5472 2697 5548 Sed
2732 5477 2800 5548 de
2846 5472 3221 5548 lucarnatioue
3267 5483 3389 5548 nia-

1805 5540 2062 5604 bifestum
2124 5540 2207 5619 est
2254 5550 2570 5619 0rigenem_
2600 5544 2770 5619 loqui,
2807 5555 2862 5619 et
2911 5545 3014 5597 hoc
3061 5540 3380 5619 exemplum

1807 5620 2013 5673 idcirco
2055 5618 2335 5690 adhibere,
2356 5610 2392 5690 ἰ
2428 5616 2575 5685 quod
2607 5610 2929 5690 exinaniens
2957 5628 3033 5690 se.
3060 5610 3253 5690 Filius,
3286 5610 3382 5676 qui

1800 5699 1921 5744 erat
1974 5690 2024 5741 in
2081 5689 2254 5741 forma
2303 5686 2416 5744 Dei.
2446 5681 2568 5752 "per
2627 5685 2797 5752 ipsam
2827 5685 2911 5737 sui
2949 5681 3380 5752 exinanitioue‘m

1805 5759 1990 5813 studet
2041 5758 2196 5812 nobis
2243 5756 2333 5810 Dei
2384 5746 2770 5824 plenitudinem
2819 5755 3219 5824 demonstrare.
3255 5746 3378 5824 ηιξ.

1808 5828 1972 5882 Prud.
2001 5827 2200 5900 _Maran
2247 5825 2349 5900 De’
2379 5816 2582 5880 divinit.
2633 5824 2829 5879 Christi
2855 5819 2962 5897 lib.
3020 5835 3094 5886 tv,
3135 5833 3257 5890 cap.
3289 5816 3378 5881 16,

1807 5915 1956 5952 ιιιιιιι.
1996 5898 2044 5953 1.
