3866 6510
494 466 505 473 ·
543 453 639 521 Ἷεςι

1803 464 1882 558 Ρ.⁵
1901 462 2088 557 ΒᾼΝΙΈ

2194 464 2214 519 5
2251 460 2485 519 HUETII
3637 473 3714 527 752

537 579 761 649 probat.
825 577 894 634 Et
927 576 1056 648 quid
1114 573 1353 650 reliquos
1403 592 1833 638 commemorare
1889 583 2106 650 attinet,
2136 589 2183 646 Α
2210 589 2452 637 vatorem
2488 595 2618 652 ergo
2651 579 3024 634 universorum
3055 577 3222 634 Deum
3248 593 3366 636 esse
3395 592 3562 653 negat,
3583 585 3716 642 Deum

542 685 664 725 cum
724 683 823 740 par
873 669 944 726 sit
1000 669 1326 741 scriptorum
1391 671 1507 728 fere
1559 673 1802 729 omnium
1858 675 2105 744 querela,

503 796 507 800 ν
537 769 813 832 quotquot
835 761 890 816 in
921 760 1042 834 ejus
1068 765 1416 821 recensendis
1439 765 1718 821 erroribus
1747 780 1965 836 operam
2002 765 2104 820 ali-

531 867 704 921 quam
739 853 1086 922 posuerunt?
1113 853 1230 910 Non
1268 856 1573 911 minoribus
1607 857 1855 912 doctrina
1883 856 1998 925 ejus
2041 857 2106 912 de

535 944 743 1012 Spiritu
795 954 986 1001 sancto
1031 946 1532 1004 insimulationibus
1570 957 1630 1004 et
1665 949 1935 1005 conviciis
1982 963 2107 1021 pro-

535 1035 712 1092 scissa
737 1044 824 1092 est
859 1051 888 1090 a
925 1035 1248 1109 Theophilo,
1289 1039 1618 1110 Epiphanio,
1663 1049 1718 1095 et
1742 1050 1940 1110 praeter
1971 1041 2106 1096 alios

537 1142 568 1180 a
605 1125 826 1196 Basilio,
867 1129 961 1200 qui
993 1127 1116 1185 libri
1155 1129 1232 1184 De
1283 1129 1489 1198 Spiritu
1537 1140 1743 1196 sancto,
1773 1146 1892 1200 cap.
1923 1131 2015 1198 ‘29,
2050 1140 2105 1187 et

525 1218 704 1289 «epist.
735 1218 826 1287 41,
865 1219 1153 1292 Origenem
1192 1220 1260 1276 de
1307 1222 1510 1290 Spiritu
1560 1232 1750 1277 sancto
1803 1222 1945 1278 male
1987 1237 2106 1278 sen-

529 1311 786 1377 tientem,
829 1313 873 1367 si
905 1314 1122 1382 quando
1166 1323 1316 1368 recte
1360 1314 1574 1368 locutus
1605 1325 1710 1381 est,
1737 1315 1788 1368 vi
1811 1324 2103 1370 consuetu-

524 1402 681 1459 dinis
714 1411 770 1458 et
805 1403 1115 1459 traditionis
1153 1405 1356 1460 victum
1403 1405 1569 1460 fuisse
1607 1406 1818 1460 scribit.
1844 1404 2100 1476 Ejusdem

507 1492 699 1547 etiam
753 1508 908 1550 noxa:
969 1495 1256 1551 arcessivit
1311 1497 1622 1568 Dionysium
1676 1496 2100 1552 Alexandrinum

513 1580 786 1654 "Origenis
818 1584 1140 1654 discipulum
1168 1605 1180 1639 :
1209 1585 1346 1642 adeo
1374 1596 1435 1642 ut
1463 1604 1531 1643 ex
1574 1588 1886 1644 Adamantii
1917 1588 2100 1646 schola

529 1673 693 1742 primi
721 1676 962 1730 omnium
998 1676 1259 1732 adversus
1287 1677 1546 1748 Spiritum
1599 1690 1849 1736 sanctum
1881 1695 2097 1736 errores

524 1764 818 1821 videantur
847 1767 1136 1822 exstitisse.
1161 1767 1242 1822 Ad
1278 1770 1506 1825 aliorum
1536 1771 1951 1828 criminationes
1972 1772 2102 1842 adji-

505 1858 605 1912 -‘cit
629 1856 992 1929 Hieronymus
1023 1859 1114 1914 lib.
1151 1875 1188 1916 ll
1233 1859 1388 1928 Apol.
1420 1863 1622 1918 advers.
1656 1861 1862 1933 Rufin.,
1895 1877 2014 1932 cap.
2035 1864 2092 1929 3,

525 1947 736 2003 dixisse
770 1948 918 2003 illum
943 1947 1122 2005 Patris
1163 1959 1215 2004 et
1249 1949 1372 2005 Filii
1422 1951 1734 2008 ministrum
1770 1969 1890 2008 esse
1917 1954 2094 2024 Spiri-

509 2045 644 2093 ftum
675 2047 920 2094 sanctum
959 2057 974 2095 :
1026 2049 1084 2096 et
1123 2039 1459 2098 Iustinianus
1489 2043 1541 2098 in
1570 2044 1674 2098 ﬁne
1713 2043 1954 2114 epistolae
1985 2060 2097 2101 suae

527 2130 598 2185 ad
629 2129 836 2185 Menam
869 2130 1158 2204 Origenem
1193 2133 1270 2187 ait
1319 2132 1517 2187 Filium
1556 2142 1611 2189 et
1659 2135 1921 2205 Spiritum
1969 2150 2096 2191 san-

506 2230 672 2276 actum
716 2221 1015 2292 appellasse
1055 2222 1403 2294 λειτουργικὰ
1447 2224 1584 2294 ζῶα,
1639 2243 1658 2278 r
1696 2226 2088 2283 ministratoria

507 2313 802 2368 ranimalia.
834 2333 853 2368 ι

598 2403 692 2459 IX.
735 2404 903 2460 Multa
933 2406 1151 2477 quidem
1184 2415 1373 2462 contra
1403 2407 1517 2463 haec
1556 2407 1611 2462 in
1639 2406 1868 2478 gratiam
1903 2405 2095 2477 Orige-

525 2494 612 2551 nis
648 2496 866 2551 obtendi
898 2506 1150 2566 possunt,
1193 2497 1392 2568 quibus
1423 2496 1782 2552 orthodoxam
1819 2497 1888 2552 de
1917 2495 2082 2553 Verbi

522 2585 789 2654 dignitate
837 2586 1163 2642 sententiam
1207 2586 1346 2640 tueri
1392 2586 1540 2641 visus
1585 2594 1709 2641 est:
1759 2586 1852 2641 sed
1882 2600 1946 2641 ea
1981 2586 2094 2644 fere

511 2690 558 2760 β
589 2676 746 2732 libris
780 2676 1098 2760 deprompta
1144 2693 1265 2747 quae
1308 2677 1561 2732 Ruﬁnum
1610 2678 1963 2748 interpretem
1991 2679 2091 2734 ba-

523 2755 678 2832 bent,
720 2755 1119 2838 propteranue
1144 2767 1316 2822 dubia:
1341 2777 1466 2822 sunt
1506 2766 1651 2833 ﬁdei,
1682 2779 1738 2824 et
1764 2769 2090 2840 interpolata

519 2860 670 2914 credi
703 2869 954 2932 possunt.
980 2859 1282 2916 Aﬁeremns
1307 2869 1485 2915 tamen
1517 2859 1752 2930 singula,
1782 2876 1850 2917 ne
1871 2877 2090 2917 causam

505 2948 772 3020 Origeuis
807 2950 1116 3006 deseruisse
1154 2949 1452 3005 videamur.
1484 2949 1561 3005 Ac
1592 2951 1824 3020 primum
1850 2953 1916 3006 de
1937 2952 2093 3007 Chri-

515 3049 607 3095 sto
657 3041 772 3096 liaee
822 3041 1074 3112 leguntur
1130 3043 1275 3097 bom.
1335 3042 1369 3096 4
1438 3042 1495 3096 in
1553 3041 1768 3109 Genes.,
1822 3058 1970 3097 num.
2017 3043 2086 3098 5:

526 3150 550 3185 ι
577 3133 833 3190 Formam
866 3149 1098 3204 namque
1123 3135 1264 3190 servi
1297 3133 1528 3204 accepit,
1555 3142 1610 3190 et
1639 3150 1761 3189 cum
1806 3136 1924 3204 ipse
1954 3137 2091 3190 iuvi-

517 3224 696 3280 sibilis
739 3227 813 3280 sit
852 3235 1079 3291 namrae,
1132 3234 1319 3296 utpote
1373 3225 1599 3296 aequalis
1642 3225 1806 3286 Patri.
1839 3227 2082 3282 habitum

501 3323 703 3372 tamen
751 3317 1016 3372 visibilem
1061 3318 1298 3388 suscepit
1337 3339 1348 3373 :
1385 3336 1404 3371 ι
1449 3327 1506 3372 et
1559 3319 1663 3374 ista
1716 3318 1854 3373 libro
1894 3335 1968 3373 vu
2030 3320 2087 3374 in

531 3405 708 3477 Epist.
745 3407 905 3463 Pauli
928 3409 997 3462 ad
1031 3408 1212 3475 Rom.,
1241 3425 1392 3464 nttm.
1423 3410 1478 3476 5,
1497 3424 1619 3480 pag.
1648 3410 1750 3465 599
1776 3429 1790 3465 :
1829 3428 1848 3460 r
1872 3411 1934 3464 Et
1968 3412 2088 3466 ideo

508 3513 626 3554 non
667 3501 735 3554 ad
773 3500 1022 3568 iniuriam
1076 3501 1296 3568 dicitur,
1356 3501 1480 3572 quia
1526 3502 1808 3572 prephetis
1856 3501 2085 3570 subjecti

518 3599 648 3645 sunt
697 3591 940 3661 spiritus,
965 3592 1076 3647 sed
1109 3592 1175 3646 ad
1211 3593 1711 3662 dispensationem;
1765 3592 1908 3648 sicut
1935 3604 1989 3649 et
2021 3594 2087 3648 il-

511 3681 609 3736 iud
664 3682 870 3737 dictum
925 3683 1222 3751 accipimus
1274 3684 1340 3739 de
1381 3682 1685 3749 Salvatore,
1719 3684 1846 3754 quia
1885 3695 2007 3738 tunc
2037 3695 2085 3740 et

510 3775 630 3841 ipse
659 3772 838 3828 Filius
871 3775 1136 3844 subjectus
1168 3777 1266 3829 erit
1296 3777 1384 3844 qui
1417 3775 1516 3829 sibi
1545 3774 1777 3829 subdidit
1811 3777 1986 3830 omnia
2019 3776 2084 3830 ¹⁶.

512 3863 581 3919 Ει
629 3864 721 3920 hit:
789 3867 933 3920 enim
968 3866 1242 3934 subjectus
1286 3883 1391 3922 non
1431 3867 1586 3938 quasi
1616 3867 1840 3922 inferior
1860 3867 2080 3922 dicitur.

503 3954 796 4023 Quomodo
825 3959 968 4013 enim
1001 3958 1226 4013 inferior
1254 3959 1360 4014 dici
1390 3968 1590 4029 potest,
1624 3960 1716 4029 qui
1773 3959 1942 4015 Filius
1973 3969 2082 4026 est,

513 4057 566 4102 et
597 4048 778 4102 omnia
811 4057 895 4104 est
919 4064 1040 4118 qua:
1069 4047 1272 4104 Pater?
1305 4049 1498 4104 Omnia
1522 4050 1690 4116 enim,
1738 4050 1937 4120 inquit,
1972 4051 2084 4106 Pa-

513 4150 612 4203 ter,
658 4147 772 4206 tua,
812 4155 930 4194 mea
971 4149 1095 4194 sunt
1145 4141 1208 4193 ⁸⁷.
1262 4159 1282 4193 ι
1326 4141 1466 4208 Quin
1500 4142 1663 4195 etiam
1713 4142 1835 4196 libr.
1887 4158 1903 4198 l
1942 4145 2082 4213 "cpi

493 4229 734 4300 ἀρχῶν,
767 4246 886 4301 cap.
925 4232 980 4296 2,
1005 4232 1253 4288 eamdem
1297 4247 1418 4288 esse
1464 4233 1620 4288 docet
1653 4232 1830 4288 Patris
1859 4243 1916 4290 et
1962 4234 2082 4289 Filii

507 4322 838 4389 potentiam,
879 4324 1178 4379 bonitatem
1237 4325 1503 4379 eamdem.
1551 4325 1664 4396 ($.36)
1700 4324 1852 4390 Quod
1900 4335 2080 4380 autem

513 4409 857 4467 Servatorem
875 4415 1254 4471 universorum
1271 4430 1393 4471 esse
1414 4415 1581 4470 Deum
1617 4419 1831 4487 negavit
1852 4417 1944 4472 lib.
1984 4433 2082 4471 vm

492 4511 694 4553 scontra
729 4503 958 4563 Celsum,
995 4521 1146 4559 num.
1196 4505 1284 4570 14,
1332 4506 1458 4560 huic
1505 4508 1631 4560 illud
1681 4509 1876 4578 apponi
1908 4519 2084 4577 potest

511 4607 544 4645 e
572 4590 1100 4662 Pra'fat.Comment.
1128 4598 1182 4648 in
1204 4596 1389 4660 Joan.,
1412 4613 1564 4651 num.
1601 4599 1686 4662 ll,
1718 4615 1840 4669 pag.
1868 4600 1936 4653 19..
1964 4619 1978 4654 :
2007 4602 2079 4654 Οὐ

513 4683 816 4755 σιωπητέον
853 4685 930 4751 δὲ,
963 4687 1083 4760 οὐδὲ
1114 4687 1203 4739 τὸν
1233 4687 1370 4758 μετὰ
1413 4688 1504 4741 τὸν
1548 4690 1768 4761 Πατέρα
1808 4691 1915 4744 τῶν
1945 4692 2082 4746 ὅλων

499 4774 642 4828 Θεὸν
685 4776 877 4844 Λόγον,
903 4767 1115 4842 οὐδενδξ
1161 4781 1267 4851 γὰρ
1306 4779 1522 4833 ἔλαττον
1561 4782 1764 4850 ἀγα.θοῦ
1799 4785 1893 4836 καὶ
1928 4783 2084 4836 τοῦτο

507 4868 572 4920 τὸ
611 4867 834 4936 ἀγαθόν.
868 4871 1000 4924 Cum
1026 4872 1170 4925 enim
1199 4872 1382 4925 omnia
1421 4872 1618 4927 habeat
1644 4891 1670 4926 :t
1699 4872 1861 4926 Patre
1885 4873 2078 4941 Filius,

507 4971 794 5028 acceptum
819 4959 968 5015 Patri
995 4961 1163 5017 refert
1195 4965 1570 5020 universorum
1608 4980 1733 5020 esse
1779 4964 1940 5019 Deus.
1979 4965 2083 5019 Re-

509 5064 632 5105 rum
669 5051 837 5120 igitur
867 5054 1242 5109 universarum
1293 5056 1434 5111 Deus
1484 5065 1569 5110 est
1621 5056 1781 5110 Pater
1809 5071 1838 5109 a
1865 5071 1957 5119 se;
1995 5056 2084 5108 Fi-

521 5139 626 5195 lius
665 5145 980 5199 earumdem
1008 5160 1183 5200 rerum
1212 5146 1350 5200 Deus
1379 5156 1460 5201 est
1493 5161 1523 5200 a
1553 5147 1734 5201 Patre.
1771 5146 1903 5200 Cum
1953 5144 2083 5200 Ser-

581 5345 624 5376 “
652 5345 671 5400 I
698 5346 824 5402 Cor.
859 5361 950 5413 xv,
973 5345 1062 5402 28.
1143 5347 1186 5379 ¹⁷
1211 5347 1369 5404 Joau.
1405 5363 1537 5413 xvn,
1581 5349 1668 5406 l0.
1749 5349 1792 5382 ¹⁸
1824 5350 2023 5420 Ephes.
2074 5366 2113 5417 ι,
2145 5349 2237 5403 21.

581 5482 695 5554 (96)
737 5481 888 5548 Quod
937 5495 1112 5538 autem
1146 5481 1513 5554 Servatorem,‘
1538 5494 1642 5536 etc.
1699 5483 1844 5538 ‘Vide
1891 5501 2074 5554 supra,

508 5552 659 5606 num.
687 5555 740 5617 7,
764 5554 1202 5608 observationem
1229 5557 1281 5606 in
1313 5556 1452 5606 hunc
1483 5552 1737 5620 Origenis
1765 5552 2075 5608 contextum

506 5635 574 5675 ex
610 5622 701 5675 lil).
727 5637 826 5673 VIII
867 5635 1049 5675 contra
1082 5623 1216 5677 Cels.
1253 5638 1271 5675 :
1312 5625 1489 5675 Ἔστω
1519 5623 1574 5677 δέ
1599 5641 1749 5688 τινας
1768 5625 1841 5687 ὠς
1865 5627 1941 5689 ὲν,
1973 5635 2079 5677 etc.

584 5690 695 5761 (97)
748 5690 1091 5761 Verumleeia
1121 5705 1262 5756 sunt,
1293 5704 1348 5745 ut
1396 5695 1529 5755 dixi,
1571 5710 1688 5760 qua:
1725 5706 1976 5761 petuntur
2013 5709 2078 5747 ea:

492 5760 810 5830 ~operibusa
841 5760 1034 5828 Ruﬁno
1061 5762 1416 5830 interpretatis
1446 5764 1766 5827 testimonia,
1801 5775 1902 5818 etc.
1940 5763 2076 5818 Gra-

514 5829 665 5902 viora
708 5829 820 5902 alia
857 5829 1772 5902 testimoniareperire.p0tuisset
1825 5832 2073 5898 Huetius,

499 5898 559 5953 si
587 5897 858 5954 libuisset.
896 5900 1060 5954 Suam
1099 5901 1242 5955 enim
1283 5897 1348 5956 de
1385 5897 1586 5970 Spiritu
1635 5912 1822 5960 sancto
1855 5897 2074 5959 sentem

2207 673 2452 745 iutellige
2479 687 2508 727 a
2535 686 2615 735 se,
2655 684 2749 726 seu
2781 670 3058 727 αὐτόθεον.
3099 670 3232 726 Cum
3263 673 3504 728 eumdem
3545 677 3717 734 univer-

2213 781 2398 822 sorum
2440 763 2608 819 Deum
2640 777 2764 818 esse
2806 765 3022 828 asserit,
3056 761 3225 816 Deum
3262 763 3501 834 intellige
3523 780 3548 819 a
3573 765 3715 837 Patre,

2206 857 2322 913 sive
2355 858 2524 912 Deum
2555 855 2620 910 de
2656 854 2784 909 Deo.
2819 853 2972 908 Facit
3002 854 3166 908 etiam
3202 869 3298 923 pro
3339 853 3578 927 Origene,
3606 863 3716 928 quod

2207 948 2441 1004 maxima
2470 947 2715 1003 locorum
2746 945 2980 1008 illorum,
3013 946 3209 1015 quibus
3266 945 3386 1000 Filii
3420 948 3711 1018 majestatent

2206 1040 2498 1106 imminuit,
2534 1053 2660 1110 pars
2688 1053 2720 1094 e
2749 1037 3153 1092 Commentariis
3183 1039 3238 1091 in
3260 1037 3515 1094 Joannem
3537 1050 3609 1095 est
3631 1057 3720 1111 pro-

2208 1131 2370 1198 fecta,
2419 1146 2556 1202 quos
2603 1129 2865 1186 adversus
2917 1127 3320 1183 Marcionistam
3378 1128 3714 1186 I-Ieracleonem

2203 1225 2518 1293 scripserat.
2564 1221 2618 1277 Id
2671 1230 2848 1277 autem
2900 1228 3019 1276 erat
3072 1229 3232 1276 sectae
3281 1219 3439 1291 hujus
3493 1221 3716 1289 delirium,

2203 1313 2450 1383 opiﬁcem
2505 1312 2692 1368 mundi
2746 1310 2914 1365 Deum
2973 1310 3138 1365 alium
3193 1325 3317 1366 esse
3349 1327 3378 1364 a
3421 1313 3524 1367 Deo
3555 1312 3716 1368 Christi

2201 1404 2386 1470 Patre,
2426 1405 2651 1474 ipsoque
2693 1417 2758 1458 ac
2791 1402 3012 1458 Christo
3083 1402 3422 1457 interiorem.
3472 1403 3578 1470 Quo
3611 1405 3713 1460 taci-

2203 1490 2315 1553 lius'
2355 1506 2719 1552 commentum
2779 1493 3040 1564 ejusmodi
3097 1493 3412 1566 proﬁigaret
3477 1494 3713 1566 Origenes,

2202 1579 2533 1644 contrariam
2559 1586 2792 1641 astruxit
2816 1585 3163 1649 sententiam,
3191 1586 3540 1655 probavitque
3573 1587 3715 1641 mundi

2202 1673 2450 1744 Opiﬁcem
2512 1673 2677 1729 Deum
2720 1672 2939 1728 Christo
2985 1672 3246 1742 majorem
3280 1689 3400 1728 esse
3434 1689 3497 1730 ac
3521 1677 3715 1743 superio-

2202 1780 2340 1820 rem.
2370 1765 2444 1821 De
2479 1765 2681 1835 Spiritu
2711 1775 2898 1820 sancto
2923 1765 3224 1820 orthodoxa
3259 1781 3384 1820 eum
3424 1768 3606 1822 sentire
3627 1783 3715 1823 cre-

2201 1859 2297 1912 das
2333 1858 2385 1912 ln
2424 1857 2695 1912 Prommio
2743 1857 3003 1914 librorum
3056 1859 3193 1928 Περὶ
3240 1858 3464 1928 ἀρχῶν,
3514 1877 3639 1914 num.
3671 1861 3710 1919 4.

2130 1935 2172 1990 Β
2210 1964 2335 2002 cum
2371 1949 2485 2003 ait:
2529 1969 2547 2000 ι
2593 1948 2729 2002 Tum
2768 1949 2964 2005 deinde
2990 1951 3196 2005 honore
3232 1962 3287 2005 et
3317 1952 3567 2020 dignitate
3605 1951 3711 2004 Patri

2199 2055 2261 2094 ac
2286 2039 2422 2095 Filio
2456 2040 2720 2096 sociatum
2780 2043 3121 2098 tradiderunt
3175 2041 3452 2113 (aposwli)
3501 2043 3710 2112 Spiritum

2198 2142 2461 2186 sanctum.
2497 2151 2517 2185 ι
2549 2133 2663 2204 (97)
2701 2131 2896 2187 Verum
2927 2133 3067 2188 levia
3095 2145 3242 2199 sunt,
3279 2144 3334 2188 ut
3364 2135 3494 2200 dixi,
3523 2147 3711 2203 quaepo-

2203 2233 2390 2278 tunlur
2421 2239 2489 2278 ex
2529 2225 2786 2304 operibus
2812 2241 2841 2278 a
2877 2225 3074 2281 Ruﬁno
3106 2227 3478 2294 interpretatis
3518 2227 3709 2282 testimo-

2199 2315 2290 2370 nia
2319 2331 2335 2370 :
2364 2317 2634 2386 praecipue
2677 2332 2811 2372 vero
2840 2333 2906 2372 ex
2938 2318 3090 2372 libris
3120 2317 3260 2386 Περὶ
3292 2315 3511 2386 ἀρχῶν,
3548 2319 3593 2370 in
3622 2316 3709 2382 qli-

2205 2409 2309 2462 bus
2358 2423 2577 2464 errores
2628 2409 2772 2463 circa
2821 2407 3148 2464 Trinitatem
3182 2409 3448 2463 admissos
3475 2411 3708 2462 emendare

2196 2508 2418 2554 conatus
2455 2509 2557 2554 est.
2611 2499 2969 2565 Quamobrem
3017 2499 3240 2554 ﬁculnea
3289 2514 3497 2568 quoque
3541 2507 3610 2552 est
3633 2496 3706 2549 lori

2196 2588 2338 2644 illius
2365 2589 2553 2653 tutela,
2590 2603 2621 2643 e
2643 2589 2782 2642 libro
2814 2604 2830 2643 ι
2858 2589 3016 2658 hujus
3036 2588 3249 2656 Operis,
3279 2603 3402 2656 cap.
3422 2587 3473 2648 5,
3505 2599 3627 2638 num.
3651 2581 3703 2635 7:

2201 2696 2221 2731 ι
2259 2667 2430 2734 Porro
2476 2689 2653 2735 autem
2698 2679 2833 2733 nihil
2879 2680 2930 2732 in
2981 2679 3250 2732 Trinitate
3293 2676 3466 2744 majus
3513 2676 3706 2729 minusve

2195 2772 2476 2825 dicendum
2508 2781 2628 2827 est:
2663 2789 2682 2823 ι
2714 2780 2768 2826 et
2800 2771 2982 2840 hujus,
3013 2770 3265 2833 elibr,tt,
3296 2784 3414 2837 cap.
3443 2767 3494 2834 2,
3521 2766 3702 2822 nui-.1:

2196 2861 2363 2932 Origo
2388 2873 2436 2916 et
2472 2863 2588 2932 fons
2631 2861 2784 2927 Filii,
2820 2863 2896 2916 vel
2927 2861 3160 2930 Spiritus
3184 2861 3378 2927 sancti,
3404 2859 3550 2912 Pater
3575 2867 3650 2918 est,
3670 2865 3703 2908 et

2192 2955 2322 3009 nihil
2349 2955 2404 3008 in
2430 2956 2495 3008 iis
2527 2955 2787 3018 anterius,
2815 2954 3132 3022 posteriust'e
3173 2952 3399 3022 intelligi
3429 2961 3595 3015 potest.
3627 2944 3703 3000 Nec

2192 3046 2460 3114 gravioris
2494 3047 2677 3100 istltazc
2713 3061 2811 3115 pro
2847 3045 3078 3114 Origene
3106 3047 3362 3098 momenti
3393 3061 3421 3098 e
3451 3045 3532 3098 lib.
3574 3057 3631 3095 vn
3664 3042 3700 3090 in

2192 3139 2364 3207 Epist.
2393 3140 2462 3190 ad
2491 3136 2663 3204 Rom.,
2704 3152 2852 3190 num.
2895 3138 2982 3202 l5,
3012 3151 3132 3206 pag.
3170 3136 3278 3189 612
3307 3135 3436 3190 :Est
3457 3152 3564 3204 ergo
3591 3131 3701 3187 Chri-

2191 3234 2301 3277 stus
2337 3223 2470 3276 Deus
2495 3240 2650 3293 super
2688 3225 2885 3278 omnia.
2921 3223 3050 3290 Quw
3095 3241 3271 3276 omnia
3292 3225 3318 3278 .9
3340 3224 3443 3278 Illa
3469 3226 3566 3277 sine
3582 3221 3698 3273 dubio

2192 3331 2308 3385 qua:
2341 3325 2386 3368 et
2415 3319 2574 3384 paulo
2605 3325 2726 3368 ante
2746 3315 2999 3381 diximus,
3021 3335 3041 3366 ι
3071 3332 3232 3384 super
3254 3317 3700 3386 principatnsetpo-

2195 3416 2428 3470 (estates.
2465 3419 2513 3461 et
2539 3409 2774 3473 virtutes,
2832 3418 2880 3463 et
2915 3425 3065 3462 omne
3119 3425 3312 3463 nomen
3356 3409 3490 3478 quod
3518 3403 3698 3458 nomina-

2193 3509 2281 3552 tur
2311 3515 2411 3553 non
2435 3500 2603 3552 solum
2627 3499 2681 3552 in
2713 3501 2808 3554 hoc
2842 3499 3159 3565 sazculo,sed
3184 3501 3345 3554 etiam
3365 3502 3415 3552 in
3437 3499 3594 3567 futuro
3617 3493 3690 3542 ".t

2197 3591 2298 3657 Qui
2330 3600 2506 3645 autem
2545 3608 2703 3660 super
2735 3593 2912 3646 omnia
2947 3601 3044 3658 est,
3091 3607 3251 3659 super
3283 3608 3338 3646 se
3377 3591 3602 3643 neminem
3625 3586 3694 3636 Ita—

2195 3683 2298 3736 bet.
2355 3681 2480 3736 Non
2516 3685 2652 3735 enim
2684 3692 2798 3752 post
2845 3679 3058 3734 Patrem
3084 3693 3159 3735 est
3186 3683 3318 3751 ipse,
3353 3682 3441 3735 sed
3471 3683 3528 3732 de
3565 3676 3694 3730 Patre.

2190 3774 2311 3830 Hoc
2367 3786 2542 3830 autem
2579 3776 2716 3828 idem
2763 3776 3026 3844 sapientia
3078 3773 3175 3827 Dei
3222 3776 3385 3827 etiam
3445 3773 3502 3825 de
3541 3767 3693 3834 Spiritl

2195 3878 2375 3923 sancto
2403 3869 2623 3938 intelligi
2648 3868 2812 3934 dedit,
2839 3868 2926 3920 ubi
2950 3866 3078 3919 dicit
3101 3881 3122 3921 :
3149 3884 3167 3916 t
3197 3865 3429 3934 Spiritus
3447 3859 3626 3918 Domini
3639 3871 3695 3908 rt-

2193 3959 2344 4029 plevit
2368 3960 2544 4014 orbem
2572 3973 2866 4024 terrarum;
2893 3969 2939 4013 et
2985 3958 3075 4029 qui
3105 3957 3343 4012 continet
3374 3957 3555 4016 omnia,
3576 3950 3694 4005 scicn-

2193 4054 2324 4106 tiam
2353 4054 2503 4106 habet
2529 4053 2665 4106 vocis
2690 4051 2790 4105 ".s

2263 4141 2330 4196 Χ.
2365 4141 2743 4198 Favorabilior
2782 4141 2887 4197 erit
2942 4155 3039 4211 pro
3095 4139 3440 4211 Origenianis
3505 4133 3689 4205 partibus

2191 4235 2546 4304 praescriptio,
2573 4248 2694 4300 quae
2731 4249 2798 4288 ex
2852 4233 3074 4302 paribus
3125 4231 3177 4285 in
3213 4231 3404 4285 eodem
3439 4227 3690 4296 argumento

2191 4325 2411 4381 Patrum
2483 4326 2711 4380 aliorum
2766 4325 3128 4380 locutionibtts
3191 4324 3299 4390 peti
3359 4329 3541 4394 potest.
3589 4315 3691 4369 Inter

2189 4418 2534 4474 Christianos
2588 4417 2784 4487 quippe
2834 4416 3113 4478 doctores,
3171 4415 3263 4483 qui
3317 4423 3439 4468 ante
3483 4408 3689 4498 Maenala

2191 4505 2490 4563 ﬂoruerunt
2524 4507 2814 4577 synodum,
2864 4503 3014 4557 multi
3059 4503 3128 4556 de
3173 4502 3457 4556 Trinitatis
3496 4502 3689 4566 mySIerIO

2191 4615 2382 4670 parum
2432 4609 2588 4652 caute
2643 4598 2805 4652 locuti
2854 4609 2999 4652 sunt.
3036 4597 3311 4651 lnsincera
3340 4604 3482 4647 certe
3511 4587 3591 4641 luit
3618 4579 3686 4636 Τί·

2193 4691 2348 4756 tiaui,
2401 4701 2457 4745 et
2490 4689 2720 4743 Tatiano
2764 4687 3078 4744 vetustioris
3132 4685 3332 4742 Justini
3385 4685 3450 4739 de
3487 4675 3687 4734 Trinitaw
3779 4679 3781 4695 '

2192 4779 2468 4834 doctrina.
2500 4778 2558 4832 In
2599 4778 2846 4833 eamdem
2878 4779 3026 4832 venit
3051 4777 3486 4832 criminationem
3513 4760 3685 4837 pseudO'

2190 4870 2468 4937 Clemens,
2492 4871 2640 4925 venit
2673 4883 2727 4925 et
2753 4869 3046 4940 Teopbilus
3096 4869 3489 4922 Antiochenus.
3526 4855 3685 4920 Indian!

2194 4977 2347 5028 vero,
2396 4973 2450 5016 et
2501 4961 2844 5016 intoleranda
2894 4959 3252 5031 profuderunt
3304 4955 3625 5010 Tertullianus
3658 4955 3690 4989 ιι
3773 4971 3775 5025 i

2196 5052 2539 5118 Lactantius;
2570 5051 2824 5106 Clemens
2853 5066 3090 5122 quoque,
3123 5049 3406 5120 Dionysius
3444 5054 3492 5099 et
3537 5035 3690 5128 Fictilis
3771 5085 3773 5128 Ι

2191 5143 2590 5210 Alexandrini;
2644 5143 2846 5213 aliique
2897 5142 3224 5214 complures.
3267 5139 3449 5209 Itaque
3484 5145 3585 5189 cum
3611 5124 3692 5182 0ῖὲ

2315 5350 2359 5382 “
2387 5349 2514 5417 Sap.
2543 5365 2580 5414 ι,
2613 5348 2667 5404 7.

2191 5486 2325 5539 tiam
2358 5501 2462 5540 non
2497 5485 2733 5540 obscure
2765 5482 3010 5537 declarat
3043 5481 3308 5550 Origenes
3359 5478 3410 5550 in
3453 5472 3554 5530 aliis
3578 5467 3684 5550 libris

2189 5571 2418 5624 quorum
2469 5554 2681 5629 Graeca
2729 5554 3022 5629 etiamnum
3083 5547 3321 5629 exstant.
3370 5547 3684 5629 llam:

2191 5613 2340 5694 nutu.
2369 5628 2426 5688 2,
2459 5624 2808 5694 exposuimus
2831 5625 2930 5694 sub
2959 5623 3119 5676 tinem
3143 5614 3522 5694 observationis
3540 5613 3682 5694 ιιιιςιιιξυ

2186 5671 3413 5761 ia'iigsc’:.c'.3i,'a';inanisinai;Asnaum.
3437 5671 3678 5761 narestﬁ:

2181 5767 2250 5815 ad
2312 5753 2763 5829 Quodvultdeum,
2821 5777 2886 5816 ac
2937 5753 3291 5823 Justiniaﬁus,
3325 5776 3343 5809 ο
3389 5764 3528 5830 pic-3
3565 5753 3679 5830 Qui?"

2181 5813 2776 5902 ὖίιιεῗιιῖἆέἶῆἐιῖῥέὶ-
2825 5813 3306 5900 ἰἐειίώόέίἶῖὶιιιέ
3336 5821 3534 5882 adducit
3561 5813 3677 5869 Pata-

2171 5902 2364 5971 pbilus
2393 5903 2445 5958 in
2481 5903 2736 5974 Apologia
2762 5918 2881 5960 sua.

3775 4867 3777 4915 l

3769 5189 3771 5243 |

3767 5287 3769 5353 1

3763 5489 3765 5571 1

3759 5599 3763 5681 1

3757 5695 3761 5802 1

3757 5805 3759 5899 1
