3878 6512
158 413 238 470 753
950 408 1525 472 ORIGENIANOKUM
1564 414 1696 472 LIB.

1843 416 1995 474 CAP.
2037 417 2104 485 ιι,
2143 416 2419 485 υυιεδτ.
2462 396 2532 470 u.‘

3273 415 3381 471 τδι

156 540 312 599 genam
342 523 440 577 hoc
465 534 805 594 argumento
836 534 1014 580 tuetur
1043 525 1401 585 Bellarminus
1431 530 1526 587 lib.
1551 547 1570 587 ι
1627 530 1697 587 De

1807 550 1937 604 ματι
1958 548 1972 561 ·
2008 533 2073 587 ἐκ
2100 533 2195 588 τοῦ
2218 530 2451 604 Ἡατρδς
2480 531 2590 606 γὰρ
2625 532 2659 587 ὁ
2683 530 2813 596 ἴῖἱὸς
2834 545 2850 565 ’
2879 530 2981 587 οὐκ
3009 530 3073 585 ὲκ
3106 529 3200 583 τοῦ
3244 530 3375 584 Tim?

156 617 339 681 Clinia,
392 628 512 682 cap.
576 613 673 679 40,
716 616 860 683 quod
909 630 1042 671 sana
1081 627 1136 671 et
1195 619 1506 675 orthodoxa
1539 620 1701 677 fuerit

155 706 462 779 preceptoris
487 705 669 776 ipsius
693 706 1015 773 Clementis,
1045 709 1437 779 discipulorum
1459 713 1700 786 Dionysii

153 795 483 858 Alexandrini,
516 806 575 852 et
605 795 865 871 Gregorii
905 797 1296 874 Thaumaturgi
1343 806 1413 860 de
1442 808 1702 877 mysterio

156 900 321 948 sancta:
370 888 669 947 Trinitatis
726 891 933 963 opinio,
993 893 1260 951 credibile
1313 897 1511 967 quippe
1557 914 1699 966 esse,

156 997 283 1054 quam
310 996 337 1034 a
359 978 651 1037 Clemente
685 982 989 1039 doctrinam
1027 994 1338 1054 acceperat,
1360 990 1624 1045 .eamdem
1669 1005 1701 1045 a

156 1070 461 1128 seexcultam
491 1071 796 1143 discipulis
829 1074 945 1130 suis
974 1076 1307 1143 tradidisse;
1339 1078 1473 1134 nihil
1520 1080 1701 1151 profe-

156 1162 556 1235 ctoOrigenianaa
567 1178 761 1219 causae
771 1174 958 1221 contra
968 1166 1105 1220 rium
1127 1167 1299 1238 magis
1315 1170 1430 1225 dice
1440 1185 1495 1224 re
1508 1171 1697 1241 potuit.

157 1256 323 1323 Nullius
347 1256 490 1308 enim
516 1270 589 1308 ex
625 1255 713 1311 his
747 1255 922 1312 tribus
952 1257 1089 1312 satis
1130 1260 1248 1329 puri
1281 1257 1502 1315 fuerunt
1529 1272 1583 1316 et
1610 1263 1698 1335 in,-

157 1348 259 1429 ιριςςί
289 1347 351 1402 de
388 1346 673 1403 Trinitate
724 1363 917 1405 sensus
949 1367 965 1406 :
1008 1366 1132 1406 nam
1182 1360 1236 1417 ct
1267 1351 1385 1407 Filii
1445 1353 1700 1410 substan-

158 1443 297 1496 tiama
322 1439 558 1495 Paterna
592 1441 671 1494 ita
707 1441 949 1497 secernit
981 1441 1262 1510 Clemens,
1300 1451 1361 1498 ut
1391 1444 1700 1501 interiorem

157 1550 250 1589 eam
273 1541 477 1588 statuat
502 1551 519 1590 :
558 1534 860 1605 Dionysius
911 1549 1041 1590 vero
1069 1534 1477 1594 Alexandrinus
1506 1538 1699 1594 Filium

157 1625 294 1679 Patris
327 1623 560 1695 ποίημα,
597 1625 764 1693 eique
795 1625 1108 1680 dissimilem
1127 1640 1245 1681 esse
1269 1626 1425 1694 dixit,
1449 1636 1500 1682 et
1519 1627 1700 1699 ἀφῆκε

156 1715 299 1790 φωνὰς
347 1716 549 1788 ἣκιστα
592 1716 919 1789 πρεπούσας
963 1715 1043 1789 τῷ
1095 1718 1396 1790 Πνεύματι,
1453 1737 1477 1779 ς
1524 1718 1698 1776 Voces

156 1809 334 1880 Spiritui
363 1821 559 1880 parum
592 1811 987 1867 convenientes
1013 1800 1215 1879 emisit,
1255 1830 1277 1865 ι
1324 1812 1503 1883 inquit
1540 1811 1697 1868 Basi-

1800 623 1830 677 6
1859 625 2076 697 Πατήρ·
2111 624 2271 696 φύσει
2308 626 2365 679 δὲ
2392 624 2505 690 ἴσος
2526 639 2542 655 ⁶
2583 623 2731 696 Ἐγὼ
2744 622 2875 695 γὰρ,
2909 622 3067 695 φησι,
3098 620 3248 677 καὶὸ
3266 625 3378 677 Πα-

1800 713 1912 784 τὴρ
1931 713 1999 769 ἓν
2023 716 2227 785 ἐσμεν.
2274 714 2431 771 Οὕτω
2462 714 2554 770 zeal.
2581 713 2641 767 τὸ
2673 712 2896 784 Πνεῦμα
2941 710 3003 765 τὸ
3031 710 3184 782 ἅγιον
3222 708 3376 776 τάξει

1805 803 1903 876 μὲν
1921 803 2170 878 δεύτερον
2202 802 2296 858 τοῦ
2322 805 2474 873 Υἱοῠ,
2500 804 2683 869 καθὼς
2709 798 2767 859 ἐν
2790 805 2856 876 τῇ
2894 800 3385 874 συναριθμήσειδε-

1801 891 2034 966 δήλωται
2053 909 2066 921 ⁸
2102 893 2190 947 ναὶ
2217 892 2321 966 μὴν
2355 892 2449 948 καὶ
2486 893 2788 966 ἀξιώματν
2847 891 3073 965 Πνεῦμα
3099 890 3208 962 γὰρ
3240 888 3385 945 Υἱοῖὶ

1801 987 2036 1060 λέγεται,
2073 992 2148 1056 ὡς
2175 992 2263 1047 διὰ
2306 992 2399 1049 τοῦ
2438 990 2565 1045 Υἱοῦ
2597 989 3031 1064 χορηγούμενον..
3053 1007 3072 1043 ι
3108 985 3378 1055 Quemad-

1803 1083 2020 1136 modum
2054 1082 2223 1153 Filius
2248 1082 2440 1137 ordine
2468 1082 2685 1150 quidem
2710 1080 3085 1137 secundusest
3109 1092 3138 1131 a
3173 1075 3374 1130 Patre:

1794 1174 1951 1251 prior
1976 1174 2119 1229 enim
2142 1174 2364 1245 ponitur
2401 1172 2584 1239 Pater,
2613 1189 2734 1227 cum
2761 1179 3115 1227 numerantur
3147 1166 3376 1224 simul...

1800 1264 2070 1322 Praeterea
2104 1266 2378 1322 secundus
2405 1274 2488 1320 est
2513 1268 2676 1320 etiam
2699 1263 2996 1335 dignitate;
3027 1276 3150 1315 nam
3171 1274 3199 1315 a
3217 1257 3379 1313 Patre

1802 1367 1887 1415 est
1912 1357 2117 1425 Filius;
2154 1357 2319 1414 Pater
2347 1373 2452 1413 non
2486 1366 2568 1413 est
2595 1372 2623 1412 a
2657 1354 2829 1412 Filio:
2869 1364 3066 1410 natura
3097 1361 3277 1408 autem
3305 1366 3380 1406 ze-

1802 1450 1984 1520 qualis
2010 1461 2094 1506 est
2116 1466 2132 1517 ;
2156 1450 2266 1520 Ego
2283 1450 2443 1515 enim,
2467 1447 2660 1518 inquit,
2684 1456 2734 1501 et
2757 1443 2918 1500 Pater
2930 1460 3092 1499 unum
3109 1459 3290 1498 sumus
3305 1441 3372 1499 ⁸³.

1800 1541 1877 1598 lta
1913 1552 1966 1599 et
1989 1541 2225 1614 Spiritus
2262 1551 2484 1599 sanctus
2523 1541 2715 1596 ordine
2743 1539 2962 1610 quidem
2997 1537 3269 1594 secundus
3295 1543 3380 1591 est

1803 1648 1833 1690 a
1871 1634 2030 1699 Filio,
2061 1634 2525 1704 quemadmodum
2553 1634 2987 1688 demonstratum
3019 1640 3122 1697 est,
3145 1643 3267 1685 cum
3304 1628 3381 1683 si-

1804 1727 1913 1782 mul
1967 1738 2400 1783 numerarentur
2436 1744 2449 1780 :
2488 1735 2639 1781 certe
2680 1734 2735 1779 et
2806 1723 3103 1794 dignitate;
3146 1721 3383 1794 Spiritus

1805 1819 1947 1876 enim
1979 1818 2103 1874 Filii
2130 1819 2357 1881 dicitur,
2395 1826 2582 1887 utpote
2640 1832 2736 1886 per
2768 1813 2968 1869 Filium
3000 1811 3384 1870 subministra-

154 1902 232 1957 lius
250 1901 393 1970 epist.
422 1901 517 1969 41,
548 1916 580 1956 a
623 1917 740 1972 quo
768 1903 1089 1973 castigatus,
1122 1918 1336 1974 quoque
1375 1914 1460 1958 est
1482 1903 1689 1976 Grego-
1729 1898 1772 1954 Β
1808 1922 1916 1967 ωε,
1954 1930 1975 1967 ι
2041 1910 2168 1965 Haec
2209 1917 2564 1980 repraesentat
2611 1900 2933 1977 Eutliymius
2981 1905 3034 1960 in
3075 1901 3338 1974 PanOplia
3363 1943 3381 1971 ,

154 1998 238 2052 rius
272 1995 721 2065 Thaumaturgus
773 1997 916 2066 quod
966 1994 1158 2050 Filium
1210 2006 1401 2065 aperte
1455 2008 1696 2052 creatum

157 2088 511 2160 pmiicaverit.
537 2086 706 2143 Adeo
739 2099 801 2142 ut
826 2104 1016 2158 parum
1050 2097 1321 2143 attentum
1353 2088 1524 2144 fuisse
1553 2088 1696 2144 Ana-

153 2181 332 2236 stasium
358 2179 859 2237 Bibliothecarium
894 2181 1189 2250 putandum
1226 2180 1324 2245 sit,
1377 2196 1500 2235 cum
1538 2181 1615 2234 ait
1644 2180 1696 2235 in

156 2271 370 2337 Historia,
400 2274 467 2328 ad
497 2290 596 2328 an.
629 2273 837 2330 Christi
864 2273 992 2340 246,
1023 2273 1210 2329 laudes
1232 2271 1480 2343 Gregorii
1505 2272 1685 2327 Thau-

152 2365 335 2436 malurgi
372 2364 597 2420 silentio
631 2364 903 2434 pressisse
943 2364 1256 2429 Eusebium,
1285 2365 1430 2435 quod
1458 2365 1525 2419 ab
1560 2363 1687 2420 Ori-

151 2456 267 2525 genis
290 2458 475 2513 etArii
520 2456 916 2513 deliramentis
963 2471 1189 2527 prorsus
1234 2456 1400 2511 fuerit
1447 2455 1692 2530 alienus:

150 2563 239 2602 cum
269 2558 317 2602 et
341 2550 452 2605 haec
483 2548 862 2604 deliramenta
889 2550 960 2605 sit
986 2558 1249 2614 sectatus,
1292 2564 1395 2606 nec
1440 2549 1695 2607 laudibus

149 2650 239 2693 etuti
270 2638 527 2698 Eusebius
584 2640 929 2696 fraudaverit
974 2639 1068 2697 lib.
1107 2656 1159 2695 Vt
1222 2639 1393 2709 Hist,
1448 2655 1571 2712 cap.
1603 2641 1694 2696 50.

149 2729 328 2787 Constat
365 2732 616 2804 denique
670 2747 740 2787 ne
764 2732 945 2787 Basilii
978 2732 1194 2803 quidem
1229 2733 1583 2804 temporibus,
1632 2747 1696 2787 ac

152 2824 497 2880 recentioribus
562 2825 766 2891 etiam,
819 2822 1056 2894 Spiritus
1118 2823 1293 2880 sancti
1353 2823 1695 2879 divinitatem

150 2925 299 2981 aperte
342 2916 598 2985 proﬁteri
652 2932 823 2972 ausos
868 2931 989 2971 esse
1041 2915 1375 2984 Catholicos,
1410 2930 1479 2972 ne
1518 2915 1699 2973 Pneu—

148 3007 568 3062 ntatomacborum
612 3006 975 3077 petulantiam
1007 3006 1404 3076 experirentur.
1477 3046 1486 3055 .
1650 3014 1653 3017 ‘

201 3095 566 3154 Verumtamen
593 3113 726 3154 cum
760 3097 1073 3154 inferiorem
1103 3098 1262 3153 Patre
1294 3097 1519 3164 Filium,
1556 3097 1697 3154 Filio

148 3185 360 3256 Spiritum
393 3201 662 3246 sanctum
706 3190 809 3246 visi
840 3199 970 3245 sunt
1004 3190 1079 3247 illi
1118 3201 1380 3256 statuere,
1414 3191 1482 3245 ad
1505 3202 1698 3246 aucto-

147 3282 318 3336 ritatem
352 3284 650 3354 principii,
686 3280 945 3353 originis,
980 3298 1181 3349 causae,
1215 3283 1566 3355 paternitalis
1639 3295 1698 3339 et

145 3370 419 3447 ἀτεννησίας
477 3374 604 3431 fere
682 3375 1056 3441 attenderunt,
1111 3389 1236 3444 quze
1295 3374 1438 3428 inter
1495 3381 1699 3430 sancta:

147 3462 382 3525 Trinitatis
430 3482 721 3540 personas
774 3468 1024 3523 ordinem
1077 3467 1317 3537 aliquem
1389 3467 1697 3522 constituit.

146 3554 247 3610 Nam
273 3561 405 3629 quod
441 3560 619 3617 Pater
663 3560 996 3630 principium
1029 3559 1099 3615 sit
1127 3569 1182 3614 et
1210 3559 1365 3629 origo
1404 3555 1550 3624 Filii,
1579 3573 1699 3621 ma-

141 3648 207 3718 jor
238 3649 362 3708 Filio
388 3660 446 3709 et
480 3653 763 3724 dignitate
801 3653 1049 3706 anterior
1087 3651 1192 3706 dici
1248 3660 1448 3719 potest,
1495 3652 1701 3723 absque

146 3742 224 3798 ullo
252 3753 418 3800 tamen
472 3756 698 3801 natura:
755 3744 1181 3815 perfectionisve
1228 3743 1568 3800 discrimine.
1607 3743 1700 3799 Sic

146 3832 515 3906 intelligendum
565 3851 699 3892 esse
731 3835 862 3890 illud
913 3835 1175 3892 Joannis:
1211 3835 1377 3891 Pater
1408 3836 1584 3906 major
1618 3853 1700 3891 me

144 3933 198 3979 ιιι
221 3926 281 3991 ³⁸,
306 3943 510 3996 magna
549 3926 786 3982 Patrum
814 3941 940 3996 pars
980 3927 1243 3982 arbitrata
1282 3937 1403 3992 est;
1441 3929 1583 3998 quod
1607 3927 1699 3982 alii

145 4014 194 4068 de
217 4016 547 4077 humanitate
572 4019 790 4076 Christi
828 4022 895 4074 ad
928 4020 1108 4077 Patris
1151 4021 1493 4076 divinitatem
1548 4036 1701 4076 com-

142 4119 293 4175 parata
321 4111 794 4183 interpretantur.
841 4111 973 4169 Item
1013 4112 1155 4183 quod
1213 4129 1243 4168 a
1267 4113 1321 4183 .F
1327 4113 1420 4169 ilio
1458 4112 1700 4183 Spiritus

142 4213 321 4261 sanctus
372 4211 547 4263 ducat
603 4206 916 4277 originem,
1022 4206 1206 4261 minor
1260 4221 1326 4261 eo
1378 4206 1701 4277 appellatur.

140 4290 433 4353 Athanasius
471 4303 625 4352 orat.
682 4295 719 4350 2
775 4305 960 4351 contra
1018 4294 1289 4350 Arianae:
1321 4293 1557 4351 Τοιαῦτα
1601 4296 1701 4367 μὲν

141 4377 210 4437 οὖν
243 4390 345 4454 τοῖς
408 4389 695 4452 Ἰουδαίοις
741 4387 819 4451 ὡς
862 4386 1148 4457 ἄνθρωπος
1199 4387 1384 4457 ἔλεγεν
1417 4390 1446 4443 ὁ
1474 4386 1699 4459 Κύριος·

141 4478 227 4541 τοῖς
254 4478 306 4532 δὲ
330 4478 613 4552 μαθηταῖς
643 4479 748 4550 τὴν
788 4478 1021 4549 θεότητα
1045 4479 1140 4534 καὶ
1178 4479 1276 4551 τὴν
1308 4478 1703 4551 μεγαλειότητα

1804 2012 1948 2079 part.
1980 2018 2043 2069 tt,
2071 2003 2156 2057 tit.
2189 2002 2279 2069 12,
2305 2001 2397 2057 ubi
2439 2001 2593 2057 vides
2629 1999 2831 2071 gradus
2863 1997 3101 2071 aliquos,
3126 2007 3180 2052 et
3201 1994 3383 2066 digni-

1807 2100 1933 2154 tatis
1955 2096 2304 2169 ὑποϐάθμους
2332 2096 2387 2150 in
2412 2094 2680 2150 Trinitate
2698 2093 3049 2148 constitutos.
3074 2089 3252 2159 Atque
3280 2087 3385 2145 hac

1804 2189 2148 2261 potissimum
2192 2185 2546 2257 responsione
2588 2198 2869 2253 aspersam
2922 2180 3256 2252 Origeniano
3286 2193 3387 2234 no—

1805 2281 1937 2337 mini
1965 2279 2294 2337 calumniam
2321 2279 2637 2348 abstergere
2686 2290 2745 2332 se
2791 2289 2947 2342 posse
3002 2271 3386 2328 Genebrardus

1804 2372 2135 2429 existimavit
2156 2370 2374 2425 Collect.
2403 2384 2521 2440 cap.
2546 2367 2599 2423 6.

1875 2462 1967 2517 X1.
2011 2461 2107 2517 llis
2144 2462 2375 2517 fortasse
2416 2471 2696 2531 permotus
2752 2458 3080 2515 Athanasius
3123 2454 3388 2528 pratclare

1804 2553 1872 2610 de
1892 2553 2156 2608 Trinitate
2186 2552 2478 2623 Origenem
2509 2552 2791 2621 scripsisse
2825 2549 2989 2604 tradit
3012 2546 3110 2602 lib.
3140 2544 3215 2599 De
3243 2546 3388 2599 decr.

1806 2645 2017 2702 Nicam.
2059 2645 2271 2716 synodi,
2309 2643 2538 2713 ejusque
2568 2641 2956 2697 auctoritatem
2995 2654 3105 2711 pra:
3149 2652 3210 2694 se
3239 2637 3385 2693 fert:

1805 2739 1942 2812 Περὶ
1973 2738 2028 2793 δὲ
2064 2737 2157 2793 τοῦ
2188 2737 2391 2801 aream,
2434 2737 2629 2806 inquit,
2680 2737 2919 2789 συνεῖναι
2947 2733 3041 2787 τὸν
3089 2730 3263 2802 Λόγον
3311 2730 3390 2803 τῷ

1804 2830 1999 2902 Πατρὶ,
2026 2830 2120 2883 καὶ
2145 2828 2220 2902 μὴ
2248 2828 2442 2900 ἑτέρας
2461 2826 2701 2898 οὐσίαςῆ
2726 2824 3097 2887 ὑποστάσεως,
3130 2820 3266 2876 ἀλλὰ
3290 2820 3390 2892 τῆς

1803 2919 1897 2974 τοῦ
1934 2919 2146 2992 Πατρὸς
2177 2918 2304 2972 ἴδιον
2332 2917 2496 2974 αὑτὸν
2522 2911 2683 2980 εἶναι,
2718 2914 2795 2979 ὡς
2835 2914 3124 2985 εἰρήκασιν
3144 2909 3193 2963 οἱ
3227 2908 3286 2962 ὲν
3320 2904 3388 2980 τῇ

1808 3015 2032 3087 συνόδῳ,
2066 3013 2268 3081 ἐξέστω
2300 3012 2462 3068 πάλιν
2512 3012 2655 3083 ὑμᾶς
2687 3007 2921 3064 ἀκοῦσαι
2954 3007 3050 3063 καὶ
3099 3003 3253 3077 παρά
3294 3002 3388 3059 τοῦ

1807 3108 2095 3180 φιλοπόνου
2141 3106 2471 3181 Ὠριγένους.
2525 3125 2544 3161 ι
2586 3103 2822 3159 Verbum
2859 3116 3023 3173 porro
3076 3101 3145 3156 ab
3181 3108 3388 3152 κίστη.

1807 3211 1929 3252 esse
1955 3211 2077 3251 cum
2098 3194 2281 3260 Patre,
2311 3208 2410 3247 nec
2430 3191 2667 3245 essentia
2691 3188 2774 3244 vel
2806 3185 3112 3243 substantia
3144 3182 3386 3247 diil‘erre,

1803 3287 1896 3340 sed
1928 3283 2241 3340 substantia:
2265 3292 2504 3353 paterna:
2528 3279 2806 3350 proprium
2838 3276 2991 3330 illum
3011 3289 3133 3330 esse
3156 3272 3381 3333 Filium,

1803 3387 1861 3431 ut
1886 3375 2139 3431 dixerunt
2167 3372 2259 3445 qui
2284 3369 2648 3425 interfuerunt
2690 3367 2921 3423 Nicaeum
2982 3363 3210 3437 synodo,
3254 3361 3388 3416 licet

1802 3469 1979 3526 denuo
2013 3465 2171 3522 nobis
2223 3463 2417 3519 audire
2468 3477 2536 3518 ex
2568 3460 2845 3516 laborioso
2894 3457 3150 3529 Origene.
3189 3473 3208 3507 ι
3246 3452 3388 3509 Tum

1802 3562 1938 3624 duos
1982 3575 2048 3615 ex
2081 3573 2146 3614 eo
2178 3553 2452 3613 subnectit
2492 3554 2663 3617 locos,
2711 3551 2912 3622 quibus
2949 3558 3155 3604 aeterna
3195 3544 3321 3601 Filii
3357 3558 3391 3600 a

1805 3653 1963 3709 Patre
2006 3649 2302 3724 processio,
2348 3662 2471 3703 cum
2510 3661 2682 3718 eoque
2715 3641 2997 3714 aequalitas
3066 3647 3251 3711 aperte
3293 3637 3390 3691 deo-

1802 3754 2158 3803 monstratur.
2195 3741 2455 3797 Basiliam
2480 3751 2719 3810 quoque,
2749 3744 2807 3791 et
2826 3733 3228 3789 Nazianzeuum
3254 3727 3391 3785 Gre-

1803 3836 2014 3908 gorium
2081 3835 2252 3891 refert
2300 3832 2554 3889 Socrates
2588 3830 2685 3884 lib.
2743 3844 2819 3895 tv,
2857 3841 2977 3896 cap.
3028 3824 3123 3887 26,
3170 3836 3291 3877 cum
3319 3826 3390 3878 ab

1802 3933 2029 3990 Arianis
2079 3930 2332 3999 Origenis
2359 3926 2689 3983 auctoritate
2728 3932 2784 3978 et
2816 3918 3145 3977 testimoniis
3171 3926 3389 3985 preme-

1807 4031 2017 4089 rentur,
2038 4034 2323 4091 perperam
2347 4019 2417 4073 ab
2454 4017 2520 4070 iis
2546 4013 2884 4069 intellectum
2932 4007 3260 4065 ostendisse.
3290 4003 3390 4059 Di-

1805 4115 2027 4186 dymum
2059 4120 2320 4181 praeterea
2349 4106 2602 4177 Origenis
2639 4107 2706 4159 de
2738 4102 3008 4158 Trinitate
3056 4095 3387 4154 sententiam

1806 4205 1878 4259 ita
1914 4216 2284 4275 propuguasse
2321 4200 2401 4254 ait
2430 4199 2794 4270 Hieronymus
2828 4194 2990 4266 epist.
3018 4191 3088 4248 65
3109 4191 3176 4247 ad
3228 4189 3391 4244 Pam-

1807 4295 1983 4351 mach.
2009 4306 2062 4349 et
2086 4294 2288 4350 Ocean.
2329 4308 2454 4361 cap.
2505 4291 2559 4356 4,
2602 4299 2658 4345 et
2690 4288 2912 4359 Apolag.
2960 4286 3171 4340 advers.
3202 4281 3386 4352 Ruﬁn.

1808 4386 1902 4442 lib.
1938 4402 1999 4453 tt,
2029 4401 2152 4455 cap.
2186 4383 2238 4448 4,
2284 4394 2345 4438 ut
2395 4380 2539 4436 male
2567 4381 2892 4437 sonantibus
2948 4377 3129 4432 verbis
3175 4384 3391 4431 rectum

1811 4490 1986 4535 tamen
2017 4493 2235 4534 sensum
2269 4478 2448 4531 inesse
2482 4475 2688 4545 diceret
2733 4491 2747 4527 :
2789 4490 2811 4524 ι
2855 4473 3113 4543 Didymus
3140 4509 3155 4535 ,
3196 4466 3390 4536 inquit,

142 4564 316 4636 δεικνὺς
342 4572 568 4640 ἑαυτοῦ,
600 4570 794 4626 οὐκέτι
821 4570 1081 4625 ἐλάττονα
1108 4572 1300 4626 ἑαυτὸν
1327 4571 1422 4626 τοῦ
1452 4572 1697 4644 Ιινεύμα-

1812 4574 1864 4627 in
1909 4572 2041 4642 ipsis
2067 4570 2209 4639 Περὶ
2235 4567 2457 4638 ἀρχῶν,
2489 4582 2624 4638 quos
2660 4578 2715 4621 tu
2775 4565 3167 4635 interpretatus
3205 4575 3285 4626 es,
3325 4560 3394 4615 li-

144 4674 227 4725 τος,
264 4664 394 4718 ἀλλὰ
441 4664 680 4737 μείζονα
725 4663 822 4717 καὶ
861 4661 974 4717 ἴσον
1003 4663 1132 4718 ὄντα
1177 4664 1483 4735 σημαίνων,
1529 4664 1701 4718 ἐδίδου

145 4751 285 4819 μὲντὸ
299 4756 547 4829 Πνεῦμα,
586 4755 690 4809 καὶ
716 4754 891 4824 ἔλεγε·
922 4753 1142 4810 Λάϐετε
1162 4757 1227 4809 τὸ
1243 4755 1489 4825 Πνεῦμα
1506 4754 1699 4826 ἅγιον,

143 4844 233 4896 καί·
288 4848 426 4919 Ἐγὼ
438 4848 595 4904 αὐτὸ
609 4848 995 4912 ἀποστέλλω,
1017 4847 1296 4915 κάκεῖνος
1308 4848 1416 4918 ἐμὲ
1430 4846 1699 4913 δοξάσει.

147 4952 160 4983 ι
209 4936 320 4995 ﬂrec
379 4941 611 5013 quidem
683 4938 885 4995 Iudaeis
935 4948 1192 5008 tanquam
1250 4940 1413 4994 homo
1483 4939 1699 4994 dicebat

145 5022 406 5088 Dominus:
439 5029 739 5101 discipulis
772 5039 954 5085 autem
1010 5030 1354 5085 divinitatem
1381 5038 1437 5085 et
1487 5029 1700 5099 magni-

144 5120 348 5177 tudinem
376 5139 540 5179 suam
566 5122 895 5186 ostendens,
931 5135 1036 5177 non
1059 5120 1175 5190 jam
1208 5121 1442 5190 amplius
1485 5135 1545 5174 se
1574 5119 1699 5188 Spi-

146 5210 230 5265 ritu
263 5215 545 5282 minorem,
574 5214 674 5269 sed
706 5214 966 5283 majorem
1006 5221 1063 5268 et
1083 5213 1347 5282 aqualem
1376 5225 1498 5266 esse
1524 5214 1697 5283 signi-

146 5300 306 5369 ﬁcans,
348 5308 516 5363 dabat
548 5305 782 5376 quidem
817 5303 1111 5375 Spiritum,
1144 5314 1202 5358 et
1245 5302 1460 5359 dicebat
1492 5321 1504 5357 :
1546 5302 1699 5357 Acci-

145 5396 231 5459 pite
245 5396 489 5467 Spiritum
518 5408 776 5453 sanctum
799 5396 877 5462 “;
902 5407 958 5451 et
986 5394 1291 5466 :Egoillum
1317 5395 1495 5459 mitto,
1520 5396 1703 5462 et'ipse

1807 4664 1922 4720 bris
1952 4664 2145 4721 breves
2165 4657 2915 4723 dictavitcommentariolos,
2935 4656 3134 4728 quibus
3156 4667 3265 4709 non
3299 4666 3395 4707 nc-

1809 4765 1965 4829 garet
1996 4757 2065 4811 ab
2090 4753 2324 4827 Origene
2340 4752 2566 4822 scripta,
2590 4764 2712 4822 quae
2739 4749 2940 4819 scripta
2971 4753 3103 4802 sunt
3126 4761 3147 4812 ;
3171 4743 3267 4800 sed
3295 4757 3394 4799 nos

1809 4848 2087 4919 simplices
2117 4845 2364 4901 homines
2398 4858 2505 4900 non
2539 4855 2702 4913 posse
2725 4840 3031 4910 intelligere
3058 4850 3179 4908 qua
3199 4835 3392 4891 dicun-

1812 4954 1937 5013 tur;
1961 4949 2018 4996 et
2044 4954 2151 5010 quo
2185 4952 2347 4991 sensu
2384 4936 2439 4990 in
2469 4935 2668 4991 bonam
2693 4940 2901 5003 partem
2934 4928 3107 4999 accipi
3136 4927 3389 4986 debeant,

1805 5031 2138 5101 persuadere
2167 5036 2417 5081 conatur.
2458 5043 2480 5076 ι
2535 5022 2766 5079 Accedit
2804 5019 3070 5091 anonymi
3103 5015 3390 5087 scriptoris

1805 5141 1835 5177 a
1868 5122 2061 5178 Photio
2112 5119 2239 5176 cod.
2298 5132 2443 5173 cxvn
2481 5113 2895 5171 commemorati
2960 5108 3289 5166 testiﬁcatio.
3343 5108 3393 5161 Is

1805 5215 2057 5286 Origenis
2113 5213 2489 5268 defensionem
2549 5210 2791 5279 quinque
2839 5207 2994 5261 libris
3027 5202 3348 5272 complexus
3376 5244 3390 5266 ,

1803 5308 1937 5379 φησὶ
1961 5304 2124 5378 μηδὲν
2147 5303 2308 5358 αὐτὸν
2328 5300 2469 5357 κατὰ
2493 5299 2651 5365 δόξαν
2674 5296 2940 5368 ἐσφάλθαι
2957 5294 3086 5367 περὶ
3107 5294 3207 5365 τῆς
3224 5293 3394 5364 Τριά-

1808 5398 1897 5460 δος
1919 5414 1933 5429 ·
1979 5392 2401 5465 ἀντιφερόμενον
2415 5390 2472 5443 δὲ
2494 5393 2560 5461 τῇ
2579 5388 2789 5459 αἱρέσει
2813 5384 3127 5448 Σαϐελλίου,
3149 5386 3229 5449 εις
3253 5383 3399 5455 μέγα

147 5505 212 5542 me
238 5492 541 5563 glori/icabit
572 5493 644 5546 ”.
678 5507 698 5541 ι
726 5489 939 5546 Clarius
976 5491 1141 5545 etiam
1182 5489 1414 5546 Basilius
1442 5508 1457 5545 :
1491 5489 1697 5560 Ὥσπερ

1811 5488 1979 5544 κακὸν
2014 5487 2229 5560 ὴρμὲνῃ
2260 5484 2380 5538 τότε
2404 5499 2418 5515 ·
2452 5482 2546 5536 καὶ
2565 5481 2665 5553 τὴν
2695 5478 2803 5533 τῶν
2826 5476 3134 5549 προσώπων
3161 5474 3391 5547 Τριάδα,

146 5578 297 5648 ὕΥἱὸς
318 5584 468 5651 τάξει
500 5583 608 5657 μὲν
638 5581 895 5654 δεύτερος
922 5580 1015 5635 τοῦ
1056 5580 1270 5653 Πατρός
1291 5596 1305 5610 ·
1339 5582 1703 5654 προτέτακται
1812 5581 2211 5655 ἐναργεστάτην
2250 5578 2343 5631 καὶ
2382 5574 2595 5638 πολλοῖς
2615 5569 3217 5657 τρόποιςᾹδιαφέρουσαν
3245 5568 3395 5639 ἀγωο

147 5671 238 5744 γὰρ
264 5680 291 5730 ὁ
312 5654 587 5751 Πατὴρ-ὲν
616 5678 686 5746 τῇ
721 5674 1206 5745 συναριθμήσει....
1238 5674 1317 5727 ἔτι
1348 5674 1405 5726 δὲ
1428 5675 1522 5728 καὶ
1542 5673 1706 5739 ἀξιὼ-
1813 5654 2112 5744 νιζόμενον,
2156 5668 2509 5741 παραστῆσαι
2537 5664 2687 5736 παρὰ
2715 5661 2811 5721 τοῦ
2842 5654 3216 5737 ’προσήκοντος
3234 5700 3248 5727 ,
3302 5658 3398 5715 καὶ

207 5849 412 5911 ".loan.
450 5872 566 5926 xiv,
600 5851 695 5910 28.
776 5852 816 5884 ²¹
852 5849 1006 5908 Juan.
1047 5867 1136 5918 xx,
1172 5850 1257 5904 22.
1336 5851 1380 5881 "
1411 5847 1567 5905 Joan.
1594 5862 1704 5917 xvi,
1740 5850 1825 5927 lt.
1904 5849 1947 5883 ³³
1980 5846 2134 5904 Joun.
2187 5861 2239 5913 χ,
2278 5844 2366 5899 30.
