3866 6540
421 454 528 511 735

417 566 500 629 εἰς
549 560 855 616 τούναντίον
894 558 1257 629 ἀπενεχθῆναι
1294 576 1305 587 ι

404 650 691 735 ι’λρειανῷ
709 651 1102 723 ἀῤῥωστήματι
1123 650 1441 704 ἑαλωκέναι.
1474 668 1492 700 t
1525 648 1669 703 Nihil
1699 649 1873 718 ipsum
1908 661 1989 702 as-

409 747 547 803 serit
571 746 713 801 circa
732 742 1055 798 Trinitatem
1086 756 1331 807 errasse;
1357 742 1453 797 sed
1478 757 1601 797 cum
1628 739 1849 796 Sabellii
1878 739 1989 793 ha:-

402 838 578 903 ‘resim
604 835 966 905 impugnaret,
991 848 1114 905 qua:
1146 842 1255 887 tum
1292 834 1348 887 in
1392 846 1644 903 magnam
1667 830 1992 901 erumpebat

410 926 737 998 perniciem.
768 934 825 980 et
866 940 1225 995 personarum
1259 922 1582 979 Trinitatem
1636 920 1985 977 manifestam

409 1027 467 1074 et
502 1018 688 1074 multis
717 1018 892 1073 modis
923 1015 1261 1072 dilferentem
1308 1013 1643 1079 defenderet,
1682 1020 1834 1069 extra
1875 1009 1988 1066 eal-

408 1106 514 1162 lem
548 1105 767 1170 abiisse,
803 1114 855 1160 et
902 1104 955 1159 in
1002 1104 1331 1159 contrariam
1383 1114 1591 1171 partem
1622 1101 1789 1157 fuisse
1823 1101 1986 1157 abre-

408 1205 587 1264 ptum,
645 1196 881 1265 indeque
934 1194 1109 1249 visum
1172 1194 1378 1249 Ariano
1423 1193 1611 1249 morbo
1660 1192 1929 1249 laborare.
1958 1209 1979 1244 ι

396 1287 569 1355 ¹Ωιιοιι
600 1288 676 1342 ait
707 1287 774 1341 de
807 1286 1112 1342 Sabelliana
1146 1286 1362 1351 hzeresi,
1417 1288 1486 1340 de
1535 1284 1795 1341 Noetiana
1826 1283 1987 1338 intel-

408 1378 551 1449 lige;
576 1386 699 1447 post
729 1374 1016 1447 Origenem
1039 1377 1238 1447 quippe
1268 1391 1422 1432 suam
1466 1375 1737 1431 Sabellius
1785 1375 1987 1445 sparsit

395 1469 659 1545 Tharesim
695 1486 711 1521 :
770 1483 955 1522 verum
1013 1482 1121 1522 non
1153 1475 1260 1521 tam
1286 1481 1478 1521 novam
1516 1466 1723 1522 invexit
1752 1474 1983 1532 sectam,

392 1548 571 1632 quam
606 1571 838 1614 veterem
870 1575 900 1613 a
933 1558 1104 1614 Νοειο
1132 1569 1464 1629 ρι’ωοοριοιο
1494 1573 1593 1614 suo
1616 1557 1869 1612 traditam
1892 1572 1981 1613 re-

406 1652 585 1707 ﬂuxit.
619 1650 867 1722 Equalis
895 1660 1075 1706 autem
1103 1649 1356 1721 Origenis
1395 1649 1499 1704 fuit
1520 1648 1745 1718 Noetus,
1774 1648 1868 1719 qui
1892 1664 1985 1704 ve-

391 1722 541 1798 lleris
569 1751 624 1797 et
652 1743 765 1813 ipse
799 1752 1129 1813 propagator
1162 1743 1429 1797 hmreseos
1472 1742 1652 1812 potius
1685 1757 1849 1811 quam
1884 1757 1983 1796 no-

390 1815 486 1886 vae
515 1842 707 1887 auctor
737 1833 997 1888 dicendus
1043 1841 1148 1887 est.
1200 1831 1453 1902 Equalis
1501 1835 1665 1888 etiam
1704 1836 1984 1903 utriusque

1681 447 1742 501 P.
1779 443 2095 500 DANIELIS
2133 442 2368 498 llUETll

1358 558 1415 624 ἐξ
1474 552 1533 611 οὗ
1580 557 1728 623 δόξαι
1771 555 1866 608 καὶ
1907 552 1972 624 et}.

2087 563 2140 606 et
2169 552 2453 621 sapientia.
2478 550 2715 623 Cyrillus
2740 550 2833 607 lib.
2858 568 2917 606 ιιι
2951 559 3133 605 contra
3156 550 3370 606 Julian.
3398 567 3419 605 :
3444 552 3673 606 Πλάτων

3573 444 3673 498 756

2089 641 2185 694 ἕνα
2210 642 2308 713 μὲν
2330 638 2470 695 εἶναι
2490 642 2583 696 τὸν
2617 642 2945 714 δημιουργὸν
2976 642 3265 715 διωρίσατο
3290 643 3384 697 τὸν
3414 644 3675 696 ἁπάντων

2090 732 2283 797 αἴτιον,
2310 732 2368 786 ὃν
2402 734 2496 787 καὶ⁸
2543 734 2788 803 προσεχῆ
2830 732 2907 803 τῷ
2958 734 3148 804 κόσμῳ
3196 733 3450 801 γενέσθαι
3493 734 3672 802 φησί’

2088 826 2494 895 προῦφεστάναι
2528 842 2591 894 γε
2638 824 2743 897 μὴν
2769 825 2934 880 αὐτοῦ
2986 826 3119 879 Θεὸν
3156 826 3365 897 ἕτερον,
3399 827 3523 896 ἦτοι
3572 828 3677 896 τὴν

2091 915 2234 969 ἰδέαν
2258 915 2520 985 τάγαθοῦ.
2545 916 2902 989 Προσεπινοεῖ
2938 917 2995 970 δὲ
3026 918 3121 971 καὶ
3153 918 3333 987 τρίτον
3349 919 3549 979 αἰτιον,
3576 916 3677 969 τά·

2087 1006 2170 1074 εει
2200 1007 2257 1060 δὲ
2283 1009 2379 1061 καὶ
2406 1008 2565 1077 φύσει
2598 1008 2707 1064 τῶν
2733 1007 2964 1079 πρώτων
3004 1008 3512 1080 μειονεκτούμενον,
3548 1008 3578 1061 ὃ
3608 1009 3676 1080 δὴ

2086 1097 2183 1151 καὶ
2226 1097 2405 1169 ψυχὴν
2449 1097 2561 1152 τῶν
2600 1098 2766 1152 ὄντων
2811 1099 3066 1153 ἁπάντων
3110 1099 3393 1154 ἀποκαλεῖ.
3432 1118 3452 1151 t
3516 1100 3678 1154 Plato

2087 1204 2253 1244 unum
2275 1190 2490 1260 quidem
2507 1206 2628 1247 esse
2658 1191 2905 1262 opificem
2925 1192 3194 1259 deﬁnivit,
3216 1208 3394 1248 rerum
3414 1192 3675 1248 omnium

2089 1294 2330 1344 causam,
2363 1296 2527 1351 quem
2588 1290 2644 1335 et
2699 1281 3061 1352 propinquum
3108 1283 3309 1337 mundo
3339 1282 3677 1346 esse-dixit,

2084 1370 2359 1427 exstitisse
2385 1386 2512 1427 vero
2533 1371 2707 1427 Deum
2723 1371 2952 1427 alterum
2983 1381 3111 1427 ante
3128 1372 3291 1438 hunc,
3318 1387 3525 1442 nempe
3543 1372 3678 1427 boni

2085 1462 2285 1518 ideam’.
2308 1462 2595 1533 Excogitat
2617 1471 2877 1533 praeterea
2896 1474 2951 1518 ct
2975 1464 3188 1517 tertiam
3207 1479 3446 1529 causam,
3469 1464 3681 1519 ordine

2085 1553 2300 1621 quidem
2332 1564 2385 1609 et
2428 1565 2630 1608 natura
2666 1555 2941 1623 prioribus
2974 1554 3085 1610 illis
3132 1556 3467 1622 interiorem,
3500 1570 3681 1626 quam

2089 1656 2145 1702 et
2167 1646 2403 1699 animam
2429 1646 2808 1701 universarum
2848 1662 3031 1701 rerum
3087 1647 3337 1717 appellat.
3385 1667 3407 1699 ι
3439 1647 3582 1714 Quo
3612 1664 3683 1704 ex

2086 1738 2239 1793 fonte
2273 1736 2585 1807 proﬂuxere
2612 1753 2717 1791 non
2746 1736 2997 1806 Origenis
3027 1754 3241 1793 errores
3260 1739 3425 1794 solum
3462 1744 3685 1801 adver-

2085 1845 2178 1883 sus
2202 1828 2605 1903 sanctissimam
2655 1828 3009 1897 Trinitatem,
3067 1830 3362 1884 aliorumve
3385 1846 3539 1900 quos
3603 1848 3689 1888 re-

409 1924 514 1976 fuit
545 1923 793 1995 Beryllus
820 1925 1115 1980 Bostreuus
1157 1927 1467 1996 episcopus,
1513 1927 1719 1981 erroris
1744 1926 1983 1995 ejusdem
2016 1903 2058 1961 Β
2089 1922 2402 1976 Censuimus
2434 1920 2653 1974 Patrum
2686 1922 2867 1975 minus
2900 1922 3309 1991 circumspecta:
3337 1924 3684 1990 locutiones,

408 2012 747 2078 defensione,
797 2024 851 2070 et
895 2015 1091 2070 deinde
1122 2016 1498 2089 repudiatione
1527 2017 1778 2084 celebris,
1833 2026 1983 2088 post-

406 2119 571 2176 quam
596 2105 663 2160 ab
690 2106 925 2175 Origene
961 2109 1265 2173 convictus,
1294 2117 1348 2163 et
1382 2109 1447 2163 ad
1476 2110 1749 2164 saniorem
1782 2110 1979 2164 doctri-

406 2216 534 2255 nam
562 2203 843 2265 traductus
866 2212 968 2258 est.
1001 2203 1115 2258 llos
1150 2203 1466 2275 perstringit
1505 2203 1767 2273 Origenes
1797 2242 1813 2267 ,
1858 2218 1982 2257 cum

403 2293 530 2348 alibi
558 2293 896 2365 frequenter,
925 2307 1036 2351 tum
1056 2296 1108 2349 in
1138 2296 1276 2353 libro
1301 2312 1461 2367 quem
1495 2298 1549 2351 in
1586 2295 1882 2365 Epistulam
1911 2295 1981 2348 ad

407 2381 585 2439 Titum
612 2388 872 2457 scripsit;
904 2388 1377 2458 quiquelaudatur
1403 2406 1431 2442 a
1457 2388 1737 2459 Pamphilo
1768 2388 1819 2441 in
1844 2390 1983 2457 Apo-

403 2472 566 2540 logia.
589 2472 751 2528 lnitia
772 2476 1032 2531 doctrina:
1057 2477 1216 2543 hujus
1232 2479 1347 2547 jam
1383 2479 1505 2533 inde
1536 2478 1603 2533 ab
1626 2478 1814 2549 lgnatii
1847 2491 1983 2533 tem-

403 2562 627 2626 poribus
661 2566 856 2633 repetit
891 2565 1158 2621 Baronius
1202 2573 1269 2623 ad
1302 2584 1391 2624 an.
1421 2569 1622 2624 Christi
1668 2569 1796 2633 260,
1824 2586 1978 2624 num.

403 2653 493 2709 63.
531 2654 685 2722 Quod
732 2671 863 2728 ergo
919 2659 1057 2714 dixit
1104 2676 1407 2731 anonymus
1454 2661 1677 2716 Sabellii
1731 2662 1979 2717 haeresim

403 2751 749 2820 impugnasse
801 2750 1114 2823 Origenem,
1154 2755 1234 2809 sic
1281 2755 1655 2824 accipiendum
1697 2767 1801 2819 est,
1840 2756 1979 2809 hanc

401 2842 473 2895 ab
505 2857 571 2897 eo
606 2842 975 2912 impugnatam
1007 2845 1255 2899 haaresim
1282 2861 1403 2914 quae
1425 2861 1453 2899 a
1492 2846 1720 2900 vetustis
1751 2845 1977 2901 heereti-

397 2934 479 2988 cis
504 2942 650 3000 orta,
676 2951 705 2987 a
736 2934 908 2991 Noeto
935 2947 988 2991 et
1011 2936 1223 3008 Beryllo
1251 2937 1364 2991 suis
1400 2946 1735 3007 propugnata
1770 2948 1977 3006 tempo-

397 3023 571 3089 ribus,
604 3042 805 3081 novum
838 3028 1033 3083 deinde
1066 3045 1095 3082 a
1136 3028 1372 3083 Sabellio
1398 3045 1595 3084 nomen
1629 3044 1693 3083 ac
1744 3028 1974 3084 formam

396 3117 625 3186 accepit.
659 3118 739 3172 Ac
768 3117 815 3172 si
848 3119 969 3188 quis
1020 3119 1372 3191 Ἀρειανίζειν
1410 3120 1612 3175 diceret
1639 3119 1931 3188 Origenem
1956 3160 1973 3185 ,

2088 2015 2183 2067 sed
2212 2014 2470 2082 quidquid
2496 2014 2657 2066 etiam
2691 2012 2790 2068 luit
2818 2024 3007 2069 contra
3054 2014 3195 2069 idem
3238 2016 3578 2086 mysterium
3616 2019 3687 2073 ab

2085 2106 2357 2161 htereticis
2389 2107 2703 2163 insanitum.

2158 2195 2297 2251 Xlll.
2350 2196 2406 2252 Si
2439 2213 2544 2252 non
2574 2214 2643 2252 ex
2675 2214 2836 2268 supra
2866 2199 3044 2253 allatis
3067 2208 3122 2254 et
3144 2199 3197 2252 in
3224 2209 3522 2268 utramque
3552 2214 3683 2270 par-

2089 2300 2194 2345 tem
2244 2290 2508 2361 expositis
2545 2292 2892 2356 testimoniis,
2938 2293 3134 2361 quibus
3172 2291 3288 2347 Filii
3321 2305 3372 2347 et
3418 2292 3689 2363 Spiritus

2082 2384 2252 2438 sancti
2285 2383 2596 2453 dignitatem
2621 2382 2947 2438 labefactare
2978 2384 3060 2437 vel
3092 2399 3331 2439 asserere
3380 2386 3547 2441 visus
3602 2398 3689 2441 est

2083 2476 2369 2547 Origenes,
2408 2477 2546 2531 satis
2604 2476 2775 2545 ipsius
2820 2477 2995 2531 elucet
3023 2480 3334 2532 sententia:
3392 2489 3449 2532 at
3507 2478 3686 2534 lacile

2083 2578 2235 2621 certe
2261 2566 2684 2636 deprehenditur
2709 2582 2775 2621 ex
2806 2567 3185 2636 sequentibus,
3228 2568 3280 2622 in
3312 2568 3527 2637 quibus
3564 2586 3689 2623 mo-

2081 2655 2326 2711 litionem
2359 2671 2538 2710 rerum
2560 2655 2613 2709 in
2641 2656 2807 2711 Deum
2832 2655 3048 2711 Patrem
3078 2656 3390 2713 transcribit
3415 2674 3429 2721 ;
3464 2658 3687 2714 Filium

2084 2764 2216 2802 vero
2241 2748 2622 2802 secundariam
2662 2758 2871 2801 tantum
2899 2750 3163 2804 creationi
3197 2751 3546 2819 impendisse
3569 2753 3693 2808 vult

2080 2855 2326 2907 operam,
2348 2842 2402 2892 'et
2430 2840 2776 2893 instrumenti
2809 2838 2892 2893 vel
2927 2840 3159 2895 ministri
3195 2851 3374 2910 partes
3398 2842 3630 2899 abiisse
3660 2861 3677 2897 :

2081 2932 2191 3001 (99)
2222 2930 2375 2986 Οὖτω
2416 2930 2614 2997 τοίνυν,
2648 2932 2821 3001 inquit
2852 2941 2981 2987 tom.
3023 2948 3062 2986 ιι
3116 2934 3169 2986 in
3197 2933 3378 2997 Joan.,
3420 2950 3600 2988 num.
3628 2938 3687 3002 6,

2081 3028 2172 3079 καὶ
2206 3024 2414 3089 ἐνθάδε,
2446 3025 2493 3077 εἰ
2526 3024 2705 3078 πάντα
2729 3023 2818 3077 διὰ.
2838 3024 2931 3076 τοῦ
2964 3025 3136 3093 Λόγου
3167 3025 3399 3093 ἐγένετο,
3427 3028 3548 3096 οὐχ
3577 3028 3691 3080 ὑπὸ

2078 3119 2171 3172 τοῦ
2188 3119 2362 3187 Λόγου
2387 3119 2622 3186 ἐγένετο,
2657 3117 2769 3171 ἀλλ’
2803 3119 2907 3171 ὑπὸ
2946 3119 3250 3190 κρείττονος
3274 3120 3364 3171 καὶ
3409 3121 3688 3189 μείζονος

397 3223 517 3263 eam
555 3224 749 3281 nempe
798 3213 940 3266 tueri
983 3211 1327 3278 doctrinam,
1360 3227 1479 3283 qua:
1508 3214 1679 3269 multo
1730 3223 1854 3284 post
1906 3217 1972 3271 ab

2087 3211 2229 3284 παρὰ
2244 3211 2335 3265 τὸν
2351 3212 2540 3281 Λόγον·
2559 3213 2641 3276 τίς
2652 3212 2696 3264 δ’
2714 3211 2779 3266 ἂν
2796 3212 2949 3275 ἄλλος
2965 3206 3120 3276 οὗτος
3134 3214 3371 3287 τυγχάνῃ
3389 3215 3407 3284 (
3418 3216 3435 3267 l
3448 3216 3635 3287 00),ἢ
3653 3218 3689 3268 ὁ

394 3302 529 3357 Ario
555 3302 912 3374 ampliﬁcata,
935 3320 1131 3361 nomen
1160 3305 1229 3359 ab
1252 3320 1317 3359 eo
1342 3307 1533 3376 adepta
1560 3315 1664 3362 est.

467 3392 582 3447 ΧΗ.
613 3394 837 3449 Multum
887 3397 1103 3465 quidem
1140 3396 1281 3451 valet
1325 3398 1465 3465 apud
1520 3415 1628 3463 me,
1661 3414 1759 3469 pro
1793 3414 1857 3455 eo
1910 3415 1975 3454 ac

396 3485 581 3553 debet,
630 3487 853 3541 Patrum
901 3487 1115 3541 illorum
1151 3489 1449 3543 auctoritas
1476 3530 1492 3554 ,
1541 3491 1633 3559 qui
1669 3490 1974 3551 doctrinam

396 3578 649 3649 Origenis
675 3580 741 3633 de
770 3578 1040 3635 Trinitate
1072 3580 1351 3651 sullragiis
1377 3581 1491 3636 suis
1527 3584 1975 3651 comprobarunt.

397 3670 505 3723 Sed
546 3670 679 3724 mihi
710 3679 891 3724 tamen
918 3671 1091 3740 pluris
1120 3683 1203 3727 est
1236 3674 1352 3742 ipsa
1379 3674 1600 3740 veritas,
1625 3690 1787 3744 quam
1826 3685 1881 3731 et
1906 3693 1975 3733 ex

395 3761 740 3831 Origeniana:
765 3762 1023 3819 doctrinae
1046 3765 1405 3829 connexione,
1431 3775 1485 3819 et
1512 3780 1577 3819 ex
1607 3776 1810 3821 attente
1846 3784 1973 3837 per-

396 3853 600 3921 spectis
644 3853 952 3908 Adamantii
1007 3854 1209 3919 verbis,
1261 3864 1317 3909 et
1365 3870 1432 3908 ex
1471 3854 1693 3910 Patrum
1742 3857 1973 3912 aliorum

394 3944 757 4012 complurium
794 3944 1292 4012 testiﬁcationibus,
1320 3946 1431 4017 (98)
1462 3946 1515 4001 in
1549 3958 1730 4017 partes
1762 3960 1966 4003 sectam

394 4039 465 4092 ab
517 4038 636 4107 ipso
670 4037 1025 4105 Trinitatem,
1057 4049 1111 4094 et
1141 4042 1397 4095 essentia:
1430 4057 1493 4096 ac
1520 4041 1820 4098 divinitatis
1847 4046 1971 4113 qui-

392 4128 621 4184 busdam
659 4128 825 4183 veluti
858 4129 1119 4199 gradibus
1152 4129 1464 4184 distinctam
1496 4130 1872 4196 clamantium,
1900 4132 1965 4185 li-

392 4220 558 4289 quido
584 4220 716 4274 mihi
749 4222 1090 4289 perspexisse
1118 4221 1326 4275 videor.
1355 4222 1506 4277 Adde
1531 4221 1820 4277 Platonica:
1846 4224 1968 4291 phi-

394 4311 656 4381 losophiae.
678 4312 914 4376 decreta,
965 4314 1031 4365 ad
1058 4327 1179 4382 quae
1208 4313 1323 4367 fere
1349 4329 1445 4365 sua
1474 4316 1743 4381 expressit
1774 4314 1968 4386 Orige-

394 4417 512 4466 nes,
536 4404 677 4469 quod
700 4402 813 4472 jam
848 4419 1011 4474 supra
1042 4405 1376 4469 monuimus,
1420 4405 1631 4459 larvam
1674 4409 1967 4476 quamdam

394 4495 686 4550 Trinitatis
750 4496 1039 4565 ellingere,
1087 4497 1336 4565 personis
1375 4505 1713 4552 constantem
1773 4500 1967 4563 tribus,

397 4586 652 4656 'tnzequali
676 4586 920 4654 praeditis
955 4585 1241 4657 dignitate,
1284 4597 1590 4657 potestate,
1641 4592 1967 4661 antiquitate

466 4698 513 4729 ³⁸⁵
536 4696 693 4755 Joan.
732 4715 773 4766 ι,
797 4701 853 4754 '5.

2082 3304 2305 3376 Πατήρ;
2338 3305 2541 3374 Duplex
2566 3315 2650 3360 est
2676 3306 2837 3375 hujus
2873 3306 2974 3359 loci
3008 3306 3175 3369 labes,
3213 3323 3329 3359 nam
3366 3314 3418 3360 et
3443 3306 3681 3364 Filium

2076 3394 2236 3449 Patre
2277 3397 2539 3450 minorem
2563 3412 2627 3450 ac
2650 3395 2963 3451 inferiorem
2998 3413 3118 3453 esse
3174 3398 3433 3463 decernit,
3468 3410 3539 3455 et
3594 3417 3679 3457 re-

2077 3503 2195 3541 rum
2231 3488 2561 3543 creationem
2598 3490 2816 3558 penitus
2843 3489 2942 3559 ipsi
2970 3490 3276 3558 abjudicat;
3328 3492 3382 3545 in
3411 3508 3533 3560 qua
3565 3495 3680 3550 Pa-

2080 3582 2146 3635 tri
2186 3590 2395 3634 tantum
2438 3581 2802 3648 ministrasse,
2858 3598 2962 3637 non
2996 3583 3294 3638 molitorem
3349 3584 3559 3640 itidem
3609 3600 3677 3644 ut

2076 3672 2290 3728 Patrem
2318 3673 2481 3728 fuisse
2524 3673 2654 3727 dicit
2679 3674 2771 3728 lib.
2798 3677 2970 3743 ιΠεῖρὶ
3002 3674 3205 3745 ἀρχῶν
3234 3677 3285 3730 in
3322 3677 3438 3746 ipso
3475 3695 3683 3748 prom-

2076 3767 2208 3829 mio,
2232 3782 2381 3820 num.
2407 3766 2440 3819 4
2477 3784 2490 3820 :
2526 3784 2545 3817 ι
2583 3764 2743 3822 Jesus
2770 3765 3019 3823 Christus
3060 3769 3171 3837 ipse
3200 3770 3289 3840 qui
3316 3772 3493 3835 venit,
3534 3784 3681 3831 ante

2074 3874 2291 3912 onmem
2324 3866 2635 3913 creaturam
2670 3868 2829 3913 natus
2858 3876 2924 3913 ex
2958 3860 3115 3913 Patre
3154 3873 3256 3915 est.
3293 3861 3392 3928 Qui
3421 3879 3567 3919 cum
3622 3868 3682 3923 in

2074 3950 2317 4003 omnium
2363 3952 2672 4005 conditione
2712 3951 2859 4006 Patri
2910 3952 3268 4009 ministrasset
3314 3957 3441 4023 (per
3473 3959 3673 4027 ἱρεκιιι

2075 4046 2215 4096 enim
2254 4045 2431 4097 omnia
2466 4044 2610 4113 facta
2636 4057 2753 4098 sunt
2778 4045 2844 4106 “l
2882 4047 3191 4103 novissimis
3219 4049 3574 4118 temporibus
3602 4068 3693 4108 se-

2076 4134 2249 4205 ipsum
2279 4136 2601 4190 exinaniens
2635 4138 2800 4192 homo
2832 4137 3008 4193 lactus
3052 4150 3174 4194 est:
3208 4162 3227 4193 ι
3260 4156 3418 4210 quem
3476 4141 3682 4199 locum

2032 4262 2043 4273 .
2077 4228 2275 4295 repetit
2308 4238 2502 4281 auctor
2539 4228 2659 4281 libri
2688 4227 2765 4281 De
2794 4230 2990 4282 deitate
3018 4240 3065 4283 et
3096 4232 3465 4285 incarnatione
3510 4231 3683 4288 Verbi

2075 4317 2146 4367 ad
2181 4314 2528 4382 Januarium,
2553 4316 2643 4383 qui
2677 4324 2821 4369 tumo
2859 4326 3056 4386 quarto
3100 4331 3322 4386 operum
3365 4317 3682 4388 Augustii

2073 4408 2268 4477 subjici
2299 4409 2464 4472 solet,
2487 4424 2608 4478 cap.
2637 4410 2689 4461 l.
2729 4408 2968 4478 Repetiit
2998 4420 3049 4463 et
3069 4420 3196 4464 ante
3222 4409 3367 4463 illum
3395 4408 3685 4481 Pamphio

2075 4499 2158 4553 lus
2193 4500 2243 4552 in
2274 4500 2562 4569 Apologia:
2594 4509 2757 4569 atque
2798 4501 2947 4554 illum
2978 4518 3042 4554 ex
3079 4500 3171 4555 lib.
3206 4517 3262 4555 Ill
3291 4503 3342 4553 in
3381 4499 3575 4568 Epist.
3607 4505 3682 4555 ad

2080 4594 2285 4648 Culoss.
2312 4609 2327 4646 :
2356 4612 2374 4644 ι
2412 4593 2539 4646 Data
2559 4604 2645 4647 est
2665 4603 2845 4649 autem
2878 4595 2962 4649 lex
2991 4594 3159 4664 Moysi
3199 4611 3293 4665 per
3313 4594 3579 4663 angelos,
3622 4599 3683 4652 in

462 4817 574 4889 (98)
600 4819 669 4872 In
691 4831 865 4902 partes
891 4834 1085 4902 sectam
1108 4826 1172 4902 ab
1194 4826 1307 4892 ipso
1341 4828 1676 4902 Trinitatem,
1721 4843 1827 4888 etc.
1882 4835 1961 4887 Ex
1995 4841 2040 4894 Ι)
2080 4832 2325 4900 procedit
2352 4846 2382 4884 e
2415 4844 2617 4895 mente,
2658 4842 2709 4885 et
2747 4847 2924 4899 neque
2957 4843 3160 4901 partem
3188 4833 3426 4902 aliquant
3452 4839 3679 4895 mentis

390 4889 479 4943 liis
501 4904 622 4958 quae
648 4907 811 4958 supra
841 4893 1088 4962 infraque
1112 4889 1543 4961 observavimus.
1601 4889 1732 4956 satis
1777 4914 1961 4957 osten-

391 4975 510 5015 sum
544 4971 627 5013 est
659 4963 833 5017 nullos
856 4965 1055 5033 gradus
1088 4967 1138 5019 in
1169 4967 1434 5023 Trinitate
1469 4975 1812 5028 coiistituisse
1836 4975 1961 5029 Ori—

391 5045 603 5110 generi),
630 5032 734 5085 nisi
768 5046 1013 5110 respectu
1044 5052 1241 5110 causze,
1277 5040 1550 5110 principii,
1585 5044 1748 5097 fontis
1778 5054 1831 5096 et
1860 5046 1966 5098 ori-

392 5104 569 5178 ginis;
606 5117 675 5178 ac
705 5104 939 5178 proinde
977 5106 1125 5161 nullo
1160 5104 1318 5178 tundo
1354 5109 1405 5178 in
1454 5104 1639 5178 partes
1666 5124 1868 5167 sectam
1897 5116 1964 5168 ab

392 5170 510 5238 ipso
547 5170 715 5224 Fuisse
740 5175 1033 5228 essentiam
1065 5177 1326 5231 divinam.
1364 5170 1538 5233 Unum
1570 5183 1672 5237 hoc
1698 5185 1892 5237 addam
1929 5199 1961 5237 e

389 5241 568 5315 libror
598 5241 737 5310 Περὶ
766 5242 1000 5312 ἀρχῶν,
1031 5264 1152 5315 cap.
1179 5248 1235 5314 2,
1282 5266 1431 5306 num.
1485 5253 1548 5305 6:
1590 5270 1609 5303 ι
1651 5253 1957 5308 Observan—

391 5313 785 5389 dum_namque
808 5328 982 5389 estne
1005 5313 1124 5389 quis
1156 5313 1399 5373 inetirrat
1443 5321 1494 5375 in
1543 5324 1661 5377 illas
1695 5324 1960 5377 absurdas

389 5382 604 5463 fabulas
634 5397 822 5437 eorum
858 5388 946 5463 qui
995 5382 1326 5456 prolationes
1375 5394 1639 5460 quasdam
1676 5395 1775 5447 sibi
1828 5395 1959 5463 ipsis

389 5452 689 5530 depingunt
735 5466 815 5530 ιιιᾷ
840 5452 1075 5530 divinam
1137 5452 1483 5514 naturam'in
1540 5473 1722 5530 partes
1767 5452 1959 5517 vocent

389 5519 662 5601 (secent),
703 5535 756 5578 et
784 5525 1215 5601 DeumPatrem,
1259 5542 1518 5597 quantum
1540 5519 1612 5587 ἰιι
1643 5548 1703 5588 se
1737 5544 1843 5597 est,
1875 5536 1955 5587 di-

388 5590 753 5667 vidant,cum
794 5597 895 5649 hoc
936 5597 1001 5650 de
1040 5590 1354 5667 incorporea
1396 5612 1586 5656 natura
1626 5604 1710 5657 vel
1760 5590 1957 5657 leviter

387 5662 785 5741 su.8picat:i_uon
808 5667 976 5741 solum
1007 5662 1263 5741 extremae
1290 5671 1578 5739 impietatis
1624 5675 1728 5739 sit,
1768 5690 1953 5727 verum

388 5733 552 5806 etiam
585 5733 786 5788 ultima:
816 5734 1160 5811 insipientia,
1190 5755 1290 5793 nec
1314 5733 1537 5797 omnino
1555 5744 1619 5796 ad
1645 5733 1944 5811 intelligen-

390 5811 517 5880 nam
532 5816 877 5880 consequens
909 5809 1336 5880 ut___incorporeze
1359 5822 1565 5866 natura:
1582 5809 1955 5870 substantialis

387 5872 579 5929 divisio
625 5872 794 5946 possit
836 5876 1081 5950 intelligi.
1131 5872 1303 5952 Magis
1349 5896 1477 5953 ergo
1530 5884 1669 5938 sicut
1704 5885 1954 5943 voluntas

2069 4912 2243 4968 secat,
2271 4918 2444 4976 neque
2471 4906 2551 4953 ab.
2571 4915 2947 4976 ea_separatn_r
2968 4917 3059 4954 aut
3088 4906 3367 4976 d_ividitur,
3399 4906 3497 4958 tali
3527 4924 3679 4976 qua-

2071 4975 2194 5026 dam
2226 4973 2421 5043 rspecie
2459 4972 2726 5043 putandus
2765 4982 2846 5026 est
2894 4972 3054 5026 Pater
3098 4974 3291 5043 Filium
3339 4972 3624 5043 genuisse
3652 5021 3671 5041 ,

2074 5042 2363 5109 imaginem
2394 5042 2602 5095 scilicet
2640 5058 2814 5105 suam,
2844 5054 2922 5105 ut,
2952 5043 3220 5112 sicutipse
3244 5042 3554 5101 invisibilis
3585 5060 3678 5103 est

2072 5130 2169 5183 per
2203 5125 2478 5187 naturam,
2520 5114 2591 5165 ita
2619 5112 3165 5187 it‘naginem‘quoque
3198 5114 3538 5187 invisibilem
3575 5134 3679 5187 ge-

2074 5181 2279 5237 nuerit.
2306 5181 2542 5236 Verbum
2575 5184 2718 5237 enim
2749 5191 2835 5237 est
2856 5182 3047 5245 Filius,
3068 5181 3121 5238 et
3156 5185 3281 5236 ideo
3302 5184 3435 5237 nihil
3480 5187 3544 5239 in
3577 5181 3681 5243 "eo

2068 5253 2328 5307 Sensibile
2358 5252 2763 5321 intelligendum
2793 5264 2897 5306 est.
2929 5253 3207 5322 Sapientia
3241 5264 3343 5318 est,
3388 5264 3443 5309 et
3474 5258 3540 5309 in
3574 5274 3673 5312 sa-

2068 5322 2267 5392 pienlia
2310 5323 2439 5375 nihil
2489 5339 2809 5390 corporeum
2861 5325 3243 5391 suspicandum
3295 5334 3401 5387 est,
3443 5323 3675 5383 Lumen

2067 5404 2151 5447 est
2176 5410 2351 5446 verum
2381 5395 2519 5460 quod
2550 5394 2815 5446 illuminat
2842 5410 3045 5447 onmem
3067 5396 3327 5448 hominem
3357 5398 3679 5453 venientem

2069 5464 2122 5514 in
2151 5465 2290 5516 hunc
2324 5464 2574 5533 mundum
2609 5462 2791 5532 (Joau.
2822 5480 2859 5527 ι,
2884 5463 2963 5533 9).
2993 5466 3091 5518 sed
3117 5465 3250 5518 nihil
3293 5466 3459 5518 habet
3503 5484 3681 5522 com~

2068 5550 2228 5586 mune
2247 5536 2313 5586 ad
2333 5532 2639 5603 solisliujus
2662 5534 2861 5588 lumen.
2894 5532 3062 5587 illaec
3085 5537 3246 5589 verba
3275 5538 3467 5603 repetit
3496 5537 3687 5592 Pam-

2067 5605 2244 5671 philus
2271 5604 2322 5656 in
2352 5602 2603 5671 Apologia
2634 5620 2755 5657 sua.
2784 5604 2914 5659 Vide
2940 5617 3205 5673 praterea
3231 5602 3681 5666 observationes

2063 5676 2118 5727 in
2145 5691 2297 5727 num.
2336 5674 2368 5725 5
2396 5687 2451 5727 et
2482 5674 2535 5725 in
2569 5690 2713 5730 num.
2743 5674 2835 5727 9.4.

2134 5744 2247 5815 (99)
2278 5744 2441 5796 Οὕτω
2486 5744 2713 5810 τοίνυν,
2754 5756 2860 5801 etc.
2892 5742 3026 5799 Vide
3054 5747 3214 5815 paulo
3241 5761 3405 5816 supra
3441 5764 3609 5807 num.
3638 5747 3682 5804 Ἰ

2065 5816 2563 5885 animadversiones
2594 5827 2811 5885 n_ostras
2846 5817 2897 5869 in
2931 5816 3077 5871 hunc
3110 5817 3362 5885 Origenis
3410 5819 3635 5879 locum.

2134 5884 2282 5965 (ιυο)
2308 5884 2583 5959 Τυγχάνῃ.
2616 5883 2757 5955 Lege
2777 5886 3052 5958 τυγχάνοι.
3081 5883 3245 5943 Emi.

1974 5979 2073 6015 ,ην
3598 5985 3683 5997 η-
