3878 6514
197 356 280 412 757
1024 357 1594 420 ORIGENIANORUM
1636 364 1738 421 LIB

1845 368 1872 433 l,
1913 369 2065 425 CAP.
2107 371 2174 434 ll,
2219 371 2494 438 QUIEST.
2535 375 2603 428 ll.

3314 380 3415 439 738

196 479 331 521 manu
361 473 415 520 et
438 465 652 523 virtute
688 470 1006 529 mediatoris
1029 475 1226 532 Christi
1257 480 1322 544 ”,
1356 481 1447 550 qui
1497 499 1620 539 cum
1647 499 1735 540 es-

1845 486 1928 542 τὺν
1944 487 2076 544 Θεὸν
2101 485 2190 562 ἦν,
2213 491 2307 546 καὶ
2321 489 2454 556 Θεὸς
2484 487 2574 563 ἦν.
2611 511 2630 543 ι
2665 490 2800 546 Cum
2834 505 2962 552 vero
2995 492 3202 564 opillcis
3223 496 3418 566 agebat

195 570 264 614 set
287 558 334 610 in
357 557 634 627 principio
659 558 893 617 Verbum
937 564 1053 630 Dei,
1089 577 1142 621 et
1181 571 1321 638 apud
1360 571 1527 629 Deum
1558 587 1740 645 esset,
1800 581 1802 584 ’

195 659 239 705 et
264 649 391 703 Deus
432 660 585 705 esset
638 651 902 721 Verbum,
933 655 1083 712 Patri
1113 659 1165 713 in
1190 662 1438 719 omnibus
1469 667 1743 722 ministra-

193 741 272 794 vit.
316 737 502 794 Omnia
549 742 697 797 enim
743 762 834 812 per
861 747 1029 815 ipsum
1047 751 1189 818 facta
1216 765 1358 819 sunt,
1395 755 1449 810 id
1495 767 1602 824 est,
1634 775 1740 814 non

193 830 336 886 solum
362 839 657 896 creatum,
679 834 777 891 sed
806 837 957 892 etlex
981 848 1036 894 et
1066 842 1394 910 prepbetzea
1423 845 1572 904 Unde
1599 859 1744 903 tomo

193 938 248 976 xx
274 923 320 974 in
354 921 549 988 Joan.,
576 940 735 982 num.
770 928 821 994 7,
867 931 1039 1001 ipsum
1070 936 1282 1004 qui-dem
1323 939 1597 1012 αὐτόπτην
1625 956 1746 997 esse

192 1014 252 1067 ait
275 1029 450 1068 eorum
475 1030 603 1085 qua:
645 1030 775 1074 sunt
800 1021 851 1075 in
877 1021 1073 1090 Patre;
1104 1029 1328 1099 angelos
1351 1040 1531 1084 autem
1562 1034 1745 1089 videre

192 1108 350 1160 eadem
381 1121 481 1175 per
510 1108 719 1176 ipsum,
756 1122 1011 1182 tanquam
1061 1133 1156 1186 per
1192 1121 1538 1176 mediatorem
1564 1135 1616 1178 et
1645 1127 1748 1180 mi-

192 1197 388 1253 nistrum
415 1240 432 1266 ,
480 1199 560 1264 ὼς
591 1201 684 1256 διὰ
716 1207 936 1275 μεσίτου
968 1210 1061 1263 καὶ
1090 1212 1383 1285 ὑπηρέτου.
1438 1216 1500 1270 Ει
1537 1227 1666 1270 10111.
1704 1235 1741 1280 1.

190 1304 314 1344 tium.
339 1289 428 1354 22,
458 1290 751 1350 Christum
813 1307 1038 1357 eatenus
1071 1318 1191 1358 esse
1220 1305 1534 1362 Creatorem
1567 1309 1743 1378 docet,

190 1392 421 1450 quatenus
451 1383 598 1438 dixit
632 1384 797 1442 Pater
826 1412 838 1445 :
878 1389 1002 1445 Fiat
1041 1393 1156 1457 lux,
1194 1395 1244 1448 id
1270 1407 1371 1461 est,
1402 1409 1668 1468 quatenus
1693 1403 1744 1456 in

189 1474 401 1527 licienda
425 1474 548 1530 luce
567 1475 725 1530 Patri
745 1481 1056 1538 ministrum
1073 1500 1132 1540 se
1149 1488 1398 1555 praebuit.
1442 1489 1518 1560 ll)
1540 1490 1745 1546 Claris-

189 1563 298 1618 sitne
316 1580 444 1621 vero
471 1573 822 1628 sententiam
854 1573 995 1630 hanc
1021 1578 1292 1646 expressit
1322 1577 1416 1633 lib.
1469 1595 1520 1634 vr
1559 1595 1740 1636 contr.

187 1653 280 1746 Cels
317 1695 331 1718 ,
372 1673 522 1713 num.
578 1660 675 1714 60'
710 1681 724 1717 :
762 1663 866 1717 Τὸν
912 1666 1010 1735 μὲν
1061 1669 1342 1740 προσεχῶς
1414 1671 1744 1746 δημιουργὸν

187 1743 296 1836 εἶναι
315 1748 401 1804 τὸν
425 1750 560 1805 Υῐὺν
587 1752 690 1806 τοῦ
716 1754 852 1809 Θεοῦ
873 1758 1062 1826 Λόγον,
1083 1759 1174 1813 καὶ
1197 1760 1434 1834 ὡσπερεὶ
1451 1743 1744 1836 αὐτουργὺν

184 1825 258 1892 τόδ]
280 1840 474 1912 κόσμου
496 1859 512 1874 ο
544 1843 648 1897 τὸν
668 1845 729 1899 δὲ
749 1825 968 1919 Πατέρᾴ
997 1849 1090 1902 τοῦ
1123 1851 1321 1920 Λόγου,
1445 1825 1744 1926 προστετα-
1777 1834 1818 1888 Β

184 1928 306 2001 κέναι
331 1931 405 2001 τῷ
429 1932 550 2004 Υἱῷ
580 1936 786 1990 ἑαυτοῦ
807 1939 964 2009 Λόγῳ
992 1941 1214 2011 ποιῆσαι
1242 1942 1336 1996 τὸν
1366 1943 1586 2015 κόσμον,
1607 1942 1742 2000 εἶναι

183 2020 379 2091 πρώτως
401 2023 776 2099 δημιουργόν.
806 2028 923 2086 1am
958 2047 1086 2102 ergo
1120 2033 1289 2102 liquet
1338 2051 1445 2104 quo
1473 2052 1632 2091 sensu
1661 2039 1745 2092 di-

182 2114 294 2166 xerit
321 2114 370 2167 in
403 2113 623 2170 Catena
649 2119 955 2178 Baltasaris
979 2123 1222 2178 Corderii
1254 2126 1308 2179 in
1334 2126 1495 2181 Joan.
1530 2129 1595 2182 ad
1621 2144 1738 2199 cap.

182 2223 214 2268 ι,
263 2207 284 2260 1
323 2208 387 2276 (si
439 2213 616 2265 modo
668 2211 736 2267 ea'
797 2230 924 2270 vere
963 2227 1089 2271 sunt
1133 2216 1406 2289 Origenis,
1454 2230 1508 2275 et
1541 2222 1743 2292 aliquid

181 2297 467 2356 Catenarum
498 2306 829 2363 auctoritati
867 2308 1207 2363 tribuendum
1231 2309 1335 2378 est)
1363 2329 1374 2365 :
1401 2313 1744 2384 Δημιουργὸν

180 2391 267 2446 τῶν
286 2394 498 2447 πάντων
527 2395 826 2466 τιθέμενος
841 2399 1022 2465 αὑτὸν,
1043 2401 1102 2452 τὸ
1121 2400 1215 2455 τοῦ
1235 2401 1406 2468 Λόγου
1424 2402 1595 2474 ὄνομα
1614 2421 1744 2457 κατ-

176 2485 334 2555 ηγορεῖ
366 2485 580 2564 ἀύτοῦ.
630 2507 651 2538 ι
691 2487 949 2558 Opiﬁcem
993 2507 1169 2545 rerum
1211 2494 1451 2547 omnium
1502 2503 1743 2548 statuens

179 2575 342 2642 ipsum,
376 2575 547 2632 Verbi
579 2581 812 2635 nomine
837 2585 1006 2652 ipsum
1037 2585 1238 2650 allicit;
1275 2604 1292 2637 ι
1323 2585 1410 2640 ubi
1440 2595 1492 2639 et
1516 2587 1742 2659 ποιητὴν

177 2667 261 2721 τῶν
285 2670 494 2724 πάντων
527 2671 820 2741 appellat:
849 2683 904 2728 et
934 2674 1011 2728 ait
1041 2676 1203 2744 paulo
1249 2687 1370 2745 post
1401 2697 1415 2733 :
1454 2679 1580 2742 Πῶς
1633 2681 1742 2754 γὰρ

175 2761 252 2811 οὐκ
276 2760 370 2814 ἔδει
397 2763 572 2815 αὐτὸν
619 2758 766 2816 εἶναι
798 2765 912 2834 πρὸ.
964 2766 1204 2832 πάντων,
1237 2769 1331 2822 καὶ
1383 2773 1440 2823 ὲν
1472 2773 1611 2843 ἀρχῇ
1646 2773 1743 2843 τῆς

175 2849 424 2920 ὑπάρξεως
453 2851 650 2905 αὐτῶν
670 2852 899 2923 κτίστην
921 2853 1079 2918 ὄντας
1113 2875 1131 2906 ι
1162 2856 1442 2922 Quomodo
1469 2861 1612 2912 enim
1637 2876 1741 2912 non

175 2943 428 3008 oportebat
457 2959 590 2999 esse
619 2945 802 3012 ipsum
836 2957 961 2999 ante
987 2947 1186 3008 omnia,
1233 2957 1288 3001 et
1341 2962 1462 3002 cum
1505 2950 1739 3016 primum

174 3047 585 3102 e>set~mpetunt,
606 3035 706 3103 qui
729 3051 911 3089 eorum
929 3036 1156 3090 Creator
1173 3039 1294 3092 est?
1316 3058 1332 3090 ι
1355 3053 1408 3093 et
1439 3055 1558 3093 mox
1581 3057 1594 3093 :
1614 3041 1742 3093 Ὅτε

171 3123 216 3177 δὲ
246 3125 589 3198 ἐδημιούργει
620 3128 710 3190 εἰς
740 3126 924 3182 οὐσίαν
962 3127 1123 3198 ἔφερε
1148 3129 1217 3182 τὰ
1246 3130 1443 3195 πάντα,
1474 3131 1567 3184 καὶ
1603 3131 1741 3202 πρὸς

228 3244 267 3274 ⁸⁸
293 3242 466 3297 Galat.
499 3259 588 3307 ιιι,
636 3243 731 3298 19.

1845 589 2046 648 partes,
2064 583 2274 636 cunctis
2289 582 2560 652 praebebat
2577 592 2633 636 ut
2649 591 2851 646 essent.
2869 594 2922 638 et
2936 593 3050 639 erat
3065 586 3205 652 apud
3226 587 3414 648 Deum,

1844 677 1899 722 et
1926 669 2063 746 Deus
2106 680 2254 737 erat;
2288 690 2307 723 ι
2353 681 2404 727 et
2424 672 2655 741 denique
2683 690 2698 725 :
2729 672 2866 726 Ἀλλ’
2901 674 2998 744 οὐχ
3027 675 3054 726 ὁ
3085 673 3415 749 δημιουργὸς

1844 758 1934 812 τοῦ
1952 761 2149 825 παντὸς
2170 760 2429 826 τοιοῦτος,
2449 763 2728 833 τυγχάνων
2746 763 2874 827 Θεὸς
2890 765 3058 832 Λόγος
3077 767 3195 818 κατ’
3207 766 3414 820 οὐσίανσ

1843 849 1922 902 διὸ
1951 850 2042 904 καὶ
2067 851 2252 920 Σοφία,
2275 852 2370 907 καὶ
2404 851 2648 923 Ἀλήθεια
2675 855 2731 906 ὲν
2762 857 2880 918 ταῖς
2909 854 3205 922 Θεολογῐαις
3228 857 3419 928 ὀνομά-

1845 939 2012 1004 ζεται.
2053 960 2072 992 ‹
2101 943 2171 996 At
2202 958 2308 997 non
2358 943 2432 996 ita
2489 959 2672 998 rerum
2722 947 2962 1000 omnium
2992 947 3285 1018 lConditor,
3324 949 3415 1018 qui

1847 1033 1990 1088 Deus
2019 1035 2252 1090 Verbum
2279 1044 2362 1090 est
2383 1039 2678 1092 secundum
2703 1041 3016 1096 essentiam.
3048 1040 3202 1098 Unde
3233 1055 3286 1098 et
3314 1045 3415 1097 Sa-

1844 1125 2046 1194 pientia
2078 1127 2400 1196 appellatur.
2427 1136 2482 1182 et
2519 1127 2752 1193 Veritas,
2777 1145 2898 1184 cum
2928 1131 2993 1186 de
3025 1131 3186 1188 rebus
3219 1133 3416 1188 divinis

1846 1214 2147 1270 disseritur.
2186 1235 2204 1266 ι
2235 1217 2363 1270 Item
2383 1217 2476 1272 lib.
2504 1233 2572 1272 vn
2597 1220 2649 1272 in
2678 1216 2845 1287 Epist.
2870 1221 2939 1273 ad
2966 1219 3140 1286 Rom...
3175 1238 3320 1276 num.
3343 1222 3411 1278 9:

1852 1323 1871 1357 ι
1911 1306 2054 1361 Nihil
2077 1319 2160 1362 est
2188 1307 2438 1375 visibilis,
2473 1310 2588 1364 sive
2613 1311 2903 1368 invisibilis
2934 1323 3197 1368 creatura:
3219 1355 3234 1380 ,
3271 1316 3417 1384 quod

1845 1397 1982 1452 Filio
2011 1400 2179 1469 possit
2213 1402 2526 1470 aquuari:
2565 1402 2712 1457 nullo
2766 1404 2915 1458 enim
2971 1413 3130 1474 pacto
3180 1407 3417 1461 creatori

1846 1504 1943 1546 suo
1976 1501 2223 1546 creatura
2264 1503 2438 1561 potest
2461 1493 2696 1549 conferri
2729 1513 2743 1550 :
2774 1504 2828 1550 et
2855 1496 2908 1551 si.
2948 1508 3164 1552 creator
3188 1498 3300 1567 ipse
3327 1499 3421 1550 do-

1847 1592 2004 1636 natus
2032 1592 2117 1637 est
2142 1583 2316 1646 nobis,
2343 1587 2616 1651 quomodo
2645 1601 2750 1641 non
2775 1602 2896 1641 cum
2925 1589 3039 1658 ipso
3066 1590 3220 1643 nobis
3241 1591 3419 1644 omnis

1846 1683 2093 1726 creatura
2124 1674 2448 1729 donabitur?
2473 1695 2492 1728 ι
2527 1675 2725 1730 Rerum
2746 1677 3052 1734 effectorem
3075 1679 3270 1734 Filium
3298 1696 3422 1736 esse

1848 1770 2018 1829 putat,
2044 1765 2138 1817 sed
2169 1766 2544 1819 secundarium
2573 1785 2586 1823 :
2619 1778 2674 1824 et
2693 1785 2779 1824 res
2805 1771 3024 1840 quidem
3076 1788 3313 1838 creasse,
3363 1783 3420 1827 at

1850 1851 2194 1910 instrumenti
2238 1856 2352 1910 vice
2381 1857 2729 1928 fungentem;
2760 1860 2976 1916 Patrem
3007 1877 3132 1918 vero
3187 1865 3421 1918 creatio-

1849 1942 1932 1996 nis
1956 1955 2237 1998 auctorem
2262 1961 2400 2010 esse,
2437 1961 2487 2001 et
2514 1951 2824 2018 primariam
2859 1968 2922 2007 ac
2945 1955 3269 2025 praecipuam
3299 1970 3422 2008 cau-

1849 2048 1965 2089 sam
1994 2053 2008 2089 :
2037 2046 2200 2103 atque
2232 2039 2300 2090 ita
2327 2054 2482 2092 suum
2510 2043 2706 2111 cuique
2729 2041 2962 2098 ollicium
3005 2046 3256 2114 partitur.
3285 2044 3422 2101 Hinc

1847 2123 2158 2182 Gennadius
2195 2129 2286 2182 lib.
2318 2129 2396 2184 De
2443 2130 2712 2200 Dogmat.,
2747 2149 2871 2204 cap.
2905 2135 2937 2188 4
2969 2152 2981 2186 :
3015 2154 3033 2187 ι
3069 2135 3211 2190 Niliil
3243 2135 3420 2192 ollit'io

1850 2219 2148 2288 singulare,
2198 2235 2298 2274 nec
2346 2221 2501 2276 alteri
2539 2227 2997 2281 communicabile
3047 2225 3134 2286 (in
3165 2227 3423 2285 Trinitate

1849 2309 2148 2377 credamus)
2177 2321 2233 2364 ut
2263 2309 2547 2378 Origenes.
2579 2334 2596 2366 ι
2639 2315 2774 2371 llinc
2803 2318 2964 2371 etiam
2991 2318 3252 2388 Cyriacns
3279 2319 3422 2387 apud

1849 2399 2158 2454 Simeonem
2216 2402 2634 2472 Metaplirastem
2693 2407 2834 2462 inter
2870 2407 3120 2474 dogmata
3171 2408 3423 2478 Origeui-

1848 2500 2058 2548 starum
2079 2493 2493 2551 Palaestiuoruni
2513 2499 2693 2552 saeculi
2724 2499 2860 2553 sexti
2887 2501 3184 2569 ponitillud
3213 2519 3224 2554 :
3258 2520 3275 2552 ι
3301 2501 3425 2558 Trit-

1849 2583 2077 2640 nitatem
2114 2603 2220 2642 non
2257 2587 2424 2642 fuisse
2463 2591 2646 2642 mundi
2679 2590 2952 2656 opiﬁcem,
2995 2610 3012 2640 ι
3057 2601 3110 2644 et
3161 2591 3424 2646 Justiniau

1849 2692 1952 2732 nus
1983 2674 2270 2744 Origenem
2299 2680 2650 2746 conqueritur
2681 2680 2876 2733 Filium
2910 2690 2964 2736 et
3007 2682 3266 2750 Spiritum
3292 2699 3423 2739 san-

1849 2780 1994 2825 ctum
2036 2769 2338 2839 appellasse
2381 2771 2728 2842 λειτουργικὰ
2756 2770 2893 2838 ζῶα,
2953 2791 2971 2824 ι
3027 2774 3422 2830 ministratoris

1849 2861 2125 2925 animalia,
2163 2882 2180 2913 ι
2211 2871 2270 2914 ιιι
2292 2879 2450 2931 supra
2480 2879 2508 2916 a
2551 2879 2636 2915 me
2661 2867 3010 2918 observatum
3041 2875 3146 2919 est.

1921 2949 2064 3004 XlV.
2091 2949 2172 3022 (Ξ)
2206 2951 2435 3006 Easdem
2469 2963 2648 3021 partes
2678 2954 2728 3006 in
2755 2969 2931 3008 rerum
2967 2955 3245 3008 molitione
3283 2972 3417 3010 non-

1850 3041 1982 3095 nulli
2038 3055 2068 3095 e
2127 3043 2513 3096 vetustioribus
2579 3043 2828 3100 l’atribus
2893 3045 3026 3099 Filio
3091 3046 3419 3100 tribuerunt.

1850 3129 2179 3202 Theophilus
2204 3133 2572 3188 Autiocbenus
2597 3134 2689 3188 lib.
2722 3151 2758 3188 ιι
2797 3137 2865 3189 ad
2897 3135 3209 3205 Antalycunt
3240 3135 3422 3190 :Toﬁ-

225 3362 294 3429 (l)
320 3360 643 3415 Clarissime
672 3376 794 3414 vero
827 3363 1140 3415 sententiam
1176 3363 1310 3416 hanc
1351 3367 1608 3429 expressit
1641 3365 1736 3418 lib.
1769 3371 1818 3430 ο
1846 3365 2210 3420 vetustioribus
2246 3362 2496 3418 Patribus
2533 3361 2674 3416 Filio
2712 3362 3027 3416 tribuerunt.
3065 3363 3226 3417 Certe
3255 3378 3284 3416 a
3312 3362 3418 3419 Pa-

172 3443 212 3503 Vl_
225 3444 390 3503 contra
409 3432 814 3503 Celsumnam.
835 3431 930 3503 fit):
958 3433 1067 3486 Τὸν
1076 3433 1193 3501 μὲν
1207 3433 1539 3503 προσεκῶς.
1560 3445 1662 3490 etc.
1685 3435 1742 3490 Si

174 3501 369 3554 nimium
401 3511 714 3572 urgeretur
739 3501 828 3555 hic
864 3502 1036 3565 locus,
1073 3504 1198 3556 illud
1225 3501 1407 3571 potius
1422 3501 1481 3558 in
1509 3505 1741 3572 Origene

170 3572 585 3640 vituperandum,
621 3580 797 3634 esset,
831 3574 972 3640 quod
1032 3575 1084 3624 in
1119 3574 1396 3628 creatione
1448 3575 1568 3640 plus
1601 3575 1742 3630 Filio

172 3592 570 3639 muperattuum
621 3592 797 3634 CSSCI,
831 3592 972 3640 quou
1032 3592 1084 3624 1η
1119 3592 1396 3628 creatione
1486 3592 1568 3628 IIIS
1601 3592 1737 3630 rtlto

172 3639 347 3694 tribuat
367 3658 540 3710 quam
565 3639 757 3713 Patri:
792 3659 912 3713 nam
947 3643 1087 3696 illius
1105 3645 1195 3712 qui
1232 3655 1380 3698 creat
1409 3592 1588 3713 piitres
1617 3662 1737 3701 esse

170 3720 326 3782 partes
360 3713 633 3766 videntur
660 3712 716 3764 in
746 3711 1042 3782 creatione,
1070 3711 1230 3781 quam
1260 3711 1529 3782 illius—qui
1560 3717 1734 3769 creari

166 3779 311 3844 iubet.
341 3782 450 3836 Sed
490 3798 606 3835 non
641 3797 706 3835 ea
741 3781 840 3850 iuit
868 3779 1371 3850 Origeni'sentcntia
1401 3779 1539 3840 :nee
1555 3787 1620 3838 de
1639 3784 1740 3838 Pa-

173 3863 237 3904 tre
263 3854 525 3917 detrahit,
562 3866 695 3904 cum
728 3849 864 3904 Filio
883 3849 1218 3907 creationem
1242 3855 1428 3908 mundi
1459 3857 1735 3916 attribuit;

171 3935 252 3974 nec
279 3923 342 3976 de
391 3921 561 3993 Filio,
600 3935 732 3974 cum
785 3923 1252 3993 omnipotentiam.
1317 3940 1419 3993 qua
1476 3925 1735 3980 mundum

169 3993 373 4061 ereavit,
400 3993 469 4045 ad
504 3992 734 4045 Patrem
764 3991 946 4048 refert.
970 4002 1025 4044 ut
1049 3991 1363 4061 primariu-iii
1397 3994 1732 4052 Creatorem.

169 4058 280 4131 Cum
312 4063 524 4116 diceret
559 4062 760 4131 Qelsus
788 4058 1063 4130 indignum
1090 4078 1200 4116 esse
1229 4065 1399 4131 primo
1421 4073 1468 4118 et
1496 4066 1727 4118 maximo

171 4128 260 4204 Deo
277 4133 504 4199 jubere:
525 4129 689 4204 rFiat
721 4133 838 4204 hoc,
875 4128 1080 4204 optime
1106 4203 1109 4204 ν
1134 4128 1423 4201 respondet
1469 4133 1732 4204 Origenes

173 4199 317 4272 Deum
343 4217 445 4255 non
486 4203 658 4256 alicui
695 4199 942 4254 ministro
967 4202 1032 4256 ab
1068 4203 1183 4272 ejus
1215 4199 1516 4256 substantia
1558 4199 1734 4258 alieno

172 4269 290 4341 lianc
317 4273 669 4340 provinciam
703 4271 1060 4336 commisisse,
1097 4269 1200 4326 'sed
1248 4273 1467 4341 proprio
1509 4273 1647 4327 Filio
1677 4285 1733 4327 et

172 4339 347 4413 Verbo,
380 4343 471 4396 cui
506 4341 705 4413 omnia
740 4341 978 4413 tradidit.
1015 4341 1191 4396 Locus
1231 4339 1409 4413 autem
1455 4346 1520 4396 ad
1571 4360 1729 4413 quem

172 4407 245 4462 llic
277 4412 532 4466 lectorem
567 4410 1100 4479 dimittitOrigenes,
1133 4422 1315 4466 exstat
1351 4411 1442 4468 lib.
1481 4429 1540 4472 it.
1580 4407 1728 4469 tium.

171 4481 215 4552 tl,
241 4483 322 4552 ubi
355 4485 436 4537 sic
483 4481 783 4549 loquitur:
831 4482 891 4533 Et
929 4481 1036 4552 γὰρ
1061 4483 1360 4534 ἐνετείλατο
1390 4483 1418 4534 ὁ
1447 4483 1598 4548 Θεὸς,
1639 4487 1733 4539 καὶ

1811 3446 2209 3504 'tretanquam
2242 3449 2455 3489 summo
2509 3435 2702 3503 opilice
2747 3436 2899 3504 quasi
2957 3433 3275 3501 imperante,
3323 3449 3422 3502 per

1850 3503 2270 3560 Filium’Patris
2300 3505 2600 3572 iussionem
2641 3518 2705 3557 ac
2754 3503 3083 3556 voluntatem
3116 3519 3416 3573 exsequen-

1851 3585 1982 3638 tem,
2011 3585 2194 3630 creata
2225 3574 2388 3628 fuisse
2410 3575 2613 3637 omnia,
2639 3575 2772 3627 adeo
2799 3576 3058 3626 Arianum
3087 3589 3191 3626 non
3223 3586 3322 3636 est,
3363 3585 3422 3628 ut

1847 3647 2013 3700 etiam
2049 3645 2298 3699 catholici
2329 3645 2582 3698 doctores
2627 3644 2715 3712 qui
2753 3653 2872 3712 post
2908 3643 3194 3696 concilium
3252 3645 3420 3697 Nee-

1847 3731 1975 3770 num
2002 3715 2274 3777 vixerunt,
2301 3717 2507 3783 quique
2533 3714 2745 3767 Arianae
2779 3714 3006 3766 hmresis
3033 3714 3282 3767 acerrimi
3321 3715 3417 3766 itii-

1846 3796 2176 3854 pugnatores
2200 3784 2370 3845 l'uere,
2395 3786 2594 3852 passim
2633 3784 2844 3854 illudrin
2896 3785 3117 3854 scriptis
3145 3783 3418 3854 allirinare

1846 3851 1950 3909 non
1980 3856 2092 3908 sint
2124 3856 2304 3909 veriti.
2326 3851 2655 3907 Athanasius
2691 3855 2743 3906 in
2773 3853 2864 3906 lib.
2905 3852 2980 3906 De
2999 3855 3216 3906 decretis
3245 3851 3418 3906 Nico:-

1843 3942 1924 3978 na:
1948 3926 2156 3995 synodi,
2192 3927 2303 3978 haec
2334 3927 2400 3978 de
2429 3923 2634 3995 psalmo
2656 3937 2849 3995 xuii:
2869 3940 2887 3973 ι
2916 3920 3034 3990 Ipse
3057 3924 3336 3995 mandavit
3363 3933 3418 3977 et

1845 3991 2031 4048 creaia
2059 4005 2204 4055 sunt,
2238 4013 2255 4044 ι
2301 3997 2525 4062 exponit
2575 3993 2676 4049 sic.
2711 4003 2770 4046 ut
2820 3991 3035 4046 Patrem
3095 3993 3228 4062 Filio
3259 4008 3416 4046 man-

1838 4064 2184 4142 djissevelit:
2227 4061 2532 4142 ἐστι
2556 4061 2710 4141 θεοῦ,
2745 4062 2820 4124 ὡς
2859 4061 3415 4142 χειριχρωμένου-τῷ

1840 4134 1954 4204 ἰδίῳ
1981 4133 2160 4205 Λόγῳ,
2193 4135 2285 4187 καὶ
2310 4137 2366 4186 ὲν
2398 4133 2544 4204 αὑτῷ
2561 4132 2839 4196 ποιοῦντος
2949 4132 3145 4185 πάντα.
3185 4150 3203 4183 ι
3245 4132 3414 4205 Unius

1837 4203 1963 4259 sunt
2006 4203 2120 4266 Dei,
2168 4204 2358 4272 inquit,
2399 4203 2570 4256 Verbo
2613 4219 2710 4256 suo
2765 4203 2919 4271 quasi
2981 4203 3412 4272 mauupropt'ia

1841 4275 2061 4336 utentis,
2089 4283 2144 4327 et
2181 4271 2321 4325 in’en
2354 4273 2534 4326 omnia
2567 4273 2842 4328 facientis.
2879 4293 2897 4324 ι
2929 4273 3134 4327 Eodem
3163 4271 3303 4326 libro
3331 4273 3414 4325 in-

1837 4343 1919 4397 fra
1954 4363 2010 4398 :t
2050 4344 2261 4398 Etenim
2287 4344 2456 4398 Filius
2493 4343 2608 4405 Dei,
2641 4344 2836 4411 inquit,
2867 4355 2925 4396 ut
2973 4358 3039 4398 ex
3080 4342 3212 4410 ipsis
3265 4342 3416 4396 Scri-

1842 4415 2016 4482 pturis
2045 4425 2214 4483 patet,
2246 4416 2359 4483 ipse
2381 4424 2464 4467 est
2496 4415 2586 4466 Dei
2624 4413 2862 4483 Verbum
2884 4453 2897 4472 ,
2935 4423 2990 4468 et
3043 4412 3332 4481 sapientia,
3361 4424 3416 4467 et

1844 4482 2054 4553 imago,
2076 4495 2132 4538 et
2165 4482 2372 4542 inaltus,
2407 4495 2463 4536 et
2505 4485 2695 4536 virtus.
2735 4502 2753 4534 ι
2794 4482 2892 4538 Ubi
2935 4499 3039 4536 non
3083 4484 3264 4536 minus
3289 4494 3415 4552 apte

169 4549 366 4632 meum
393 4553 466 4606 τὰ
492 4544 1111 4634 διέμεουργήματάξτςς
1139 4552 1203 4634 ᾷν
1239 4552 1377 4634 κατᾲ
1409 4554 1468 4606 τὸ
1492 4544 1735 4634 ,ἄρεσκον

1845 4544 2039 4608 Filium
2103 4562 2260 4607 vocat
2319 4570 2534 4634 triarium
2583 4554 2779 4634 Patris,
2806 4569 2983 4634 quam
3014 4553 3253 4606 Ecclesia
3289 4544 3412 4634 eum

167 4621 234 4694 git
259 4621 590 4694 προφητικῷ
630 4621 910 4694 {laetitias}
943 4621 1085 4694 εἴηὸ
1120 4623 1218 4694 τὴν
1275 4621 1609 4694 τηλικαύτὴν
1638 4627 1732 4680 τοῦ

167 4671 619 4764 ξίξιτρδςῐὲντολῆν
650 4671 1298 4764 ὲκπὶῖηρῶσαδδυνηῦεὶς,
1332 4671 1363 4762 ἢ
1387 4695 1434 4755 ὁ,
1457 4696 1541 4748 ἵνα
1564 4671 1736 4760 οὕτως

166 4761 414 4834 ὀνομάσω,
429 4761 692 4834 ἔμψυχος
707 4761 876 4830 Λόγος
894 4764 984 4814 καὶ
1002 4761 1223 4832 ἀλήθεια
1240 4761 1517 4833 τυγχάνων
1537 4785 1578 4828 ;ι
1603 4765 1734 4819 Nam

170 4833 207 4882 si
237 4833 503 4905 mandavit
526 4836 700 4892 Deus,
727 4844 782 4905 et
803 4835 1031 4905 conditu!
1057 4847 1176 4886 sunt
1205 4846 1487 4898 creatune,
1509 4839 1630 4905 quis
1651 4848 1735 4890 est

170 4903 251 4967 qui
279 4908 583 4958 secundum
622 4903 924 4971 pr0plietici
961 4905 1193 4971 Spiritus
1228 4903 1573 4967 sententiain,
1616 4917 1734 4960 tati-

172 4980 273 5043 tuttt
307 4976 630 5028 mandatum
695 4973 994 5039 adimplere
1027 4975 1312 5041 potuisset,
1343 4988 1538 5043 printer
1568 4992 1689 5029 eum
1715 5016 1729 5038 ,

173 5041 269 5106 qui.
296 5055 348 5096 ut
392 5049 469 5096 ita
506 5045 724 5106 dicam,
777 5045 1074 5097 animatum
1139 5041 1394 5108 Verbum,
1429 5058 1483 5099 et
1529 5049 1734 5100 veritas

170 5111 272 5184 est?
303 5133 319 5164 ι
363 5113 483 5168 Huc
521 5114 998 5184 ergohredititota
1041 5113 1290 5184 Origeuis
1340 5117 1731 5171 ratiocinatio:

173 5182 630 5253 Quemadmodum
657 5182 821 5238 Patre
853 5182 1268 5253 indignumnon
1293 5195 1376 5238 est
1405 5185 1542 5240 Filio
1583 5203 1735 5240 man-

175 5249 290 5306 dare
315 5264 368 5307 ut
395 5255 669 5306 mundum
706 5264 875 5316 creet,
926 5249 1052 5320 quia
1113 5256 1362 5322 propritts
1407 5258 1524 5322 ejus
1558 5255 1733 5312 Filius

175 5335 266 5385 est,
291 5341 348 5377 ac
378 5326 667 5392 proprium
705 5323 972 5387 Verbum;
1017 5327 1087 5379 ita
1118 5341 1216 5378 nec
1247 5325 1384 5378 Filio
1417 5327 1731 5381 indecorum

178 5394 406 5464 mandata
465 5395 650 5447 Patris
697 5407 1010 5460 capessere,
1062 5397 1188 5464 quia
1225 5395 1370 5448 nulla
1407 5411 1493 5450 res
1548 5406 1729 5451 creata

175 5462 415 5531 fiusmodi
443 5465 706 5516 mandata
738 5464 1030 5530 adimplere
1069 5462 1356 5531 potuisset.
1375 5497 1443 5505 —
1469 5467 1528 5519 D.
1564 5466 1728 5520 Prud.

178 5526 344 5604 limiti
381 5533 456 5604 De
478 5526 917 5604 divinit._CItristi
954 5536 1048 5588 lib.
1071 5526 1148 5599 iv,
1196 5550 1316 5604 cap.
1350 5535 1436 5596 16.
1479 5553 1623 5588 ιιιιιιι.
1674 5536 1729 5590 6.

181 5596 298 5677 Vile
328 5615 383 5677 et
411 5602 929 5677 Bullum__De-fens._
948 5606 1074 5672 ﬁdei
1130 5596 1359 5677 Nigri»,
1389 5610 1454 5660 de
1506 5606 1622 5677 lf‘ilii
1653 5607 1732 5677 τῷ

178 5670 449 5746 ὀγιοουσίῳ,
479 5673 693 5746 (ξοβετ),
726 5670 874 5728 ιιιιιιι.
901 5670 956 5737 6,
981 5683 1035 5728 et
1058 5688 1177 5743 cap.
1205 5675 1259 5734 9,
1287 5670 1434 5729 num.
1468 5675 1554 5740 10,
1579 5670 1731 5746 cujus

181 5726 573 5812 observationes
610 5726 824 5797 in'nota
863 5726 1495 5812 sequente'adducimus.

246 5811 316 5881 (‘2)
349 5813 576 5868 Easdem
613 5821 792 5883 partes
822 5813 876 5869 in
918 5811 1087 5869 rerum
1121 5816 1388 5874 molitione
1420 5817 1660 5872 nonnulli
1703 5836 1730 5874 e

1840 4625 2074 4693 appellat
2103 4625 2380 4678 Dexteram
2433 4623 2547 4684 Dei,
2577 4635 2628 4678 et
2671 4625 2934 4692 Spiritum
2961 4633 3208 4683 sanctum
3240 4624 3412 4676 nonti~

1842 4709 1936 4748 nat
1969 4693 2204 4764 Digitum
2246 4698 2444 4747 dextra:
2477 4695 2602 4764 Dei,
2663 4695 2716 4746 in
2756 4694 2845 4747 illo
2875 4695 3074 4763 hymno
3101 4693 3414 4764 celebratis-

1839 4767 1979 4817 simo
2006 4782 2021 4820 :
2044 4761 2194 4818 ’νειιὶ
2230 4765 2446 4816 Crantor
2463 4763 2711 4831 Spiritus.
2732 4761 3038 4818 Orientales
3073 4765 3123 4815 in
3153 4761 3408 4831 Exemplo

1837 4837 1962 4911 fidei
1984 4845 2176 4889 contra
2191 4835 2835 4911 APbotiuuni’lizereticmu
2861 4853 2901 4911 :_
2921 4853 2961 4911 ¢_
2980 4833 3045 4886 Et
3064 4835 3295 4911 iterum,
3331 4833 3412 4911 in-

1837 4901 2050 4973 quiuitt,
2079 4904 2465 4958 continuantes
2499 4904 2903 4957 Cliristianismi
2950 4901 3407 4973 intellecttitn‘di-

1836 4969 2055 5030 cimus:
2095 4973 2364 5039 Quoniam
2413 4974 2456 5026 si
2495 4975 2618 5041 quis
2669 4977 2942 5028 Christum
3005 4972 3170 5024 Deum
3207 4970 3405 5041 Filium

1839 5045 1929 5110 Dei
1962 5054 2089 5097 ante
2119 5037 2312 5096 saecula
2344 5037 2734 5096 subsistentem
2764 5053 2819 5096 et
2863 5042 3265 5110 ministrantem
3304 5037 3408 5091 Pii-

1839 5109 1906 5167 tri
1930 5116 1996 5188 ad
2027 5114 2269 5167 omnium
2309 5111 2699 5180 perfectionem
2735 5129 2851 5188 non.
2869 5112 3049 5188 dicat;
3081 5109 3174 5162 sed
3204 5123 3409 5188 aquo

1834 5185 1901 5239 de
1934 5184 2104 5237 Maria
2161 5177 2322 5235 natus
2364 5193 2470 5245 est,
2499 5199 2562 5235 ex
2613 5196 2678 5234 eo
2709 5193 2760 5234 et
2796 5182 3069 5234 Christum
3105 5192 3158 5233 et
3212 5177 3406 5232 Filium

1835 5255 2170 5308 nominatum
2199 5267 2341 5316 esse,
2387 5263 2440 5305 ot
2475 5253 2688 5305 initium
2745 5252 3022 5318 accepisse
3051 5259 3109 5302 ut
3158 5250 3231 5302 sit
3263 5250 3406 5304 Deus

1833 5325 1998 5386 dicat,
2051 5324 2340 5376 anathema
2373 5323 2538 5374 sit.-s
2604 5320 2803 5375 Marius
2844 5322 2972 5374 item
3026 5319 3210 5374 Victor
3263 5319 3405 5375 libro

1834 5396 2006 5464 primo
2032 5394 2104 5446 De
2131 5407 2300 5446 rerum
2331 5393 2595 5464 creatione
2626 5408 2644 5444 :

1905 5463 2036 5528 Qua:
2074 5466 2356 5516 mandante
2384 5461 2494 5532 Deo
2523 5478 2641 5514 cum
2668 5462 2851 5532 plenus
2889 5471 3058 5515 mente
3088 5460 3332 5514 Parentis

1903 5532 2075 5586 Filius
2103 5536 2423 5600 omnipotens
2448 5530 2663 5599 faceret.

1905 5604 2104 5659 Eodem
2130 5612 2378 5672 spectant
2405 5613 2459 5654 et
2505 5601 2591 5654 illa
2639 5602 2884 5670 Prosperi
2922 5603 2973 5655 in
3007 5601 3397 5656 Commentario

1832 5678 1900 5730 ad
1945 5676 2202 5744 psalmum
2273 5687 2518 5744 (inviti:
2577 5689 2594 5721 ι
2631 5673 2750 5744 Ipse
2810 5674 3081 5725 inundavit
3112 5683 3397 5744 etut-reatu

1832 5741 1995 5802 sunt:
2027 5745 2177 5810 Quod
2205 5745 2340 5796 enim
2361 5742 2499 5795 Deus
2522 5743 2672 5804 dicit,
2714 5741 2873 5796 Verbo
2898 5744 3062 5796 dicit:
3093 5754 3140 5795 et
3181 5741 3399 5796 Verbum

1831 5833 1923 5887 per
1955 5816 2092 5886 quod
2123 5814 2264 5884 facta
2289 5823 2408 5869 sunt
2432 5813 2633 5884 omnia,
2665 5817 2976 5869 matutinum
3001 5815 3220 5870 dicentis
3249 5829 3398 5868 (xse-
