3866 6510
469 402 578 457 759

1746 391 1808 447 P.
1852 385 2172 446 DANIELIS
2211 381 2445 440 llUE'l'll
3577 370 3659 427 τω

467 542 560 578 τον
592 523 684 577 τὸν
713 521 882 590 Λόγον
920 519 1076 589 ἔσχεν
1106 516 1154 586 (ό
1190 513 1339 587 Θεὸς)
1377 514 1650 587 ὑπουργὸν
1691 514 1800 568 τῶν
1829 513 1919 565 ὑπ’
1943 511 2040 565 αὐ·-

2163 507 2333 561 untati
2367 503 2600 558 servire.
2635 518 2654 550 ι
2691 497 2929 552 lrenicus
2949 492 3042 546 lib.
3085 505 3166 557 ιιι,
3194 504 3308 559 cap.
3340 487 3416 543 8:
3451 506 3468 539 ι
3492 488 3574 544 Cui
3595 507 3661 544 er.

467 616 559 670 τοῦ
591 613 988 686 γεγενημένων,
1007 610 1103 664 καὶ
1127 609 1194 663 δι’
1224 606 1387 662 αὐτοῦ
1415 608 1482 661 τὰ
1509 607 1686 662 πάντα
1714 605 2029 679 πεποίηκεν.

390 719 394 750 ῖ
473 728 490 758 ι
525 707 636 761 Hoc
688 703 925 758 Verbum
981 701 1170 755 habuit
1203 701 1391 771 (Deus)
1444 699 1750 754 ministrum
1808 711 2034 768 operum

392 835 396 839 ι
465 811 710 860 suorum,
745 805 799 849 et
825 794 1006 848 omnia
1035 809 1132 865 per
1163 794 1338 863 ipsum
1366 790 1514 846 fecit.
1550 809 1567 841 ι
1601 788 1738 843 Tum
1771 788 2039 844 inferius:

477 885 666 938 Ὁπότε
692 884 748 938 δὲ
769 883 1023 955 ὲΘέλησεν
1056 885 1084 936 ὁ
1115 881 1246 945 Θεὸς
1273 880 1496 950 ποιῆσαι
1528 879 1628 932 ὅσα
1665 875 2040 944 ἐϐουλεύσατο,

465 973 653 1028 τοῦτον
678 973 768 1027 τὸν
791 974 964 1044 Λόγον
988 972 1246 1043 ἐγέννησε
1276 970 1625 1042 προφορικὸν.
1649 987 1668 1020 ι
1693 968 1918 1035 Quando
1949 983 2044 1022 au-

466 1076 573 1121 tem
618 1065 791 1120 voluit
831 1066 971 1120 Dens
1007 1065 1192 1118 facere
1226 1077 1568 1131 qurecunque
1617 1059 2042 1124 deliberaverat,

469 1161 571 1212 hoc
610 1156 847 1212 Verbum
896 1159 1085 1228 genuit
1134 1155 1498 1226 prolatitium.
1527 1173 1545 1205 ι
1586 1153 1651 1209 Et
1681 1152 1842 1222 paulo
1872 1161 1993 1221 post
2025 1168 2042 1206 :

467 1248 599 1314 θεὸς
627 1244 722 1303 οὖν
751 1247 826 1302 ὣν
851 1249 880 1301 ὁ
908 1248 1099 1317 Λόγος,
1129 1249 1222 1302 καὶ
1255 1249 1320 1300 ἐκ
1360 1244 1494 1299 Θεοῦ
1534 1243 1817 1313 πεφυκὼς,
1847 1243 2046 1299 ὁπόταν

471 1341 729 1414 βούληται
747 1343 775 1394 ὁ
804 1343 994 1414 Πατὴρ
1031 1341 1139 1394 τῶν
1168 1341 1326 1403 ὅλων,
1359 1337 1572 1407 πέμπει
1619 1336 1783 1390 αὐτὸν
1812 1335 1892 1399 εἷς
1929 1353 2052 1389 τινα

469 1433 655 1489 τόπον.
690 1451 708 1483 ι
735 1431 869 1487 Cum
925 1449 1056 1503 ergo
1123 1432 1264 1486 Deus
1302 1431 1371 1483 sit
1407 1426 1670 1493 Verbum,
1711 1436 1766 1482 et
1816 1442 1883 1481 ex
1939 1427 2050 1482 Deo

471 1531 793 1590 prognatus,
824 1522 1263 1593 quotiescunque
1305 1521 1417 1574 vult
1445 1519 1608 1575 Pater
1641 1520 2050 1586 universorum,

471 1611 640 1665 mittit
669 1628 791 1666 eum
836 1614 886 1666 in
929 1613 1106 1668 locum
1161 1615 1469 1684 aliquem.)
1502 1612 1749 1667 Justinus
1809 1611 1862 1665 in
1920 1609 2053 1664 Dia-

471 1703 586 1770 logo
634 1719 752 1754 tum
785 1701 1059 1771 Tryphone
1089 1722 1109 1756 :
1137 1695 1306 1767 Οὗτος
1346 1705 1374 1756 ὁ
1407 1701 1592 1771 ὀφθεὶς
1623 1705 1737 1766 τοῖς
1772 1702 2053 1774 ’πατριάρ-

470 1811 593 1864 χαις
626 1793 913 1864 λεγόμενος
936 1793 1087 1859 Θεὸς,
1125 1795 1219 1848 καὶ
1249 1793 1512 1862 Ἀγγελος
1540 1795 1634 1846 καὶ
1667 1793 1869 1865 Κύριος
1897 1794 2051 1864 λέγε-

2148 616 2216 672 go
2247 594 2538 669 praecepit?
2573 591 2749 648 Verbo
2773 587 3004 651 scilicet,
3035 601 3134 655 per
3165 583 3332 654 quod.
3362 581 3543 650 inquit,
3566 581 3665 636 coeli

2142 689 2341 747 ﬁrmati
2376 696 2536 750 sunt;
2569 703 2587 736 ι
2615 692 2670 738 et
2697 681 2793 736 lib.
2827 694 2902 741 tv,
2932 693 3051 749 cap.
3086 677 3149 729 Π
3183 691 3198 728 :
3235 692 3252 726 ι
3282 672 3666 727 Ministratenitn

2141 783 2191 839 ei
2217 781 2416 850 (Patri)
2449 778 2515 833 ad
2545 776 2725 831 omnia
2760 788 2855 828 sua
2890 769 3208 842 progenies,
3232 776 3288 822 et
3317 765 3550 834 ﬁguratio
3573 779 3665 832 sua,

2144 874 2198 930 id
2261 881 2345 928 est
2409 868 2576 925 Filius
2619 875 2675 922 et
2699 863 2933 934 Spiritus
2969 871 3212 922 sanctus,
3253 855 3481 912 V'érbum
3506 865 3554 911 et
3591 856 3669 910 Sa-

2145 967 2389 1038 pientia,
2429 963 2628 1032 quibus
2665 959 2908 1014 serviunt
2967 966 3023 1011 et
3070 949 3296 1020 subjecti
3349 958 3471 1004 sunt
3522 963 3671 1004 omnes

2151 1057 2351 1128 angeli.
2383 1074 2403 1108 ι
2442 1050 2692 1122 Episcopi
2748 1065 2842 1104 sex
2895 1047 3248 1102 Antiocheam:
3297 1039 3485 1111 synodi
3507 1039 3554 1092 in
3584 1039 3671 1108 epi-

2149 1151 2286 1206 stola
2321 1149 2385 1202 ad
2418 1145 2642 1200 Paulum
2685 1143 3103 1197 Samosatenum
3156 1145 3444 1202 antequam
3486 1131 3673 1199 depone-

2148 1251 2298 1294 retur
2325 1255 2338 1290 :
2369 1237 2568 1291 Τοῦτον
2588 1236 2681 1290 τὸν
2708 1233 2836 1286 Υἰδν
2866 1230 3198 1300 πιστεύομεν
3226 1227 3324 1280 σὺν
3346 1224 3423 1294 τῷ
3444 1224 3596 1294 Ilath
3612 1223 3676 1276 ἀεὶ

2147 1332 2276 1385 ὄντα
2303 1326 2784 1400 ἐκπεπληρωκέναι
2813 1325 2872 1377 τὸ
2907 1322 3169 1393 πατρικὸν
3196 1319 3439 1390 βούλημα
3464 1316 3582 1388 πρὸς

2153 1423 2330 1476 κτίσιν
2351 1421 2459 1476 τῶν
2489 1421 2646 1474 ὅλων.
2692 1436 2709 1468 ι
2742 1417 2892 1470 lluuc
2934 1411 3180 1484 (Filium)
3216 1412 3485 1464 credimus
3511 1423 3680 1476 semper

2161 1515 2518 1568 exsistentem
2566 1525 2689 1565 cum
2756 1507 2918 1561 Patre
2959 1505 3266 1575 implevisse
3305 1504 3577 1558 Paternam
3611 1517 3679 1556 ιο·

2155 1605 2419 1661 luntatem
2449 1605 2518 1659 ad
2558 1601 2892 1659 creationem
2942 1599 3342 1653 universorum.
3369 1615 3388 1647 ι
3443 1598 3599 1664 Atque
3630 1611 3680 1649 cr

2155 1699 2257 1754 hoc
2292 1700 2542 1768 dogmate
2587 1694 2934 1750 occasionem
2985 1693 3236 1746 videntur
3267 1689 3521 1745 habuisse
3558 1689 3682 1742 Arius

2155 1803 2209 1846 et
2235 1791 2442 1855 Aetius,
2468 1805 2568 1844 cur
2615 1786 2916 1843 creatiouis
2949 1800 3128 1840 rerum
3161 1784 3378 1838 Patrem
3418 1781 3684 1849 primariam

397 3405 413 3424 ’
480 3402 819 3469 aggaudente
838 3405 889 3457 iu
911 3405 1209 3458 creationis
1229 3404 1506 3472 operibus,
1528 3404 1640 3457 haec
1661 3403 1857 3458 habet:
1885 3421 1904 3454 ι
1929 3402 2064 3457 Cau-

468 1903 581 1948 ται,
613 1887 698 1938 ἵνα
731 1888 824 1938 καὶ
848 1888 912 1939 ἐκ
939 1886 1145 1940 τούτων
1179 1886 1449 1956 ὲπιγνῶτε
1482 1885 1643 1939 αὑτὸν
1677 1886 2054 1959 ὑπηρετοῦντα

2160 1897 2276 1937 esse
2322 1895 2563 1944 causam,
2603 1878 3022 1932 instrumentum
3075 1891 3204 1927 vero
3248 1873 3447 1927 Filium
3490 1870 3684 1932 arbitra.

469 1977 546 2047 τῷ
573 1978 684 2030 τῶν
714 1979 850 2031 ὅλων
881 1979 1074 2050 Πατρί.
1103 1997 1121 2028 ι
1151 1979 1253 2032 Iste
1286 1979 1377 2046 qui
1410 1979 1737 2048 patriarchis
1772 1979 1920 2032 visus
1946 1988 2048 2042 est,
2160 1983 2347 2026 rentur
2377 1986 2392 2023 :
2421 1983 2582 2038 quam
2607 1959 2797 2022 eorum
2836 1965 3101 2019 insaniam
3131 1961 3528 2033 castigaverunt
3553 1961 3686 2014 Atha-

469 2077 523 2120 et
579 2069 776 2123 dicitur
831 2069 989 2132 Dens,
1025 2078 1079 2122 et
1110 2067 1370 2136 Angelus,
1411 2077 1466 2122 et
1501 2067 1760 2121 Dominus
1815 2065 2052 2135 appella-
2159 2063 2339 2116 nasius
2361 2071 2499 2114 orat.
2525 2061 2559 2114 5
2587 2068 2640 2113 et
2666 2059 2720 2124 5,
2761 2057 2992 2129 Cyrillns
3015 2057 3106 2110 lib.
3140 2072 3204 2109 xv
3233 2064 3287 2109 et
3320 2070 3440 2119 xvi,
3463 2061 3514 2108 et
3544 2051 3637 2104 alii.

472 2172 599 2226 tur;
631 2169 688 2214 ut
714 2175 780 2214 ex
803 2161 886 2214 his
906 2159 1453 2232 quoqueintelligatis
1472 2159 1644 2228 ipsum
1672 2157 2051 2213 Patriuniver-
2228 2153 2343 2208 XV.
2377 2151 2494 2206 Non
2523 2151 2646 2206 Filii
2681 2153 3017 2220 majestatem
3047 2147 3224 2202 solum
3251 2141 3689 2216 OppugnztvitOri-

469 2265 651 2301 eorum
680 2249 1018 2315 ministrare;
1047 2269 1066 2302 ι
1109 2260 1163 2305 et
1201 2249 1308 2305 alio
1333 2249 1450 2304 loco
1483 2266 1496 2300 :
1525 2249 1605 2301 Δι’
1646 2242 1722 2302 ὧν
1773 2249 2048 2303 amasset-
2156 2263 2341 2319 genes,
2375 2247 2470 2301 sed
2503 2246 2569 2301 de
2601 2243 2716 2312 ejus
2747 2245 2914 2299 etiam
2945 2245 3190 2298 bonitate
3230 2240 3531 2295 detraxisse
3553 2238 3687 2306 ipsum

467 2359 593 2395 κται
615 2341 720 2394 ὑπὸ
744 2342 821 2413 τῷ
852 2342 1023 2413 Πατρὶ
1039 2343 1132 2394 καὶ
1156 2342 1346 2412 Κυρίῳ
1370 2339 1722 2412 τεταγμένος,
1743 2342 1833 2394 καὶ
1854 2343 2053 2414 ὑπηρε-

2160 2350 2341 2393 auctor
2376 2349 2458 2393 est
2511 2338 2870 2408 Hieronymus
2899 2337 2975 2406 (5)
3008 2337 3059 2388 in
3094 2335 3264 2402 Epist.
3301 2334 3377 2386 ad
3415 2332 3568 2393 Αυὲι..
3598 2344 3689 2399 cap.

470 2432 576 2484 τῶν
606 2435 672 2503 τῇ
707 2432 869 2503 βουλῇ
919 2433 1107 2488 αὐτοῦ.
1156 2452 1174 2485 ι
1202 2433 1304 2487 Per
1331 2449 1451 2502 qua:
1504 2433 1935 2488 demonstratum
1967 2444 2050 2489 est

2160 2434 2180 2486 l
2217 2451 2229 2484 :
2265 2452 2282 2483 ι
2318 2433 2483 2487 Deum
2525 2431 2742 2486 Patrem
2773 2431 3226 2500 omnipotentem,
3277 2428 3478 2497 inquit,
3503 2425 3690 2494 appellat

471 2522 616 2576 Patri
657 2533 712 2577 et
743 2525 972 2577 Domino
1007 2522 1315 2593 subjectum
1346 2541 1468 2581 esse
1497 2525 1692 2596 ipsum,
1727 2541 1791 2580 ac
1823 2524 1938 2594 ejus
1961 2541 2052 2582 vo-
2157 2526 2386 2589 bonum,
2421 2535 2473 2579 et
2500 2523 2758 2594 perfecta:
2791 2523 3056 2579 bonitatis
3083 2540 3096 2574 :
3127 2520 3324 2576 Filium
3361 2535 3469 2573 non
3499 2530 3604 2574 esse
3626 2518 3696 2572 bo

472 2702 673 2771 quitur.
721 2719 740 2751 δ
776 2700 1147 2771 Seriptoribus
1173 2701 1279 2755 illis
1323 2701 1449 2754 libet
1485 2702 1571 2756 hic
1596 2719 1760 2755 unum
1789 2701 2052 2755 llilnrium

474 2770 789 2842 adiungere.
814 2770 912 2839 qui
944 2773 995 2825 in
1025 2772 1162 2842 her
1193 2787 1246 2825 tv
1274 2771 1345 2824 De
1376 2771 1635 2825 Trinitate
1661 2787 1826 2842 agens
1851 2775 1918 2826 de
1940 2788 2054 2824 vero

475 2841 560 2894 his
586 2841 692 2892 illis
722 2841 924 2895 Genes.
954 2858 966 2894 ι
999 2861 1012 2896 :
1067 2861 1088 2894 ι
1124 2841 1414 2896 Faciamus
1447 2841 1717 2896 lromineui
1759 2842 1825 2896 ad
1861 2843 2055 2911 imagi-

478 2925 601 2964 nem
645 2921 907 2968 nostrarn.
941 2930 960 2963 ι
999 2922 1135 2975 etc.,
1173 2913 1252 2966 sic
1284 2912 1567 2979 loquitur:
1607 2931 1624 2963 ι
1664 2911 1766 2964 Per
1819 2913 1872 2966 id
1911 2913 2054 2978 quod

477 2981 678 3034 dictum
711 2993 816 3045 est,
848 2979 1140 3036 Faciamus
1168 2982 1452 3044 hominem,
1478 2997 1542 3035 ex
1575 2996 1640 3034 eo
1672 2981 1826 3049 origo
1859 2992 1966 3049 est,
1987 2997 2054 3036 ex

475 3067 581 3118 quo
611 3052 752 3122 capit
780 3063 831 3106 et
863 3065 1074 3106 sermo:
1101 3053 1241 3106 ineo
1270 3068 1397 3106 vero
1421 3053 1566 3120 quod
1599 3051 1740 3106 Deus
1760 3053 1826 3107 ad
1861 3053 2057 3122 imagi-

475 3135 596 3175 nem
615 3121 704 3175 Dei
727 3122 857 3175 facit
875 3122 1170 3184 hominem,
1191 3121 1535 3191 signiﬁcatur
1547 3124 1712 3176 etiam
1729 3123 1774 3176 is
1789 3121 2056 3191 perquem

475 3203 887 3267 consummatur
916 3194 1182 3267 Operatio.
1210 3192 1301 3267 rEt
1327 3192 1486 3260 paulo
1517 3203 1637 3262 post
1666 3210 1678 3244 :
1711 3213 1730 3244 ι
1754 3194 1807 3267 In
1827 3207 1893 3246 eo
1913 3193 2055 3261 quod
2085 3209 2130 3267 ο

477 3262 695 3332 dicitur.
733 3260 1043 3325 Faciamus,
1070 3273 1127 3319 et
1148 3264 1324 3332 jussio
1357 3260 1678 3329 exaeqitatur
1703 3273 1755 3316 et
1774 3260 2008 3316 factum.
2033 3281 2052 3314 ι

478 3331 539 3385 Et
572 3348 694 3386 mox
719 3333 910 3386 iterum
933 3334 1002 3390 de
1029 3331 1306 3402 Sapientia
1346 3334 1460 3387 sive
1491 3332 1630 3387 Filio
1658 3333 1750 3386 Dei
1782 3333 1927 3386 Patri
1957 3347 2060 3387 suo

2165 2703 2520 2758 constituisse
2560 2719 2656 2770 per
2717 2702 2937 2764 Filium,
2970 2710 3225 2769 tanquam
3271 2714 3371 2767 per
3416 2699 3698 2768 instrumen-

2166 2783 2278 2826 tum
2329 2774 2430 2826 sibi
2490 2783 2840 2834 extraneum,
2878 2781 2972 2844 aut
3019 2781 3274 2838 tanquam
3327 2785 3431 2838 per
3484 2772 3695 2844 virtutem

2163 2845 2400 2911 aliquam
2434 2853 2562 2896 ante
2595 2853 2790 2896 cratera
2822 2842 3002 2896 omnia
3036 2836 3295 2900 creatam,
3331 2836 3506 2906 atque
3548 2836 3692 2911 abnip-

2163 2905 2277 2966 sius
2314 2913 2558 2966 essentia
2595 2911 2826 2966 alienam
2867 2927 2880 2964 :
2913 2927 3031 2980 qure
3064 2911 3314 2978 impietas
3348 2905 3698 2980 utenten_r_0ri-

2163 2984 2342 3051 genis,
2369 2998 2436 3036 ne
2477 2999 2572 3051 per
2611 2983 2877 3035 somnium
2928 2977 3149 3049 quidem
3178 2977 3620 3051 unquarnsnbiit.
3645 3007 3696 3051 τη

2166 3044 2292 3108 llzec
2317 3044 2581 3118 Georgius
2618 3053 2802 3105 llullus
2828 3053 2879 3104 in
2909 3044 3218 3119 Defensioue
3245 3049 3374 3116 ﬁdei
3410 3044 3699 3119 Munatio

2165 3123 2285 3176 Filii
2308 3121 2385 3192 τῷ
2409 3112 2703 3192 ὁμοουσίῳ,
2726 3137 2853 3192 cap.
2878 3123 2931 3186 5,
2958 3112 3104 3174 tium.
3121 3120 3176 3186 6,
3201 3112 3255 3173 et
3270 3118 3462 3192 cap.9,
3487 3112 3696 3192 mutulo.

2236 3195 2314 3262 (5)
2348 3184 2549 3244 Auctor
2588 3184 2663 3247 est
2692 3184 3086 3260 illicronymus,
3113 3184 3246 3263 _el_c.
3301 3189 3513 3263 Pugnat
3551 3184 3698 3263 Hiero-

2165 3256 2311 3332 nymi
2355 3262 2620 3328 judicium
2661 3277 2788 3317 cum
2834 3256 3078 3331 pluribus
3103 3259 3354 3329 Origenis
3391 3256 3694 3332 testimoniis,

2163 3325 2465 3406 pi'aasertim
2517 3349 2638 3386 cum
2674 3334 2784 3406 _his
2832 3325 2954 3401 quae
2999 3332 3168 3406 docet
3206 3325 3349 3406 tom.
3390 3345 3407 3383 ι
3446 3329 3500 3382 in
3548 3325 3700 3406 Joanz,

2162 3395 2316 3457 ἱιιιιιι.
2358 3403 2448 3467 Η,
2483 3403 2755 3470 apostolos
2780 3395 3196 3474 fev'arigelizasse
3248 3400 3415 3474 bona,
3448 3407 3503 3450 ut
3544 3395 3700 3474 prsidi:

2163 3482 2323 3528 xcrat
2371 3473 2561 3536 lsaias,
2593 3490 2714 3527 cum
2752 3470 3028 3527 Christum
3064 3470 3595 3536 evangelizavernnt,
3632 3470 3699 3531 qui

2164 3553 2249 3614 est
2279 3563 2297 3595 ι
2327 3546 2528 3597 bonum
2569 3543 2737 3614 nullo
2765 3544 2871 3595 alio
2904 3541 3074 3614 ‘bono
3136 3537 3387 3614 inferius,
3442 3537 3696 3614 tttultitudo

2163 3613 2452 3677 bonorum,
2492 3615 2544 3666 in
2589 3629 2696 3681 quo
2728 3611 3124 3680 beneplaeitunt
3183 3611 3536 3684 fuittomnem
3569 3606 3700 3684 pleni-

2167 3684 2406 3755 tudinem
2439 3684 2742 3738 divinitatis
2784 3683 3027 3736 habitare
3060 3681 3541 3755 corporaliter.....
3573 3681 3649 3755 qui
3676 3689 3697 3725 λ

2163 3753 2304 3807 1)οιιο
2334 3752 2494 3807 Patre
2522 3756 2753 3822 accepit,
2779 3765 2831 3805 ut
2863 3763 3006 3806 esset
3038 3755 3197 3814 bona,
3223 3771 3242 3804 ›
3277 3753 3327 3822 id
3357 3762 3467 3812 est,
3499 3752 3700 3822 omniurn

2163 3825 2423 3894 bonorum
2473 3814 2776 3894 complexio
2808 3841 2821 3876 :
2852 3823 3078 3894 Οὐδενὸς
3119 3822 3229 3894 γὰρ
3277 3821 3502 3894 ἔλαττον
3529 3814 3704 3894 ἀγαᾂοῦ

2163 3892 2258 3971 xu:-
2287 3893 2454 3971 τοῦτο,
2485 3893 2548 3971 ῖδ
2652 3894 2892 3971 “961*”?
2927 3887 3143 3971 Inito":
3163 3887 3409 3971 fixa-OG)?
3445 3893 3584 3971 ὲῖἶιν
3615 3887 3700 3971 μ’

2163 3963 2461 4035 βοῦς-η...Αὸ
2490 3964 2600 4018 ἀπὸ
2623 3960 2718 4017 τοῦ
2747 3964 2954 4032 ἀγαθοῦ
3006 3960 3322 4035 Πατρὸξτὺ
3353 3960 3552 4035 ἀγαθὰ
3594 3960 3706 4010 εἶναι

2161 4032 2363 4106 λαϐὼν.
2396 4033 2498 4101 Qui
2536 4050 2664 4104 ergo
2699 4037 2896 4088 homun
2961 4032 3183 4106 negare
3217 4033 3392 4106 potuit
3460 4045 3596 4106 eunt,
3622 4042 3705 4106 quo

2161 4105 2344 4159 omnia
2390 4107 2530 4159 bona
2584 4101 2853 4160 contineri
2909 4101 3193 4159 declarat?
3226 4101 3458 4156 Videtur
3487 4101 3704 4171 Urigenis

2164 4175 2500 4242 vituperandi
2549 4192 2679 4228 ansa
2717 4186 2932 4243 arrepta
2990 4191 3058 4229 ex
3093 4176 3177 4229 his
3205 4189 3328 4243 qua:
3359 4174 3505 4243 dixit
3536 4172 3584 4225 in
3613 4171 3704 4222 hac

2163 4244 2368 4298 Christi
2407 4246 2568 4299 verba
2595 4265 2607 4300 :
2640 4245 2777 4310 Quid
2798 4242 2877 4297 me
2897 4262 3046 4298 vocas
3076 4242 3265 4297 bonum
3289 4244 3314 4296 2’
3346 4242 3519 4295 Nemo
3550 4243 3706 4301 bonus,

2163 4316 2263 4367 nisi
2286 4315 2428 4368 solus
2451 4316 2586 4368 Deus
2613 4316 2764 4381 (Luc.
2798 4331 2952 4374 xvtn,
2993 4315 3102 4379 l9).
3138 4314 3358 4381 Singula
3395 4313 3511 4365 lora
3538 4323 3706 4381 expett:

2163 4386 2375 4438 damus.
2433 4376 2695 4455 Origenes
2734 4395 2860 4438 tom.
2893 4400 2907 4438 ι
2937 4387 2989 4437 in
3037 4376 3426 4455 Joan.,'nnm.
3461 4383 3548 4455 40,
3580 4376 3704 4455 utad

479 3486 593 3543 sam
611 3473 804 3543 laetitia:
818 3489 927 3527 sua:
945 3474 1223 3543 Sapientia
1243 3474 1457 3527 docuit:
1481 3473 1763 3543 laetabatur
1789 3483 1969 3543 autem
1992 3473 2063 3528 ob

480 3541 932 3614 laetitiaml‘atris
967 3541 1374 3614 irrperfectione
1402 3542 1584 3614 mundi
1631 3542 1774 3614 et_in
1796 3542 2063 3614 tiliisiho-

480 3613 684 3682 mitium
737 3611 986 3667 laetantis.
1034 3611 1306 3682 Scriptum
1336 3611 1880 3682 estienisztvidit
1922 3613 2062 3667 Deus

479 3681 608 3746 quia
649 3682 783 3734 bona
833 3693 952 3736 sunt
988 3681 1219 3750 (ϐεηίι,
1262 3683 1374 3743 10).
1422 3681 1645 3736 Placere
1702 3683 1850 3736 Patri
1895 3697 2060 3746 opera

487 3767 583 3822 sua
620 3754 836 3822 gaudet,
866 3767 962 3821 per
987 3769 1046 3806 se
1074 3768 1137 3806 ex
1164 3761 1433 3822 prmcepto
1464 3751 1580 3821 ejus
1617 3751 1829 3806 ellecta.
1863 3772 1882 3804 ι
1915 3751 2060 3806 Sane

487 3821 532 3873 si
571 3820 616 3873 is
645 3820 734 3888 qui
767 3820 964 3877 dixerit
1002 3822 1242 3884 Patrem,
1273 3820 1379 3890 qua
1414 3820 1577 3876 Pater
1606 3833 1707 3885 est,
1745 3825 2060 3890 primarium

482 3907 604 3946 esse
641 3893 822 3946 mundi
857 3893 1130 3961 opiﬁcem,
1164 3894 1254 3962 qui
1295 3895 1411 3946 haec
1450 3893 1700 3946 universa
1744 3908 1837 3960 per
1867 3893 2059 3946 Filium

483 3977 641 4015 suum
671 3963 998 4026 condiderit,
1035 3980 1132 4030 pro
1175 3964 1378 4016 Ariano
1411 3964 1691 4016 habendus
1725 3973 1842 4022 est,
1875 3962 1966 4016 vix
1994 3963 2062 4015 ab

481 4030 787 4104 Arianismi
819 4033 940 4088 labe
980 4050 1144 4104 purus
1193 4035 1299 4088 erit
1341 4034 1453 4103 ipse
1499 4031 1696 4087 Paulus
1739 4034 1790 4087 in
1820 4034 1995 4100 Epist.
2030 4032 2059 4086 Ι

483 4104 552 4157 ad
581 4101 854 4174 Earini/3.,
889 4101 1008 4174 cap.
1037 4104 1094 4164 8.
1132 4119 1275 4158 vers.
1308 4101 1461 4169 6,'de
1490 4103 1756 4174 partibus,
1791 4113 1848 4156 nt
1877 4105 1946 4156 ita
1981 4104 2062 4156 Io-

483 4187 644 4240 quar,
680 4173 857 4228 Patris
887 4173 1096 4229 et’Filii
1127 4175 1178 4227 in
1221 4190 1400 4228 rerum
1435 4173 1710 4228 creatione
1741 4183 1796 4227 et
1832 4189 2059 4226 renova—

485 4245 632 4297 tione
647 4243 1009 4300 sicdisserens
1042 4264 1054 4298 :
1084 4244 1250 4298 Nobis
1271 4261 1403 4298 unus
1429 4253 1506 4297 est
1525 4243 1664 4297 Deus
1696 4243 1876 4303 Pater,
1911 4260 2061 4312 aquo

484 4313 683 4376 omnia,
726 4323 777 4366 et
809 4331 902 4368 nos
931 4320 985 4368 in
1008 4317 1119 4382 ipso
1141 4331 1158 4366 :
1183 4325 1227 4368 et
1263 4331 1398 4368 unus
1437 4313 1691 4368 Dominus
1721 4312 1878 4368 Jesus
1905 4312 2060 4367 Chri-

484 4399 739 4457 atpster
762 4401 913 4452 quem
955 4386 1156 4450 omnia,
1183 4397 1230 4457 et
1266 4401 1358 4438 nos
1391 4401 1483 4457 per
1530 4385 1721 4450 ipsum.
1754 4383 1887 4457 Natu
1930 4385 2057 4438 illud
2163 4386 2375 4457 damus.
2433 4385 2695 4455 Origenes
2734 4395 2860 4457 tom.
2893 4400 2907 4438 ι
2937 4387 2989 4457 in
3037 4383 3228 4457 Joan._,
3274 4400 3426 4457 nunt.
3461 4383 3548 4457 ῥυ,
3580 4391 3655 4457 ut;

487 4453 551 4519 ἐξ
579 4451 665 4513 οὗ.
701 4469 879 4520 aquo,
903 4470 1125 4509 causam
1154 4455 1382 4522 primam
1417 4455 1677 4507 denotare
1705 4455 2054 4507 manilestum
2160 4456 2448 4509 sanitatem
2501 4451 2716 4509 revocet
2763 4455 3082 4516 haereticos,
3129 4455 3222 4522 qui
3258 4454 3426 4506 alium
3465 4451 3707 4517 Deutnju-

484 4535 595 4577 est.
629 4523 782 4579 Unde
809 4533 861 4576 et
895 4523 1208 4579 Theodorus
1244 4524 1379 4577 Bcza
1417 4523 1483 4576 ad
1526 4524 1702 4578 locum
1745 4525 1859 4578 hazc
1884 4524 2052 4577 adno-
2083 4567 2128 4590 ἢ
2160 4536 2322 4590 stum,
2353 4524 2516 4577 alium
2565 4527 2784 4585 bonum,
2819 4525 2980 4578 alium
3007 4538 3333 4589 creatorem,
3364 4525 3532 4574 alium
3575 4534 3707 4573 crea-

488 4603 567 4666 tat
596 4612 610 4647 :
634 4567 669 4644 ἶ
691 4591 840 4666 cum
867 4567 1092 4666 Pater}!
1121 4591 1296 4666 “Filio
1325 4593 1694 4666 distinguitur,
1729 4593 1805 4666 illi
1852 4594 2054 4666 princi-
2083 4567 2130 4622 Β
2161 4603 2278 4666 tore
2305 4567 2596 4662 ’majorem”
2623 4567 2898 4661 dicebant,
2942 4567 3191 4649 concedit
3219 4595 3297 4666 eis
3315 4567 3501 4646 ’Deum
3526 4590 3707 4666 Patren)

485 4665 637 4735 pium
675 4661 1008 4735 tribuitur.)
1045 4662 1266 4735 Scilicet
1296 4666 1409 4735 haec
1441 4656 1620 4735 omnia
1662 4656 1884 4717 omnino
1913 4663 2058 4735 re_fe-
2164 4656 2424 4735 Creatoré
2465 4665 2725 4734 majorem
2759 4665 2865 4719 dici
2887 4656 3080 4731 posse,
3101 4665 3159 4735 si
3211 4665 3452 4735 Creatori
3491 4661 3601 4728 ejus
3643 4656 3708 4735 ἰδ’-ι·

487 4730 656 4787 renda
704 4741 829 4785 sunt
859 4733 927 4786 ad
959 4733 1104 4804 illam
1136 4733 1254 4804 Filii
1281 4733 1780 4804 subordinationem
1815 4749 1924 4802 qua
1957 4733 2059 4804 Pa-
2162 4733 2266 4804 lius
2314 4730 2683 4804 intelligatur;
2733 4730 3004 4793 similiter.
3047 4752 3065 4786 ι
3090 4733 3294 4804 justum
3346 4744 3405 4787 et
3444 4734 3631 4804 bonum
3655 4730 3707 4781 de

492 4805 560 4856 tri
591 4811 649 4856 ut
693 4804 904 4873 auctori
945 4819 1043 4858 suo
1073 4803 1184 4873 (hic
1230 4805 1423 4856 iterum
1469 4804 1599 4871 ipsis
1632 4801 1845 4857 Hilarii
1874 4803 2058 4858 verbis
2161 4801 2327 4859 Patre
2357 4813 2409 4858 et
2440 4801 2576 4859 Filio
2610 4805 2715 4858 dici
2753 4820 2932 4872 posse,
2964 4801 3104 4860 Filio
3149 4803 3364 4872 justitia
3417 4803 3703 4873 exsisgatltlc.

489 4874 638 4940 utor)
662 4871 938 4944 subjectus
966 4869 1242 4939 est.'Quid
1267 4873 1409 4940 quod
1439 4869 1499 4944 in
1527 4875 1642 4942 ipso
1671 4873 1928 4944 Symbolo
1962 4873 2057 4927 Ni-
2161 4874 2251 4943 qui
2283 4876 2496 4943 accepit
2549 4869 2872 4944 potestatem
2915 4869 3216 4944 iudicandi,
3254 4874 3515 4944 quoniam
3564 4869 3601 4925 Γ
3606 4870 3706 4922 ilius

490 4957 642 4997 emno
675 4942 1188 5011 crederejubemur,
1223 4945 1395 5012 primo
1425 4962 1443 4994 ι
1476 4943 1529 4997 in
1560 4942 1723 4997 unum
1760 4943 1922 4997 Deum
1954 4944 2056 4998 Pa-
2163 4942 2400 4999 hominis
2422 4942 2516 5000 est
2553 4943 2738 5012 (Joan.
2771 4959 2825 5010 v,
2856 4945 2971 5012 27),
3003 4955 3056 4998 et
3096 4942 3367 5012 judicahit
3410 4944 3594 4997 orbem
3626 4949 3707 4992 tero

492 5026 634 5084 trem
665 5013 1119 5084 omnipotentem,
1155 5016 1398 5068 omnium
1439 5013 1733 5068 visibilium
1767 5025 1821 5067 et
1870 5015 2060 5084 invisi-
2163 5031 2344 5068 rarum
2378 5017 2428 5068 in
2457 5015 2666 5084 justitia
2707 5013 2883 5082 (Psal.
2936 5032 3100 5081 acvit,
3127 5017 3182 5084 9)
3215 5031 3229 5066 :
3260 5016 3420 5068 l’atre
3457 5028 3579 5066 vero
3613 5013 3710 5084 (eos

490 5083 681 5138 bilium
713 5082 1028 5138 Creatorem
1063 5101 1076 5137 :
1106 5104 1126 5137 ι
1170 5085 1384 5146 deinde,
1418 5102 1437 5134 ι
1461 5085 1511 5137 in
1544 5100 1708 5138 unum
1769 5083 2056 5138 Dominrim

493 5151 675 5224 .lesum
709 5154 1006 5218 Christum,
1033 5165 1164 5221 etc.,
1184 5171 1278 5224 per
1306 5168 1464 5222 quem
1495 5156 1674 5209 omnia
1709 5155 1850 5208 facta
1869 5167 2050 5208 sunt.»

498 5222 570 5294 Ut
603 5225 787 5293 paucis
815 5242 925 5277 rem
961 5236 1127 5279 totam
1160 5222 1488 5294 complectar
1516 5242 1529 5278 :
1553 5226 1643 5292 qui
1668 5224 1867 5278 dixerit
1889 5225 2057 5279 Deum

496 5292 738 5356 Patrem,
777 5309 1032 5365 tanquam
1081 5292 1295 5350 fontem
1329 5296 1625 5349 divinitatis
1665 5297 1908 5364 adeoque
1941 5310 2059 5349 om-

493 5365 666 5436 niumi
685 5370 1057 5436 operationem
1101 5367 1407 5419 divinarum
1467 5367 1766 5436 originem,
1805 5383 1836 5419 a
1875 5365 2058 5436 seipso

493 5449 591 5501 per
627 5434 821 5488 Filium
861 5451 1018 5492 suum
1048 5436 1308 5491 mundum
1360 5434 1686 5498 condidisse,
1730 5450 1794 5490 ac
1833 5434 2059 5505 proinde

494 5519 677 5576 rerum
730 5507 969 5576 omnium
1004 5507 1321 5576 primarium
1374 5520 1492 5562 esse
1544 5507 1828 5574 opilicem;
1885 5521 1969 5560 nte
2013 5506 2058 5560 is

494 5573 712 5629 Arianae
765 5573 1346 5644 haeresis—neutiquam
1398 5573 1732 5631 incusandus
1783 5587 1900 5642 est;
1949 5577 2056 5631 nisi

495 5657 626 5716 vero
664 5645 900 5714 antiquis
923 5647 1178 5702 Ecclesiae
1222 5647 1474 5701 Patribus
1501 5647 1790 5712 universis,
1815 5649 2058 5716 adeoque

498 5714 632 5785 ipsis
681 5716 1034 5785 scriptoribus
1099 5717 1474 5781 θεοπνέυστοις
1533 5717 1826 5773 Arianismi
1877 5714 2054 5771 dicam

502 5783 806 5853 impingere
834 5787 1078 5842 velimus.
1111 5788 1218 5842 Sed
1252 5787 1377 5841 illud
1417 5789 1632 5844 demum
1669 5787 1882 5842 Arianae
1907 5797 2056 5842 esset

495 5852 870 5926 blasphemiae,
913 5859 954 5916 si
991 5860 1112 5929 quis
1139 5857 1358 5914 doceret
1395 5857 1612 5912 Patrem
1650 5859 1763 5915 haec
1800 5859 2053 5914 universa

2161 5088 2252 5154 qui
2289 5086 2340 5138 in
2367 5079 2579 5152 jusiitia
2638 5079 2761 5139 Filii
2802 5087 3048 5154 castigati
3088 5079 3326 5151 iuerint,
3357 5095 3477 5154 post
3527 5079 3706 5136 Christi

2164 5171 2393 5224 regnum
2428 5156 2709 5211 beneﬁciis
2743 5155 3036 5226 adiciente)
3067 5159 3193 5212 boni
3257 5154 3577 5226 vocabulum
3610 5164 3712 5218 ope-

2163 5227 2311 5280 ribus
2347 5237 2656 5290 ostensuro,
2685 5229 2901 5296 quando
2928 5225 3095 5281 fuerit
3145 5229 3283 5280 Dens
3326 5227 3503 5280 Omnia
3538 5225 3586 5296 in
3614 5234 3710 5275 om-

2160 5297 2320 5352 nibus
2350 5297 2398 5367 (Ι
2441 5298 2565 5351 Cor.
2600 5295 2834 5366 “(.98).
2863 5317 2882 5350 ι
2912 5297 3063 5352 llanc
3109 5297 3180 5351 ob
3207 5312 3427 5350 causam
3458 5295 3707 5367 Christum

2161 5362 2368 5437 dixisse
2392 5367 2653 5437 conjicit:
2684 5362 2823 5432 Quid
2871 5385 2950 5420 me
2998 5368 3232 5436 appellas
3284 5362 3707 5437 bonumbd’emo

2161 5436 2343 5509 bonus,
2371 5439 2472 5490 nisi
2499 5435 2639 5509 unus
2671 5439 2825 5509 Deus,
2859 5435 3244 5509 PatertMarc.
3268 5453 3339 5509 _x,
3377 5439 3482 5506 18).
3517 5435 3705 5509 Nullum

2159 5508 2454 5562 Arianismi
2487 5508 2777 5576 vesriginm
2817 5508 2868 5562 in
2901 5510 3001 5562 hac
3045 5505 3228 5563 subl-ili
3265 5505 3702 5577 interpretatione,

2161 5593 2281 5645 quae
2329 5578 2374 5633 si
2434 5572 2733 5632 bonitatem
2787 5578 2923 5633 Filio
2969 5579 3228 5640 detrahit,
3267 5572 3530 5645 justiiiam
3577 5572 3706 5626 Patri

2160 5651 2447 5704 detrahere
2469 5649 2698 5703 dicetur.
2739 5649 2938 5702 Eadem
2961 5650 3160 5704 Christi
3201 5651 3364 5702 verba
3411 5649 3706 5711 interpreta-

2163 5727 2248 5770 tur
2279 5721 2330 5773 iu
2374 5719 2468 5773 lib.
2503 5734 2531 5768 ν
2584 5731 2768 5772 contra
2813 5719 3044 5786 Celsum,
3071 5735 3219 5774 num.
3267 5719 3358 5782 ll,
3405 5718 3487 5770 ubi
3521 5714 3708 5789 solisei

2163 5790 2444 5843 stellarum
2494 5789 2699 5842 cultum
2739 5806 2768 5840 a
2821 5789 2979 5843 Celso
3024 5791 3302 5844 defensum
3343 5789 3603 5859 refellens,
3637 5794 3705 5859 stc

2162 5859 2396 5930 loquitur
2424 5877 2437 5914 :
2474 5860 2532 5911 Ὁ
2555 5859 2743 5930 Σωτὴρ
2771 5859 2926 5929 ἡμῶν
2955 5861 3277 5929 καὶΚύριος,
3315 5858 3541 5919 diuo-3:1;
3573 5858 3708 5913 ποτε.
