3878 6530
461 409 564 467 763

1737 411 1798 468 P.
1841 410 2155 469 DANIELIS
2193 412 2429 470 HUETII

3630 418 3747 474 764

467 525 688 595 quidem
724 538 788 579 ac
827 537 925 590 per
975 523 1158 578 omnia
1215 523 1512 596 archetypo
1569 525 1668 595 ipsi
1716 527 1950 582 similem
1993 537 2048 582 et
2076 534 2120 591 Α
2152 530 2288 584 resis
2330 530 2469 585 libro
2511 546 2528 584 i
2570 532 2707 599 Περὶ
2749 530 2975 602 ἀρχῶν,
3010 545 3132 602 cap.
3163 531 3219 598 2,
3260 547 3412 586 num.
3462 532 3524 599 6,
3565 505 3745 588 fuisse

457 619 763 689 aequalem,
825 619 920 672 sed
967 629 1283 687 expressam
1330 619 1546 684 leviter,
1597 630 1654 676 et
1714 621 2041 692 exemplaris

459 710 774 777 praestantia
821 709 981 780 longe
1021 709 1358 768 inferiorem.
1405 711 1462 767 Si
1513 712 1733 782 quando
1758 713 1922 784 igitur
1946 714 2042 768 bo-

460 801 685 856 nitatem
719 801 842 855 Filii
872 803 1123 857 eamdem
1154 817 1277 859 esse
1312 806 1473 860 docet
1521 821 1585 860 ac
1617 805 1796 862 Patris
1829 806 2041 862 bonita-

460 903 647 962 iatem,
688 894 838 953 velut
878 894 972 949 lib.
1025 910 1043 949 ι
1083 895 1226 965 Περὶ
1278 895 1506 967 ἀρχῶν,
1533 913 1656 969 cap.
1688 899 1747 961 2,
1780 913 1933 954 num.
1972 901 2039 956 10

455 995 512 1040 et
543 987 631 1050 15,
668 986 757 1041 ubl
804 990 1051 1044 eamdem
1099 1003 1223 1044 esse
1269 991 1346 1044 ait
1380 991 1668 1061 utriusque
1717 993 2038 1062 potentiam,

455 1079 758 1134 bonitatem
805 1081 1054 1137 eamdem
1081 1121 1097 1148 ,
1138 1092 1194 1139 et
1247 1097 1588 1153 quaecunque
1641 1083 1808 1138 habet
1852 1083 2038 1151 Pater,

456 1173 663 1228 habere
693 1183 749 1227 et
781 1171 1006 1241 Filium,
1037 1176 1214 1232 facilis
1240 1184 1322 1232 est
1357 1175 1700 1243 intellectus;
1738 1175 1858 1231 Filii
1886 1191 2040 1232 nem-

464 1277 534 1332 pe
557 1262 859 1319 bonitatem
892 1263 1146 1322 Paternai
1179 1267 1447 1322 bonitatis
1484 1281 1606 1322 esse
1631 1267 1955 1337 particulam
1987 1277 2042 1324 et

457 1371 670 1425 auram,
697 1372 727 1411 e
751 1356 986 1413 Paterna
1030 1357 1280 1414 bonitate
1309 1359 1594 1429 deceptam
1624 1374 1688 1414 ac
1717 1359 2036 1414 delibatam.

456 1446 516 1502 Si
549 1450 768 1516 quando
819 1447 970 1503 Patri
1021 1449 1122 1504 soli
1167 1450 1473 1506 bonitatem
1527 1449 1739 1519 tribuit,
1783 1451 2042 1523 primige-

455 1537 603 1593 niam
645 1539 968 1604 bonitatem,
999 1550 1057 1595 et
1097 1541 1363 1597 bonitatis
1406 1541 1662 1612 intelligit
1709 1543 2036 1613 principium

454 1643 521 1685 ac
544 1629 782 1697 fontem;
814 1630 1009 1685 Filium
1037 1640 1218 1686 autem
1265 1631 1498 1688 Paterna
1532 1634 1848 1689 tantumilla
1880 1635 2041 1690 bonis

457 1729 572 1778 tate
601 1722 962 1792 impertitum.
996 1723 1163 1793 Cujus
1191 1725 1490 1795 impietatis
1518 1730 1860 1784 Occasionem
1884 1729 2040 1784 vide-

457 1823 544 1867 tur
592 1814 872 1884 accepisse
915 1833 980 1870 ex
1015 1819 1157 1873 male
1208 1819 1484 1876 intellecto
1510 1820 1765 1875 Matthzeo
1792 1813 1908 1886 six,
1943 1820 2038 1887 17,

2145 635 2430 689 expressa,
2475 623 2570 678 sed
2619 623 2800 678 Ruﬁni
2850 623 3060 677 artibus
3097 622 3463 689 dissimulata,
3496 633 3554 678 et
3598 623 3744 680 falsa

2146 711 2250 766 hac
2297 713 2750 781 interpretatione
2793 714 3026 769 obducta
3062 731 3078 768 :
3109 732 3128 765 ‹
3151 713 3336 786 Imago
3362 731 3500 786 ergo
3534 725 3621 771 est
3652 717 3746 771 in-

2141 803 2375 860 visibilis
2409 805 2505 860 Dei
2549 803 2732 860 Patris
2781 804 3036 860 Salvator
3084 815 3294 870 iioster,
3349 815 3628 876 quantum
3669 808 3746 862 ad

2144 896 2319 966 ipsum
2348 898 2567 968 quidem
2593 898 2832 959 Patrem,
2866 898 3072 953 veritas
3102 916 3118 967 ;
3153 908 3418 969 quantum
3446 909 3638 954 autem
3671 901 3745 955 ad

2143 1005 2269 1053 nos,
2298 991 2498 1059 quibus
2543 992 2754 1047 revelat
2785 991 3030 1055 Patrem,
3071 992 3249 1064 imago
3281 1001 3383 1056 est,
3417 1008 3522 1063 per
3571 1008 3742 1063 quam

2142 1083 2522 1152 cognoscimus
2550 1083 2790 1138 Patrem.
2823 1103 2843 1137 i

2213 1171 2374 1227 XVII.
2410 1174 2542 1240 Qua:
2585 1175 2805 1245 Origeni
2855 1174 2975 1229 dica
3019 1175 3242 1245 impingi
3295 1174 3462 1240 solet,
3499 1189 3743 1246 negasse

2143 1265 2318 1335 ipsum
2348 1265 2565 1322 Patrem
2589 1283 2619 1320 a
2650 1266 2807 1333 Filio,
2829 1266 3027 1320 Filium
3052 1281 3082 1320 a
3117 1267 3321 1335 Spiritu
3352 1281 3577 1329 sancto,
3607 1265 3742 1335 Spi-

2143 1359 2309 1414 ritum
2365 1369 2614 1414 sanctum
2653 1361 2720 1415 ab
2749 1361 2981 1432 angelis,
3023 1361 3246 1431 angelos
3297 1362 3365 1415 ab
3411 1361 3743 1416 hominibus

2142 1450 2314 1505 videri
2344 1466 2526 1522 posse,
2549 1450 2723 1506 facilis
2753 1462 3054 1523 expurgatu
3089 1469 3193 1507 non
3214 1465 3317 1521 est,
3349 1454 3393 1508 si
3425 1453 3742 1508 criminan-

2145 1537 2279 1592 tium
2317 1554 2577 1594 tiumerus
2619 1550 2900 1610 spectetur
2933 1553 2988 1597 et
3031 1543 3352 1598 auctoritas.
3391 1542 3740 1597 Primariuin

2143 1629 2287 1682 hunc
2333 1643 2394 1682 ac
2428 1627 2757 1698 praecipuum
2790 1628 2931 1684 inter
2960 1631 3078 1698 ejus
3122 1645 3342 1684 errores
3369 1629 3570 1684 statuit
3604 1629 3744 1697 Epi-

2143 1719 2375 1787 phanius
2401 1720 2534 1773 liaar.
2560 1734 2712 1783 mm,
2739 1734 2860 1788 cap.
2905 1719 2961 1782 ι,
2993 1729 3048 1772 et
3075 1719 3127 1772 in
3167 1720 3458 1780 Ancorato,
3490 1733 3618 1788 cap.
3644 1716 3742 1784 65,

2144 1810 2234 1864 ubi
2272 1810 2432 1865 verba
2485 1811 2600 1878 ipsa
2653 1811 2905 1880 Origenis
2937 1812 3204 1866 exhibet:
3244 1811 3617 1875 Μαθέτωσαν,
3652 1812 3744 1864 ἰη-

453 1916 511 1961 et
539 1905 698 1962 Joan.
728 1925 860 1975 xvii,
903 1909 991 1976 13,
1023 1921 1078 1966 et
1112 1925 1176 1965 ex
1210 1911 1435 1966 Platone
1465 1913 1555 1982 qui
1594 1911 1714 1966 boni
1743 1928 1942 1969 nomen
1969 1914 2034 1969 ad

2141 1904 2279 1971 quit,
2317 1902 2434 1966 πῶς
2464 1905 2566 1957 οὐκ
2596 1903 2910 1976 ἀπηξίωσεν
2953 1903 3234 1976 Ὠριγένης
3274 1906 3476 1966 εἰπεῖν,
3523 1905 3608 1957 ὅτι
3635 1903 3745 1974 οὐχ

453 1997 624 2052 Deum
651 2000 1006 2070 peculiariter
1032 2007 1310 2070 pertinere
1346 2004 1585 2059 dicebat.

526 2088 667 2146 XVI.
701 2091 882 2146 Simili
914 2095 1073 2148 modo
1117 2093 1498 2163 explicandum
1544 2095 1694 2150 venit
1722 2096 1916 2164 dogma
1954 2093 2036 2147 al-

455 2195 649 2250 terum,
679 2187 826 2254 quod
875 2187 944 2240 ab
993 2187 1109 2254 ipso
1161 2186 1503 2254 propositum
1558 2185 1726 2239 refert
1775 2185 2040 2256 Hierony-

453 2291 574 2329 mus
607 2277 766 2346 epist.
799 2277 889 2340 59,
917 2278 985 2330 ad
1025 2277 1192 2338 Avit.,
1226 2292 1347 2345 cap.
1370 2277 1395 2328 1
1433 2294 1446 2330 :
1481 2293 1500 2326 ι
1524 2275 1744 2342 Filium,
1776 2285 2037 2343 quantum

451 2367 518 2418 ad
548 2366 792 2431 Patrem,
819 2383 924 2420 non
971 2382 1092 2422 esse
1146 2367 1463 2430 veritatem,
1509 2378 1768 2435 quantum
1806 2368 1873 2421 ad
1917 2384 2036 2432 nos,

450 2472 573 2510 esse
605 2458 985 2527 imaginariam
1019 2459 1324 2513 veritatem.
1356 2476 1374 2508 i
1400 2456 1557 2510 Paria
1589 2459 1702 2510 fere
1733 2457 1893 2511 habet
1922 2457 2036 2510 Ati—

451 2551 720 2620 gustinus,
751 2551 825 2605 De
857 2553 1041 2606 haeres.
1079 2552 1148 2604 ad
1200 2550 1625 2617 Quodvultdeum
1647 2590 1664 2613 ,
1716 2551 2032 2606 liaires.45:

457 2659 476 2689 ι
514 2640 656 2695 Dicit
683 2650 948 2712 praeterea
988 2640 1278 2712 Origenes,
1321 2643 1519 2708 inquit,
1556 2642 1699 2710 quod
1730 2640 1900 2696 Filius
1942 2642 2034 2696 Dei

452 2732 658 2787 sanctis
681 2733 992 2787 hominibus
1018 2744 1387 2801 comparatus,
1405 2733 1606 2788 veritas
1631 2734 1735 2799 sit;
1771 2732 1847 2804 (6)
1887 2733 2035 2787 Patri

451 2821 722 2886 collatus,
776 2822 1139 2876 mendacium.
1194 2841 1214 2874 i
1271 2820 1384 2876 Nec
1432 2823 1713 2877 dissimilia
1783 2838 1901 2891 qua:
1971 2839 2036 2877 ex

451 2913 682 2983 cpistola
735 2913 992 2968 decretali
1043 2911 1456 2967 Ρθιειιειίιιοινιηιι
1512 2915 1890 2984 episcoporum
1945 2929 2035 2969 re-

451 3017 744 3076 praesentat
780 3006 956 3062 Guido
986 3006 1283 3061 Carinelita
1317 3009 1578 3060 adversus
1603 3005 1948 3076 Origenistas
1981 3008 2034 3062 in

451 3097 656 3153 Summ.
683 3101 748 3152 de
771 3099 983 3166 lintrem,
1009 3100 1059 3152 in
1098 3101 1232 3155 liter.
1265 3099 1608 3168 Origenist.:
1647 3119 1664 3151 ι
1703 3101 1758 3154 Si
1791 3102 1880 3169 qui
1910 3109 2038 3155 sunt

449 3191 540 3260 qui
579 3191 631 3244 in
669 3190 782 3246 suis
817 3191 1138 3246 tractatibus
1173 3193 1517 3246 tradiderunt
1547 3193 1691 3262 quod
1733 3193 1902 3247 Filius
1935 3209 2036 3246 no-

449 3283 537 3337 liis
585 3294 936 3353 comparatus
968 3285 1037 3338 sit
1083 3285 1305 3348 veritas,
1344 3284 1492 3338 Patri
1547 3285 1778 3339 collatus
1812 3285 2030 3338 tuenda-

449 3373 620 3442 cium,
645 3382 702 3429 et
735 3375 880 3443 quod
911 3386 996 3429 est
1023 3374 1217 3429 Petrus
1247 3385 1305 3429 et
1339 3377 1538 3430 Paulus
1562 3382 1627 3429 ad
1662 3376 2030 3440 Salvatorein,

451 3463 560 3518 hoc
593 3471 676 3518 est
721 3463 1050 3534 Unigenitus
1076 3465 1246 3520 Filius
1274 3469 1336 3519 et'
1364 3465 1508 3521 Deus
1538 3467 1777 3521 Verbum
1806 3483 2031 3538 compa-

453 3562 608 3608 ratus
644 3553 912 3611 Patri.....
970 3563 1025 3610 et
1075 3557 1200 3624 ipsi,
1229 3568 1285 3609 et
1338 3557 1592 3626 dogmata
1645 3558 1886 3626 ipsorum
1922 3557 2034 3610 sint

451 3642 714 3698 Ecclesiae
767 3646 1081 3700 anathema.
1111 3665 1130 3698 ι
1181 3645 1392 3712 Quibus
1444 3647 1772 3716 astipulatur
1827 3661 2036 3714 anony-

451 3749 576 3788 inus
603 3733 694 3789 ille
725 3735 979 3790 defensor
1003 3735 1277 3804 Origenis,
1303 3752 1466 3806 quem
1519 3738 1651 3798 dixi,
1685 3745 1740 3790 et
1768 3737 1914 3789 inter
1939 3755 2034 3791 ca-

455 3807 570 3891 pita
603 3827 654 3880 in
693 3827 811 3895 ipso
845 3825 1171 3895 reprehendi
1201 3827 1362 3881 solita
1409 3835 1748 3895 postremum
1781 3827 1906 3880 illud
1937 3843 2034 3898 p0-

447 3916 534 3971 ltit
566 3918 728 3971 :"Ori
762 3920 795 3991 ἡ
831 3916 997 3971 εἰκὼν
1058 3917 1153 3971 τοῦ
1204 3917 1361 3979 Θεοῦ.
1405 3919 1480 3981 ὼς
1528 3918 1666 3990 πρὸς
1709 3919 1939 3980 ἐκεῖνον,
1975 3912 2036 3972 οὗ

450 4007 597 4061 ἔστιν
629 4007 815 4074 εἰκὼν,
842 4008 966 4062 καθ’
987 4008 1016 4062 ὃ
1044 4008 1229 4074 εἰκὼν,
1265 4009 1365 4062 οὐκ
1402 4009 1549 4063 ἔστιν
1569 4011 1818 4083 ἀλήθεια.
1857 4030 1874 4061 i
1900 4011 2039 4063 Ima-

453 4101 634 4170 ginem
667 4103 759 4156 Dei
790 4111 1042 4172 respectu
1069 4102 1188 4171 ejus
1219 4104 1377 4173 cujus
1408 4114 1490 4157 est
1528 4105 1730 4172 imago,
1763 4113 2037 4172 quatenus

450 4201 536 4247 est
560 4191 760 4263 imago,
788 4209 896 4248 non
923 4209 1045 4251 esse
1082 4196 1390 4250 veritatem.
1415 4215 1434 4248 i
1480 4195 1702 4250 Videtur
1755 4197 1872 4250 haec
1919 4195 2034 4250 liae—

2137 1996 2242 2066 ὁρᾷ
2269 1995 2360 2048 τὸν
2386 1996 2604 2067 Πατέρα
2633 1997 2661 2048 ὁ
2691 1996 2818 2060 Υἱός
2838 2015 2854 2027 ·
2889 1996 3026 2050 ἀλλά
3053 2013 3240 2066 φησιν·
3293 1997 3380 2059 Ὠς
3408 1997 3472 2048 οὐ
3507 1995 3743 2050 δύναται

2137 2089 2270 2158 ὁρᾷν
2301 2088 2392 2140 τὸν
2424 2089 2644 2160 Πατέρα
2669 2089 2697 2141 ὀ
2725 2089 2876 2153 Υἱὸς,
2913 2089 3008 2142 καὶ
3033 2089 3096 2142 τὸ
3120 2089 3272 2154 ἅγιον
3298 2089 3532 2159 Πνεῦμα
3558 2090 3621 2141 οὐ
3651 2088 3746 2142 δύ-

2137 2196 2296 2232 ναται
2321 2179 2449 2232 ἰδεῖν
2470 2180 2560 2232 τὸν
2595 2180 2740 2233 Υἱόν.
2774 2182 2884 2234 Καὶ
2913 2181 3092 2235 πάλινο
3111 2183 3173 2234 Οἱ
3194 2182 3418 2250 ἄγγελοι
3451 2182 3514 2234 οὐ
3545 2181 3746 2234 δύναν-

2136 2287 2227 2324 ται
2256 2271 2380 2324 ἰδεῖν
2412 2271 2473 2324 τὸ
2501 2272 2651 2341 ἅγιον
2679 2271 2921 2343 Πνεῦμα,
2943 2274 3037 2326 καὶ
3065 2275 3112 2325 οἱ
3147 2273 3426 2344 ἄνθρωποι
3446 2273 3510 2324 οὐ
3541 2272 3743 2326 δύναν-

2136 2379 2231 2415 ται
2285 2362 2412 2416 ἰδεῖν
2459 2365 2586 2426 τοὺς
2635 2363 2919 2433 ἀγγέλους.
2965 2383 2983 2415 α
3023 2364 3243 2418 Discant
3305 2367 3592 2433 quomodo
3632 2380 3742 2417 non

2141 2455 2411 2508 dubitavit
2463 2454 2731 2524 Origenes
2761 2456 2946 2510 dicere
2982 2457 3178 2512 Filium
3230 2471 3336 2511 non
3399 2457 3598 2512 videre
3633 2456 3740 2510 Pa-

2140 2555 2299 2611 trem,
2335 2547 2430 2601 sed
2467 2546 2602 2601 dicit
2632 2565 2644 2600 :
2679 2547 3145 2614 Quemadmodum
3171 2563 3275 2602 non
3302 2557 3492 2618 potest
3545 2547 3745 2602 videre

2141 2637 2355 2692 Patrem
2408 2637 2615 2702 Filius,
2671 2653 2772 2692 nec
2807 2637 3006 2693 Filium
3055 2639 3241 2693 videre
3273 2649 3456 2708 potest
3494 2637 3743 2708 Spiritus

2139 2735 2382 2783 sanctus.
2407 2729 2471 2783 Et
2499 2747 2712 2784 rursum
2749 2731 2975 2799 :Angeli
2999 2731 3179 2784 videre
3213 2745 3319 2784 non
3357 2727 3744 2800 possuntSpi-

2141 2825 2302 2877 ritum
2323 2835 2599 2888 sanctum,
2627 2833 2683 2879 ct
2722 2825 2970 2878 homines
3015 2838 3119 2877 non
3156 2831 3385 2891 possunt
3413 2821 3607 2874 videre
3642 2835 3744 2873 an-

2140 2915 2312 2984 gelos.
2350 2935 2368 2968 i
2413 2915 2616 2971 Eadem
2662 2916 2890 2986 replicat
2915 2919 2967 2968 in
2995 2915 3224 2984 epistola
3258 2915 3325 2966 ad
3352 2911 3626 2966 Joannem
3649 2908 3746 2966 Je-

2145 3008 2625 3076 rosolymitanum,
2667 3025 2788 3078 cap.
2815 3007 2870 3060 9..
2908 3007 3277 3076 Hieronymus
3313 3017 3538 3072 quoque
3579 3017 3744 3056 erro-

2140 3115 2226 3154 res
2263 3115 2549 3156 recensens
2579 3101 2843 3155 libroruni
2869 3099 3008 3167 Περὶ
3038 3095 3264 3166 ἀρχῶν,
3294 3096 3346 3149 in
3380 3093 3621 3165 epistola
3647 3092 3740 3159 59,

2141 3192 2210 3243 ad
2250 3192 2488 3258 Avitum,
2521 3191 2804 3260 scripsisse
2834 3205 2956 3244 eum
2985 3191 3060 3243 ait
3088 3191 3139 3242 in
3167 3188 3342 3258 primo
3369 3186 3558 3256 operis
3579 3185 3748 3252 hujus

2139 3283 2438 3347 volumine,
2477 3300 2496 3332 ι
2541 3281 2709 3335 Deum
2742 3281 2985 3348 Patrem,
3024 3295 3122 3349 per
3168 3289 3426 3333 naturain
3490 3277 3746 3332 invisibi-

2140 3374 2264 3440 leni,
2294 3391 2324 3428 a
2353 3373 2492 3428 Filio
2529 3389 2634 3428 non
2667 3372 2877 3438 videri;
2917 3391 2936 3424 i
2961 3382 3016 3427 et
3058 3373 3111 3427 in
3143 3371 3383 3427 secundo
3421 3387 3439 3425 ξ
3483 3387 3503 3420 ι
3545 3369 3744 3423 Restat

2139 3474 2199 3518 ut
2234 3463 2528 3519 invisibilis
2565 3465 2639 3519 sit
2669 3464 2833 3518 Deus.
2869 3463 2924 3517 Si
2961 3473 3141 3517 autem
3172 3461 3475 3516 invisibilis
3501 3475 3601 3530 per
3639 3475 3743 3512 na—

2142 3567 2319 3611 turain
2353 3566 2460 3623 est,
2503 3572 2678 3627 neque
2714 3556 2984 3611 Salvatori
3026 3555 3255 3610 visibilis
3277 3555 3405 3608 erit.
3446 3573 3466 3607 i
3503 3553 3655 3607 Idem
3686 3551 3746 3606 in

2136 3650 2364 3720 epistola
2395 3650 2484 3715 6|,
2521 3652 2590 3704 ad
2630 3648 2968 3713 Pammach.,
3006 3662 3128 3717 cap.
3157 3647 3226 3701 ὃς
3257 3663 3277 3696 i
3305 3645 3369 3699 Et
3403 3645 3646 3715 primum
3673 3643 3744 3698 de

2138 3742 2276 3796 libro
2300 3741 2443 3810 Περὶ
2465 3741 2690 3812 ἀρχῶν,
2721 3742 2810 3796 ubi
2851 3741 3092 3810 loquitur
3123 3756 3136 3793 :
3172 3738 3330 3794 Sicut
3360 3738 3510 3792 enim
3546 3736 3744 3790 incon—

2139 3848 2331 3902 gruum
2364 3841 2450 3886 est
2473 3834 2655 3887 dicere
2686 3833 2831 3901 quod
2866 3831 3037 3901 possit
3063 3829 3233 3885 Filius
3264 3829 3455 3883 videre
3491 3827 3739 3892 Patrem,

2140 3929 2212 3979 ita
2270 3925 2661 3980 inconveniens
2689 3936 2776 3981 est
2807 3926 3020 3997 Opinari
3054 3925 3198 3994 quod
3230 3923 3480 3993 Spiritus
3512 3928 3742 3975 sanctus

2145 4016 2316 4086 possit
2393 4016 2579 4070 videre
2631 4015 2851 4069 Filium.
2897 4035 2918 4068 ι
2973 4015 3028 4070 In
3081 4031 3186 4085 qua
3272 4013 3469 4068 haeresi
3553 4025 3742 4064 versa-

2145 4118 2256 4161 tum
2320 4105 2486 4161 fuisse
2550 4105 2812 4162 Joannem
2867 4105 3384 4177 Jerosolymitanuni
3462 4114 3580 4158 toto
3636 4103 3746 4158 hoc

2145 4198 2326 4268 capite
2377 4197 2738 4252 demonstrat.
2784 4197 2894 4252 Par
2922 4206 3007 4252 est
3037 4195 3303 4251 Gennadii
3355 4193 3584 4264 querela
3637 4193 3736 4248 lib.

528 4378 607 4449 (6)
641 4377 810 4451 Patri
838 4379 1084 4451 collatus,
1120 4379 1473 4451 mendacium,
1509 4389 1616 4433 etc.
1658 4381 1882 4436 Fatetur
1924 4379 2029 4451 Pes-
2060 4382 2106 4437 D
2135 4378 2755 4451 nomine'intelligatu‘r
2795 4376 3030 4451 Verbum
3086 4377 3213 4432 illtid
3271 4377 3417 4446 quod
3463 4387 3732 4451 paternas

454 4451 630 4505 tavius
666 4466 772 4503 non
803 4450 874 4504 ita
904 4450 1206 4520 desipuisse
1257 4449 1567 4520 Origenem,
1608 4461 1665 4506 ut
1706 4451 1902 4506 Filium
1938 4449 2028 4503 Dei

455 4519 558 4575 tilla
615 4521 824 4574 ratione
873 4522 1214 4574 mendacium
1246 4519 1608 4575 dice’retzsed
1661 4524 1797 4576 hanc
1841 4534 2035 4575 conse-

453 4588 729 4644 cutionem
757 4605 836 4661 ex
853 4591 970 4657 ejus
995 4592 1260 4661 sententia
1309 4592 1376 4645 ab
1407 4590 1730 4661 Hieronymo
1759 4607 1923 4660 supra
1950 4591 2032 4643 ci-

457 4669 568 4714 tata
613 4659 907 4713 nonnullos
944 4661 1171 4714 eruisse.
1197 4660 1484 4715 Existimat
1516 4659 1742 4716 llueiius
1787 4659 1951 4721 lianc,
1978 4668 2034 4712 nt

456 4731 571 4798 ipse
599 4728 856 4800 appellat,
889 4730 1142 4785 hiBI'BSilll
1191 4747 1253 4785 ex
1302 4731 1396 4787 lib.
1450 4749 1464 4786 l
1518 4731 1591 4784 De
1623 4732 1872 4800 priiirip.,
1908 4745 2029 4798 cap.

452 4800 508 4864 2.
543 4815 692 4854 num.
730 4799 784 4863 6,
842 4815 1160 4869 expressam
1195 4802 1382 4867 fuisse,
1439 4803 1530 4856 sed
1585 4802 1766 4854 Rnlini
1823 4801 2034 4854 artibus

455 4871 796 4934 intricatam,
826 4882 883 4925 et
915 4870 1045 4925 falsa
1083 4873 1180 4926 hac
1212 4872 1663 4940 interpretatione
1690 4871 1979 4926 obductam
2012 4886 2027 4924 :

458 4959 480 4995 ί
507 4941 690 5010 Imago
714 4951 799 4995 est
850 4941 1144 4996 invisibilis
1186 4943 1279 4996 Dei
1330 4942 1503 4996 Patris
1532 4943 1786 4996 Salvator
1817 4952 2027 5006 noster,

455 5023 718 5081 quantum
751 5010 818 5066 ad
865 5013 1040 5081 ipsum
1085 5014 1302 5081 quidem
1332 5012 1572 5074 Patrem,
1605 5013 1836 5066 veritas:
1863 5026 2036 5080 quan-

458 5093 567 5136 tum
618 5091 799 5136 autem
828 5085 894 5136 ad
931 5097 1051 5147 nos,
1097 5084 1293 5152 quibus
1329 5085 1537 5138 revelat
1577 5081 1818 5149 Patrem,
1854 5083 2034 5151 imago

453 5162 564 5215 est,
592 5167 690 5222 per
713 5167 876 5222 quam
904 5156 1286 5220 cognoscimus
1314 5153 1555 5208 Patrem.
1587 5172 1606 5204 i
1642 5155 1846 5208 lteVera
1885 5153 2035 5208 locus

456 5223 670 5276 videtur
690 5235 784 5277 aut
810 5222 1014 5286 Rufini,
1033 5233 1126 5276 aut
1151 5225 1495 5277 librariorum
1525 5223 1685 5292 culpa
1714 5233 2030 5291 corruptus:

455 5292 531 5347 ita
565 5303 623 5346 ut
656 5294 772 5363 liazc
807 5293 1055 5363 Origeiiis
1104 5295 1371 5348 sententia
1423 5309 1544 5348 esse
1590 5295 1804 5360 debeat,
1839 5293 2032 5348 Filium

462 5371 714 5432 respectu
738 5362 920 5434 Patris
952 5377 1076 5418 esse
1116 5365 1426 5433 imaginem,
1459 5376 1706 5434 respectu
1746 5365 1916 5418 nostri
1951 5379 2040 5418 ve-

459 5434 700 5488 ritateui.
728 5432 838 5487 Sed
865 5435 1065 5488 veritas
1095 5435 1196 5490 hoc
1222 5432 1360 5498 leco,
1389 5432 1870 5504 prout'opponitur
1899 5435 2034 5487 ima—

457 5504 590 5574 gini,
627 5505 766 5556 idem
815 5512 972 5558 sonat
1021 5522 1084 5557 ac
1110 5505 1407 5573 exemplar,
1443 5523 1540 5560 nec
1574 5504 1856 5574 Origenes,
1907 5519 2030 5558 cum

455 5573 651 5628 Filium
703 5583 946 5642 respectu
997 5574 1170 5628 Patris
1207 5576 1519 5644 imaginem,
1574 5573 1816 5643 respectu
1859 5574 2030 5627 nostri

458 5643 740 5698 veritatem
771 5647 885 5697 sive
913 5645 1192 5712 exemplar
1222 5643 1343 5700 esse
1365 5645 1515 5708 dicit,
1545 5663 1573 5699 a
1605 5647 1819 5698 caeteris
1854 5644 2032 5697 Patri-

457 5712 559 5766 bus
615 5714 845 5768 discedit
884 5715 974 5781 qui
1012 5713 1240 5784 Patrem
1283 5715 1560 5784 exemplar
1614 5715 1760 5779 Filii,
1828 5713 2025 5768 Filium

467 5793 801 5856 caiteroruiii
815 5783 1111 5850 exemplar,
1141 5782 1336 5838 Filium
1379 5782 1666 5856 imaginem
1697 5784 1897 5846 Patris,
1933 5798 2030 5838 nos

466 5851 587 5909 Filii
642 5852 906 5921 imagines
957 5867 1079 5909 esse
1126 5856 1395 5910 dixerunt.
1444 5851 1515 5910 Si
1550 5865 1725 5911 autem
1787 5856 2032 5911 veritatis

2139 4464 2333 4504 omnes
2376 4450 2526 4504 ideas
2581 4448 2984 4517 complectitur.
3019 4454 3315 4503 seetin'tuin
3379 4452 3528 4518 quod
3591 4448 3740 4502 Deus

2137 4520 2320 4573 omnia
2370 4523 2656 4589 gubernat,
2699 4519 2828 4571 nihil
2887 4521 3098 4587 longius
3148 4520 3305 4571 abest
3358 4521 3428 4570 ab
3477 4520 3738 4589 Origenis

2137 4599 2342 4660 mente,
2373 4587 2539 4660 quam
2583 4602 2639 4644 ut
2682 4590 2817 4644 illud
2869 4591 3154 4660 veritatem
3197 4603 3472 4660 nonesse
3495 4587 3731 4642 diceret.

2136 4657 2342 4730 Degere
2375 4657 2626 4730 equidem
2651 4660 2836 4713 malini
2869 4677 2883 4712 :
2911 4659 3178 4730 Quantum
3205 4661 3272 4730 ard
3309 4659 3483 4730 ipsum
3516 4661 3733 4726 quidem

2139 4728 2381 4794 Patrem,
2413 4728 2600 4793 uirtus,
2652 4731 2702 4784 id
2738 4739 2840 4794 est,
2874 4745 3104 4798 persona
3137 4729 3350 4781 divina.
3403 4728 3730 4798 SCtLIalllell

2136 4801 2362 4854 retineri
2388 4810 2564 4872 potest
2585 4817 2684 4854 vox
2712 4799 2824 4872 illa,
2851 4797 3060 4872 veritas,
3087 4799 3254 4872 modo
3279 4813 3470 4850 verum
3503 4797 3730 4872 Filium,

2135 4886 2202 4925 ac
2234 4885 2360 4926 vere
2388 4868 2717 4925 ’substantia
2753 4871 2934 4924 divina
2967 4888 2997 4922 κ
3033 4868 3192 4922 Patre
3225 4869 3494 4921 donatum
3532 4870 3733 4923 ἰηιεηὶ-

2136 4955 2345 5011 gamus.
2389 4939 2672 5011 Vituperat
2729 4942 2833 4995 hoc
2893 4941 3008 4993 loco
3056 4940 3317 5011 Origenes
3352 4939 3642 5011 Aprobolas
3698 4956 3729 4992 a

2137 5007 2536 5066 Valentinianis
2595 5012 2649 5066 in
2708 5011 3142 5080 generationem
3169 5007 3290 5062 Filii
3321 5009 3630 5080 inductas,
3662 5027 3730 5066 ac

2136 5081 2335 5136 Filium
2379 5082 2568 5136 statuit
2602 5082 2679 5135 ita
2712 5078 3020 5148 imaginem
3055 5079 3146 5132 Dei
3177 5078 3469 5133 invisibilis
3500 5080 3633 5140 dici,
3670 5093 3728 5135 nt

2136 5167 2480 5221 nequaquam
2523 5151 3016 5221 assiinileturuillis
3071 5149 3419 5221 imaginibus,
3489 5167 3610 5219 quia
3669 5155 3726 5203 in

2136 5218 2360 5293 materie
2393 5221 2595 5293 aliqua,
2637 5223 2690 5274 id
2735 5230 2809 5293 est
2854 5219 3008 5293 ligni,
3036 5222 3116 5293 iis!
3146 5218 3337 5293 lapidis
3376 5219 3596 5293 depingi
3645 5222 3725 5272 vel

2134 5291 2367 5361 exsculpi
2389 5289 2550 5345 solent
2571 5309 2589 5356 ,°
2621 5293 2714 5346 sed
2731 5291 2866 5344 sicut
2893 5289 3001 5358 ipse
3027 5289 3204 5361 Pater,
3229 5289 3512 5361 invisibilia
3535 5301 3611 5342 eo!
3630 5307 3728 5358 per

2135 5360 2406 5424 naturain,
2439 5363 2516 5416 ita
2546 5362 2827 5430 imaginem
2848 5376 3053 5431 quoque
3103 5360 3419 5431 inuisibilem
3452 5363 3716 5428 genuerit.

2140 5433 2295 5488 Unde
2343 5433 2534 5486 statuit
2589 5428 2804 5495 Filium,
2839 5428 3098 5500 quantum
3155 5429 3220 5482 ad
3252 5428 3469 5500 Patrem
3502 5432 3723 5493 attinet,

2134 5518 2256 5558 esse
2283 5503 2588 5568 veritatem,
2637 5503 2689 5558 id
2741 5499 3163 5570 est,persouam
3202 5499 3461 5570 divinam,
3507 5515 3573 5553 ac
3606 5517 3723 5553 iein

2137 5587 2264 5627 vere
2288 5588 2387 5643 per
2415 5588 2475 5626 se
2522 5569 2945 5635 subsistentem;
2979 5579 3240 5643 quantum
3270 5569 3336 5622 ad
3353 5585 3494 5643 _nos,
3531 5571 3730 5635 imagi-

2135 5639 2404 5712 nem,'per
2431 5659 2592 5712 quam
2631 5641 3225 5712 Deuiircognoscimus.
3256 5667 3328 5679 —
3350 5639 3414 5694 D.
3450 5641 3720 5712 Proderit.

2135 5709 2345 5769 Maraii.
2399 5709 2472 5766 De
2525 5714 2730 5767 ditiini't.
2780 5709 2976 5765 Christi
3030 5711 3122 5763 lib.
3177 5723 3247 5771 tv,
3297 5725 3418 5778 cap.
3452 5710 3722 5772 16,nuni.

2141 5785 2195 5838 1.
2230 5781 2358 5838 Vide
2413 5793 2468 5837 et
2513 5784 2726 5838 Bullum
2772 5782 2986 5851 Defens.
3041 5780 3168 5843 ﬁdei
3217 5780 3456 5835 Nicwiia:
3492 5785 3558 5836 de
3591 5779 3716 5834 Filii

2137 5853 2215 5926 ’τῷ
2240 5853 2528 5926 ὁμοουσίῳ,
2567 5870 2683 5927 Cap.
2709 5855 2760 5922 9,
2793 5869 2941 5909 num.
2972 5853 3032 5908 l7
3065 5861 3118 5907 et
3159 5851 3240 5905 18.
