  <div class='ocr_page' id='page_1' title='image "/cluster/home/n/w/nwhite01/storage/ocr_20150623/17/hvd.32044051719607/394.png"; bbox 0 0 3878 6546; ppageno 0'>
   <div class='ocr_carea' id='block_1_1' title="bbox 192 425 294 485">
    <p class='ocr_par' dir='ltr' id='par_1_1' title="bbox 192 425 294 485">
     <span class='ocr_line' id='line_1_1' title="bbox 192 425 294 485; baseline 0.01 -1"><span class='ocrx_word' id='word_1_1' title='bbox 192 425 294 485; x_wconf 74' lang='grc'><strong>705</strong></span> 
     </span>
    </p>
   </div>
   <div class='ocr_carea' id='block_1_2' title="bbox 1063 399 2623 501">
    <p class='ocr_par' dir='ltr' id='par_1_2' title="bbox 1063 399 2623 501">
     <span class='ocr_line' id='line_1_2' title="bbox 1063 399 2623 501; baseline -0.003 -9"><span class='ocrx_word' id='word_1_2' title='bbox 1063 399 1642 492; x_wconf 72' lang='lat' dir='ltr'><strong>ontcEMANonun</strong></span> <span class='ocrx_word' id='word_1_3' title='bbox 1679 433 1809 490; x_wconf 81' lang='lat' dir='ltr'><strong>LIB.</strong></span> <span class='ocrx_word' id='word_1_4' title='bbox 1851 433 1916 498; x_wconf 92' lang='grc' dir='ltr'>ιι,</span> <span class='ocrx_word' id='word_1_5' title='bbox 1957 431 2108 490; x_wconf 82' lang='lat' dir='ltr'><strong>CAP.</strong></span> <span class='ocrx_word' id='word_1_6' title='bbox 2146 434 2212 499; x_wconf 89' lang='grc' dir='ltr'>ιι,</span> <span class='ocrx_word' id='word_1_7' title='bbox 2250 433 2522 501; x_wconf 52' lang='lat' dir='ltr'><strong>quassu</strong></span> <span class='ocrx_word' id='word_1_8' title='bbox 2558 433 2623 490; x_wconf 91' lang='grc' dir='ltr'><strong>ιι.</strong></span> 
     </span>
    </p>
   </div>
   <div class='ocr_carea' id='block_1_3' title="bbox 3349 437 3452 492">
    <p class='ocr_par' dir='ltr' id='par_1_3' title="bbox 3349 437 3452 492">
     <span class='ocr_line' id='line_1_3' title="bbox 3349 437 3452 492; baseline 0.01 -1"><span class='ocrx_word' id='word_1_9' title='bbox 3349 437 3452 492; x_wconf 75' lang='lat'><strong>766</strong></span> 
     </span>
    </p>
   </div>
   <div class='ocr_carea' id='block_1_4' title="bbox 193 523 3454 626">
    <p class='ocr_par' dir='ltr' id='par_1_4' title="bbox 193 523 3454 626">
     <span class='ocr_line' id='line_1_4' title="bbox 193 523 3454 626; baseline 0.003 -24"><span class='ocrx_word' id='word_1_10' title='bbox 193 523 620 617; x_wconf 52' lang='lat' dir='ltr'><strong>Dsdogmatih,</strong></span> <span class='ocrx_word' id='word_1_11' title='bbox 645 563 783 620; x_wconf 90' lang='lat' dir='ltr'><strong>cap.</strong></span> <span class='ocrx_word' id='word_1_12' title='bbox 807 551 884 606; x_wconf 63' lang='grc' dir='ltr'><strong>ὅς</strong></span> <span class='ocrx_word' id='word_1_13' title='bbox 915 569 935 603; x_wconf 77' lang='grc' dir='ltr'><strong>ι</strong></span> <span class='ocrx_word' id='word_1_14' title='bbox 959 551 1124 619; x_wconf 82' lang='lat' dir='ltr'><strong>Nihil,</strong></span> <span class='ocrx_word' id='word_1_15' title='bbox 1153 554 1350 624; x_wconf 89' lang='lat' dir='ltr'><strong>inquit,</strong></span> <span class='ocrx_word' id='word_1_16' title='bbox 1383 556 1487 611; x_wconf 85' lang='lat' dir='ltr'><strong>sibi</strong></span> <span class='ocrx_word' id='word_1_17' title='bbox 1519 555 1786 610; x_wconf 81' lang='lat' dir='ltr'><strong>invisibile</strong></span> <span class='ocrx_word' id='word_1_18' title='bbox 1813 561 1861 617; x_wconf 77' lang='grc' dir='ltr'><strong>Α</strong></span> <span class='ocrx_word' id='word_1_19' title='bbox 1887 563 1940 610; x_wconf 88' lang='grc' dir='ltr'><strong>ει</strong></span> <span class='ocrx_word' id='word_1_20' title='bbox 1967 569 2323 626; x_wconf 73' lang='lat' dir='ltr'><strong>cognoscere,</strong></span> <span class='ocrx_word' id='word_1_21' title='bbox 2374 553 2757 610; x_wconf 83' lang='lat' dir='ltr'><strong>intellecmalis</strong></span> <span class='ocrx_word' id='word_1_22' title='bbox 2790 563 2996 610; x_wconf 69' lang='lat' dir='ltr'><strong>natura:</strong></span> <span class='ocrx_word' id='word_1_23' title='bbox 3035 563 3139 610; x_wconf 94' lang='grc' dir='ltr'>εει.</span> <span class='ocrx_word' id='word_1_24' title='bbox 3181 555 3454 626; x_wconf 76' lang='lat' dir='ltr'><strong>Quidquid</strong></span> 
     </span>
    </p>
   </div>
   <div class='ocr_carea' id='block_1_5' title="bbox 194 637 1775 718">
    <p class='ocr_par' dir='ltr' id='par_1_5' title="bbox 194 637 1775 718">
     <span class='ocr_line' id='line_1_5' title="bbox 194 637 1775 718; baseline 0.006 -27"><span class='ocrx_word' id='word_1_25' title='bbox 194 651 222 691; x_wconf 90' lang='lat' dir='ltr'><strong>a</strong></span> <span class='ocrx_word' id='word_1_26' title='bbox 247 637 518 693; x_wconf 76' lang='lat' dir='ltr'><strong>creaturis</strong></span> <span class='ocrx_word' id='word_1_27' title='bbox 575 640 663 709; x_wconf 81' lang='lat' dir='ltr'><strong>(in</strong></span> <span class='ocrx_word' id='word_1_28' title='bbox 708 639 971 698; x_wconf 79' lang='lat' dir='ltr'><strong>Trinitate</strong></span> <span class='ocrx_word' id='word_1_29' title='bbox 1008 645 1304 718; x_wconf 73' lang='lat' dir='ltr'><strong>credamus)</strong></span> <span class='ocrx_word' id='word_1_30' title='bbox 1335 656 1396 701; x_wconf 87' lang='grc' dir='ltr'><strong>ιιι</strong></span> <span class='ocrx_word' id='word_1_31' title='bbox 1437 647 1725 718; x_wconf 78' lang='lat' dir='ltr'><strong>Origenes.</strong></span> <span class='ocrx_word' id='word_1_32' title='bbox 1756 667 1775 701; x_wconf 72' lang='grc' dir='ltr'>ι</span> 
     </span>
    </p>
   </div>
   <div class='ocr_carea' id='block_1_6' title="bbox 194 726 1783 806">
    <p class='ocr_par' dir='ltr' id='par_1_6' title="bbox 194 726 1783 806">
     <span class='ocr_line' id='line_1_6' title="bbox 194 726 1783 806; baseline 0.011 -26"><span class='ocrx_word' id='word_1_33' title='bbox 194 726 523 798; x_wconf 80' lang='lat' dir='ltr'><strong>Legendum,</strong></span> <span class='ocrx_word' id='word_1_34' title='bbox 550 730 609 785; x_wconf 92' lang='lat' dir='ltr'><strong>ni</strong></span> <span class='ocrx_word' id='word_1_35' title='bbox 627 731 818 799; x_wconf 79' lang='lat' dir='ltr'><strong>fallor,</strong></span> <span class='ocrx_word' id='word_1_36' title='bbox 847 745 904 789; x_wconf 77' lang='lat' dir='ltr'><strong>ut</strong></span> <span class='ocrx_word' id='word_1_37' title='bbox 932 739 1216 804; x_wconf 75' lang='lat' dir='ltr'><strong>creaturis,</strong></span> <span class='ocrx_word' id='word_1_38' title='bbox 1248 740 1350 794; x_wconf 88' lang='lat' dir='ltr'><strong>hoc</strong></span> <span class='ocrx_word' id='word_1_39' title='bbox 1379 750 1484 806; x_wconf 89' lang='lat' dir='ltr'><strong>est,</strong></span> <span class='ocrx_word' id='word_1_40' title='bbox 1510 741 1783 798; x_wconf 90' lang='lat' dir='ltr'><strong>nihilesse</strong></span> 
     </span>
    </p>
   </div>
   <div class='ocr_carea' id='block_1_7' title="bbox 197 818 1783 903">
    <p class='ocr_par' dir='ltr' id='par_1_7' title="bbox 197 818 1783 903">
     <span class='ocr_line' id='line_1_7' title="bbox 197 818 1783 903; baseline 0.007 -27"><span class='ocrx_word' id='word_1_41' title='bbox 197 818 478 876; x_wconf 79' lang='lat' dir='ltr'><strong>credamus</strong></span> <span class='ocrx_word' id='word_1_42' title='bbox 507 822 567 876; x_wconf 92' lang='lat' dir='ltr'><strong>in</strong></span> <span class='ocrx_word' id='word_1_43' title='bbox 605 822 906 894; x_wconf 88' lang='lat' dir='ltr'><strong>Trinitate,</strong></span> <span class='ocrx_word' id='word_1_44' title='bbox 943 829 1084 897; x_wconf 92' lang='lat' dir='ltr'><strong>quod</strong></span> <span class='ocrx_word' id='word_1_45' title='bbox 1115 830 1184 884; x_wconf 92' lang='lat' dir='ltr'><strong>ab</strong></span> <span class='ocrx_word' id='word_1_46' title='bbox 1207 829 1480 900; x_wconf 86' lang='lat' dir='ltr'><strong>aliquibus</strong></span> <span class='ocrx_word' id='word_1_47' title='bbox 1504 832 1622 902; x_wconf 86' lang='lat' dir='ltr'><strong>ejus</strong></span> <span class='ocrx_word' id='word_1_48' title='bbox 1659 847 1783 903; x_wconf 86' lang='lat' dir='ltr'><strong>per-</strong></span> 
     </span>
    </p>
   </div>
   <div class='ocr_carea' id='block_1_8' title="bbox 196 910 1782 986">
    <p class='ocr_par' dir='ltr' id='par_1_8' title="bbox 196 910 1782 986">
     <span class='ocr_line' id='line_1_8' title="bbox 196 910 1782 986; baseline 0.007 -20"><span class='ocrx_word' id='word_1_49' title='bbox 196 910 333 966; x_wconf 82' lang='lat' dir='ltr'><strong>sonis</strong></span> <span class='ocrx_word' id='word_1_50' title='bbox 364 911 550 968; x_wconf 90' lang='lat' dir='ltr'><strong>videri</strong></span> <span class='ocrx_word' id='word_1_51' title='bbox 574 929 691 969; x_wconf 90' lang='lat' dir='ltr'><strong>non</strong></span> <span class='ocrx_word' id='word_1_52' title='bbox 719 916 915 985; x_wconf 94' lang='lat' dir='ltr'><strong>possit,</strong></span> <span class='ocrx_word' id='word_1_53' title='bbox 938 920 1394 986; x_wconf 85' lang='lat' dir='ltr'><strong>quemadmodum</strong></span> <span class='ocrx_word' id='word_1_54' title='bbox 1441 937 1470 975; x_wconf 92' lang='lat' dir='ltr'><strong>a</strong></span> <span class='ocrx_word' id='word_1_55' title='bbox 1511 922 1782 978; x_wconf 72' lang='lat' dir='ltr'><strong>creaturis</strong></span> 
     </span>
    </p>
   </div>
   <div class='ocr_carea' id='block_1_9' title="bbox 197 1001 1784 1081">
    <p class='ocr_par' dir='ltr' id='par_1_9' title="bbox 197 1001 1784 1081">
     <span class='ocr_line' id='line_1_9' title="bbox 197 1001 1784 1081; baseline 0.009 -26"><span class='ocrx_word' id='word_1_56' title='bbox 197 1001 352 1058; x_wconf 86' lang='lat' dir='ltr'><strong>videri</strong></span> <span class='ocrx_word' id='word_1_57' title='bbox 392 1017 505 1057; x_wconf 92' lang='lat' dir='ltr'><strong>non</strong></span> <span class='ocrx_word' id='word_1_58' title='bbox 574 1015 785 1074; x_wconf 91' lang='lat' dir='ltr'><strong>potest,</strong></span> <span class='ocrx_word' id='word_1_59' title='bbox 843 1009 984 1075; x_wconf 89' lang='lat' dir='ltr'><strong>quod</strong></span> <span class='ocrx_word' id='word_1_60' title='bbox 1023 1011 1230 1079; x_wconf 84' lang='lat' dir='ltr'><strong>putavit</strong></span> <span class='ocrx_word' id='word_1_61' title='bbox 1279 1009 1566 1081; x_wconf 82' lang='lat' dir='ltr'><strong>Origenes.</strong></span> <span class='ocrx_word' id='word_1_62' title='bbox 1597 1012 1704 1068; x_wconf 87' lang='lat' dir='ltr'><strong>Par</strong></span> <span class='ocrx_word' id='word_1_63' title='bbox 1728 1023 1784 1070; x_wconf 86' lang='lat' dir='ltr'><strong>et</strong></span> 
     </span>
    </p>
   </div>
   <div class='ocr_carea' id='block_1_10' title="bbox 198 1089 1781 1169">
    <p class='ocr_par' dir='ltr' id='par_1_10' title="bbox 198 1089 1781 1169">
     <span class='ocr_line' id='line_1_10' title="bbox 198 1089 1781 1169; baseline 0.008 -22"><span class='ocrx_word' id='word_1_64' title='bbox 198 1091 276 1147; x_wconf 80' lang='lat' dir='ltr'><strong>illa</strong></span> <span class='ocrx_word' id='word_1_65' title='bbox 309 1089 619 1150; x_wconf 69' lang='lat' dir='ltr'><strong>Iustiniani</strong></span> <span class='ocrx_word' id='word_1_66' title='bbox 672 1096 728 1151; x_wconf 93' lang='lat' dir='ltr'><strong>in</strong></span> <span class='ocrx_word' id='word_1_67' title='bbox 778 1095 1021 1168; x_wconf 74' lang='grc' dir='ltr'>Ερξειοιιι</span> <span class='ocrx_word' id='word_1_68' title='bbox 1064 1101 1134 1154; x_wconf 86' lang='lat' dir='ltr'><strong>ad</strong></span> <span class='ocrx_word' id='word_1_69' title='bbox 1191 1100 1440 1169; x_wconf 80' lang='lat' dir='ltr'><strong>Menam,</strong></span> <span class='ocrx_word' id='word_1_70' title='bbox 1485 1113 1541 1158; x_wconf 90' lang='lat' dir='ltr'><strong>et</strong></span> <span class='ocrx_word' id='word_1_71' title='bbox 1592 1104 1781 1160; x_wconf 90' lang='lat' dir='ltr'><strong>lsidori</strong></span> 
     </span>
    </p>
   </div>
   <div class='ocr_carea' id='block_1_11' title="bbox 199 1184 1782 1266">
    <p class='ocr_par' dir='ltr' id='par_1_11' title="bbox 199 1184 1782 1266">
     <span class='ocr_line' id='line_1_11' title="bbox 199 1184 1782 1266; baseline 0.009 -28"><span class='ocrx_word' id='word_1_72' title='bbox 199 1184 278 1241; x_wconf 88' lang='lat' dir='ltr'><strong>lib.</strong></span> <span class='ocrx_word' id='word_1_73' title='bbox 306 1199 400 1240; x_wconf 78' lang='lat' dir='ltr'><strong>vin</strong></span> <span class='ocrx_word' id='word_1_74' title='bbox 431 1185 688 1257; x_wconf 80' lang='lat' dir='ltr'><strong>0rigin.,</strong></span> <span class='ocrx_word' id='word_1_75' title='bbox 725 1204 847 1258; x_wconf 86' lang='lat' dir='ltr'><strong>cap.</strong></span> <span class='ocrx_word' id='word_1_76' title='bbox 881 1189 939 1256; x_wconf 84' lang='lat'><strong>5,</strong></span> <span class='ocrx_word' id='word_1_77' title='bbox 979 1201 1034 1247; x_wconf 89' lang='lat' dir='ltr'><strong>et</strong></span> <span class='ocrx_word' id='word_1_78' title='bbox 1077 1194 1330 1263; x_wconf 86' lang='lat' dir='ltr'><strong>anonymi</strong></span> <span class='ocrx_word' id='word_1_79' title='bbox 1360 1195 1598 1251; x_wconf 84' lang='lat' dir='ltr'><strong>auctoris</strong></span> <span class='ocrx_word' id='word_1_80' title='bbox 1643 1197 1782 1266; x_wconf 76' lang='lat' dir='ltr'><strong>Apo-</strong></span> 
     </span>
    </p>
   </div>
   <div class='ocr_carea' id='block_1_12' title="bbox 198 1275 1781 1352">
    <p class='ocr_par' dir='ltr' id='par_1_12' title="bbox 198 1275 1781 1352">
     <span class='ocr_line' id='line_1_12' title="bbox 198 1275 1781 1352; baseline 0.008 -23"><span class='ocrx_word' id='word_1_81' title='bbox 198 1276 335 1346; x_wconf 72' lang='lat' dir='ltr'><strong>logia:</strong></span> <span class='ocrx_word' id='word_1_82' title='bbox 359 1293 460 1345; x_wconf 82' lang='lat' dir='ltr'><strong>pro</strong></span> <span class='ocrx_word' id='word_1_83' title='bbox 487 1275 753 1350; x_wconf 80' lang='lat' dir='ltr'><strong>Origene,</strong></span> <span class='ocrx_word' id='word_1_84' title='bbox 787 1283 928 1351; x_wconf 89' lang='lat' dir='ltr'><strong>apud</strong></span> <span class='ocrx_word' id='word_1_85' title='bbox 959 1281 1380 1350; x_wconf 89' lang='lat' dir='ltr'><strong>Photium,cod.</strong></span> <span class='ocrx_word' id='word_1_86' title='bbox 1408 1300 1576 1352; x_wconf 77' lang='lat' dir='ltr'><strong>cxvn,</strong></span> <span class='ocrx_word' id='word_1_87' title='bbox 1606 1295 1661 1341; x_wconf 92' lang='lat' dir='ltr'><strong>et</strong></span> <span class='ocrx_word' id='word_1_88' title='bbox 1684 1286 1781 1342; x_wconf 85' lang='lat' dir='ltr'><strong>Ni-</strong></span> 
     </span>
    </p>
   </div>
   <div class='ocr_carea' id='block_1_13' title="bbox 196 1368 1777 1446">
    <p class='ocr_par' dir='ltr' id='par_1_13' title="bbox 196 1368 1777 1446">
     <span class='ocr_line' id='line_1_13' title="bbox 196 1368 1777 1446; baseline 0.006 -24"><span class='ocrx_word' id='word_1_89' title='bbox 196 1376 310 1422; x_wconf 67' lang='lat' dir='ltr'><strong>cctz</strong></span> <span class='ocrx_word' id='word_1_90' title='bbox 335 1368 689 1439; x_wconf 82' lang='lat' dir='ltr'><strong>Acominati,</strong></span> <span class='ocrx_word' id='word_1_91' title='bbox 723 1383 780 1428; x_wconf 89' lang='lat' dir='ltr'><strong>et</strong></span> <span class='ocrx_word' id='word_1_92' title='bbox 805 1372 1025 1430; x_wconf 85' lang='lat' dir='ltr'><strong>Honorii</strong></span> <span class='ocrx_word' id='word_1_93' title='bbox 1051 1375 1559 1446; x_wconf 81' lang='lat' dir='ltr'><strong>Augustodunensis</strong></span> <span class='ocrx_word' id='word_1_94' title='bbox 1593 1379 1643 1432; x_wconf 90' lang='lat' dir='ltr'><strong>in</strong></span> <span class='ocrx_word' id='word_1_95' title='bbox 1684 1378 1777 1433; x_wconf 89' lang='lat' dir='ltr'><strong>lib.</strong></span> 
     </span>
    </p>
   </div>
   <div class='ocr_carea' id='block_1_14' title="bbox 196 1459 1782 1532">
    <p class='ocr_par' dir='ltr' id='par_1_14' title="bbox 196 1459 1782 1532">
     <span class='ocr_line' id='line_1_14' title="bbox 196 1459 1782 1532; baseline 0.007 -18"><span class='ocrx_word' id='word_1_96' title='bbox 196 1459 263 1514; x_wconf 73' lang='lat' dir='ltr'><strong>De</strong></span> <span class='ocrx_word' id='word_1_97' title='bbox 284 1461 413 1517; x_wconf 73' lang='grc' dir='ltr'>ιωτ.</span> <span class='ocrx_word' id='word_1_98' title='bbox 448 1471 509 1517; x_wconf 85' lang='grc' dir='ltr'><strong>ει</strong></span> <span class='ocrx_word' id='word_1_99' title='bbox 544 1462 784 1520; x_wconf 88' lang='lat' dir='ltr'><strong>Cedreni</strong></span> <span class='ocrx_word' id='word_1_100' title='bbox 826 1465 878 1521; x_wconf 91' lang='lat' dir='ltr'><strong>in</strong></span> <span class='ocrx_word' id='word_1_101' title='bbox 902 1464 1239 1532; x_wconf 80' lang='lat' dir='ltr'><strong>Compendio,</strong></span> <span class='ocrx_word' id='word_1_102' title='bbox 1277 1477 1332 1523; x_wconf 87' lang='lat' dir='ltr'><strong>et</strong></span> <span class='ocrx_word' id='word_1_103' title='bbox 1357 1466 1537 1524; x_wconf 70' lang='lat' dir='ltr'><strong>Suidaa</strong></span> <span class='ocrx_word' id='word_1_104' title='bbox 1571 1470 1622 1524; x_wconf 91' lang='lat' dir='ltr'><strong>in</strong></span> <span class='ocrx_word' id='word_1_105' title='bbox 1651 1485 1782 1525; x_wconf 89' lang='lat' dir='ltr'><strong>voce</strong></span> 
     </span>
    </p>
   </div>
   <div class='ocr_carea' id='block_1_15' title="bbox 208 1548 1782 1628">
    <p class='ocr_par' dir='ltr' id='par_1_15' title="bbox 208 1548 1782 1628">
     <span class='ocr_line' id='line_1_15' title="bbox 208 1548 1782 1628; baseline 0.006 -24"><span class='ocrx_word' id='word_1_106' title='bbox 208 1548 525 1620; x_wconf 65' lang='grc' dir='ltr'><strong>Ὠριπένης,</strong></span> <span class='ocrx_word' id='word_1_107' title='bbox 562 1563 619 1606; x_wconf 84' lang='grc' dir='ltr'><strong>ει</strong></span> <span class='ocrx_word' id='word_1_108' title='bbox 646 1552 876 1608; x_wconf 74' lang='lat' dir='ltr'><strong>Zonarze</strong></span> <span class='ocrx_word' id='word_1_109' title='bbox 901 1555 998 1610; x_wconf 91' lang='lat' dir='ltr'><strong>lib.</strong></span> <span class='ocrx_word' id='word_1_110' title='bbox 1039 1572 1082 1610; x_wconf 90' lang='grc' dir='ltr'><strong>ιι</strong></span> <span class='ocrx_word' id='word_1_111' title='bbox 1125 1557 1178 1610; x_wconf 91' lang='lat' dir='ltr'><strong>in</strong></span> <span class='ocrx_word' id='word_1_112' title='bbox 1209 1557 1390 1613; x_wconf 82' lang='lat' dir='ltr'><strong>Decio.</strong></span> <span class='ocrx_word' id='word_1_113' title='bbox 1433 1559 1611 1628; x_wconf 86' lang='lat' dir='ltr'><strong>Atque</strong></span> <span class='ocrx_word' id='word_1_114' title='bbox 1638 1561 1782 1614; x_wconf 90' lang='lat' dir='ltr'><strong>hunc</strong></span> 
     </span>
    </p>
   </div>
   <div class='ocr_carea' id='block_1_16' title="bbox 197 1647 1779 1719">
    <p class='ocr_par' dir='ltr' id='par_1_16' title="bbox 197 1647 1779 1719">
     <span class='ocr_line' id='line_1_16' title="bbox 197 1647 1779 1719; baseline 0.008 -24"><span class='ocrx_word' id='word_1_115' title='bbox 197 1658 340 1712; x_wconf 87' lang='lat' dir='ltr'><strong>porro</strong></span> <span class='ocrx_word' id='word_1_116' title='bbox 372 1658 636 1699; x_wconf 87' lang='lat' dir='ltr'><strong>errorem</strong></span> <span class='ocrx_word' id='word_1_117' title='bbox 670 1647 742 1700; x_wconf 90' lang='lat' dir='ltr'><strong>ab</strong></span> <span class='ocrx_word' id='word_1_118' title='bbox 786 1647 1110 1704; x_wconf 82' lang='lat' dir='ltr'><strong>Adamantio</strong></span> <span class='ocrx_word' id='word_1_119' title='bbox 1160 1660 1434 1705; x_wconf 88' lang='lat' dir='ltr'><strong>mutuatus</strong></span> <span class='ocrx_word' id='word_1_120' title='bbox 1467 1662 1552 1706; x_wconf 92' lang='lat' dir='ltr'><strong>est</strong></span> <span class='ocrx_word' id='word_1_121' title='bbox 1596 1653 1779 1719; x_wconf 84' lang='lat' dir='ltr'><strong>Arius,</strong></span> 
     </span>
    </p>
   </div>
   <div class='ocr_carea' id='block_1_17' title="bbox 198 1735 1780 1813">
    <p class='ocr_par' dir='ltr' id='par_1_17' title="bbox 198 1735 1780 1813">
     <span class='ocr_line' id='line_1_17' title="bbox 198 1735 1780 1813; baseline 0.008 -29"><span class='ocrx_word' id='word_1_122' title='bbox 198 1749 341 1802; x_wconf 82' lang='lat' dir='ltr'><strong>quem</strong></span> <span class='ocrx_word' id='word_1_123' title='bbox 376 1735 576 1790; x_wconf 91' lang='lat' dir='ltr'><strong>dicere</strong></span> <span class='ocrx_word' id='word_1_124' title='bbox 603 1752 802 1792; x_wconf 90' lang='lat' dir='ltr'><strong>ausum</strong></span> <span class='ocrx_word' id='word_1_125' title='bbox 840 1753 961 1793; x_wconf 83' lang='lat' dir='ltr'><strong>esse</strong></span> <span class='ocrx_word' id='word_1_126' title='bbox 995 1752 1182 1794; x_wconf 90' lang='lat' dir='ltr'><strong>narrat</strong></span> <span class='ocrx_word' id='word_1_127' title='bbox 1211 1742 1546 1796; x_wconf 83' lang='lat' dir='ltr'><strong>Athanasius</strong></span> <span class='ocrx_word' id='word_1_128' title='bbox 1575 1742 1652 1796; x_wconf 84' lang='lat' dir='ltr'><strong>De</strong></span> <span class='ocrx_word' id='word_1_129' title='bbox 1689 1761 1780 1813; x_wconf 79' lang='lat' dir='ltr'><strong>sy-</strong></span> 
     </span>
    </p>
   </div>
   <div class='ocr_carea' id='block_1_18' title="bbox 200 1825 1782 1904">
    <p class='ocr_par' dir='ltr' id='par_1_18' title="bbox 200 1825 1782 1904">
     <span class='ocr_line' id='line_1_18' title="bbox 200 1825 1782 1904; baseline 0.008 -28"><span class='ocrx_word' id='word_1_130' title='bbox 200 1825 369 1879; x_wconf 74' lang='lat' dir='ltr'><strong>nodis:</strong></span> <span class='ocrx_word' id='word_1_131' title='bbox 418 1827 701 1882; x_wconf 81' lang='grc' dir='ltr'><strong>Ἀδύνατα</strong></span> <span class='ocrx_word' id='word_1_132' title='bbox 736 1828 852 1900; x_wconf 81' lang='grc' dir='ltr'>Υἱῷ</span> <span class='ocrx_word' id='word_1_133' title='bbox 877 1831 970 1884; x_wconf 85' lang='grc' dir='ltr'><strong>τὸν</strong></span> <span class='ocrx_word' id='word_1_134' title='bbox 1023 1832 1244 1902; x_wconf 80' lang='grc' dir='ltr'>Πατέρα</span> <span class='ocrx_word' id='word_1_135' title='bbox 1301 1833 1622 1904; x_wconf 78' lang='grc' dir='ltr'>ἐξιχνιάσαι,</span> <span class='ocrx_word' id='word_1_136' title='bbox 1671 1831 1782 1900; x_wconf 76' lang='grc' dir='ltr'>οἷός</span> 
     </span>
    </p>
   </div>
   <div class='ocr_carea' id='block_1_19' title="bbox 198 1917 1776 1996">
    <p class='ocr_par' dir='ltr' id='par_1_19' title="bbox 198 1917 1776 1996">
     <span class='ocr_line' id='line_1_19' title="bbox 198 1917 1776 1996; baseline 0.009 -30"><span class='ocrx_word' id='word_1_137' title='bbox 198 1917 424 1986; x_wconf 52' lang='grc' dir='ltr'>ἑστινὲᾷ</span> <span class='ocrx_word' id='word_1_138' title='bbox 455 1919 686 1972; x_wconf 76' lang='grc' dir='ltr'>ἑαυτοῦ.</span> <span class='ocrx_word' id='word_1_139' title='bbox 710 1923 882 1985; x_wconf 77' lang='grc' dir='ltr'>Αὐτός</span> <span class='ocrx_word' id='word_1_140' title='bbox 908 1921 1015 1994; x_wconf 81' lang='grc' dir='ltr'><strong>γὰρ</strong></span> <span class='ocrx_word' id='word_1_141' title='bbox 1044 1925 1072 1976; x_wconf 86' lang='grc' dir='ltr'><strong>ό</strong></span> <span class='ocrx_word' id='word_1_142' title='bbox 1101 1925 1227 1987; x_wconf 82' lang='grc' dir='ltr'>Υἱὸς</span> <span class='ocrx_word' id='word_1_143' title='bbox 1255 1924 1351 1996; x_wconf 81' lang='grc' dir='ltr'><strong>τὴν</strong></span> <span class='ocrx_word' id='word_1_144' title='bbox 1372 1926 1564 1979; x_wconf 75' lang='grc' dir='ltr'>ἑαυτοῦ</span> <span class='ocrx_word' id='word_1_145' title='bbox 1593 1927 1776 1981; x_wconf 86' lang='grc' dir='ltr'>οὐσίαν</span> 
     </span>
    </p>
   </div>
   <div class='ocr_carea' id='block_1_20' title="bbox 114 2000 1776 2090">
    <p class='ocr_par' dir='ltr' id='par_1_20' title="bbox 114 2000 1776 2090">
     <span class='ocr_line' id='line_1_20' title="bbox 114 2000 1776 2090; baseline 0.008 -31"><span class='ocrx_word' id='word_1_146' title='bbox 114 2000 119 2006; x_wconf 73' lang='grc'><em>’</em></span> <span class='ocrx_word' id='word_1_147' title='bbox 197 2007 281 2061; x_wconf 77' lang='grc' dir='ltr'>οὐκ</span> <span class='ocrx_word' id='word_1_148' title='bbox 317 2004 484 2063; x_wconf 80' lang='grc' dir='ltr'><strong>οἶδεν.</strong></span> <span class='ocrx_word' id='word_1_149' title='bbox 543 2011 678 2075; x_wconf 83' lang='grc' dir='ltr'>Υἱὸς</span> <span class='ocrx_word' id='word_1_150' title='bbox 709 2013 820 2084; x_wconf 81' lang='grc' dir='ltr'><strong>γὰρ</strong></span> <span class='ocrx_word' id='word_1_151' title='bbox 871 2012 966 2078; x_wconf 84' lang='grc' dir='ltr'><strong>ὢν,</strong></span> <span class='ocrx_word' id='word_1_152' title='bbox 1015 2015 1227 2086; x_wconf 79' lang='grc' dir='ltr'><strong>Θελήσει</strong></span> <span class='ocrx_word' id='word_1_153' title='bbox 1264 2017 1476 2087; x_wconf 69' lang='grc' dir='ltr'>Πατρός</span> <span class='ocrx_word' id='word_1_154' title='bbox 1532 2019 1776 2090; x_wconf 79' lang='grc' dir='ltr'><strong>ὑπῆρχεν</strong></span> 
     </span>
    </p>
   </div>
   <div class='ocr_carea' id='block_1_21' title="bbox 197 2099 1777 2178">
    <p class='ocr_par' dir='ltr' id='par_1_21' title="bbox 197 2099 1777 2178">
     <span class='ocr_line' id='line_1_21' title="bbox 197 2099 1777 2178; baseline 0.008 -28"><span class='ocrx_word' id='word_1_155' title='bbox 197 2099 409 2167; x_wconf 81' lang='grc' dir='ltr'>ἀληθῶς.</span> <span class='ocrx_word' id='word_1_156' title='bbox 449 2102 555 2165; x_wconf 81' lang='grc' dir='ltr'>Τίς</span> <span class='ocrx_word' id='word_1_157' title='bbox 579 2101 689 2173; x_wconf 80' lang='grc' dir='ltr'>γὰρ</span> <span class='ocrx_word' id='word_1_158' title='bbox 720 2103 877 2172; x_wconf 80' lang='grc' dir='ltr'><strong>λόγος</strong></span> <span class='ocrx_word' id='word_1_159' title='bbox 913 2110 1184 2176; x_wconf 81' lang='grc' dir='ltr'>συγχωρεῖ</span> <span class='ocrx_word' id='word_1_160' title='bbox 1206 2106 1296 2158; x_wconf 87' lang='grc' dir='ltr'><strong>τὸν</strong></span> <span class='ocrx_word' id='word_1_161' title='bbox 1322 2109 1384 2159; x_wconf 81' lang='grc' dir='ltr'>ὲκ</span> <span class='ocrx_word' id='word_1_162' title='bbox 1413 2110 1624 2178; x_wconf 82' lang='grc' dir='ltr'>Πατρὸς</span> <span class='ocrx_word' id='word_1_163' title='bbox 1649 2111 1777 2162; x_wconf 75' lang='grc' dir='ltr'>ὂντα.</span> 
     </span>
    </p>
   </div>
   <div class='ocr_carea' id='block_1_22' title="bbox 198 2189 1777 2270">
    <p class='ocr_par' dir='ltr' id='par_1_22' title="bbox 198 2189 1777 2270">
     <span class='ocr_line' id='line_1_22' title="bbox 198 2189 1777 2270; baseline 0.007 -28"><span class='ocrx_word' id='word_1_164' title='bbox 198 2189 340 2242; x_wconf 79' lang='grc' dir='ltr'>αὐτὸν</span> <span class='ocrx_word' id='word_1_165' title='bbox 358 2190 452 2244; x_wconf 83' lang='grc' dir='ltr'>τὸν</span> <span class='ocrx_word' id='word_1_166' title='bbox 479 2195 832 2263; x_wconf 82' lang='grc' dir='ltr'>γεννήσαντα</span> <span class='ocrx_word' id='word_1_167' title='bbox 853 2194 1055 2264; x_wconf 84' lang='grc' dir='ltr'>γνῶναι</span> <span class='ocrx_word' id='word_1_168' title='bbox 1071 2197 1128 2250; x_wconf 84' lang='grc' dir='ltr'><strong>ὲν</strong></span> <span class='ocrx_word' id='word_1_169' title='bbox 1150 2197 1447 2268; x_wconf 67' lang='grc' dir='ltr'>καταλήψει</span> <span class='ocrx_word' id='word_1_170' title='bbox 1469 2215 1483 2263; x_wconf 91' lang='grc'>;</span> <span class='ocrx_word' id='word_1_171' title='bbox 1509 2200 1675 2270; x_wconf 82' lang='grc' dir='ltr'>Δῆλον</span> <span class='ocrx_word' id='word_1_172' title='bbox 1697 2201 1777 2254; x_wconf 85' lang='grc' dir='ltr'>ὃτι</span> 
     </span>
    </p>
   </div>
   <div class='ocr_carea' id='block_1_23' title="bbox 195 2281 1775 2364">
    <p class='ocr_par' dir='ltr' id='par_1_23' title="bbox 195 2281 1775 2364">
     <span class='ocr_line' id='line_1_23' title="bbox 195 2281 1775 2364; baseline 0.008 -31"><span class='ocrx_word' id='word_1_173' title='bbox 195 2281 246 2334; x_wconf 80' lang='grc' dir='ltr'>τὸ</span> <span class='ocrx_word' id='word_1_174' title='bbox 269 2283 444 2354; x_wconf 80' lang='grc' dir='ltr'>ἀρχὴν</span> <span class='ocrx_word' id='word_1_175' title='bbox 477 2284 605 2354; x_wconf 75' lang='grc' dir='ltr'>ἕχον</span> <span class='ocrx_word' id='word_1_176' title='bbox 641 2285 738 2339; x_wconf 78' lang='grc' dir='ltr'><strong>τὸν</strong></span> <span class='ocrx_word' id='word_1_177' title='bbox 764 2287 996 2358; x_wconf 80' lang='grc' dir='ltr'>ἄναρχον</span> <span class='ocrx_word' id='word_1_178' title='bbox 1019 2287 1094 2351; x_wconf 85' lang='grc' dir='ltr'>ὦς</span> <span class='ocrx_word' id='word_1_179' title='bbox 1131 2291 1276 2342; x_wconf 78' lang='grc' dir='ltr'>ἐστιν</span> <span class='ocrx_word' id='word_1_180' title='bbox 1303 2291 1716 2362; x_wconf 80' lang='grc' dir='ltr'>ὲμπερινοῆσαι,</span> <span class='ocrx_word' id='word_1_181' title='bbox 1741 2293 1775 2364; x_wconf 82' lang='grc' dir='ltr'><strong>ἢ</strong></span> 
     </span>
    </p>
   </div>
   <div class='ocr_carea' id='block_1_24' title="bbox 196 2373 1775 2449">
    <p class='ocr_par' dir='ltr' id='par_1_24' title="bbox 196 2373 1775 2449">
     <span class='ocr_line' id='line_1_24' title="bbox 196 2373 1775 2449; baseline 0.008 -23"><span class='ocrx_word' id='word_1_182' title='bbox 196 2374 694 2448; x_wconf 76' lang='grc' dir='ltr'>ὲμπεριδράξασθαι</span> <span class='ocrx_word' id='word_1_183' title='bbox 733 2379 832 2449; x_wconf 87' lang='grc' dir='ltr'><strong>οὐχ</strong></span> <span class='ocrx_word' id='word_1_184' title='bbox 863 2373 1035 2433; x_wconf 79' lang='grc' dir='ltr'>οἷόντέ</span> <span class='ocrx_word' id='word_1_185' title='bbox 1085 2383 1252 2436; x_wconf 81' lang='grc' dir='ltr'>ἐστιν.</span> <span class='ocrx_word' id='word_1_186' title='bbox 1286 2401 1304 2434; x_wconf 80' lang='lat' dir='ltr'><strong>t</strong></span> <span class='ocrx_word' id='word_1_187' title='bbox 1342 2384 1596 2439; x_wconf 85' lang='lat' dir='ltr'><strong>Possibile</strong></span> <span class='ocrx_word' id='word_1_188' title='bbox 1633 2387 1775 2439; x_wconf 84' lang='lat' dir='ltr'><strong>enim</strong></span> 
     </span>
    </p>
   </div>
   <div class='ocr_carea' id='block_1_25' title="bbox 199 2468 1776 2546">
    <p class='ocr_par' dir='ltr' id='par_1_25' title="bbox 199 2468 1776 2546">
     <span class='ocr_line' id='line_1_25' title="bbox 199 2468 1776 2546; baseline 0.006 -24"><span class='ocrx_word' id='word_1_189' title='bbox 199 2468 288 2535; x_wconf 83' lang='lat' dir='ltr'><strong>ipsi</strong></span> <span class='ocrx_word' id='word_1_190' title='bbox 317 2484 427 2523; x_wconf 90' lang='lat' dir='ltr'><strong>non</strong></span> <span class='ocrx_word' id='word_1_191' title='bbox 454 2479 544 2525; x_wconf 88' lang='lat' dir='ltr'><strong>est</strong></span> <span class='ocrx_word' id='word_1_192' title='bbox 566 2470 904 2542; x_wconf 85' lang='lat' dir='ltr'><strong>investigare</strong></span> <span class='ocrx_word' id='word_1_193' title='bbox 938 2472 1152 2528; x_wconf 85' lang='lat' dir='ltr'><strong>Patrem</strong></span> <span class='ocrx_word' id='word_1_194' title='bbox 1180 2475 1358 2544; x_wconf 85' lang='lat' dir='ltr'><strong>qualis</strong></span> <span class='ocrx_word' id='word_1_195' title='bbox 1388 2476 1440 2529; x_wconf 93' lang='lat' dir='ltr'><strong>in</strong></span> <span class='ocrx_word' id='word_1_196' title='bbox 1466 2478 1647 2546; x_wconf 87' lang='lat' dir='ltr'><strong>seipso</strong></span> <span class='ocrx_word' id='word_1_197' title='bbox 1671 2488 1776 2532; x_wconf 89' lang='lat' dir='ltr'><strong>est.</strong></span> 
     </span>
    </p>
   </div>
   <div class='ocr_carea' id='block_1_26' title="bbox 199 2558 1775 2634">
    <p class='ocr_par' dir='ltr' id='par_1_26' title="bbox 199 2558 1775 2634">
     <span class='ocr_line' id='line_1_26' title="bbox 199 2558 1775 2634; baseline 0.004 -18"><span class='ocrx_word' id='word_1_198' title='bbox 199 2558 349 2617; x_wconf 79' lang='lat' dir='ltr'><strong>Filius</strong></span> <span class='ocrx_word' id='word_1_199' title='bbox 375 2563 585 2632; x_wconf 89' lang='lat' dir='ltr'><strong>quippe</strong></span> <span class='ocrx_word' id='word_1_200' title='bbox 615 2579 779 2618; x_wconf 90' lang='lat' dir='ltr'><strong>suam</strong></span> <span class='ocrx_word' id='word_1_201' title='bbox 827 2564 945 2634; x_wconf 91' lang='lat' dir='ltr'><strong>ipse</strong></span> <span class='ocrx_word' id='word_1_202' title='bbox 974 2567 1262 2621; x_wconf 84' lang='lat' dir='ltr'><strong>essentiam</strong></span> <span class='ocrx_word' id='word_1_203' title='bbox 1295 2583 1402 2621; x_wconf 89' lang='lat' dir='ltr'><strong>non</strong></span> <span class='ocrx_word' id='word_1_204' title='bbox 1438 2569 1605 2622; x_wconf 88' lang='lat' dir='ltr'><strong>novit.</strong></span> <span class='ocrx_word' id='word_1_205' title='bbox 1642 2569 1775 2624; x_wconf 90' lang='lat' dir='ltr'><strong>Cum</strong></span> 
     </span>
    </p>
   </div>
   <div class='ocr_carea' id='block_1_27' title="bbox 199 2653 1778 2729">
    <p class='ocr_par' dir='ltr' id='par_1_27' title="bbox 199 2653 1778 2729">
     <span class='ocr_line' id='line_1_27' title="bbox 199 2653 1778 2729; baseline 0.006 -22"><span class='ocrx_word' id='word_1_206' title='bbox 199 2653 260 2707; x_wconf 78' lang='lat' dir='ltr'><strong>sit</strong></span> <span class='ocrx_word' id='word_1_207' title='bbox 287 2655 432 2708; x_wconf 85' lang='lat' dir='ltr'><strong>enim</strong></span> <span class='ocrx_word' id='word_1_208' title='bbox 466 2654 668 2716; x_wconf 83' lang='lat' dir='ltr'><strong>Filius,</strong></span> <span class='ocrx_word' id='word_1_209' title='bbox 714 2658 998 2712; x_wconf 81' lang='lat' dir='ltr'><strong>voluntate</strong></span> <span class='ocrx_word' id='word_1_210' title='bbox 1030 2658 1207 2715; x_wconf 87' lang='lat' dir='ltr'><strong>Patris</strong></span> <span class='ocrx_word' id='word_1_211' title='bbox 1242 2660 1364 2715; x_wconf 92' lang='lat' dir='ltr'><strong>talis</strong></span> <span class='ocrx_word' id='word_1_212' title='bbox 1391 2662 1620 2716; x_wconf 81' lang='lat' dir='ltr'><strong>exstitit.</strong></span> <span class='ocrx_word' id='word_1_213' title='bbox 1645 2661 1778 2729; x_wconf 65' lang='lat' dir='ltr'><strong>Quae</strong></span> 
     </span>
    </p>
   </div>
   <div class='ocr_carea' id='block_1_28' title="bbox 199 2745 1779 2820">
    <p class='ocr_par' dir='ltr' id='par_1_28' title="bbox 199 2745 1779 2820">
     <span class='ocr_line' id='line_1_28' title="bbox 199 2745 1779 2820; baseline 0.007 -22"><span class='ocrx_word' id='word_1_214' title='bbox 199 2745 326 2800; x_wconf 85' lang='lat' dir='ltr'><strong>enim</strong></span> <span class='ocrx_word' id='word_1_215' title='bbox 363 2749 626 2802; x_wconf 89' lang='lat' dir='ltr'><strong>concedit</strong></span> <span class='ocrx_word' id='word_1_216' title='bbox 662 2749 807 2802; x_wconf 86' lang='lat' dir='ltr'><strong>ratio</strong></span> <span class='ocrx_word' id='word_1_217' title='bbox 855 2762 977 2804; x_wconf 88' lang='lat' dir='ltr'><strong>eum</strong></span> <span class='ocrx_word' id='word_1_218' title='bbox 1005 2751 1095 2819; x_wconf 95' lang='lat' dir='ltr'><strong>qui</strong></span> <span class='ocrx_word' id='word_1_219' title='bbox 1131 2751 1203 2806; x_wconf 90' lang='lat' dir='ltr'><strong>sit</strong></span> <span class='ocrx_word' id='word_1_220' title='bbox 1236 2767 1302 2806; x_wconf 78' lang='lat' dir='ltr'><strong>ex</strong></span> <span class='ocrx_word' id='word_1_221' title='bbox 1351 2753 1533 2818; x_wconf 84' lang='lat' dir='ltr'><strong>Patre,</strong></span> <span class='ocrx_word' id='word_1_222' title='bbox 1570 2755 1779 2820; x_wconf 84' lang='lat' dir='ltr'><strong>genito-</strong></span> 
     </span>
    </p>
   </div>
   <div class='ocr_carea' id='block_1_29' title="bbox 202 2837 1775 2914">
    <p class='ocr_par' dir='ltr' id='par_1_29' title="bbox 202 2837 1775 2914">
     <span class='ocr_line' id='line_1_29' title="bbox 202 2837 1775 2914; baseline 0.007 -25"><span class='ocrx_word' id='word_1_223' title='bbox 202 2850 298 2890; x_wconf 83' lang='lat' dir='ltr'><strong>rem</strong></span> <span class='ocrx_word' id='word_1_224' title='bbox 320 2837 501 2906; x_wconf 86' lang='lat' dir='ltr'><strong>ipsum</strong></span> <span class='ocrx_word' id='word_1_225' title='bbox 531 2841 1024 2909; x_wconf 89' lang='lat' dir='ltr'><strong>comprehensione</strong></span> <span class='ocrx_word' id='word_1_226' title='bbox 1037 2844 1403 2911; x_wconf 81' lang='lat' dir='ltr'><strong>cognoscere?</strong></span> <span class='ocrx_word' id='word_1_227' title='bbox 1425 2843 1775 2914; x_wconf 88' lang='lat' dir='ltr'><strong>Perspicuum</strong></span> 
     </span>
    </p>
   </div>
   <div class='ocr_carea' id='block_1_30' title="bbox 200 2928 1778 3005">
    <p class='ocr_par' dir='ltr' id='par_1_30' title="bbox 200 2928 1778 3005">
     <span class='ocr_line' id='line_1_30' title="bbox 200 2928 1778 3005; baseline 0.008 -26"><span class='ocrx_word' id='word_1_228' title='bbox 200 2935 289 2992; x_wconf 83' lang='lat' dir='ltr'><strong>est,</strong></span> <span class='ocrx_word' id='word_1_229' title='bbox 326 2928 472 2996; x_wconf 90' lang='lat' dir='ltr'><strong>quod</strong></span> <span class='ocrx_word' id='word_1_230' title='bbox 515 2930 687 2984; x_wconf 86' lang='lat' dir='ltr'><strong>habet</strong></span> <span class='ocrx_word' id='word_1_231' title='bbox 719 2931 1068 3002; x_wconf 89' lang='lat' dir='ltr'><strong>principium,</strong></span> <span class='ocrx_word' id='word_1_232' title='bbox 1101 2949 1222 2988; x_wconf 91' lang='lat' dir='ltr'><strong>eum</strong></span> <span class='ocrx_word' id='word_1_233' title='bbox 1250 2935 1340 3004; x_wconf 91' lang='lat' dir='ltr'><strong>qui</strong></span> <span class='ocrx_word' id='word_1_234' title='bbox 1364 2946 1549 2990; x_wconf 91' lang='lat' dir='ltr'><strong>careat</strong></span> <span class='ocrx_word' id='word_1_235' title='bbox 1571 2939 1778 3005; x_wconf 88' lang='lat' dir='ltr'><strong>princi-</strong></span> 
     </span>
    </p>
   </div>
   <div class='ocr_carea' id='block_1_31' title="bbox 203 3015 1772 3098">
    <p class='ocr_par' dir='ltr' id='par_1_31' title="bbox 203 3015 1772 3098">
     <span class='ocr_line' id='line_1_31' title="bbox 203 3015 1772 3098; baseline 0.006 -28"><span class='ocrx_word' id='word_1_236' title='bbox 203 3015 278 3084; x_wconf 87' lang='lat' dir='ltr'><strong>pio</strong></span> <span class='ocrx_word' id='word_1_237' title='bbox 306 3028 486 3075; x_wconf 88' lang='lat' dir='ltr'><strong>mente</strong></span> <span class='ocrx_word' id='word_1_238' title='bbox 513 3021 807 3090; x_wconf 88' lang='lat' dir='ltr'><strong>complecti</strong></span> <span class='ocrx_word' id='word_1_239' title='bbox 837 3023 920 3078; x_wconf 88' lang='lat' dir='ltr'><strong>vel</strong></span> <span class='ocrx_word' id='word_1_240' title='bbox 952 3026 1410 3093; x_wconf 85' lang='lat' dir='ltr'><strong>comprehendere</strong></span> <span class='ocrx_word' id='word_1_241' title='bbox 1433 3042 1538 3081; x_wconf 92' lang='lat' dir='ltr'><strong>non</strong></span> <span class='ocrx_word' id='word_1_242' title='bbox 1563 3043 1772 3098; x_wconf 63' lang='lat' dir='ltr'><strong>posse.»</strong></span> 
     </span>
    </p>
   </div>
   <div class='ocr_carea' id='block_1_32' title="bbox 263 3108 1778 3188">
    <p class='ocr_par' dir='ltr' id='par_1_32' title="bbox 263 3108 1778 3188">
     <span class='ocr_line' id='line_1_32' title="bbox 263 3108 1778 3188; baseline 0.008 -26"><span class='ocrx_word' id='word_1_243' title='bbox 263 3108 438 3165; x_wconf 80' lang='lat' dir='ltr'><strong>XVIII.</strong></span> <span class='ocrx_word' id='word_1_244' title='bbox 473 3115 547 3165; x_wconf 76' lang='lat' dir='ltr'><strong>At</strong></span> <span class='ocrx_word' id='word_1_245' title='bbox 597 3128 724 3167; x_wconf 85' lang='lat' dir='ltr'><strong>eam</strong></span> <span class='ocrx_word' id='word_1_246' title='bbox 756 3115 1193 3169; x_wconf 88' lang='lat' dir='ltr'><strong>criminationem</strong></span> <span class='ocrx_word' id='word_1_247' title='bbox 1225 3117 1299 3170; x_wconf 91' lang='lat' dir='ltr'><strong>ab</strong></span> <span class='ocrx_word' id='word_1_248' title='bbox 1332 3117 1564 3188; x_wconf 80' lang='lat' dir='ltr'><strong>Origene</strong></span> <span class='ocrx_word' id='word_1_249' title='bbox 1594 3119 1778 3175; x_wconf 89' lang='lat' dir='ltr'><strong>multis</strong></span> 
     </span>
    </p>
   </div>
   <div class='ocr_carea' id='block_1_33' title="bbox 203 3199 1774 3278">
    <p class='ocr_par' dir='ltr' id='par_1_33' title="bbox 203 3199 1774 3278">
     <span class='ocr_line' id='line_1_33' title="bbox 203 3199 1774 3278; baseline 0.006 -25"><span class='ocrx_word' id='word_1_250' title='bbox 203 3199 455 3268; x_wconf 82' lang='lat' dir='ltr'><strong>depellere</strong></span> <span class='ocrx_word' id='word_1_251' title='bbox 491 3213 730 3256; x_wconf 87' lang='lat' dir='ltr'><strong>conatur</strong></span> <span class='ocrx_word' id='word_1_252' title='bbox 757 3205 983 3259; x_wconf 70' lang='lat' dir='ltr'><strong>liulinus</strong></span> <span class='ocrx_word' id='word_1_253' title='bbox 1009 3205 1207 3259; x_wconf 84' lang='lat' dir='ltr'><strong>luvect.</strong></span> <span class='ocrx_word' id='word_1_254' title='bbox 1240 3223 1255 3260; x_wconf 94' lang='lat' dir='ltr'><strong>I</strong></span> <span class='ocrx_word' id='word_1_255' title='bbox 1285 3208 1335 3260; x_wconf 91' lang='lat' dir='ltr'><strong>in</strong></span> <span class='ocrx_word' id='word_1_256' title='bbox 1363 3206 1774 3278; x_wconf 83' lang='lat' dir='ltr'><strong>Hieronymum,</strong></span> 
     </span>
    </p>
   </div>
   <div class='ocr_carea' id='block_1_34' title="bbox 202 3295 1777 3362">
    <p class='ocr_par' dir='ltr' id='par_1_34' title="bbox 202 3295 1777 3362">
     <span class='ocr_line' id='line_1_34' title="bbox 202 3295 1777 3362; baseline 0.007 -18"><span class='ocrx_word' id='word_1_257' title='bbox 202 3295 535 3362; x_wconf 83' lang='lat' dir='ltr'><strong>ostenditque</strong></span> <span class='ocrx_word' id='word_1_258' title='bbox 570 3297 640 3350; x_wconf 89' lang='lat' dir='ltr'><strong>ad</strong></span> <span class='ocrx_word' id='word_1_259' title='bbox 666 3296 1024 3351; x_wconf 80' lang='lat' dir='ltr'><strong>refellendam</strong></span> <span class='ocrx_word' id='word_1_260' title='bbox 1073 3296 1579 3353; x_wconf 85' lang='lat' dir='ltr'><strong>Valentinianorum</strong></span> <span class='ocrx_word' id='word_1_261' title='bbox 1609 3301 1777 3356; x_wconf 76' lang='lat' dir='ltr'><strong>luere-</strong></span> 
     </span>
    </p>
   </div>
   <div class='ocr_carea' id='block_1_35' title="bbox 201 3384 1774 3456">
    <p class='ocr_par' dir='ltr' id='par_1_35' title="bbox 201 3384 1774 3456">
     <span class='ocr_line' id='line_1_35' title="bbox 201 3384 1774 3456; baseline 0.006 -20"><span class='ocrx_word' id='word_1_262' title='bbox 201 3384 311 3448; x_wconf 82' lang='lat' dir='ltr'><strong>sim,</strong></span> <span class='ocrx_word' id='word_1_263' title='bbox 345 3386 437 3454; x_wconf 92' lang='lat' dir='ltr'><strong>qui</strong></span> <span class='ocrx_word' id='word_1_264' title='bbox 473 3387 646 3440; x_wconf 87' lang='lat' dir='ltr'><strong>Deum</strong></span> <span class='ocrx_word' id='word_1_265' title='bbox 673 3403 1001 3456; x_wconf 89' lang='lat' dir='ltr'><strong>corporeum</strong></span> <span class='ocrx_word' id='word_1_266' title='bbox 1046 3391 1298 3444; x_wconf 86' lang='lat' dir='ltr'><strong>humanis</strong></span> <span class='ocrx_word' id='word_1_267' title='bbox 1331 3391 1587 3445; x_wconf 88' lang='lat' dir='ltr'><strong>membris</strong></span> <span class='ocrx_word' id='word_1_268' title='bbox 1622 3390 1774 3446; x_wconf 87' lang='lat' dir='ltr'><strong>habi-</strong></span> 
     </span>
    </p>
   </div>
   <div class='ocr_carea' id='block_1_36' title="bbox 204 3480 1774 3552">
    <p class='ocr_par' dir='ltr' id='par_1_36' title="bbox 204 3480 1774 3552">
     <span class='ocr_line' id='line_1_36' title="bbox 204 3480 1774 3552; baseline 0.005 -24"><span class='ocrx_word' id='word_1_269' title='bbox 204 3482 352 3543; x_wconf 86' lang='lat' dir='ltr'><strong>tuque</strong></span> <span class='ocrx_word' id='word_1_270' title='bbox 379 3489 737 3532; x_wconf 82' lang='lat' dir='ltr'><strong>constantem</strong></span> <span class='ocrx_word' id='word_1_271' title='bbox 771 3480 1170 3547; x_wconf 82' lang='lat' dir='ltr'><strong>describebant,</strong></span> <span class='ocrx_word' id='word_1_272' title='bbox 1197 3481 1482 3552; x_wconf 84' lang='lat' dir='ltr'><strong>Origenem</strong></span> <span class='ocrx_word' id='word_1_273' title='bbox 1518 3483 1774 3551; x_wconf 84' lang='lat' dir='ltr'><strong>probasse</strong></span> 
     </span>
    </p>
   </div>
   <div class='ocr_carea' id='block_1_37' title="bbox 205 3565 1774 3642">
    <p class='ocr_par' dir='ltr' id='par_1_37' title="bbox 205 3565 1774 3642">
     <span class='ocr_line' id='line_1_37' title="bbox 205 3565 1774 3642; baseline 0.005 -22"><span class='ocrx_word' id='word_1_274' title='bbox 205 3565 352 3621; x_wconf 87' lang='lat' dir='ltr'><strong>Deum</strong></span> <span class='ocrx_word' id='word_1_275' title='bbox 377 3583 446 3622; x_wconf 80' lang='lat' dir='ltr'><strong>ex</strong></span> <span class='ocrx_word' id='word_1_276' title='bbox 488 3579 690 3623; x_wconf 89' lang='lat' dir='ltr'><strong>natura</strong></span> <span class='ocrx_word' id='word_1_277' title='bbox 720 3585 819 3626; x_wconf 91' lang='lat' dir='ltr'><strong>sua</strong></span> <span class='ocrx_word' id='word_1_278' title='bbox 847 3585 1074 3640; x_wconf 90' lang='lat' dir='ltr'><strong>corpore</strong></span> <span class='ocrx_word' id='word_1_279' title='bbox 1101 3587 1308 3636; x_wconf 90' lang='lat' dir='ltr'><strong>carere,</strong></span> <span class='ocrx_word' id='word_1_280' title='bbox 1337 3588 1400 3628; x_wconf 84' lang='lat' dir='ltr'><strong>ac</strong></span> <span class='ocrx_word' id='word_1_281' title='bbox 1429 3573 1654 3642; x_wconf 88' lang='lat' dir='ltr'><strong>proinde</strong></span> <span class='ocrx_word' id='word_1_282' title='bbox 1673 3575 1774 3628; x_wconf 91' lang='lat' dir='ltr'><strong>sub</strong></span> 
     </span>
    </p>
   </div>
   <div class='ocr_carea' id='block_1_38' title="bbox 201 3657 1773 3734">
    <p class='ocr_par' dir='ltr' id='par_1_38' title="bbox 201 3657 1773 3734">
     <span class='ocr_line' id='line_1_38' title="bbox 201 3657 1773 3734; baseline 0.004 -22"><span class='ocrx_word' id='word_1_283' title='bbox 201 3657 372 3714; x_wconf 86' lang='lat' dir='ltr'><strong>oculos</strong></span> <span class='ocrx_word' id='word_1_284' title='bbox 389 3659 591 3714; x_wconf 87' lang='lat' dir='ltr'><strong>cadere</strong></span> <span class='ocrx_word' id='word_1_285' title='bbox 617 3676 728 3716; x_wconf 92' lang='lat' dir='ltr'><strong>non</strong></span> <span class='ocrx_word' id='word_1_286' title='bbox 756 3675 934 3732; x_wconf 81' lang='lat' dir='ltr'><strong>posse,</strong></span> <span class='ocrx_word' id='word_1_287' title='bbox 970 3663 1226 3717; x_wconf 82' lang='lat' dir='ltr'><strong>visionem</strong></span> <span class='ocrx_word' id='word_1_288' title='bbox 1261 3663 1458 3734; x_wconf 88' lang='lat' dir='ltr'><strong>quippe</strong></span> <span class='ocrx_word' id='word_1_289' title='bbox 1487 3679 1773 3732; x_wconf 89' lang='lat' dir='ltr'><strong>corporum</strong></span> 
     </span>
    </p>
   </div>
   <div class='ocr_carea' id='block_1_39' title="bbox 201 3748 1781 3822">
    <p class='ocr_par' dir='ltr' id='par_1_39' title="bbox 201 3748 1781 3822">
     <span class='ocr_line' id='line_1_39' title="bbox 201 3748 1781 3822; baseline 0.004 -20"><span class='ocrx_word' id='word_1_290' title='bbox 201 3760 341 3812; x_wconf 63' lang='lat' dir='ltr'><strong>asc;</strong></span> <span class='ocrx_word' id='word_1_291' title='bbox 373 3748 523 3804; x_wconf 90' lang='lat' dir='ltr'><strong>nosci</strong></span> <span class='ocrx_word' id='word_1_292' title='bbox 562 3760 752 3804; x_wconf 89' lang='lat' dir='ltr'><strong>autem</strong></span> <span class='ocrx_word' id='word_1_293' title='bbox 789 3765 967 3819; x_wconf 89' lang='lat' dir='ltr'><strong>posse,</strong></span> <span class='ocrx_word' id='word_1_294' title='bbox 1022 3752 1162 3821; x_wconf 92' lang='lat' dir='ltr'><strong>quod</strong></span> <span class='ocrx_word' id='word_1_295' title='bbox 1208 3755 1450 3822; x_wconf 77' lang='lat' dir='ltr'><strong>cognitio</strong></span> <span class='ocrx_word' id='word_1_296' title='bbox 1499 3771 1680 3808; x_wconf 90' lang='lat' dir='ltr'><strong>rerum</strong></span> <span class='ocrx_word' id='word_1_297' title='bbox 1709 3755 1781 3809; x_wconf 89' lang='lat' dir='ltr'><strong>sit</strong></span> 
     </span>
    </p>
   </div>
   <div class='ocr_carea' id='block_1_40' title="bbox 205 3841 1778 3912">
    <p class='ocr_par' dir='ltr' id='par_1_40' title="bbox 205 3841 1778 3912">
     <span class='ocr_line' id='line_1_40' title="bbox 205 3841 1778 3912; baseline 0.006 -22"><span class='ocrx_word' id='word_1_298' title='bbox 205 3852 419 3906; x_wconf 89' lang='lat' dir='ltr'><strong>corpore</strong></span> <span class='ocrx_word' id='word_1_299' title='bbox 467 3841 818 3903; x_wconf 88' lang='lat' dir='ltr'><strong>carentium;</strong></span> <span class='ocrx_word' id='word_1_300' title='bbox 858 3843 1010 3896; x_wconf 82' lang='lat' dir='ltr'><strong>nosci</strong></span> <span class='ocrx_word' id='word_1_301' title='bbox 1074 3843 1242 3912; x_wconf 82' lang='lat' dir='ltr'><strong>igitur</strong></span> <span class='ocrx_word' id='word_1_302' title='bbox 1295 3843 1511 3899; x_wconf 91' lang='lat' dir='ltr'><strong>Palrem</strong></span> <span class='ocrx_word' id='word_1_303' title='bbox 1542 3862 1570 3897; x_wconf 91' lang='lat' dir='ltr'><strong>a</strong></span> <span class='ocrx_word' id='word_1_304' title='bbox 1603 3843 1778 3910; x_wconf 87' lang='lat' dir='ltr'><strong>Filio,</strong></span> 
     </span>
    </p>
   </div>
   <div class='ocr_carea' id='block_1_41' title="bbox 207 3929 1784 4005">
    <p class='ocr_par' dir='ltr' id='par_1_41' title="bbox 207 3929 1784 4005">
     <span class='ocr_line' id='line_1_41' title="bbox 207 3929 1784 4005; baseline 0.006 -25"><span class='ocrx_word' id='word_1_305' title='bbox 207 3929 360 3984; x_wconf 79' lang='lat' dir='ltr'><strong>videri</strong></span> <span class='ocrx_word' id='word_1_306' title='bbox 388 3932 736 4000; x_wconf 87' lang='lat' dir='ltr'><strong>neutiquam.</strong></span> <span class='ocrx_word' id='word_1_307' title='bbox 757 3932 892 3986; x_wconf 87' lang='lat' dir='ltr'><strong>Tum</strong></span> <span class='ocrx_word' id='word_1_308' title='bbox 919 3933 1096 3988; x_wconf 90' lang='lat' dir='ltr'><strong>locum</strong></span> <span class='ocrx_word' id='word_1_309' title='bbox 1116 3934 1291 4003; x_wconf 91' lang='lat' dir='ltr'><strong>ipsum</strong></span> <span class='ocrx_word' id='word_1_310' title='bbox 1321 3935 1569 4003; x_wconf 89' lang='lat' dir='ltr'><strong>Origenis</strong></span> <span class='ocrx_word' id='word_1_311' title='bbox 1588 3937 1784 4005; x_wconf 86' lang='lat' dir='ltr'><strong>depro-</strong></span> 
     </span>
    </p>
   </div>
   <div class='ocr_carea' id='block_1_42' title="bbox 208 4019 1778 4091">
    <p class='ocr_par' dir='ltr' id='par_1_42' title="bbox 208 4019 1778 4091">
     <span class='ocr_line' id='line_1_42' title="bbox 208 4019 1778 4091; baseline 0.008 -22"><span class='ocrx_word' id='word_1_312' title='bbox 208 4019 383 4082; x_wconf 86' lang='lat' dir='ltr'><strong>mit,in</strong></span> <span class='ocrx_word' id='word_1_313' title='bbox 414 4037 522 4091; x_wconf 89' lang='lat' dir='ltr'><strong>quo</strong></span> <span class='ocrx_word' id='word_1_314' title='bbox 556 4023 678 4076; x_wconf 62' lang='lat' dir='ltr'><strong>haec</strong></span> <span class='ocrx_word' id='word_1_315' title='bbox 711 4023 976 4077; x_wconf 86' lang='lat' dir='ltr'><strong>habentur</strong></span> <span class='ocrx_word' id='word_1_316' title='bbox 1005 4041 1018 4076; x_wconf 89' lang='lat'><strong>:</strong></span> <span class='ocrx_word' id='word_1_317' title='bbox 1049 4043 1066 4075; x_wconf 83' lang='lat'><strong>(</strong></span> <span class='ocrx_word' id='word_1_318' title='bbox 1092 4026 1248 4078; x_wconf 88' lang='lat' dir='ltr'><strong>Aliud</strong></span> <span class='ocrx_word' id='word_1_319' title='bbox 1284 4036 1368 4080; x_wconf 85' lang='lat' dir='ltr'><strong>est</strong></span> <span class='ocrx_word' id='word_1_320' title='bbox 1403 4027 1603 4091; x_wconf 88' lang='lat' dir='ltr'><strong>videre,</strong></span> <span class='ocrx_word' id='word_1_321' title='bbox 1633 4027 1778 4081; x_wconf 87' lang='lat' dir='ltr'><strong>aliud</strong></span> 
     </span>
    </p>
   </div>
   <div class='ocr_carea' id='block_1_43' title="bbox 209 4115 1776 4188">
    <p class='ocr_par' dir='ltr' id='par_1_43' title="bbox 209 4115 1776 4188">
     <span class='ocr_line' id='line_1_43' title="bbox 209 4115 1776 4188; baseline 0.006 -24"><span class='ocrx_word' id='word_1_322' title='bbox 209 4125 519 4180; x_wconf 79' lang='lat' dir='ltr'><strong>cognoscere</strong></span> <span class='ocrx_word' id='word_1_323' title='bbox 549 4134 564 4170; x_wconf 89' lang='lat'><strong>:</strong></span> <span class='ocrx_word' id='word_1_324' title='bbox 589 4115 767 4170; x_wconf 89' lang='lat' dir='ltr'><strong>videri</strong></span> <span class='ocrx_word' id='word_1_325' title='bbox 787 4127 842 4170; x_wconf 88' lang='lat' dir='ltr'><strong>et</strong></span> <span class='ocrx_word' id='word_1_326' title='bbox 877 4116 1055 4172; x_wconf 84' lang='lat' dir='ltr'><strong>videre</strong></span> <span class='ocrx_word' id='word_1_327' title='bbox 1084 4134 1369 4188; x_wconf 86' lang='lat' dir='ltr'><strong>corporum</strong></span> <span class='ocrx_word' id='word_1_328' title='bbox 1387 4129 1469 4173; x_wconf 89' lang='lat' dir='ltr'><strong>est</strong></span> <span class='ocrx_word' id='word_1_329' title='bbox 1492 4118 1776 4187; x_wconf 84' lang='lat' dir='ltr'><strong>;cognosci</strong></span> 
     </span>
    </p>
   </div>
   <div class='ocr_carea' id='block_1_44' title="bbox 275 4293 1776 4369">
    <p class='ocr_par' dir='ltr' id='par_1_44' title="bbox 275 4293 1776 4369">
     <span class='ocr_line' id='line_1_44' title="bbox 275 4293 1776 4369; baseline 0.006 -22"><span class='ocrx_word' id='word_1_330' title='bbox 371 4294 510 4369; x_wconf 75' lang='lat' dir='ltr'><strong>Nam</strong></span> <span class='ocrx_word' id='word_1_331' title='bbox 543 4295 925 4369; x_wconf 77' lang='lat' dir='ltr'><strong>Hieronymus,</strong></span> <span class='ocrx_word' id='word_1_332' title='bbox 960 4306 1062 4352; x_wconf 83' lang='lat' dir='ltr'><strong>etc.</strong></span> <span class='ocrx_word' id='word_1_333' title='bbox 1091 4299 1201 4353; x_wconf 85' lang='lat' dir='ltr'><strong>Hoc</strong></span> <span class='ocrx_word' id='word_1_334' title='bbox 1232 4299 1352 4354; x_wconf 92' lang='lat' dir='ltr'><strong>loco</strong></span> <span class='ocrx_word' id='word_1_335' title='bbox 1382 4317 1486 4353; x_wconf 81' lang='lat' dir='ltr'><strong>non</strong></span> <span class='ocrx_word' id='word_1_336' title='bbox 1515 4300 1628 4355; x_wconf 91' lang='lat' dir='ltr'><strong>suis</strong></span> <span class='ocrx_word' id='word_1_337' title='bbox 1661 4300 1776 4369; x_wconf 91' lang='lat' dir='ltr'><strong>ipse</strong></span> 
     </span>
    </p>
   </div>
   <div class='ocr_carea' id='block_1_45' title="bbox 212 4365 1775 4439">
    <p class='ocr_par' dir='ltr' id='par_1_45' title="bbox 212 4365 1775 4439">
     <span class='ocr_line' id='line_1_45' title="bbox 212 4365 1775 4439; baseline 0.006 -24"><span class='ocrx_word' id='word_1_338' title='bbox 212 4365 377 4419; x_wconf 79' lang='lat' dir='ltr'><strong>verbis</strong></span> <span class='ocrx_word' id='word_1_339' title='bbox 405 4366 654 4439; x_wconf 83' lang='lat' dir='ltr'><strong>loquitur</strong></span> <span class='ocrx_word' id='word_1_340' title='bbox 680 4367 961 4435; x_wconf 86' lang='lat' dir='ltr'><strong>Origenes,</strong></span> <span class='ocrx_word' id='word_1_341' title='bbox 990 4372 1083 4423; x_wconf 89' lang='lat' dir='ltr'><strong>sed</strong></span> <span class='ocrx_word' id='word_1_342' title='bbox 1115 4370 1280 4422; x_wconf 87' lang='lat' dir='ltr'><strong>alium</strong></span> <span class='ocrx_word' id='word_1_343' title='bbox 1319 4371 1527 4423; x_wconf 88' lang='lat' dir='ltr'><strong>inducit</strong></span> <span class='ocrx_word' id='word_1_344' title='bbox 1550 4365 1775 4439; x_wconf 72' lang='lat' dir='ltr'><strong>loquen-</strong></span> 
     </span>
    </p>
   </div>
   <div class='ocr_carea' id='block_1_46' title="bbox 214 4436 1776 4510">
    <p class='ocr_par' dir='ltr' id='par_1_46' title="bbox 214 4436 1776 4510">
     <span class='ocr_line' id='line_1_46' title="bbox 214 4436 1776 4510; baseline 0.003 -23"><span class='ocrx_word' id='word_1_345' title='bbox 214 4443 332 4510; x_wconf 78' lang='lat' dir='ltr'><strong>tem.</strong></span> <span class='ocrx_word' id='word_1_346' title='bbox 357 4436 512 4504; x_wconf 88' lang='lat' dir='ltr'><strong>cujus</strong></span> <span class='ocrx_word' id='word_1_347' title='bbox 545 4439 882 4510; x_wconf 83' lang='lat' dir='ltr'><strong>sententiam</strong></span> <span class='ocrx_word' id='word_1_348' title='bbox 934 4439 1077 4510; x_wconf 75' lang='lat' dir='ltr'><strong>nulla</strong></span> <span class='ocrx_word' id='word_1_349' title='bbox 1112 4440 1522 4506; x_wconf 86' lang='lat' dir='ltr'><strong>approbatiunis</strong></span> <span class='ocrx_word' id='word_1_350' title='bbox 1568 4436 1776 4510; x_wconf 55' lang='lat' dir='ltr'><strong>signiﬁ-</strong></span> 
     </span>
    </p>
   </div>
   <div class='ocr_carea' id='block_1_47' title="bbox 216 4505 1772 4577">
    <p class='ocr_par' dir='ltr' id='par_1_47' title="bbox 216 4505 1772 4577">
     <span class='ocr_line' id='line_1_47' title="bbox 216 4505 1772 4577; baseline 0.006 -22"><span class='ocrx_word' id='word_1_351' title='bbox 216 4505 409 4577; x_wconf 80' lang='lat' dir='ltr'><strong>catione</strong></span> <span class='ocrx_word' id='word_1_352' title='bbox 443 4509 765 4577; x_wconf 78' lang='lat' dir='ltr'><strong>confirmat,</strong></span> <span class='ocrx_word' id='word_1_353' title='bbox 799 4517 855 4558; x_wconf 93' lang='grc' dir='ltr'><strong>ιιι</strong></span> <span class='ocrx_word' id='word_1_354' title='bbox 887 4507 1118 4576; x_wconf 85' lang='lat' dir='ltr'><strong>quisque</strong></span> <span class='ocrx_word' id='word_1_355' title='bbox 1148 4505 1473 4577; x_wconf 79' lang='lat' dir='ltr'><strong>perspicere</strong></span> <span class='ocrx_word' id='word_1_356' title='bbox 1498 4505 1679 4575; x_wconf 62' lang='lat' dir='ltr'><strong>pote&#39;st</strong></span> <span class='ocrx_word' id='word_1_357' title='bbox 1705 4525 1772 4564; x_wconf 81' lang='lat' dir='ltr'><strong>ex</strong></span> 
     </span>
    </p>
   </div>
   <div class='ocr_carea' id='block_1_48' title="bbox 1881 647 3454 719">
    <p class='ocr_par' dir='ltr' id='par_1_48' title="bbox 1881 647 3454 719">
     <span class='ocr_line' id='line_1_48' title="bbox 1881 647 3454 719; baseline 0.002 -19"><span class='ocrx_word' id='word_1_358' title='bbox 1881 661 2012 719; x_wconf 85' lang='lat' dir='ltr'><strong>ergo</strong></span> <span class='ocrx_word' id='word_1_359' title='bbox 2039 649 2320 717; x_wconf 88' lang='lat' dir='ltr'><strong>proprium</strong></span> <span class='ocrx_word' id='word_1_360' title='bbox 2358 661 2646 715; x_wconf 88' lang='lat' dir='ltr'><strong>corporum</strong></span> <span class='ocrx_word' id='word_1_361' title='bbox 2669 656 2772 709; x_wconf 89' lang='lat' dir='ltr'><strong>est,</strong></span> <span class='ocrx_word' id='word_1_362' title='bbox 2811 648 2911 700; x_wconf 90' lang='lat' dir='ltr'><strong>hoc</strong></span> <span class='ocrx_word' id='word_1_363' title='bbox 2943 663 3043 702; x_wconf 86' lang='lat' dir='ltr'><strong>nec</strong></span> <span class='ocrx_word' id='word_1_364' title='bbox 3077 649 3143 702; x_wconf 90' lang='lat' dir='ltr'><strong>de</strong></span> <span class='ocrx_word' id='word_1_365' title='bbox 3169 647 3330 703; x_wconf 86' lang='lat' dir='ltr'><strong>Patre</strong></span> <span class='ocrx_word' id='word_1_366' title='bbox 3348 661 3454 717; x_wconf 82' lang='lat' dir='ltr'><strong>est,</strong></span> 
     </span>
    </p>
   </div>
   <div class='ocr_carea' id='block_1_49' title="bbox 1882 734 3454 800">
    <p class='ocr_par' dir='ltr' id='par_1_49' title="bbox 1882 734 3454 800">
     <span class='ocr_line' id='line_1_49' title="bbox 1882 734 3454 800; baseline 0 -8"><span class='ocrx_word' id='word_1_367' title='bbox 1882 754 1984 793; x_wconf 90' lang='lat' dir='ltr'><strong>nec</strong></span> <span class='ocrx_word' id='word_1_368' title='bbox 2040 738 2106 792; x_wconf 91' lang='lat' dir='ltr'><strong>de</strong></span> <span class='ocrx_word' id='word_1_369' title='bbox 2141 735 2277 790; x_wconf 88' lang='lat' dir='ltr'><strong>Filio</strong></span> <span class='ocrx_word' id='word_1_370' title='bbox 2330 735 2698 790; x_wconf 90' lang='lat' dir='ltr'><strong>sentiendum.</strong></span> <span class='ocrx_word' id='word_1_371' title='bbox 2740 734 2894 800; x_wconf 83' lang='lat' dir='ltr'><strong>Quod</strong></span> <span class='ocrx_word' id='word_1_372' title='bbox 2924 750 3054 789; x_wconf 90' lang='lat' dir='ltr'><strong>vero</strong></span> <span class='ocrx_word' id='word_1_373' title='bbox 3104 737 3172 788; x_wconf 89' lang='lat' dir='ltr'><strong>ad</strong></span> <span class='ocrx_word' id='word_1_374' title='bbox 3205 747 3454 792; x_wconf 85' lang='lat' dir='ltr'><strong>naturam</strong></span> 
     </span>
    </p>
   </div>
   <div class='ocr_carea' id='block_1_50' title="bbox 1881 824 3457 896">
    <p class='ocr_par' dir='ltr' id='par_1_50' title="bbox 1881 824 3457 896">
     <span class='ocr_line' id='line_1_50' title="bbox 1881 824 3457 896; baseline 0 -16"><span class='ocrx_word' id='word_1_375' title='bbox 1881 826 2116 896; x_wconf 88' lang='lat' dir='ltr'><strong>pertinet</strong></span> <span class='ocrx_word' id='word_1_376' title='bbox 2151 825 2409 887; x_wconf 87' lang='lat' dir='ltr'><strong>Deitatis,</strong></span> <span class='ocrx_word' id='word_1_377' title='bbox 2460 826 2563 879; x_wconf 90' lang='lat' dir='ltr'><strong>hoc</strong></span> <span class='ocrx_word' id='word_1_378' title='bbox 2617 825 2759 878; x_wconf 89' lang='lat' dir='ltr'><strong>inter</strong></span> <span class='ocrx_word' id='word_1_379' title='bbox 2786 824 3000 880; x_wconf 85' lang='lat' dir='ltr'><strong>Patrem</strong></span> <span class='ocrx_word' id='word_1_380' title='bbox 3026 835 3080 880; x_wconf 86' lang='lat' dir='ltr'><strong>et</strong></span> <span class='ocrx_word' id='word_1_381' title='bbox 3111 824 3305 879; x_wconf 81' lang='lat' dir='ltr'><strong>Filium</strong></span> <span class='ocrx_word' id='word_1_382' title='bbox 3333 840 3457 880; x_wconf 89' lang='lat' dir='ltr'><strong>con-</strong></span> 
     </span>
    </p>
   </div>
   <div class='ocr_carea' id='block_1_51' title="bbox 1881 915 3456 984">
    <p class='ocr_par' dir='ltr' id='par_1_51' title="bbox 1881 915 3456 984">
     <span class='ocr_line' id='line_1_51' title="bbox 1881 915 3456 984; baseline 0.001 -13"><span class='ocrx_word' id='word_1_383' title='bbox 1881 925 2013 972; x_wconf 88' lang='lat' dir='ltr'><strong>stat.</strong></span> <span class='ocrx_word' id='word_1_384' title='bbox 2052 935 2072 968; x_wconf 76' lang='grc' dir='ltr'><strong>ι</strong></span> <span class='ocrx_word' id='word_1_385' title='bbox 2101 917 2189 970; x_wconf 78' lang='lat' dir='ltr'><strong>Ait</strong></span> <span class='ocrx_word' id='word_1_386' title='bbox 2221 917 2440 971; x_wconf 86' lang='lat' dir='ltr'><strong>demum</strong></span> <span class='ocrx_word' id='word_1_387' title='bbox 2481 917 2829 984; x_wconf 88' lang='lat' dir='ltr'><strong>depravatam</strong></span> <span class='ocrx_word' id='word_1_388' title='bbox 2874 915 2980 971; x_wconf 85' lang='lat' dir='ltr'><strong>hoc</strong></span> <span class='ocrx_word' id='word_1_389' title='bbox 3013 918 3153 982; x_wconf 92' lang='lat' dir='ltr'><strong>loco,</strong></span> <span class='ocrx_word' id='word_1_390' title='bbox 3188 926 3242 971; x_wconf 88' lang='lat' dir='ltr'><strong>et</strong></span> <span class='ocrx_word' id='word_1_391' title='bbox 3264 931 3456 972; x_wconf 86' lang='lat' dir='ltr'><strong>eorru-</strong></span> 
     </span>
    </p>
   </div>
   <div class='ocr_carea' id='block_1_52' title="bbox 1882 1007 3456 1078">
    <p class='ocr_par' dir='ltr' id='par_1_52' title="bbox 1882 1007 3456 1078">
     <span class='ocr_line' id='line_1_52' title="bbox 1882 1007 3456 1078; baseline -0.001 -16"><span class='ocrx_word' id='word_1_392' title='bbox 1882 1017 2029 1077; x_wconf 92' lang='lat' dir='ltr'><strong>ptam</strong></span> <span class='ocrx_word' id='word_1_393' title='bbox 2061 1007 2228 1062; x_wconf 77' lang='lat' dir='ltr'><strong>fuisse</strong></span> <span class='ocrx_word' id='word_1_394' title='bbox 2269 1023 2422 1061; x_wconf 86' lang='lat' dir='ltr'><strong>suam</strong></span> <span class='ocrx_word' id='word_1_395' title='bbox 2457 1007 2981 1077; x_wconf 85' lang='lat' dir='ltr'><strong>interpretationem,</strong></span> <span class='ocrx_word' id='word_1_396' title='bbox 3013 1016 3178 1078; x_wconf 90' lang='lat' dir='ltr'><strong>atque</strong></span> <span class='ocrx_word' id='word_1_397' title='bbox 3225 1009 3299 1062; x_wconf 89' lang='lat' dir='ltr'><strong>ita</strong></span> <span class='ocrx_word' id='word_1_398' title='bbox 3328 1022 3456 1078; x_wconf 78' lang='lat' dir='ltr'><strong>pur-</strong></span> 
     </span>
    </p>
   </div>
   <div class='ocr_carea' id='block_1_53' title="bbox 1882 1097 3457 1171">
    <p class='ocr_par' dir='ltr' id='par_1_53' title="bbox 1882 1097 3457 1171">
     <span class='ocr_line' id='line_1_53' title="bbox 1882 1097 3457 1171; baseline 0.001 -18"><span class='ocrx_word' id='word_1_399' title='bbox 1882 1101 2041 1171; x_wconf 89' lang='lat' dir='ltr'><strong>gandi</strong></span> <span class='ocrx_word' id='word_1_400' title='bbox 2095 1101 2178 1154; x_wconf 92' lang='lat' dir='ltr'><strong>sui</strong></span> <span class='ocrx_word' id='word_1_401' title='bbox 2212 1115 2376 1154; x_wconf 85' lang='lat' dir='ltr'><strong>causa</strong></span> <span class='ocrx_word' id='word_1_402' title='bbox 2412 1099 2692 1154; x_wconf 91' lang='lat' dir='ltr'><strong>concludit</strong></span> <span class='ocrx_word' id='word_1_403' title='bbox 2723 1116 2738 1152; x_wconf 87' lang='lat'><strong>:</strong></span> <span class='ocrx_word' id='word_1_404' title='bbox 2774 1117 2792 1150; x_wconf 78' lang='grc' dir='ltr'>ι</span> <span class='ocrx_word' id='word_1_405' title='bbox 2835 1099 2892 1153; x_wconf 90' lang='lat' dir='ltr'><strong>Si</strong></span> <span class='ocrx_word' id='word_1_406' title='bbox 2939 1100 3061 1168; x_wconf 82' lang='lat' dir='ltr'><strong>quis</strong></span> <span class='ocrx_word' id='word_1_407' title='bbox 3101 1107 3262 1169; x_wconf 83' lang='lat' dir='ltr'><strong>negat</strong></span> <span class='ocrx_word' id='word_1_408' title='bbox 3309 1097 3457 1168; x_wconf 83' lang='lat' dir='ltr'><strong>quod</strong></span> 
     </span>
    </p>
   </div>
   <div class='ocr_carea' id='block_1_54' title="bbox 1848 1185 3455 1270">
    <p class='ocr_par' dir='ltr' id='par_1_54' title="bbox 1848 1185 3455 1270">
     <span class='ocr_line' id='line_1_54' title="bbox 1848 1185 3455 1270; baseline -0.001 -26"><span class='ocrx_word' id='word_1_409' title='bbox 1848 1205 1989 1270; x_wconf 42' lang='lat' dir='ltr'><strong>’non</strong></span> <span class='ocrx_word' id='word_1_410' title='bbox 2032 1189 2104 1243; x_wconf 92' lang='lat' dir='ltr'><strong>ita</strong></span> <span class='ocrx_word' id='word_1_411' title='bbox 2149 1190 2297 1243; x_wconf 80' lang='lat' dir='ltr'><strong>videt</strong></span> <span class='ocrx_word' id='word_1_412' title='bbox 2345 1185 2516 1242; x_wconf 86' lang='lat' dir='ltr'><strong>Filius</strong></span> <span class='ocrx_word' id='word_1_413' title='bbox 2550 1187 2793 1256; x_wconf 89' lang='lat' dir='ltr'><strong>Patrem,</strong></span> <span class='ocrx_word' id='word_1_414' title='bbox 2825 1188 2967 1243; x_wconf 89' lang='lat' dir='ltr'><strong>sicut</strong></span> <span class='ocrx_word' id='word_1_415' title='bbox 3018 1187 3180 1242; x_wconf 90' lang='lat' dir='ltr'><strong>Pater</strong></span> <span class='ocrx_word' id='word_1_416' title='bbox 3213 1186 3455 1256; x_wconf 78' lang='lat' dir='ltr'><strong>Filium;</strong></span> 
     </span>
    </p>
   </div>
   <div class='ocr_carea' id='block_1_55' title="bbox 1881 1273 3453 1344">
    <p class='ocr_par' dir='ltr' id='par_1_55' title="bbox 1881 1273 3453 1344">
     <span class='ocr_line' id='line_1_55' title="bbox 1881 1273 3453 1344; baseline -0.003 -12"><span class='ocrx_word' id='word_1_417' title='bbox 1881 1287 1936 1333; x_wconf 91' lang='lat' dir='ltr'><strong>et</strong></span> <span class='ocrx_word' id='word_1_418' title='bbox 1967 1293 2073 1332; x_wconf 90' lang='lat' dir='ltr'><strong>non</strong></span> <span class='ocrx_word' id='word_1_419' title='bbox 2106 1277 2178 1331; x_wconf 90' lang='lat' dir='ltr'><strong>ita</strong></span> <span class='ocrx_word' id='word_1_420' title='bbox 2217 1277 2368 1330; x_wconf 86' lang='lat' dir='ltr'><strong>videt</strong></span> <span class='ocrx_word' id='word_1_421' title='bbox 2395 1276 2625 1344; x_wconf 57' lang='lat' dir='ltr'><strong>Spiritu;</strong></span> <span class='ocrx_word' id='word_1_422' title='bbox 2658 1287 2877 1331; x_wconf 89' lang='lat' dir='ltr'><strong>sanctus</strong></span> <span class='ocrx_word' id='word_1_423' title='bbox 2911 1274 3126 1329; x_wconf 86' lang='lat' dir='ltr'><strong>Patrem</strong></span> <span class='ocrx_word' id='word_1_424' title='bbox 3154 1283 3210 1328; x_wconf 90' lang='lat' dir='ltr'><strong>et</strong></span> <span class='ocrx_word' id='word_1_425' title='bbox 3234 1273 3453 1338; x_wconf 87' lang='lat' dir='ltr'><strong>Filium,</strong></span> 
     </span>
    </p>
   </div>
   <div class='ocr_carea' id='block_1_56' title="bbox 1881 1366 3457 1436">
    <p class='ocr_par' dir='ltr' id='par_1_56' title="bbox 1881 1366 3457 1436">
     <span class='ocr_line' id='line_1_56' title="bbox 1881 1366 3457 1436; baseline -0.003 -14"><span class='ocrx_word' id='word_1_426' title='bbox 1881 1369 2021 1422; x_wconf 72' lang='lat' dir='ltr'><strong>sicut</strong></span> <span class='ocrx_word' id='word_1_427' title='bbox 2052 1368 2200 1423; x_wconf 87' lang='lat' dir='ltr'><strong>videt</strong></span> <span class='ocrx_word' id='word_1_428' title='bbox 2229 1367 2389 1422; x_wconf 89' lang='lat' dir='ltr'><strong>Pater</strong></span> <span class='ocrx_word' id='word_1_429' title='bbox 2424 1367 2622 1422; x_wconf 90' lang='lat' dir='ltr'><strong>Filium</strong></span> <span class='ocrx_word' id='word_1_430' title='bbox 2653 1377 2710 1421; x_wconf 88' lang='lat' dir='ltr'><strong>et</strong></span> <span class='ocrx_word' id='word_1_431' title='bbox 2738 1366 3002 1436; x_wconf 89' lang='lat' dir='ltr'><strong>Spiritum</strong></span> <span class='ocrx_word' id='word_1_432' title='bbox 3028 1376 3295 1430; x_wconf 90' lang='lat' dir='ltr'><strong>sanctum,</strong></span> <span class='ocrx_word' id='word_1_433' title='bbox 3319 1378 3457 1418; x_wconf 82' lang='lat' dir='ltr'><strong>ana-</strong></span> 
     </span>
    </p>
   </div>
   <div class='ocr_carea' id='block_1_57' title="bbox 1883 1452 3458 1521">
    <p class='ocr_par' dir='ltr' id='par_1_57' title="bbox 1883 1452 3458 1521">
     <span class='ocr_line' id='line_1_57' title="bbox 1883 1452 3458 1521; baseline -0.002 -9"><span class='ocrx_word' id='word_1_434' title='bbox 1883 1459 2061 1512; x_wconf 87' lang='lat' dir='ltr'><strong>thema</strong></span> <span class='ocrx_word' id='word_1_435' title='bbox 2094 1459 2186 1513; x_wconf 90' lang='lat' dir='ltr'><strong>sit.</strong></span> <span class='ocrx_word' id='word_1_436' title='bbox 2234 1455 2391 1512; x_wconf 84' lang='lat' dir='ltr'><strong>Videt</strong></span> <span class='ocrx_word' id='word_1_437' title='bbox 2425 1457 2596 1521; x_wconf 89' lang='lat' dir='ltr'><strong>enim,</strong></span> <span class='ocrx_word' id='word_1_438' title='bbox 2649 1466 2704 1511; x_wconf 90' lang='lat' dir='ltr'><strong>et</strong></span> <span class='ocrx_word' id='word_1_439' title='bbox 2753 1455 3035 1510; x_wconf 88' lang='lat' dir='ltr'><strong>verissime</strong></span> <span class='ocrx_word' id='word_1_440' title='bbox 3059 1455 3227 1518; x_wconf 83' lang='lat' dir='ltr'><strong>videt,</strong></span> <span class='ocrx_word' id='word_1_441' title='bbox 3267 1452 3364 1509; x_wconf 88' lang='lat' dir='ltr'><strong>sed</strong></span> <span class='ocrx_word' id='word_1_442' title='bbox 3394 1459 3458 1509; x_wconf 76' lang='lat' dir='ltr'><strong>ut</strong></span> 
     </span>
    </p>
   </div>
   <div class='ocr_carea' id='block_1_58' title="bbox 1883 1545 3457 1612">
    <p class='ocr_par' dir='ltr' id='par_1_58' title="bbox 1883 1545 3457 1612">
     <span class='ocr_line' id='line_1_58' title="bbox 1883 1545 3457 1612; baseline -0.001 -12"><span class='ocrx_word' id='word_1_443' title='bbox 1883 1547 2022 1601; x_wconf 89' lang='lat' dir='ltr'><strong>Dens</strong></span> <span class='ocrx_word' id='word_1_444' title='bbox 2051 1547 2240 1611; x_wconf 86' lang='lat' dir='ltr'><strong>Deum,</strong></span> <span class='ocrx_word' id='word_1_445' title='bbox 2267 1556 2323 1602; x_wconf 88' lang='lat' dir='ltr'><strong>et</strong></span> <span class='ocrx_word' id='word_1_446' title='bbox 2370 1545 2464 1601; x_wconf 82' lang='lat' dir='ltr'><strong>lux</strong></span> <span class='ocrx_word' id='word_1_447' title='bbox 2494 1546 2692 1612; x_wconf 88' lang='lat' dir='ltr'><strong>lucem,</strong></span> <span class='ocrx_word' id='word_1_448' title='bbox 2731 1554 2787 1599; x_wconf 91' lang='lat' dir='ltr'><strong>et</strong></span> <span class='ocrx_word' id='word_1_449' title='bbox 2817 1561 2922 1598; x_wconf 90' lang='lat' dir='ltr'><strong>non</strong></span> <span class='ocrx_word' id='word_1_450' title='bbox 2951 1554 3009 1598; x_wconf 92' lang='lat' dir='ltr'><strong>ut</strong></span> <span class='ocrx_word' id='word_1_451' title='bbox 3043 1559 3170 1598; x_wconf 89' lang='lat' dir='ltr'><strong>caro</strong></span> <span class='ocrx_word' id='word_1_452' title='bbox 3206 1555 3457 1610; x_wconf 85' lang='lat' dir='ltr'><strong>carnem,</strong></span> 
     </span>
    </p>
   </div>
   <div class='ocr_carea' id='block_1_59' title="bbox 1882 1632 3456 1705">
    <p class='ocr_par' dir='ltr' id='par_1_59' title="bbox 1882 1632 3456 1705">
     <span class='ocr_line' id='line_1_59' title="bbox 1882 1632 3456 1705; baseline -0.001 -15"><span class='ocrx_word' id='word_1_453' title='bbox 1882 1637 1974 1690; x_wconf 91' lang='lat' dir='ltr'><strong>sed</strong></span> <span class='ocrx_word' id='word_1_454' title='bbox 2003 1646 2059 1689; x_wconf 90' lang='lat' dir='ltr'><strong>nt</strong></span> <span class='ocrx_word' id='word_1_455' title='bbox 2087 1637 2324 1705; x_wconf 85' lang='lat' dir='ltr'><strong>Spiritus</strong></span> <span class='ocrx_word' id='word_1_456' title='bbox 2355 1648 2615 1702; x_wconf 87' lang='lat' dir='ltr'><strong>sanctus;</strong></span> <span class='ocrx_word' id='word_1_457' title='bbox 2678 1651 2783 1688; x_wconf 92' lang='lat' dir='ltr'><strong>non</strong></span> <span class='ocrx_word' id='word_1_458' title='bbox 2845 1635 3125 1702; x_wconf 89' lang='lat' dir='ltr'><strong>corporeis</strong></span> <span class='ocrx_word' id='word_1_459' title='bbox 3181 1632 3456 1698; x_wconf 79' lang='lat' dir='ltr'><strong>sensibus,</strong></span> 
     </span>
    </p>
   </div>
   <div class='ocr_carea' id='block_1_60' title="bbox 1883 1725 3458 1796">
    <p class='ocr_par' dir='ltr' id='par_1_60' title="bbox 1883 1725 3458 1796">
     <span class='ocr_line' id='line_1_60' title="bbox 1883 1725 3458 1796; baseline -0.004 -11"><span class='ocrx_word' id='word_1_460' title='bbox 1883 1731 1975 1785; x_wconf 86' lang='lat' dir='ltr'><strong>sed</strong></span> <span class='ocrx_word' id='word_1_461' title='bbox 2008 1728 2302 1783; x_wconf 91' lang='lat' dir='ltr'><strong>virtutibus</strong></span> <span class='ocrx_word' id='word_1_462' title='bbox 2333 1729 2580 1783; x_wconf 87' lang='lat' dir='ltr'><strong>Deitatis.</strong></span> <span class='ocrx_word' id='word_1_463' title='bbox 2619 1748 2638 1780; x_wconf 77' lang='grc' dir='ltr'><strong>ι</strong></span> <span class='ocrx_word' id='word_1_464' title='bbox 2676 1727 2854 1780; x_wconf 80' lang='lat' dir='ltr'><strong>Rnlini</strong></span> <span class='ocrx_word' id='word_1_465' title='bbox 2889 1727 3297 1796; x_wconf 79' lang='lat' dir='ltr'><strong>responsionem</strong></span> <span class='ocrx_word' id='word_1_466' title='bbox 3323 1725 3458 1780; x_wconf 78' lang='lat' dir='ltr'><strong>arri-</strong></span> 
     </span>
    </p>
   </div>
   <div class='ocr_carea' id='block_1_61' title="bbox 1884 1805 3552 1889">
    <p class='ocr_par' dir='ltr' id='par_1_61' title="bbox 1884 1805 3552 1889">
     <span class='ocr_line' id='line_1_61' title="bbox 1884 1805 3552 1889; baseline -0.004 -15"><span class='ocrx_word' id='word_1_467' title='bbox 1884 1822 2001 1889; x_wconf 84' lang='lat' dir='ltr'><strong>puit</strong></span> <span class='ocrx_word' id='word_1_468' title='bbox 2041 1829 2098 1874; x_wconf 87' lang='lat' dir='ltr'><strong>et</strong></span> <span class='ocrx_word' id='word_1_469' title='bbox 2148 1819 2370 1872; x_wconf 91' lang='lat' dir='ltr'><strong>uberius</strong></span> <span class='ocrx_word' id='word_1_470' title='bbox 2417 1817 2716 1886; x_wconf 81' lang='lat' dir='ltr'><strong>explicavit</strong></span> <span class='ocrx_word' id='word_1_471' title='bbox 2766 1815 3044 1869; x_wconf 76' lang='lat' dir='ltr'><strong>Halloxins</strong></span> <span class='ocrx_word' id='word_1_472' title='bbox 3096 1815 3188 1869; x_wconf 90' lang='lat' dir='ltr'><strong>lib.</strong></span> <span class='ocrx_word' id='word_1_473' title='bbox 3222 1831 3272 1868; x_wconf 77' lang='grc' dir='ltr'>ιν</span> <span class='ocrx_word' id='word_1_474' title='bbox 3301 1812 3450 1884; x_wconf 82' lang='lat' dir='ltr'><strong>Orig.</strong></span> <span class='ocrx_word' id='word_1_475' title='bbox 3550 1805 3552 1808; x_wconf 51' lang='grc'><em>’</em></span> 
     </span>
    </p>
   </div>
   <div class='ocr_carea' id='block_1_62' title="bbox 1814 1903 3452 1976">
    <p class='ocr_par' dir='ltr' id='par_1_62' title="bbox 1814 1903 3452 1976">
     <span class='ocr_line' id='line_1_62' title="bbox 1814 1903 3452 1976; baseline -0.001 -19"><span class='ocrx_word' id='word_1_476' title='bbox 1814 1903 1856 1957; x_wconf 89' lang='grc' dir='ltr'><strong>Β</strong></span> <span class='ocrx_word' id='word_1_477' title='bbox 1883 1908 2108 1974; x_wconf 57' lang='grc' dir='ltr'><strong>ἀείραι,</strong></span> <span class='ocrx_word' id='word_1_478' title='bbox 2143 1915 2338 1976; x_wconf 81' lang='lat' dir='ltr'><strong>qmest.</strong></span> <span class='ocrx_word' id='word_1_479' title='bbox 2364 1906 2417 1959; x_wconf 71' lang='lat'><strong>4.</strong></span> <span class='ocrx_word' id='word_1_480' title='bbox 2445 1906 2618 1960; x_wconf 90' lang='lat' dir='ltr'><strong>Porro</strong></span> <span class='ocrx_word' id='word_1_481' title='bbox 2641 1907 2793 1960; x_wconf 92' lang='lat' dir='ltr'><strong>locus</strong></span> <span class='ocrx_word' id='word_1_482' title='bbox 2821 1905 3067 1973; x_wconf 84' lang='lat' dir='ltr'><strong>Origenis</strong></span> <span class='ocrx_word' id='word_1_483' title='bbox 3097 1905 3180 1958; x_wconf 90' lang='lat' dir='ltr'><strong>his</strong></span> <span class='ocrx_word' id='word_1_484' title='bbox 3209 1904 3452 1958; x_wconf 85' lang='lat' dir='ltr'><strong>celebra-</strong></span> 
     </span>
    </p>
   </div>
   <div class='ocr_carea' id='block_1_63' title="bbox 1886 1991 3454 2062">
    <p class='ocr_par' dir='ltr' id='par_1_63' title="bbox 1886 1991 3454 2062">
     <span class='ocr_line' id='line_1_63' title="bbox 1886 1991 3454 2062; baseline -0.006 -8"><span class='ocrx_word' id='word_1_485' title='bbox 1886 2011 1973 2054; x_wconf 90' lang='lat' dir='ltr'><strong>tus</strong></span> <span class='ocrx_word' id='word_1_486' title='bbox 2002 1999 2502 2054; x_wconf 69' lang='lat' dir='ltr'><strong>cor&#39;icertationibns</strong></span> <span class='ocrx_word' id='word_1_487' title='bbox 2532 2007 2711 2050; x_wconf 79' lang='lat' dir='ltr'><strong>exstat</strong></span> <span class='ocrx_word' id='word_1_488' title='bbox 2737 1996 2828 2049; x_wconf 92' lang='lat' dir='ltr'><strong>lib.</strong></span> <span class='ocrx_word' id='word_1_489' title='bbox 2866 2011 2881 2048; x_wconf 93' lang='grc' dir='ltr'><strong>ι</strong></span> <span class='ocrx_word' id='word_1_490' title='bbox 2923 1995 3060 2062; x_wconf 80' lang='grc' dir='ltr'><strong>Περὶ</strong></span> <span class='ocrx_word' id='word_1_491' title='bbox 3087 1991 3306 2062; x_wconf 72' lang='grc' dir='ltr'>ἀρχῶν,</span> <span class='ocrx_word' id='word_1_492' title='bbox 3331 2007 3454 2062; x_wconf 88' lang='lat' dir='ltr'><strong>cap.</strong></span> 
     </span>
    </p>
   </div>
   <div class='ocr_carea' id='block_1_64' title="bbox 1886 2083 3454 2157">
    <p class='ocr_par' dir='ltr' id='par_1_64' title="bbox 1886 2083 3454 2157">
     <span class='ocr_line' id='line_1_64' title="bbox 1886 2083 3454 2157; baseline -0.004 -13"><span class='ocrx_word' id='word_1_493' title='bbox 1886 2093 1938 2157; x_wconf 84' lang='lat' dir='ltr'><strong>l,</strong></span> <span class='ocrx_word' id='word_1_494' title='bbox 1995 2108 2144 2144; x_wconf 89' lang='lat' dir='ltr'><strong>nnm.</strong></span> <span class='ocrx_word' id='word_1_495' title='bbox 2182 2091 2236 2156; x_wconf 93' lang='lat'><strong>8,</strong></span> <span class='ocrx_word' id='word_1_496' title='bbox 2279 2090 2364 2142; x_wconf 93' lang='lat' dir='ltr'><strong>cui</strong></span> <span class='ocrx_word' id='word_1_497' title='bbox 2421 2088 2651 2142; x_wconf 87' lang='lat' dir='ltr'><strong>similem</strong></span> <span class='ocrx_word' id='word_1_498' title='bbox 2689 2087 2916 2140; x_wconf 88' lang='lat' dir='ltr'><strong>alterum</strong></span> <span class='ocrx_word' id='word_1_499' title='bbox 2973 2085 3210 2152; x_wconf 87' lang='lat' dir='ltr'><strong>reperies</strong></span> <span class='ocrx_word' id='word_1_500' title='bbox 3254 2083 3348 2136; x_wconf 88' lang='lat' dir='ltr'><strong>lib.</strong></span> <span class='ocrx_word' id='word_1_501' title='bbox 3393 2099 3454 2145; x_wconf 86' lang='grc' dir='ltr'>ιι,</span> 
     </span>
    </p>
   </div>
   <div class='ocr_carea' id='block_1_65' title="bbox 1883 2176 3460 2254">
    <p class='ocr_par' dir='ltr' id='par_1_65' title="bbox 1883 2176 3460 2254">
     <span class='ocr_line' id='line_1_65' title="bbox 1883 2176 3460 2254; baseline -0.007 -15"><span class='ocrx_word' id='word_1_502' title='bbox 1883 2200 2006 2254; x_wconf 86' lang='lat' dir='ltr'><strong>cap.</strong></span> <span class='ocrx_word' id='word_1_503' title='bbox 2033 2183 2089 2244; x_wconf 67' lang='grc'>4.</span> <span class='ocrx_word' id='word_1_504' title='bbox 2124 2200 2273 2236; x_wconf 85' lang='grc' dir='ltr'>ιιιιιιι.</span> <span class='ocrx_word' id='word_1_505' title='bbox 2306 2183 2359 2235; x_wconf 81' lang='grc'>5.</span> <span class='ocrx_word' id='word_1_506' title='bbox 2395 2181 2486 2235; x_wconf 87' lang='lat' dir='ltr'><strong>His</strong></span> <span class='ocrx_word' id='word_1_507' title='bbox 2513 2179 2732 2248; x_wconf 76' lang='lat' dir='ltr'><strong>adiungi</strong></span> <span class='ocrx_word' id='word_1_508' title='bbox 2763 2187 2942 2247; x_wconf 89' lang='lat' dir='ltr'><strong>potest</strong></span> <span class='ocrx_word' id='word_1_509' title='bbox 2981 2178 3047 2230; x_wconf 89' lang='lat' dir='ltr'><strong>ad</strong></span> <span class='ocrx_word' id='word_1_510' title='bbox 3077 2177 3301 2230; x_wconf 87' lang='lat' dir='ltr'><strong>tutelam</strong></span> <span class='ocrx_word' id='word_1_511' title='bbox 3334 2176 3460 2230; x_wconf 89' lang='lat' dir='ltr'><strong>Ori-</strong></span> 
     </span>
    </p>
   </div>
   <div class='ocr_carea' id='block_1_66' title="bbox 1883 2264 3446 2342">
    <p class='ocr_par' dir='ltr' id='par_1_66' title="bbox 1883 2264 3446 2342">
     <span class='ocr_line' id='line_1_66' title="bbox 1883 2264 3446 2342; baseline -0.006 -17"><span class='ocrx_word' id='word_1_512' title='bbox 1883 2271 2032 2342; x_wconf 87' lang='lat' dir='ltr'><strong>genis</strong></span> <span class='ocrx_word' id='word_1_513' title='bbox 2062 2280 2116 2322; x_wconf 90' lang='lat' dir='ltr'><strong>et</strong></span> <span class='ocrx_word' id='word_1_514' title='bbox 2150 2269 2236 2322; x_wconf 89' lang='lat' dir='ltr'><strong>ille</strong></span> <span class='ocrx_word' id='word_1_515' title='bbox 2258 2282 2472 2337; x_wconf 87' lang='lat' dir='ltr'><strong>quoque</strong></span> <span class='ocrx_word' id='word_1_516' title='bbox 2499 2283 2529 2321; x_wconf 92' lang='lat' dir='ltr'><strong>e</strong></span> <span class='ocrx_word' id='word_1_517' title='bbox 2568 2278 2697 2320; x_wconf 90' lang='lat' dir='ltr'><strong>tom.</strong></span> <span class='ocrx_word' id='word_1_518' title='bbox 2738 2282 2805 2319; x_wconf 63' lang='lat' dir='ltr'><strong>xx</strong></span> <span class='ocrx_word' id='word_1_519' title='bbox 2858 2265 2910 2317; x_wconf 92' lang='lat' dir='ltr'><strong>in</strong></span> <span class='ocrx_word' id='word_1_520' title='bbox 2958 2264 3142 2328; x_wconf 84' lang='lat' dir='ltr'><strong>Joan.,</strong></span> <span class='ocrx_word' id='word_1_521' title='bbox 3175 2282 3323 2317; x_wconf 89' lang='lat' dir='ltr'><strong>num.</strong></span> <span class='ocrx_word' id='word_1_522' title='bbox 3357 2266 3387 2317; x_wconf 87' lang='lat'><strong>7</strong></span> <span class='ocrx_word' id='word_1_523' title='bbox 3431 2281 3446 2316; x_wconf 91' lang='lat'><strong>:</strong></span> 
     </span>
    </p>
   </div>
   <div class='ocr_carea' id='block_1_67' title="bbox 1886 2356 3455 2431">
    <p class='ocr_par' dir='ltr' id='par_1_67' title="bbox 1886 2356 3455 2431">
     <span class='ocr_line' id='line_1_67' title="bbox 1886 2356 3455 2431; baseline -0.004 -16"><span class='ocrx_word' id='word_1_524' title='bbox 1886 2363 2096 2431; x_wconf 83' lang='grc' dir='ltr'>’Ὠσπερ</span> <span class='ocrx_word' id='word_1_525' title='bbox 2123 2359 2443 2431; x_wconf 79' lang='grc' dir='ltr'>ἀνθρώπους</span> <span class='ocrx_word' id='word_1_526' title='bbox 2468 2357 2532 2411; x_wconf 86' lang='grc' dir='ltr'>ἄν</span> <span class='ocrx_word' id='word_1_527' title='bbox 2574 2374 2725 2420; x_wconf 84' lang='grc' dir='ltr'>τινας</span> <span class='ocrx_word' id='word_1_528' title='bbox 2752 2356 2997 2427; x_wconf 73' lang='grc' dir='ltr'><strong>εἴποιμεν</strong></span> <span class='ocrx_word' id='word_1_529' title='bbox 3031 2357 3124 2408; x_wconf 85' lang='grc' dir='ltr'><strong>ἀπ’</strong></span> <span class='ocrx_word' id='word_1_530' title='bbox 3152 2356 3325 2427; x_wconf 80' lang='grc' dir='ltr'>ἀρχῆς</span> <span class='ocrx_word' id='word_1_531' title='bbox 3353 2357 3455 2409; x_wconf 87' lang='grc' dir='ltr'>αὐ-</span> 
     </span>
    </p>
   </div>
   <div class='ocr_carea' id='block_1_68' title="bbox 1882 2443 3452 2524">
    <p class='ocr_par' dir='ltr' id='par_1_68' title="bbox 1882 2443 3452 2524">
     <span class='ocr_line' id='line_1_68' title="bbox 1882 2443 3452 2524; baseline -0.006 -15"><span class='ocrx_word' id='word_1_532' title='bbox 1882 2456 2083 2518; x_wconf 86' lang='grc' dir='ltr'>τόπτας</span> <span class='ocrx_word' id='word_1_533' title='bbox 2115 2453 2394 2524; x_wconf 77' lang='grc' dir='ltr'>γεγονέναι</span> <span class='ocrx_word' id='word_1_534' title='bbox 2425 2453 2516 2505; x_wconf 74' lang='grc' dir='ltr'>τοῦ</span> <span class='ocrx_word' id='word_1_535' title='bbox 2544 2452 2739 2519; x_wconf 79' lang='grc' dir='ltr'>Λόγου,</span> <span class='ocrx_word' id='word_1_536' title='bbox 2772 2452 2897 2521; x_wconf 70' lang='grc' dir='ltr'>περὶ</span> <span class='ocrx_word' id='word_1_537' title='bbox 2915 2443 2988 2502; x_wconf 81' lang='grc' dir='ltr'>ὧν</span> <span class='ocrx_word' id='word_1_538' title='bbox 3011 2452 3038 2502; x_wconf 88' lang='grc' dir='ltr'><strong>ό</strong></span> <span class='ocrx_word' id='word_1_539' title='bbox 3066 2451 3276 2512; x_wconf 78' lang='grc' dir='ltr'>Λουκᾶς</span> <span class='ocrx_word' id='word_1_540' title='bbox 3300 2466 3452 2520; x_wconf 77' lang='grc' dir='ltr'>φησιο</span> 
     </span>
    </p>
   </div>
   <div class='ocr_carea' id='block_1_69' title="bbox 1881 2539 3456 2614">
    <p class='ocr_par' dir='ltr' id='par_1_69' title="bbox 1881 2539 3456 2614">
     <span class='ocr_line' id='line_1_69' title="bbox 1881 2539 3456 2614; baseline -0.004 -14"><span class='ocrx_word' id='word_1_541' title='bbox 1881 2547 2087 2612; x_wconf 81' lang='grc' dir='ltr'><strong>Καθὼς</strong></span> <span class='ocrx_word' id='word_1_542' title='bbox 2108 2544 2453 2614; x_wconf 78' lang='grc' dir='ltr'>παρέδοσαν</span> <span class='ocrx_word' id='word_1_543' title='bbox 2467 2543 2608 2613; x_wconf 71' lang='grc' dir='ltr'><strong>ἡμῖν</strong></span> <span class='ocrx_word' id='word_1_544' title='bbox 2633 2545 2685 2596; x_wconf 78' lang='grc' dir='ltr'>οἱ</span> <span class='ocrx_word' id='word_1_545' title='bbox 2711 2543 2810 2595; x_wconf 75' lang='grc' dir='ltr'><strong>ἀπ’</strong></span> <span class='ocrx_word' id='word_1_546' title='bbox 2827 2539 3019 2609; x_wconf 80' lang='grc' dir='ltr'>ἀρχῆς</span> <span class='ocrx_word' id='word_1_547' title='bbox 3051 2540 3337 2593; x_wconf 77' lang='grc' dir='ltr'><strong>αὐτόπται</strong></span> <span class='ocrx_word' id='word_1_548' title='bbox 3358 2539 3456 2594; x_wconf 70' lang='grc' dir='ltr'><strong>καὶ</strong></span> 
     </span>
    </p>
   </div>
   <div class='ocr_carea' id='block_1_70' title="bbox 1882 2634 3459 2708">
    <p class='ocr_par' dir='ltr' id='par_1_70' title="bbox 1882 2634 3459 2708">
     <span class='ocr_line' id='line_1_70' title="bbox 1882 2634 3459 2708; baseline -0.004 -14"><span class='ocrx_word' id='word_1_549' title='bbox 1882 2639 2171 2706; x_wconf 76' lang='grc' dir='ltr'><strong>ὑπηρέται</strong></span> <span class='ocrx_word' id='word_1_550' title='bbox 2194 2638 2501 2708; x_wconf 78' lang='grc' dir='ltr'><strong>γενόμενοι</strong></span> <span class='ocrx_word' id='word_1_551' title='bbox 2543 2635 2648 2689; x_wconf 84' lang='grc' dir='ltr'>τοῦ</span> <span class='ocrx_word' id='word_1_552' title='bbox 2679 2637 2902 2705; x_wconf 78' lang='grc' dir='ltr'>Λόγου·</span> <span class='ocrx_word' id='word_1_553' title='bbox 2934 2635 3075 2688; x_wconf 71' lang='grc' dir='ltr'>οὕτω</span> <span class='ocrx_word' id='word_1_554' title='bbox 3103 2635 3192 2686; x_wconf 82' lang='grc' dir='ltr'><strong>τὸν</strong></span> <span class='ocrx_word' id='word_1_555' title='bbox 3226 2634 3459 2705; x_wconf 83' lang='grc' dir='ltr'>Σωτῆρα</span> 
     </span>
    </p>
   </div>
   <div class='ocr_carea' id='block_1_71' title="bbox 1883 2721 3460 2798">
    <p class='ocr_par' dir='ltr' id='par_1_71' title="bbox 1883 2721 3460 2798">
     <span class='ocr_line' id='line_1_71' title="bbox 1883 2721 3460 2798; baseline -0.004 -16"><span class='ocrx_word' id='word_1_556' title='bbox 1883 2729 2157 2798; x_wconf 78' lang='grc' dir='ltr'><strong>αὐτόπτην</strong></span> <span class='ocrx_word' id='word_1_557' title='bbox 2202 2727 2426 2796; x_wconf 82' lang='grc' dir='ltr'>λέξομεν</span> <span class='ocrx_word' id='word_1_558' title='bbox 2473 2721 2610 2778; x_wconf 77' lang='grc' dir='ltr'>εἶναι</span> <span class='ocrx_word' id='word_1_559' title='bbox 2655 2725 2765 2777; x_wconf 82' lang='grc' dir='ltr'><strong>τῶν</strong></span> <span class='ocrx_word' id='word_1_560' title='bbox 2810 2726 2961 2796; x_wconf 85' lang='grc' dir='ltr'>παρὰ</span> <span class='ocrx_word' id='word_1_561' title='bbox 2996 2723 3074 2794; x_wconf 84' lang='grc' dir='ltr'>τῴ</span> <span class='ocrx_word' id='word_1_562' title='bbox 3119 2723 3314 2795; x_wconf 78' lang='grc' dir='ltr'>Πατρὶ,</span> <span class='ocrx_word' id='word_1_563' title='bbox 3363 2723 3460 2778; x_wconf 77' lang='grc' dir='ltr'><strong>καὶ</strong></span> 
     </span>
    </p>
   </div>
   <div class='ocr_carea' id='block_1_72' title="bbox 1885 2813 3460 2889">
    <p class='ocr_par' dir='ltr' id='par_1_72' title="bbox 1885 2813 3460 2889">
     <span class='ocr_line' id='line_1_72' title="bbox 1885 2813 3460 2889; baseline -0.004 -16"><span class='ocrx_word' id='word_1_564' title='bbox 1885 2819 2024 2873; x_wconf 75' lang='grc' dir='ltr'>κατὰ</span> <span class='ocrx_word' id='word_1_565' title='bbox 2055 2818 2214 2870; x_wconf 81' lang='grc' dir='ltr'>τοῦτο</span> <span class='ocrx_word' id='word_1_566' title='bbox 2249 2817 2506 2889; x_wconf 69' lang='grc' dir='ltr'>ἐἰρῆσθαι</span> <span class='ocrx_word' id='word_1_567' title='bbox 2533 2817 2622 2870; x_wconf 82' lang='grc' dir='ltr'>τό’</span> <span class='ocrx_word' id='word_1_568' title='bbox 2661 2815 2870 2881; x_wconf 78' lang='grc' dir='ltr'><strong>Οὐδεὶς</strong></span> <span class='ocrx_word' id='word_1_569' title='bbox 2907 2817 3059 2884; x_wconf 72' lang='grc' dir='ltr'><em>ἔγνω</em></span> <span class='ocrx_word' id='word_1_570' title='bbox 3094 2815 3199 2868; x_wconf 75' lang='grc' dir='ltr'><strong>τὸν</strong></span> <span class='ocrx_word' id='word_1_571' title='bbox 3227 2813 3460 2884; x_wconf 75' lang='grc' dir='ltr'>Πατέρα</span> 
     </span>
    </p>
   </div>
   <div class='ocr_carea' id='block_1_73' title="bbox 1883 2902 3459 2980">
    <p class='ocr_par' dir='ltr' id='par_1_73' title="bbox 1883 2902 3459 2980">
     <span class='ocr_line' id='line_1_73' title="bbox 1883 2902 3459 2980; baseline -0.004 -16"><span class='ocrx_word' id='word_1_572' title='bbox 1883 2914 1935 2964; x_wconf 85' lang='grc' dir='ltr'>εὶ</span> <span class='ocrx_word' id='word_1_573' title='bbox 1953 2911 2038 2980; x_wconf 80' lang='grc' dir='ltr'><strong>μὴ</strong></span> <span class='ocrx_word' id='word_1_574' title='bbox 2066 2914 2098 2964; x_wconf 86' lang='grc' dir='ltr'><strong>ό</strong></span> <span class='ocrx_word' id='word_1_575' title='bbox 2130 2908 2281 2974; x_wconf 83' lang='grc' dir='ltr'><strong>Υἱὸς,</strong></span> <span class='ocrx_word' id='word_1_576' title='bbox 2299 2908 2498 2962; x_wconf 82' lang='grc' dir='ltr'>οὐκέτι</span> <span class='ocrx_word' id='word_1_577' title='bbox 2514 2910 2826 2963; x_wconf 78' lang='grc' dir='ltr'>αὐτόπτων</span> <span class='ocrx_word' id='word_1_578' title='bbox 2842 2907 3030 2960; x_wconf 76' lang='grc' dir='ltr'><strong>ὄντων</strong></span> <span class='ocrx_word' id='word_1_579' title='bbox 3047 2902 3137 2972; x_wconf 81' lang='grc' dir='ltr'>οἷς</span> <span class='ocrx_word' id='word_1_580' title='bbox 3157 2905 3234 2960; x_wconf 78' lang='grc' dir='ltr'><strong>ἂν</strong></span> <span class='ocrx_word' id='word_1_581' title='bbox 3260 2910 3292 2960; x_wconf 81' lang='grc' dir='ltr'><em>ὁ</em></span> <span class='ocrx_word' id='word_1_582' title='bbox 3327 2905 3459 2971; x_wconf 82' lang='grc' dir='ltr'><strong>Υἱὸς</strong></span> 
     </span>
    </p>
   </div>
   <div class='ocr_carea' id='block_1_74' title="bbox 1883 2997 3459 3071">
    <p class='ocr_par' dir='ltr' id='par_1_74' title="bbox 1883 2997 3459 3071">
     <span class='ocr_line' id='line_1_74' title="bbox 1883 2997 3459 3071; baseline -0.003 -16"><span class='ocrx_word' id='word_1_583' title='bbox 1883 3003 2270 3070; x_wconf 54' lang='grc' dir='ltr'><strong>ἀποκαλύψῃ</strong></span> <span class='ocrx_word' id='word_1_584' title='bbox 2304 3001 2452 3071; x_wconf 86' lang='grc' dir='ltr'>δηλοῖ</span> <span class='ocrx_word' id='word_1_585' title='bbox 2472 3001 2528 3054; x_wconf 84' lang='grc' dir='ltr'>δὲ</span> <span class='ocrx_word' id='word_1_586' title='bbox 2557 2999 2620 3053; x_wconf 84' lang='grc' dir='ltr'>τὸ</span> <span class='ocrx_word' id='word_1_587' title='bbox 2663 3000 2936 3070; x_wconf 74' lang='grc' dir='ltr'>αὐτόπτην</span> <span class='ocrx_word' id='word_1_588' title='bbox 2961 2998 3069 3052; x_wconf 80' lang='grc' dir='ltr'><strong>τῶν</strong></span> <span class='ocrx_word' id='word_1_589' title='bbox 3087 3001 3145 3052; x_wconf 81' lang='grc' dir='ltr'><strong>ὲν</strong></span> <span class='ocrx_word' id='word_1_590' title='bbox 3171 2997 3250 3068; x_wconf 85' lang='grc' dir='ltr'><strong>τῷ</strong></span> <span class='ocrx_word' id='word_1_591' title='bbox 3281 2998 3459 3069; x_wconf 59' lang='lat' dir='ltr'><strong>Harp!</strong></span> 
     </span>
    </p>
   </div>
   <div class='ocr_carea' id='block_1_75' title="bbox 1883 3089 3460 3162">
    <p class='ocr_par' dir='ltr' id='par_1_75' title="bbox 1883 3089 3460 3162">
     <span class='ocr_line' id='line_1_75' title="bbox 1883 3089 3460 3162; baseline -0.003 -16"><span class='ocrx_word' id='word_1_592' title='bbox 1883 3093 2170 3162; x_wconf 71' lang='grc' dir='ltr'><strong>τυγχάνειν</strong></span> <span class='ocrx_word' id='word_1_593' title='bbox 2197 3093 2286 3144; x_wconf 83' lang='grc' dir='ltr'><strong>τὸν</strong></span> <span class='ocrx_word' id='word_1_594' title='bbox 2315 3092 2542 3162; x_wconf 77' lang='grc' dir='ltr'>Σωτῆρα</span> <span class='ocrx_word' id='word_1_595' title='bbox 2574 3091 2761 3160; x_wconf 71' lang='grc' dir='ltr'>σαφῶς</span> <span class='ocrx_word' id='word_1_596' title='bbox 2793 3093 2827 3161; x_wconf 80' lang='grc' dir='ltr'><strong>ἡ</strong></span> <span class='ocrx_word' id='word_1_597' title='bbox 2857 3089 3189 3162; x_wconf 80' lang='grc' dir='ltr'>προκειμένη</span> <span class='ocrx_word' id='word_1_598' title='bbox 3219 3089 3362 3156; x_wconf 78' lang='grc' dir='ltr'>λέξις</span> <span class='ocrx_word' id='word_1_599' title='bbox 3399 3091 3460 3143; x_wconf 79' lang='grc' dir='ltr'>ὲν</span> 
     </span>
    </p>
   </div>
   <div class='ocr_carea' id='block_1_76' title="bbox 1884 3179 3459 3255">
    <p class='ocr_par' dir='ltr' id='par_1_76' title="bbox 1884 3179 3459 3255">
     <span class='ocr_line' id='line_1_76' title="bbox 1884 3179 3459 3255; baseline -0.001 -19"><span class='ocrx_word' id='word_1_600' title='bbox 1884 3183 1994 3255; x_wconf 81' lang='grc' dir='ltr'><strong>τῷ·</strong></span> <span class='ocrx_word' id='word_1_601' title='bbox 2043 3187 2111 3238; x_wconf 76' lang='grc' dir='ltr'><strong>’Ἀ</strong></span> <span class='ocrx_word' id='word_1_602' title='bbox 2302 3183 2529 3250; x_wconf 81' lang='grc' dir='ltr'>ἑώρακα</span> <span class='ocrx_word' id='word_1_603' title='bbox 2575 3182 2746 3255; x_wconf 50' lang='grc' dir='ltr'>παρὰῄ</span> <span class='ocrx_word' id='word_1_604' title='bbox 2764 3180 2843 3246; x_wconf 85' lang='grc' dir='ltr'>τῷ</span> <span class='ocrx_word' id='word_1_605' title='bbox 2872 3181 3073 3248; x_wconf 71' lang='grc' dir='ltr'>Πατρὶ,</span> <span class='ocrx_word' id='word_1_606' title='bbox 3113 3179 3300 3234; x_wconf 76' lang='grc' dir='ltr'><em>λαλῶ.</em></span> <span class='ocrx_word' id='word_1_607' title='bbox 3361 3180 3459 3234; x_wconf 88' lang='lat' dir='ltr'><strong>llic</strong></span> 
     </span>
    </p>
   </div>
   <div class='ocr_carea' id='block_1_77' title="bbox 1880 3253 3454 3341">
    <p class='ocr_par' dir='ltr' id='par_1_77' title="bbox 1880 3253 3454 3341">
     <span class='ocr_line' id='line_1_77' title="bbox 1880 3253 3454 3341; baseline -0.003 -12"><span class='ocrx_word' id='word_1_608' title='bbox 1880 3253 2084 3339; x_wconf 82' lang='lat' dir='ltr'><strong>autem,</strong></span> <span class='ocrx_word' id='word_1_609' title='bbox 2145 3285 2205 3328; x_wconf 89' lang='grc' dir='ltr'><strong>ιιι</strong></span> <span class='ocrx_word' id='word_1_610' title='bbox 2250 3274 2377 3327; x_wconf 89' lang='lat' dir='ltr'><strong>alibi</strong></span> <span class='ocrx_word' id='word_1_611' title='bbox 2407 3287 2569 3341; x_wconf 65' lang='lat' dir='ltr'><strong>saepe,</strong></span> <span class='ocrx_word' id='word_1_612' title='bbox 2623 3253 2750 3325; x_wconf 78' lang='lat' dir='ltr'><strong>illud</strong></span> <span class='ocrx_word' id='word_1_613' title='bbox 2796 3288 2860 3324; x_wconf 84' lang='lat' dir='ltr'><strong>ex</strong></span> <span class='ocrx_word' id='word_1_614' title='bbox 2893 3272 3148 3340; x_wconf 80' lang='lat' dir='ltr'><strong>Apologia</strong></span> <span class='ocrx_word' id='word_1_615' title='bbox 3188 3271 3454 3340; x_wconf 82' lang='lat' dir='ltr'><strong>Pamphili</strong></span> 
     </span>
    </p>
   </div>
   <div class='ocr_carea' id='block_1_78' title="bbox 1883 3363 3455 3435">
    <p class='ocr_par' dir='ltr' id='par_1_78' title="bbox 1883 3363 3455 3435">
     <span class='ocr_line' id='line_1_78' title="bbox 1883 3363 3455 3435; baseline -0.004 -15"><span class='ocrx_word' id='word_1_616' title='bbox 1883 3381 2149 3435; x_wconf 87' lang='lat' dir='ltr'><strong>usurpare</strong></span> <span class='ocrx_word' id='word_1_617' title='bbox 2196 3365 2365 3420; x_wconf 89' lang='lat' dir='ltr'><strong>licet:</strong></span> <span class='ocrx_word' id='word_1_618' title='bbox 2403 3383 2420 3415; x_wconf 82' lang='grc' dir='ltr'><strong>ι</strong></span> <span class='ocrx_word' id='word_1_619' title='bbox 2461 3363 2692 3418; x_wconf 88' lang='lat' dir='ltr'><strong>Dubium</strong></span> <span class='ocrx_word' id='word_1_620' title='bbox 2745 3373 2925 3417; x_wconf 87' lang='lat' dir='ltr'><strong>antem</strong></span> <span class='ocrx_word' id='word_1_621' title='bbox 2987 3379 3092 3416; x_wconf 92' lang='lat' dir='ltr'><strong>non</strong></span> <span class='ocrx_word' id='word_1_622' title='bbox 3155 3371 3260 3426; x_wconf 88' lang='lat' dir='ltr'><strong>est,</strong></span> <span class='ocrx_word' id='word_1_623' title='bbox 3311 3365 3455 3432; x_wconf 80' lang='lat' dir='ltr'><strong>quod</strong></span> 
     </span>
    </p>
   </div>
   <div class='ocr_carea' id='block_1_79' title="bbox 1881 3454 3454 3520">
    <p class='ocr_par' dir='ltr' id='par_1_79' title="bbox 1881 3454 3454 3520">
     <span class='ocr_line' id='line_1_79' title="bbox 1881 3454 3454 3520; baseline -0.003 -8"><span class='ocrx_word' id='word_1_624' title='bbox 1881 3459 2069 3512; x_wconf 90' lang='lat' dir='ltr'><strong>eodem</strong></span> <span class='ocrx_word' id='word_1_625' title='bbox 2105 3472 2268 3513; x_wconf 90' lang='lat' dir='ltr'><strong>sensu</strong></span> <span class='ocrx_word' id='word_1_626' title='bbox 2311 3456 2474 3510; x_wconf 89' lang='lat' dir='ltr'><strong>etiam</strong></span> <span class='ocrx_word' id='word_1_627' title='bbox 2517 3455 2572 3510; x_wconf 91' lang='lat' dir='ltr'><strong>in</strong></span> <span class='ocrx_word' id='word_1_628' title='bbox 2608 3456 2822 3510; x_wconf 72' lang='lat' dir='ltr'><strong>caeteris</strong></span> <span class='ocrx_word' id='word_1_629' title='bbox 2856 3455 3078 3520; x_wconf 83' lang='lat' dir='ltr'><strong>sentiat,</strong></span> <span class='ocrx_word' id='word_1_630' title='bbox 3107 3471 3207 3511; x_wconf 89' lang='lat' dir='ltr'><strong>nec</strong></span> <span class='ocrx_word' id='word_1_631' title='bbox 3235 3456 3310 3510; x_wconf 88' lang='lat' dir='ltr'><strong>sit</strong></span> <span class='ocrx_word' id='word_1_632' title='bbox 3350 3454 3454 3510; x_wconf 88' lang='lat' dir='ltr'><strong>sibi</strong></span> 
     </span>
    </p>
   </div>
   <div class='ocr_carea' id='block_1_80' title="bbox 1881 3547 2404 3618">
    <p class='ocr_par' dir='ltr' id='par_1_80' title="bbox 1881 3547 2404 3618">
     <span class='ocr_line' id='line_1_80' title="bbox 1881 3547 2404 3618; baseline -0.008 -15"><span class='ocrx_word' id='word_1_633' title='bbox 1881 3549 1995 3618; x_wconf 90' lang='lat' dir='ltr'><strong>ipse</strong></span> <span class='ocrx_word' id='word_1_634' title='bbox 2025 3547 2351 3602; x_wconf 90' lang='lat' dir='ltr'><strong>contrarius.</strong></span> <span class='ocrx_word' id='word_1_635' title='bbox 2384 3566 2404 3599; x_wconf 74' lang='grc' dir='ltr'><strong>ι</strong></span> 
     </span>
    </p>
   </div>
   <div class='ocr_carea' id='block_1_81' title="bbox 1949 3654 3456 3726">
    <p class='ocr_par' dir='ltr' id='par_1_81' title="bbox 1949 3654 3456 3726">
     <span class='ocr_line' id='line_1_81' title="bbox 1949 3654 3456 3726; baseline 0.001 -17"><span class='ocrx_word' id='word_1_636' title='bbox 1949 3654 2096 3710; x_wconf 76' lang='lat' dir='ltr'><strong>XIX.</strong></span> <span class='ocrx_word' id='word_1_637' title='bbox 2128 3656 2382 3710; x_wconf 85' lang='lat' dir='ltr'><strong>Attamen</strong></span> <span class='ocrx_word' id='word_1_638' title='bbox 2416 3671 2482 3710; x_wconf 91' lang='lat' dir='ltr'><strong>ne</strong></span> <span class='ocrx_word' id='word_1_639' title='bbox 2530 3657 2769 3726; x_wconf 77' lang='lat' dir='ltr'><strong>perfecte</strong></span> <span class='ocrx_word' id='word_1_640' title='bbox 2802 3656 3022 3726; x_wconf 85' lang='lat' dir='ltr'><strong>quidem</strong></span> <span class='ocrx_word' id='word_1_641' title='bbox 3053 3665 3106 3710; x_wconf 93' lang='lat' dir='ltr'><strong>et</strong></span> <span class='ocrx_word' id='word_1_642' title='bbox 3139 3657 3294 3726; x_wconf 88' lang='lat' dir='ltr'><strong>plene</strong></span> <span class='ocrx_word' id='word_1_643' title='bbox 3351 3654 3456 3710; x_wconf 82' lang='lat' dir='ltr'><strong>Pa-</strong></span> 
     </span>
    </p>
   </div>
   <div class='ocr_carea' id='block_1_82' title="bbox 1886 3745 3454 3818">
    <p class='ocr_par' dir='ltr' id='par_1_82' title="bbox 1886 3745 3454 3818">
     <span class='ocr_line' id='line_1_82' title="bbox 1886 3745 3454 3818; baseline 0.001 -18"><span class='ocrx_word' id='word_1_644' title='bbox 1886 3757 2023 3802; x_wconf 86' lang='lat' dir='ltr'><strong>trem</strong></span> <span class='ocrx_word' id='word_1_645' title='bbox 2056 3761 2086 3801; x_wconf 89' lang='lat' dir='ltr'><strong>a</strong></span> <span class='ocrx_word' id='word_1_646' title='bbox 2126 3745 2266 3802; x_wconf 87' lang='lat' dir='ltr'><strong>Filio</strong></span> <span class='ocrx_word' id='word_1_647' title='bbox 2305 3749 2482 3814; x_wconf 87' lang='lat' dir='ltr'><strong>nosci,</strong></span> <span class='ocrx_word' id='word_1_648' title='bbox 2510 3748 2584 3802; x_wconf 88' lang='lat' dir='ltr'><strong>ita</strong></span> <span class='ocrx_word' id='word_1_649' title='bbox 2619 3757 2678 3803; x_wconf 88' lang='lat' dir='ltr'><strong>ut</strong></span> <span class='ocrx_word' id='word_1_650' title='bbox 2713 3763 2743 3803; x_wconf 88' lang='lat' dir='ltr'><strong>a</strong></span> <span class='ocrx_word' id='word_1_651' title='bbox 2769 3748 2951 3818; x_wconf 89' lang='lat' dir='ltr'><strong>seipso</strong></span> <span class='ocrx_word' id='word_1_652' title='bbox 2990 3748 3238 3802; x_wconf 90' lang='lat' dir='ltr'><strong>noscitur</strong></span> <span class='ocrx_word' id='word_1_653' title='bbox 3271 3747 3454 3812; x_wconf 83' lang='lat' dir='ltr'><strong>Pater,</strong></span> 
     </span>
    </p>
   </div>
   <div class='ocr_carea' id='block_1_83' title="bbox 1885 3844 3522 3914">
    <p class='ocr_par' dir='ltr' id='par_1_83' title="bbox 1885 3844 3522 3914">
     <span class='ocr_line' id='line_1_83' title="bbox 1885 3844 3522 3914; baseline -0.001 -14"><span class='ocrx_word' id='word_1_654' title='bbox 1885 3846 2262 3914; x_wconf 88' lang='lat' dir='ltr'><strong>minoremque</strong></span> <span class='ocrx_word' id='word_1_655' title='bbox 2293 3860 2417 3901; x_wconf 91' lang='lat' dir='ltr'><strong>esse</strong></span> <span class='ocrx_word' id='word_1_656' title='bbox 2471 3845 2832 3912; x_wconf 85' lang='lat' dir='ltr'><strong>cognitionem</strong></span> <span class='ocrx_word' id='word_1_657' title='bbox 2885 3845 3007 3900; x_wconf 88' lang='lat' dir='ltr'><strong>Filii</strong></span> <span class='ocrx_word' id='word_1_658' title='bbox 3058 3859 3220 3914; x_wconf 89' lang='lat' dir='ltr'><strong>quam</strong></span> <span class='ocrx_word' id='word_1_659' title='bbox 3280 3844 3456 3898; x_wconf 85' lang='lat' dir='ltr'><strong>Patris</strong></span> <span class='ocrx_word' id='word_1_660' title='bbox 3520 3859 3522 3864; x_wconf 91' lang='grc'><strong>·</strong></span> 
     </span>
    </p>
   </div>
   <div class='ocr_carea' id='block_1_84' title="bbox 1881 3933 3460 4006">
    <p class='ocr_par' dir='ltr' id='par_1_84' title="bbox 1881 3933 3460 4006">
     <span class='ocr_line' id='line_1_84' title="bbox 1881 3933 3460 4006; baseline -0.003 -15"><span class='ocrx_word' id='word_1_661' title='bbox 1881 3950 2268 4006; x_wconf 87' lang='lat' dir='ltr'><strong>nonnunquam</strong></span> <span class='ocrx_word' id='word_1_662' title='bbox 2311 3933 2579 4004; x_wconf 87' lang='lat' dir='ltr'><strong>Origenes</strong></span> <span class='ocrx_word' id='word_1_663' title='bbox 2601 3935 2871 3990; x_wconf 88' lang='lat' dir='ltr'><strong>asseruit:</strong></span> <span class='ocrx_word' id='word_1_664' title='bbox 2903 3935 2981 4005; x_wconf 85' lang='lat'><strong>(7)</strong></span> <span class='ocrx_word' id='word_1_665' title='bbox 3031 3949 3155 3988; x_wconf 85' lang='lat' dir='ltr'><strong>nam</strong></span> <span class='ocrx_word' id='word_1_666' title='bbox 3191 3933 3460 4004; x_wconf 78' lang='lat' dir='ltr'><strong>Hierony-</strong></span> 
     </span>
    </p>
   </div>
   <div class='ocr_carea' id='block_1_85' title="bbox 1885 4023 3456 4094">
    <p class='ocr_par' dir='ltr' id='par_1_85' title="bbox 1885 4023 3456 4094">
     <span class='ocr_line' id='line_1_85' title="bbox 1885 4023 3456 4094; baseline 0 -16"><span class='ocrx_word' id='word_1_667' title='bbox 1885 4040 2003 4080; x_wconf 89' lang='lat' dir='ltr'><strong>mus</strong></span> <span class='ocrx_word' id='word_1_668' title='bbox 2065 4024 2120 4078; x_wconf 92' lang='lat' dir='ltr'><strong>in</strong></span> <span class='ocrx_word' id='word_1_669' title='bbox 2168 4024 2328 4094; x_wconf 88' lang='lat' dir='ltr'><strong>epist.</strong></span> <span class='ocrx_word' id='word_1_670' title='bbox 2405 4024 2495 4089; x_wconf 82' lang='lat'><strong>59,</strong></span> <span class='ocrx_word' id='word_1_671' title='bbox 2543 4024 2612 4077; x_wconf 84' lang='lat' dir='ltr'><strong>ad</strong></span> <span class='ocrx_word' id='word_1_672' title='bbox 2667 4025 2832 4086; x_wconf 80' lang='lat' dir='ltr'><strong>Avit.,</strong></span> <span class='ocrx_word' id='word_1_673' title='bbox 2862 4038 2985 4093; x_wconf 90' lang='lat' dir='ltr'><strong>cap.</strong></span> <span class='ocrx_word' id='word_1_674' title='bbox 3024 4023 3079 4088; x_wconf 71' lang='grc'><strong>4,</strong></span> <span class='ocrx_word' id='word_1_675' title='bbox 3113 4023 3309 4078; x_wconf 89' lang='lat' dir='ltr'><strong>recitat</strong></span> <span class='ocrx_word' id='word_1_676' title='bbox 3351 4023 3456 4078; x_wconf 90' lang='lat' dir='ltr'><strong>hoc</strong></span> 
     </span>
    </p>
   </div>
   <div class='ocr_carea' id='block_1_86' title="bbox 1882 4113 3454 4188">
    <p class='ocr_par' dir='ltr' id='par_1_86' title="bbox 1882 4113 3454 4188">
     <span class='ocr_line' id='line_1_86' title="bbox 1882 4113 3454 4188; baseline -0.002 -16"><span class='ocrx_word' id='word_1_677' title='bbox 1882 4117 2058 4188; x_wconf 89' lang='lat' dir='ltr'><strong>ipsius</strong></span> <span class='ocrx_word' id='word_1_678' title='bbox 2089 4115 2370 4171; x_wconf 88' lang='lat' dir='ltr'><strong>decretum</strong></span> <span class='ocrx_word' id='word_1_679' title='bbox 2414 4130 2446 4169; x_wconf 80' lang='grc' dir='ltr'><strong>ε</strong></span> <span class='ocrx_word' id='word_1_680' title='bbox 2485 4115 2581 4171; x_wconf 92' lang='lat' dir='ltr'><strong>lib.</strong></span> <span class='ocrx_word' id='word_1_681' title='bbox 2611 4130 2664 4170; x_wconf 84' lang='lat' dir='ltr'><strong>1v</strong></span> <span class='ocrx_word' id='word_1_682' title='bbox 2693 4115 2834 4186; x_wconf 74' lang='grc' dir='ltr'><strong>Περὶ</strong></span> <span class='ocrx_word' id='word_1_683' title='bbox 2867 4113 3093 4184; x_wconf 83' lang='grc' dir='ltr'>ἀρχῶν,</span> <span class='ocrx_word' id='word_1_684' title='bbox 3142 4130 3294 4172; x_wconf 87' lang='lat' dir='ltr'><strong>num.</strong></span> <span class='ocrx_word' id='word_1_685' title='bbox 3356 4114 3454 4181; x_wconf 79' lang='lat'><strong>35,</strong></span> 
     </span>
    </p>
   </div>
   <div class='ocr_carea' id='block_1_87' title="bbox 1883 4296 3458 4356">
    <p class='ocr_par' dir='ltr' id='par_1_87' title="bbox 1883 4296 3458 4356">
     <span class='ocr_line' id='line_1_87' title="bbox 1883 4296 3458 4356; baseline -0.001 0"><span class='ocrx_word' id='word_1_686' title='bbox 1883 4300 2060 4356; x_wconf 88' lang='lat' dir='ltr'><strong>cimus</strong></span> <span class='ocrx_word' id='word_1_687' title='bbox 2094 4298 2320 4355; x_wconf 80' lang='lat' dir='ltr'><strong>artiﬁcis</strong></span> <span class='ocrx_word' id='word_1_688' title='bbox 2352 4299 2590 4352; x_wconf 89' lang='lat' dir='ltr'><strong>animum</strong></span> <span class='ocrx_word' id='word_1_689' title='bbox 2623 4298 2760 4352; x_wconf 89' lang='lat' dir='ltr'><strong>artis</strong></span> <span class='ocrx_word' id='word_1_690' title='bbox 2792 4297 2934 4352; x_wconf 76' lang='lat' dir='ltr'><strong>scire</strong></span> <span class='ocrx_word' id='word_1_691' title='bbox 2965 4312 3296 4353; x_wconf 88' lang='lat' dir='ltr'><strong>mensuram.</strong></span> <span class='ocrx_word' id='word_1_692' title='bbox 3335 4296 3458 4354; x_wconf 84' lang='lat' dir='ltr'><strong>Nec</strong></span> 
     </span>
    </p>
   </div>
   <div class='ocr_carea' id='block_1_88' title="bbox 1882 4368 3460 4440">
    <p class='ocr_par' dir='ltr' id='par_1_88' title="bbox 1882 4368 3460 4440">
     <span class='ocr_line' id='line_1_88' title="bbox 1882 4368 3460 4440; baseline -0.001 -16"><span class='ocrx_word' id='word_1_693' title='bbox 1882 4370 2100 4424; x_wconf 88' lang='lat' dir='ltr'><strong>dubium</strong></span> <span class='ocrx_word' id='word_1_694' title='bbox 2153 4371 2280 4440; x_wconf 90' lang='lat' dir='ltr'><strong>quin</strong></span> <span class='ocrx_word' id='word_1_695' title='bbox 2307 4369 2352 4423; x_wconf 93' lang='lat' dir='ltr'><strong>si</strong></span> <span class='ocrx_word' id='word_1_696' title='bbox 2383 4368 2547 4422; x_wconf 85' lang='lat' dir='ltr'><strong>Pater</strong></span> <span class='ocrx_word' id='word_1_697' title='bbox 2576 4368 2659 4440; x_wconf 78' lang='lat' dir='ltr'><strong>sit</strong></span> <span class='ocrx_word' id='word_1_698' title='bbox 2690 4369 2740 4422; x_wconf 89' lang='lat' dir='ltr'><strong>in</strong></span> <span class='ocrx_word' id='word_1_699' title='bbox 2765 4368 2922 4434; x_wconf 72' lang='lat' dir='ltr'><strong>Filio,</strong></span> <span class='ocrx_word' id='word_1_700' title='bbox 2949 4379 2998 4422; x_wconf 92' lang='lat' dir='ltr'><strong>et</strong></span> <span class='ocrx_word' id='word_1_701' title='bbox 3027 4368 3460 4440; x_wconf 78' lang='lat' dir='ltr'><strong>comprehenda-</strong></span> 
     </span>
    </p>
   </div>
   <div class='ocr_carea' id='block_1_89' title="bbox 1885 4439 3453 4509">
    <p class='ocr_par' dir='ltr' id='par_1_89' title="bbox 1885 4439 3453 4509">
     <span class='ocr_line' id='line_1_89' title="bbox 1885 4439 3453 4509; baseline -0.001 -15"><span class='ocrx_word' id='word_1_702' title='bbox 1885 4450 1971 4494; x_wconf 94' lang='lat' dir='ltr'><strong>tur</strong></span> <span class='ocrx_word' id='word_1_703' title='bbox 2000 4442 2065 4494; x_wconf 84' lang='lat' dir='ltr'><strong>ab</strong></span> <span class='ocrx_word' id='word_1_704' title='bbox 2087 4455 2152 4494; x_wconf 88' lang='lat' dir='ltr'><strong>eo</strong></span> <span class='ocrx_word' id='word_1_705' title='bbox 2180 4443 2232 4494; x_wconf 94' lang='lat' dir='ltr'><strong>in</strong></span> <span class='ocrx_word' id='word_1_706' title='bbox 2271 4455 2376 4509; x_wconf 90' lang='lat' dir='ltr'><strong>quo</strong></span> <span class='ocrx_word' id='word_1_707' title='bbox 2418 4450 2521 4493; x_wconf 91' lang='lat' dir='ltr'><strong>est.</strong></span> <span class='ocrx_word' id='word_1_708' title='bbox 2564 4439 2658 4493; x_wconf 91' lang='lat' dir='ltr'><strong>Sin</strong></span> <span class='ocrx_word' id='word_1_709' title='bbox 2690 4447 2868 4491; x_wconf 89' lang='lat' dir='ltr'><strong>autem</strong></span> <span class='ocrx_word' id='word_1_710' title='bbox 2909 4439 3453 4509; x_wconf 85' lang='lat' dir='ltr'><strong>comprehensionem</strong></span> 
     </span>
    </p>
   </div>
   <div class='ocr_carea' id='block_1_90' title="bbox 1880 4508 3450 4578">
    <p class='ocr_par' dir='ltr' id='par_1_90' title="bbox 1880 4508 3450 4578">
     <span class='ocr_line' id='line_1_90' title="bbox 1880 4508 3450 4578; baseline -0.001 -14"><span class='ocrx_word' id='word_1_711' title='bbox 1880 4525 2000 4564; x_wconf 89' lang='lat' dir='ltr'><strong>eam</strong></span> <span class='ocrx_word' id='word_1_712' title='bbox 2036 4508 2376 4574; x_wconf 86' lang='lat' dir='ltr'><strong>dicimus,ut</strong></span> <span class='ocrx_word' id='word_1_713' title='bbox 2407 4526 2513 4562; x_wconf 88' lang='lat' dir='ltr'><strong>non</strong></span> <span class='ocrx_word' id='word_1_714' title='bbox 2547 4510 2722 4562; x_wconf 85' lang='lat' dir='ltr'><strong>solum</strong></span> <span class='ocrx_word' id='word_1_715' title='bbox 2750 4523 2912 4562; x_wconf 89' lang='lat' dir='ltr'><strong>sensu</strong></span> <span class='ocrx_word' id='word_1_716' title='bbox 2947 4508 3069 4578; x_wconf 90' lang='lat' dir='ltr'><strong>quis</strong></span> <span class='ocrx_word' id='word_1_717' title='bbox 3107 4517 3163 4560; x_wconf 90' lang='lat' dir='ltr'><strong>et</strong></span> <span class='ocrx_word' id='word_1_718' title='bbox 3185 4508 3450 4576; x_wconf 85' lang='lat' dir='ltr'><strong>sapientia</strong></span> 
     </span>
    </p>
   </div>
   <div class='ocr_carea' id='block_1_91' title="bbox 217 4569 3456 4649">
    <p class='ocr_par' dir='ltr' id='par_1_91' title="bbox 217 4569 3456 4649">
     <span class='ocr_line' id='line_1_91' title="bbox 217 4569 3456 4649; baseline 0.002 -24"><span class='ocrx_word' id='word_1_719' title='bbox 217 4573 318 4649; x_wconf 76' lang='lat' dir='ltr'><strong>ipso</strong></span> <span class='ocrx_word' id='word_1_720' title='bbox 356 4575 709 4649; x_wconf 72' lang='lat' dir='ltr'><strong>testimonio,</strong></span> <span class='ocrx_word' id='word_1_721' title='bbox 744 4569 918 4649; x_wconf 31' lang='lat' dir='ltr'><strong>&#39;_q_nod&#39;</strong></span> <span class='ocrx_word' id='word_1_722' title='bbox 958 4569 1426 4649; x_wconf 23' lang='lat' dir='ltr'><strong>Griecefhabetnr</strong></span> <span class='ocrx_word' id='word_1_723' title='bbox 1456 4569 1549 4633; x_wconf 81' lang='lat' dir='ltr'><strong>lib.</strong></span> <span class='ocrx_word' id='word_1_724' title='bbox 1598 4595 1652 4633; x_wconf 82' lang='lat' dir='ltr'><strong>tv</strong></span> <span class='ocrx_word' id='word_1_725' title='bbox 1697 4579 1772 4634; x_wconf 82' lang='lat' dir='ltr'><strong>De</strong></span> <span class='ocrx_word' id='word_1_726' title='bbox 1802 4569 1852 4627; x_wconf 78' lang='grc' dir='ltr'><strong>Ι)</strong></span> <span class='ocrx_word' id='word_1_727' title='bbox 1878 4569 2324 4649; x_wconf 81' lang='lat' dir='ltr'><strong>comprehendat,</strong></span> <span class='ocrx_word' id='word_1_728' title='bbox 2391 4582 2484 4633; x_wconf 89' lang='lat' dir='ltr'><strong>sed</strong></span> <span class='ocrx_word' id='word_1_729' title='bbox 2529 4590 2586 4634; x_wconf 91' lang='lat' dir='ltr'><strong>et</strong></span> <span class='ocrx_word' id='word_1_730' title='bbox 2638 4578 2837 4632; x_wconf 90' lang='lat' dir='ltr'><strong>virtute</strong></span> <span class='ocrx_word' id='word_1_731' title='bbox 2869 4589 2925 4634; x_wconf 89' lang='lat' dir='ltr'><strong>et</strong></span> <span class='ocrx_word' id='word_1_732' title='bbox 2963 4569 3209 4649; x_wconf 75' lang='lat' dir='ltr'><strong>potentia</strong></span> <span class='ocrx_word' id='word_1_733' title='bbox 3249 4569 3456 4633; x_wconf 75' lang='lat' dir='ltr'><strong>cuncta</strong></span> 
     </span>
    </p>
   </div>
   <div class='ocr_carea' id='block_1_92' title="bbox 217 4643 1772 4716">
    <p class='ocr_par' dir='ltr' id='par_1_92' title="bbox 217 4643 1772 4716">
     <span class='ocr_line' id='line_1_92' title="bbox 217 4643 1772 4716; baseline 0.006 -21"><span class='ocrx_word' id='word_1_734' title='bbox 217 4643 495 4716; x_wconf 71' lang='lat' dir='ltr'><strong>principiis,</strong></span> <span class='ocrx_word' id='word_1_735' title='bbox 548 4661 707 4716; x_wconf 77' lang='lat' dir='ltr'><strong>num.</strong></span> <span class='ocrx_word' id='word_1_736' title='bbox 743 4646 833 4700; x_wconf 78' lang='lat'><strong>35.</strong></span> <span class='ocrx_word' id='word_1_737' title='bbox 886 4649 1064 4715; x_wconf 86' lang='lat' dir='ltr'><strong>Atque</strong></span> <span class='ocrx_word' id='word_1_738' title='bbox 1104 4648 1318 4701; x_wconf 84' lang='lat' dir='ltr'><strong>etiamsi</strong></span> <span class='ocrx_word' id='word_1_739' title='bbox 1360 4651 1459 4702; x_wconf 89' lang='lat' dir='ltr'><strong>hoc</strong></span> <span class='ocrx_word' id='word_1_740' title='bbox 1511 4649 1630 4704; x_wconf 88' lang='lat' dir='ltr'><strong>loco</strong></span> <span class='ocrx_word' id='word_1_741' title='bbox 1667 4665 1772 4704; x_wconf 91' lang='lat' dir='ltr'><strong>non</strong></span> 
     </span>
    </p>
   </div>
   <div class='ocr_carea' id='block_1_93' title="bbox 219 4713 1776 4786">
    <p class='ocr_par' dir='ltr' id='par_1_93' title="bbox 219 4713 1776 4786">
     <span class='ocr_line' id='line_1_93' title="bbox 219 4713 1776 4786; baseline 0.008 -22"><span class='ocrx_word' id='word_1_742' title='bbox 219 4713 433 4786; x_wconf 75' lang='lat' dir='ltr'><strong>alienam</strong></span> <span class='ocrx_word' id='word_1_743' title='bbox 491 4714 851 4779; x_wconf 86' lang='lat' dir='ltr'><strong>sententiam,</strong></span> <span class='ocrx_word' id='word_1_744' title='bbox 897 4713 990 4770; x_wconf 86' lang='lat' dir='ltr'><strong>sed</strong></span> <span class='ocrx_word' id='word_1_745' title='bbox 1045 4733 1196 4770; x_wconf 90' lang='lat' dir='ltr'><strong>suam</strong></span> <span class='ocrx_word' id='word_1_746' title='bbox 1230 4731 1580 4786; x_wconf 81' lang='lat' dir='ltr'><strong>preponeret,</strong></span> <span class='ocrx_word' id='word_1_747' title='bbox 1629 4719 1776 4776; x_wconf 87' lang='lat' dir='ltr'><strong>illius</strong></span> 
     </span>
    </p>
   </div>
   <div class='ocr_carea' id='block_1_94' title="bbox 221 4783 1775 4856">
    <p class='ocr_par' dir='ltr' id='par_1_94' title="bbox 221 4783 1775 4856">
     <span class='ocr_line' id='line_1_94' title="bbox 221 4783 1775 4856; baseline 0.006 -22"><span class='ocrx_word' id='word_1_748' title='bbox 221 4783 441 4856; x_wconf 67' lang='lat' dir='ltr'><strong>proiecto</strong></span> <span class='ocrx_word' id='word_1_749' title='bbox 471 4786 640 4838; x_wconf 89' lang='lat' dir='ltr'><strong>verba</strong></span> <span class='ocrx_word' id='word_1_750' title='bbox 661 4787 854 4856; x_wconf 81' lang='lat' dir='ltr'><strong>eodem</strong></span> <span class='ocrx_word' id='word_1_751' title='bbox 884 4801 1044 4841; x_wconf 89' lang='lat' dir='ltr'><strong>sensu</strong></span> <span class='ocrx_word' id='word_1_752' title='bbox 1075 4783 1384 4856; x_wconf 80' lang='lat' dir='ltr'><strong>accipienda</strong></span> <span class='ocrx_word' id='word_1_753' title='bbox 1418 4799 1636 4852; x_wconf 90' lang='lat' dir='ltr'><strong>essent,</strong></span> <span class='ocrx_word' id='word_1_754' title='bbox 1665 4805 1775 4856; x_wconf 90' lang='lat' dir='ltr'><strong>qno</strong></span> 
     </span>
    </p>
   </div>
   <div class='ocr_carea' id='block_1_95' title="bbox 222 4852 1774 4930">
    <p class='ocr_par' dir='ltr' id='par_1_95' title="bbox 222 4852 1774 4930">
     <span class='ocr_line' id='line_1_95' title="bbox 222 4852 1774 4930; baseline 0.006 -27"><span class='ocrx_word' id='word_1_755' title='bbox 222 4852 303 4930; x_wconf 69' lang='lat' dir='ltr'><strong>ista</strong></span> <span class='ocrx_word' id='word_1_756' title='bbox 341 4853 524 4930; x_wconf 63' lang='lat' dir='ltr'><strong>Basilii</strong></span> <span class='ocrx_word' id='word_1_757' title='bbox 559 4855 768 4930; x_wconf 81' lang='lat' dir='ltr'><strong>ex_lib._</strong></span> <span class='ocrx_word' id='word_1_758' title='bbox 790 4871 838 4908; x_wconf 83' lang='lat' dir='ltr'><strong>IV</strong></span> <span class='ocrx_word' id='word_1_759' title='bbox 864 4858 1112 4930; x_wconf 72' lang='lat' dir='ltr'><strong>adversus</strong></span> <span class='ocrx_word' id='word_1_760' title='bbox 1142 4852 1460 4930; x_wconf 76' lang='lat' dir='ltr'><strong>Emwmium</strong></span> <span class='ocrx_word' id='word_1_761' title='bbox 1492 4874 1511 4912; x_wconf 90' lang='lat'><strong><em>:</em></strong></span> <span class='ocrx_word' id='word_1_762' title='bbox 1545 4860 1610 4930; x_wconf 77' lang='lat' dir='ltr'><strong>Ei.</strong></span> <span class='ocrx_word' id='word_1_763' title='bbox 1637 4852 1774 4930; x_wconf 74' lang='grc' dir='ltr'>ἀλη-</span> 
     </span>
    </p>
   </div>
   <div class='ocr_carea' id='block_1_96' title="bbox 220 4919 1775 4995">
    <p class='ocr_par' dir='ltr' id='par_1_96' title="bbox 220 4919 1775 4995">
     <span class='ocr_line' id='line_1_96' title="bbox 220 4919 1775 4995; baseline 0.006 -23"><span class='ocrx_word' id='word_1_764' title='bbox 220 4919 342 4995; x_wconf 54' lang='grc' dir='ltr'>θινὸς</span> <span class='ocrx_word' id='word_1_765' title='bbox 368 4924 522 4988; x_wconf 77' lang='grc' dir='ltr'>Θεὸς,</span> <span class='ocrx_word' id='word_1_766' title='bbox 558 4925 657 4995; x_wconf 78' lang='grc' dir='ltr'><strong>καὶ</strong></span> <span class='ocrx_word' id='word_1_767' title='bbox 694 4925 829 4992; x_wconf 76' lang='grc' dir='ltr'>φῶς,</span> <span class='ocrx_word' id='word_1_768' title='bbox 863 4927 956 4979; x_wconf 77' lang='grc' dir='ltr'><strong>καὶ</strong></span> <span class='ocrx_word' id='word_1_769' title='bbox 990 4925 1278 4995; x_wconf 80' lang='grc' dir='ltr'>ἄτρεπτος,</span> <span class='ocrx_word' id='word_1_770' title='bbox 1306 4929 1400 4979; x_wconf 74' lang='grc' dir='ltr'><strong>καὶ</strong></span> <span class='ocrx_word' id='word_1_771' title='bbox 1428 4929 1651 4995; x_wconf 78' lang='grc' dir='ltr'>ἀγαθὸς,</span> <span class='ocrx_word' id='word_1_772' title='bbox 1680 4919 1775 4983; x_wconf 73' lang='grc' dir='ltr'>καὶ</span> 
     </span>
    </p>
   </div>
   <div class='ocr_carea' id='block_1_97' title="bbox 221 4990 1771 5070">
    <p class='ocr_par' dir='ltr' id='par_1_97' title="bbox 221 4990 1771 5070">
     <span class='ocr_line' id='line_1_97' title="bbox 221 4990 1771 5070; baseline 0.006 -26"><span class='ocrx_word' id='word_1_773' title='bbox 221 4990 371 5070; x_wconf 54' lang='lat' dir='ltr'><strong>apag,</strong></span> <span class='ocrx_word' id='word_1_774' title='bbox 397 4997 492 5070; x_wconf 52' lang='lat' dir='ltr'><strong>irai</strong></span> <span class='ocrx_word' id='word_1_775' title='bbox 527 4990 941 5070; x_wconf 34' lang='lat' dir='ltr'><strong>KOELO-{Orio&#39;q</strong></span> <span class='ocrx_word' id='word_1_776' title='bbox 960 5014 993 5070; x_wconf 28' lang='grc' dir='ltr'><strong>Ἀ</strong></span> <span class='ocrx_word' id='word_1_777' title='bbox 1014 4990 1188 5070; x_wconf 78' lang='grc' dir='ltr'>ταῦτα</span> <span class='ocrx_word' id='word_1_778' title='bbox 1215 4999 1271 5070; x_wconf 59' lang='lat' dir='ltr'><strong>se</strong></span> <span class='ocrx_word' id='word_1_779' title='bbox 1297 4999 1388 5070; x_wconf 81' lang='grc' dir='ltr'>καὶ</span> <span class='ocrx_word' id='word_1_780' title='bbox 1408 5000 1438 5070; x_wconf 80' lang='grc' dir='ltr'><strong>ό</strong></span> <span class='ocrx_word' id='word_1_781' title='bbox 1460 4990 1649 5070; x_wconf 84' lang='grc' dir='ltr'>Πατὴρ</span> <span class='ocrx_word' id='word_1_782' title='bbox 1675 4998 1771 5065; x_wconf 83' lang='grc' dir='ltr'><strong>ὢν,</strong></span> 
     </span>
    </p>
   </div>
   <div class='ocr_carea' id='block_1_98' title="bbox 218 5061 1771 5186">
    <p class='ocr_par' dir='ltr' id='par_1_98' title="bbox 218 5061 1771 5186">
     <span class='ocr_line' id='line_1_98' title="bbox 218 5061 1771 5186; baseline 0.003 -69"><span class='ocrx_word' id='word_1_783' title='bbox 218 5061 513 5186; x_wconf 51' lang='lat' dir='ltr'><strong>mpoim;</strong></span> <span class='ocrx_word' id='word_1_784' title='bbox 532 5061 706 5126; x_wconf 75' lang='grc' dir='ltr'>ἐστὶν,</span> <span class='ocrx_word' id='word_1_785' title='bbox 724 5065 856 5119; x_wconf 79' lang='grc' dir='ltr'><strong>ἀλλὰ</strong></span> <span class='ocrx_word' id='word_1_786' title='bbox 885 5066 1164 5148; x_wconf 71' lang='grc' dir='ltr'>μειζόνῳςο</span> <span class='ocrx_word' id='word_1_787' title='bbox 1179 5067 1278 5120; x_wconf 85' lang='grc' dir='ltr'><strong>οὐκ</strong></span> <span class='ocrx_word' id='word_1_788' title='bbox 1300 5068 1486 5131; x_wconf 81' lang='grc' dir='ltr'>οὐσίας</span> <span class='ocrx_word' id='word_1_789' title='bbox 1510 5061 1771 5141; x_wconf 54' lang='grc' dir='ltr'>ὑπέροχῇζ</span> 
     </span>
     <span class='ocr_line' id='line_1_99' title="bbox 360 5135 1771 5186; baseline 0 0"><span class='ocrx_word' id='word_1_790' title='bbox 360 5136 651 5186; x_wconf 74' lang='grc' dir='ltr'>ποιότητος</span> <span class='ocrx_word' id='word_1_791' title='bbox 673 5135 966 5186; x_wconf 71' lang='grc' dir='ltr'><strong>ὑπερϐολῇ.</strong></span> <span class='ocrx_word' id='word_1_792' title='bbox 998 5157 1015 5186; x_wconf 78' lang='grc' dir='ltr'><strong>ι</strong></span> <span class='ocrx_word' id='word_1_793' title='bbox 1048 5139 1101 5186; x_wconf 83' lang='lat' dir='ltr'><strong>SI</strong></span> <span class='ocrx_word' id='word_1_794' title='bbox 1124 5153 1279 5186; x_wconf 82' lang='lat' dir='ltr'><strong>verus</strong></span> <span class='ocrx_word' id='word_1_795' title='bbox 1307 5138 1468 5186; x_wconf 79' lang='lat' dir='ltr'><strong>Dens-</strong></span> <span class='ocrx_word' id='word_1_796' title='bbox 1499 5149 1555 5186; x_wconf 81' lang='lat' dir='ltr'><strong>et</strong></span> <span class='ocrx_word' id='word_1_797' title='bbox 1585 5141 1697 5186; x_wconf 82' lang='lat' dir='ltr'><strong>lux.</strong></span> <span class='ocrx_word' id='word_1_798' title='bbox 1719 5150 1771 5186; x_wconf 68' lang='lat' dir='ltr'><strong>et</strong></span> 
     </span>
    </p>
   </div>
   <div class='ocr_carea' id='block_1_99' title="bbox 222 5131 1776 5211">
    <p class='ocr_par' dir='ltr' id='par_1_99' title="bbox 222 5131 1776 5211">
     <span class='ocr_line' id='line_1_100' title="bbox 222 5131 1776 5211; baseline 0.006 -25"><span class='ocrx_word' id='word_1_799' title='bbox 222 5131 651 5211; x_wconf 54' lang='grc' dir='ltr'>ᾁλλὰλιτοιότητος</span> <span class='ocrx_word' id='word_1_800' title='bbox 673 5131 966 5211; x_wconf 63' lang='grc' dir='ltr'><strong>ὑπερϐολῇ.</strong></span> <span class='ocrx_word' id='word_1_801' title='bbox 998 5157 1015 5188; x_wconf 79' lang='grc' dir='ltr'><strong>ι</strong></span> <span class='ocrx_word' id='word_1_802' title='bbox 1048 5139 1102 5190; x_wconf 90' lang='lat' dir='ltr'><strong>Si</strong></span> <span class='ocrx_word' id='word_1_803' title='bbox 1124 5153 1279 5192; x_wconf 89' lang='lat' dir='ltr'><strong>verus</strong></span> <span class='ocrx_word' id='word_1_804' title='bbox 1306 5138 1468 5211; x_wconf 84' lang='lat' dir='ltr'><strong>Deus,</strong></span> <span class='ocrx_word' id='word_1_805' title='bbox 1499 5149 1555 5211; x_wconf 82' lang='lat' dir='ltr'><strong>et</strong></span> <span class='ocrx_word' id='word_1_806' title='bbox 1585 5131 1776 5204; x_wconf 38' lang='lat' dir='ltr'><strong>luxyet</strong></span> 
     </span>
    </p>
   </div>
   <div class='ocr_carea' id='block_1_100' title="bbox 223 5205 1776 5282">
    <p class='ocr_par' dir='ltr' id='par_1_100' title="bbox 223 5205 1776 5282">
     <span class='ocr_line' id='line_1_101' title="bbox 223 5205 1776 5282; baseline 0.006 -28"><span class='ocrx_word' id='word_1_807' title='bbox 223 5205 578 5282; x_wconf 57' lang='lat' dir='ltr'><strong>immutabilis,</strong></span> <span class='ocrx_word' id='word_1_808' title='bbox 605 5215 662 5258; x_wconf 88' lang='lat' dir='ltr'><strong>et</strong></span> <span class='ocrx_word' id='word_1_809' title='bbox 706 5205 987 5282; x_wconf 51' lang='lat' dir='ltr'><strong>bonuslet</strong></span> <span class='ocrx_word' id='word_1_810' title='bbox 1011 5218 1233 5262; x_wconf 89' lang='lat' dir='ltr'><strong>sanctus</strong></span> <span class='ocrx_word' id='word_1_811' title='bbox 1256 5218 1360 5282; x_wconf 28' lang='lat' dir='ltr'><strong>;Aet</strong></span> <span class='ocrx_word' id='word_1_812' title='bbox 1393 5209 1776 5282; x_wconf 77' lang='lat' dir='ltr'><strong>Dominusest</strong></span> 
     </span>
    </p>
   </div>
   <div class='ocr_carea' id='block_1_101' title="bbox 220 5269 1774 5342">
    <p class='ocr_par' dir='ltr' id='par_1_101' title="bbox 220 5269 1774 5342">
     <span class='ocr_line' id='line_1_102' title="bbox 220 5269 1774 5342; baseline 0.006 -18"><span class='ocrx_word' id='word_1_813' title='bbox 220 5269 386 5328; x_wconf 77' lang='lat' dir='ltr'><strong>Filius.</strong></span> <span class='ocrx_word' id='word_1_814' title='bbox 421 5275 547 5328; x_wconf 72' lang='lat' dir='ltr'><strong>llaec</strong></span> <span class='ocrx_word' id='word_1_815' title='bbox 577 5285 759 5328; x_wconf 88' lang='lat' dir='ltr'><strong>autem</strong></span> <span class='ocrx_word' id='word_1_816' title='bbox 794 5287 849 5329; x_wconf 89' lang='lat' dir='ltr'><strong>et</strong></span> <span class='ocrx_word' id='word_1_817' title='bbox 876 5276 1034 5331; x_wconf 87' lang='lat' dir='ltr'><strong>Pater</strong></span> <span class='ocrx_word' id='word_1_818' title='bbox 1087 5292 1211 5331; x_wconf 91' lang='lat' dir='ltr'><strong>cum</strong></span> <span class='ocrx_word' id='word_1_819' title='bbox 1255 5269 1348 5342; x_wconf 82' lang='lat' dir='ltr'><strong>sit,</strong></span> <span class='ocrx_word' id='word_1_820' title='bbox 1384 5294 1488 5331; x_wconf 91' lang='lat' dir='ltr'><strong>non</strong></span> <span class='ocrx_word' id='word_1_821' title='bbox 1521 5279 1774 5334; x_wconf 89' lang='lat' dir='ltr'><strong>similiter</strong></span> 
     </span>
    </p>
   </div>
   <div class='ocr_carea' id='block_1_102' title="bbox 220 5345 1774 5416">
    <p class='ocr_par' dir='ltr' id='par_1_102' title="bbox 220 5345 1774 5416">
     <span class='ocr_line' id='line_1_103' title="bbox 220 5345 1774 5416; baseline 0.007 -22"><span class='ocrx_word' id='word_1_822' title='bbox 220 5347 431 5416; x_wconf 85' lang='lat' dir='ltr'><strong>est._sed</strong></span> <span class='ocrx_word' id='word_1_823' title='bbox 462 5345 734 5415; x_wconf 87' lang='lat' dir='ltr'><strong>amplius;</strong></span> <span class='ocrx_word' id='word_1_824' title='bbox 769 5361 872 5400; x_wconf 92' lang='lat' dir='ltr'><strong>non</strong></span> <span class='ocrx_word' id='word_1_825' title='bbox 897 5349 1215 5401; x_wconf 73' lang='lat' dir='ltr'><strong>substantia:</strong></span> <span class='ocrx_word' id='word_1_826' title='bbox 1242 5350 1648 5416; x_wconf 82' lang='lat' dir='ltr'><strong>estperantia.</strong></span> <span class='ocrx_word' id='word_1_827' title='bbox 1677 5351 1774 5405; x_wconf 89' lang='lat' dir='ltr'><strong>sed</strong></span> 
     </span>
    </p>
   </div>
   <div class='ocr_carea' id='block_1_103' title="bbox 219 5413 1772 5483">
    <p class='ocr_par' dir='ltr' id='par_1_103' title="bbox 219 5413 1772 5483">
     <span class='ocr_line' id='line_1_104' title="bbox 219 5413 1772 5483; baseline 0.007 -21"><span class='ocrx_word' id='word_1_828' title='bbox 219 5413 478 5480; x_wconf 84' lang='lat' dir='ltr'><strong>qualitatis</strong></span> <span class='ocrx_word' id='word_1_829' title='bbox 508 5413 852 5483; x_wconf 62' lang='lat' dir='ltr'><strong>praestantia.</strong></span> <span class='ocrx_word' id='word_1_830' title='bbox 886 5435 905 5467; x_wconf 74' lang='grc' dir='ltr'><strong>ι</strong></span> <span class='ocrx_word' id='word_1_831' title='bbox 934 5417 1001 5470; x_wconf 86' lang='grc' dir='ltr'>Ει</span> <span class='ocrx_word' id='word_1_832' title='bbox 1033 5420 1170 5472; x_wconf 88' lang='lat' dir='ltr'><strong>hanc</strong></span> <span class='ocrx_word' id='word_1_833' title='bbox 1209 5432 1329 5472; x_wconf 67' lang='lat' dir='ltr'><strong>esse</strong></span> <span class='ocrx_word' id='word_1_834' title='bbox 1380 5413 1616 5471; x_wconf 74' lang='lat' dir='ltr'><strong>utentem</strong></span> <span class='ocrx_word' id='word_1_835' title='bbox 1646 5419 1772 5474; x_wconf 88' lang='lat' dir='ltr'><strong>Ori-</strong></span> 
     </span>
    </p>
   </div>
   <div class='ocr_carea' id='block_1_104' title="bbox 219 5484 1771 5601">
    <p class='ocr_par' dir='ltr' id='par_1_104' title="bbox 219 5484 1771 5601">
     <span class='ocr_line' id='line_1_105' title="bbox 219 5484 1771 5601; baseline 0.006 -67"><span class='ocrx_word' id='word_1_836' title='bbox 219 5484 353 5601; x_wconf 56' lang='grc' dir='ltr'>ᾕειιίε</span> <span class='ocrx_word' id='word_1_837' title='bbox 385 5485 716 5553; x_wconf 83' lang='lat' dir='ltr'><strong>intelligitur</strong></span> <span class='ocrx_word' id='word_1_838' title='bbox 755 5501 819 5538; x_wconf 84' lang='lat' dir='ltr'><strong>ex</strong></span> <span class='ocrx_word' id='word_1_839' title='bbox 849 5486 914 5540; x_wconf 91' lang='lat' dir='ltr'><strong>iis</strong></span> <span class='ocrx_word' id='word_1_840' title='bbox 940 5487 1118 5541; x_wconf 87' lang='lat' dir='ltr'><strong>verbis</strong></span> <span class='ocrx_word' id='word_1_841' title='bbox 1139 5501 1258 5556; x_wconf 62' lang='lat' dir='ltr'><strong>quae</strong></span> <span class='ocrx_word' id='word_1_842' title='bbox 1291 5489 1602 5556; x_wconf 53' lang='lat' dir='ltr'><strong>praecedunt</strong></span> <span class='ocrx_word' id='word_1_843' title='bbox 1629 5491 1771 5558; x_wconf 88' lang='lat' dir='ltr'><strong>apud</strong></span> 
     </span>
     <span class='ocr_line' id='line_1_106' title="bbox 264 5555 1748 5601; baseline 0 0"><span class='ocrx_word' id='word_1_844' title='bbox 264 5567 617 5601; x_wconf 83' lang='lat' dir='ltr'><strong>lemnvmnm-</strong></span> <span class='ocrx_word' id='word_1_845' title='bbox 678 5555 769 5601; x_wconf 82' lang='lat' dir='ltr'><strong>ubi</strong></span> <span class='ocrx_word' id='word_1_846' title='bbox 807 5557 1064 5601; x_wconf 70' lang='lat' dir='ltr'><strong>(lriaeneg</strong></span> <span class='ocrx_word' id='word_1_847' title='bbox 1114 5571 1214 5601; x_wconf 70' lang='lat' dir='ltr'><strong>siin</strong></span> <span class='ocrx_word' id='word_1_848' title='bbox 1251 5557 1471 5601; x_wconf 74' lang='lat' dir='ltr'><strong>nomine</strong></span> <span class='ocrx_word' id='word_1_849' title='bbox 1513 5558 1748 5601; x_wconf 81' lang='lat' dir='ltr'><strong>Innnilur</strong></span> 
     </span>
    </p>
   </div>
   <div class='ocr_carea' id='block_1_105' title="bbox 264 5555 1768 5627">
    <p class='ocr_par' dir='ltr' id='par_1_105' title="bbox 264 5555 1768 5627">
     <span class='ocr_line' id='line_1_107' title="bbox 264 5555 1768 5627; baseline 0.006 -24"><span class='ocrx_word' id='word_1_850' title='bbox 264 5555 617 5627; x_wconf 85' lang='lat' dir='ltr'><strong>ieronyntum,</strong></span> <span class='ocrx_word' id='word_1_851' title='bbox 678 5555 769 5608; x_wconf 88' lang='lat' dir='ltr'><strong>ubi</strong></span> <span class='ocrx_word' id='word_1_852' title='bbox 807 5557 1064 5627; x_wconf 86' lang='lat' dir='ltr'><strong>Origenes</strong></span> <span class='ocrx_word' id='word_1_853' title='bbox 1114 5555 1214 5627; x_wconf 88' lang='lat' dir='ltr'><strong>suo</strong></span> <span class='ocrx_word' id='word_1_854' title='bbox 1248 5555 1471 5627; x_wconf 70' lang='lat' dir='ltr'><strong>numine</strong></span> <span class='ocrx_word' id='word_1_855' title='bbox 1511 5555 1768 5627; x_wconf 80' lang='lat' dir='ltr'><strong>loquitur,</strong></span> 
     </span>
    </p>
   </div>
   <div class='ocr_carea' id='block_1_106' title="bbox 219 5624 1766 5695">
    <p class='ocr_par' dir='ltr' id='par_1_106' title="bbox 219 5624 1766 5695">
     <span class='ocr_line' id='line_1_108' title="bbox 219 5624 1766 5695; baseline 0.006 -23"><span class='ocrx_word' id='word_1_856' title='bbox 219 5635 275 5672; x_wconf 76' lang='lat' dir='ltr'><strong>ac</strong></span> <span class='ocrx_word' id='word_1_857' title='bbox 300 5625 482 5678; x_wconf 82' lang='lat' dir='ltr'><strong>statuit</strong></span> <span class='ocrx_word' id='word_1_858' title='bbox 506 5640 615 5677; x_wconf 92' lang='lat' dir='ltr'><strong>non</strong></span> <span class='ocrx_word' id='word_1_859' title='bbox 635 5639 758 5679; x_wconf 88' lang='lat' dir='ltr'><strong>esse</strong></span> <span class='ocrx_word' id='word_1_860' title='bbox 779 5624 996 5679; x_wconf 81' lang='lat' dir='ltr'><strong>nubium</strong></span> <span class='ocrx_word' id='word_1_861' title='bbox 1017 5627 1144 5695; x_wconf 89' lang='lat' dir='ltr'><strong>quin</strong></span> <span class='ocrx_word' id='word_1_862' title='bbox 1164 5626 1213 5680; x_wconf 88' lang='lat' dir='ltr'><strong>si</strong></span> <span class='ocrx_word' id='word_1_863' title='bbox 1257 5624 1418 5682; x_wconf 87' lang='lat' dir='ltr'><strong>Pater</strong></span> <span class='ocrx_word' id='word_1_864' title='bbox 1436 5628 1507 5681; x_wconf 91' lang='lat' dir='ltr'><strong>sit</strong></span> <span class='ocrx_word' id='word_1_865' title='bbox 1528 5624 1766 5692; x_wconf 57' lang='grc' dir='ltr'>ἱιιΊδιΙιο.</span> 
     </span>
    </p>
   </div>
   <div class='ocr_carea' id='block_1_107' title="bbox 221 5695 1770 5764">
    <p class='ocr_par' dir='ltr' id='par_1_107' title="bbox 221 5695 1770 5764">
     <span class='ocr_line' id='line_1_109' title="bbox 221 5695 1770 5764; baseline 0.008 -24"><span class='ocrx_word' id='word_1_866' title='bbox 221 5699 266 5764; x_wconf 59' lang='lat' dir='ltr'><strong>et</strong></span> <span class='ocrx_word' id='word_1_867' title='bbox 303 5695 800 5764; x_wconf 67' lang='lat' dir='ltr'><strong>comprehendatur</strong></span> <span class='ocrx_word' id='word_1_868' title='bbox 840 5695 909 5748; x_wconf 87' lang='lat' dir='ltr'><strong>ab</strong></span> <span class='ocrx_word' id='word_1_869' title='bbox 961 5711 1045 5762; x_wconf 93' lang='lat' dir='ltr'><strong>eo,</strong></span> <span class='ocrx_word' id='word_1_870' title='bbox 1083 5698 1282 5764; x_wconf 33' lang='lat' dir='ltr'><strong>iniquo</strong></span> <span class='ocrx_word' id='word_1_871' title='bbox 1308 5707 1432 5752; x_wconf 88' lang='lat' dir='ltr'><strong>est:</strong></span> <span class='ocrx_word' id='word_1_872' title='bbox 1463 5713 1482 5746; x_wconf 72' lang='grc' dir='ltr'><strong>ι</strong></span> <span class='ocrx_word' id='word_1_873' title='bbox 1531 5697 1589 5751; x_wconf 81' lang='lat' dir='ltr'><strong>Si</strong></span> <span class='ocrx_word' id='word_1_874' title='bbox 1626 5700 1770 5754; x_wconf 89' lang='lat' dir='ltr'><strong>enim</strong></span> 
     </span>
    </p>
   </div>
   <div class='ocr_carea' id='block_1_108' title="bbox 222 5755 1772 5835">
    <p class='ocr_par' dir='ltr' id='par_1_108' title="bbox 222 5755 1772 5835">
     <span class='ocr_line' id='line_1_110' title="bbox 222 5755 1772 5835; baseline 0.008 -24"><span class='ocrx_word' id='word_1_875' title='bbox 222 5755 735 5835; x_wconf 59' lang='lat' dir='ltr'><strong>Patrem&#39;cognoscit</strong></span> <span class='ocrx_word' id='word_1_876' title='bbox 763 5762 950 5831; x_wconf 89' lang='lat' dir='ltr'><strong>Filius,</strong></span> <span class='ocrx_word' id='word_1_877' title='bbox 983 5755 1434 5835; x_wconf 53' lang='lat' dir='ltr'><strong>iti&#39;quit,&#39;videtur,</strong></span> <span class='ocrx_word' id='word_1_878' title='bbox 1457 5768 1511 5820; x_wconf 91' lang='lat' dir='ltr'><strong>in</strong></span> <span class='ocrx_word' id='word_1_879' title='bbox 1535 5782 1601 5822; x_wconf 90' lang='lat' dir='ltr'><strong>eo</strong></span> <span class='ocrx_word' id='word_1_880' title='bbox 1628 5769 1772 5835; x_wconf 89' lang='lat' dir='ltr'><strong>quod</strong></span> 
     </span>
    </p>
   </div>
   <div class='ocr_carea' id='block_1_109' title="bbox 225 5831 1774 5919">
    <p class='ocr_par' dir='ltr' id='par_1_109' title="bbox 225 5831 1774 5919">
     <span class='ocr_line' id='line_1_111' title="bbox 225 5831 1774 5919; baseline 0.008 -35"><span class='ocrx_word' id='word_1_881' title='bbox 225 5831 358 5886; x_wconf 67' lang='lat' dir='ltr'><strong>novit</strong></span> <span class='ocrx_word' id='word_1_882' title='bbox 385 5831 629 5900; x_wconf 73' lang='lat' dir='ltr'><strong>Patrein,</strong></span> <span class='ocrx_word' id='word_1_883' title='bbox 655 5849 819 5903; x_wconf 86' lang='lat' dir='ltr'><strong>posse</strong></span> <span class='ocrx_word' id='word_1_884' title='bbox 839 5849 956 5916; x_wconf 78' lang='lat' dir='ltr'><strong>cum</strong></span> <span class='ocrx_word' id='word_1_885' title='bbox 987 5831 1452 5907; x_wconf 77' lang='lat' dir='ltr'><strong>comprehendere</strong></span> <span class='ocrx_word' id='word_1_886' title='bbox 1472 5853 1500 5919; x_wconf 19' lang='grc' dir='ltr'><strong>με</strong></span> <span class='ocrx_word' id='word_1_887' title='bbox 1536 5847 1592 5894; x_wconf 89' lang='grc' dir='ltr'><strong>ιιι</strong></span> <span class='ocrx_word' id='word_1_888' title='bbox 1621 5831 1666 5895; x_wconf 84' lang='lat' dir='ltr'><strong>si</strong></span> <span class='ocrx_word' id='word_1_889' title='bbox 1688 5838 1774 5917; x_wconf 87' lang='lat' dir='ltr'><strong>di-_</strong></span> 
     </span>
    </p>
   </div>
   <div class='ocr_carea' id='block_1_110' title="bbox 1885 4647 3451 4720">
    <p class='ocr_par' dir='ltr' id='par_1_110' title="bbox 1885 4647 3451 4720">
     <span class='ocr_line' id='line_1_112' title="bbox 1885 4647 3451 4720; baseline -0.001 -17"><span class='ocrx_word' id='word_1_890' title='bbox 1885 4647 2064 4704; x_wconf 83' lang='lat' dir='ltr'><strong>teneat</strong></span> <span class='ocrx_word' id='word_1_891' title='bbox 2119 4653 2209 4720; x_wconf 88' lang='lat' dir='ltr'><strong>qni</strong></span> <span class='ocrx_word' id='word_1_892' title='bbox 2247 4652 2689 4720; x_wconf 85' lang='lat' dir='ltr'><strong>cognovit,non</strong></span> <span class='ocrx_word' id='word_1_893' title='bbox 2733 4647 3020 4720; x_wconf 83' lang='lat' dir='ltr'><strong>possumus</strong></span> <span class='ocrx_word' id='word_1_894' title='bbox 3069 4647 3253 4703; x_wconf 85' lang='lat' dir='ltr'><strong>dicere</strong></span> <span class='ocrx_word' id='word_1_895' title='bbox 3309 4649 3451 4720; x_wconf 84' lang='lat' dir='ltr'><strong>quod</strong></span> 
     </span>
    </p>
   </div>
   <div class='ocr_carea' id='block_1_111' title="bbox 1877 4719 3448 4788">
    <p class='ocr_par' dir='ltr' id='par_1_111' title="bbox 1877 4719 3448 4788">
     <span class='ocr_line' id='line_1_113' title="bbox 1877 4719 3448 4788; baseline 0.001 -15"><span class='ocrx_word' id='word_1_896' title='bbox 1877 4719 2303 4788; x_wconf 82' lang='lat' dir='ltr'><strong>comprehendat</strong></span> <span class='ocrx_word' id='word_1_897' title='bbox 2357 4719 2524 4774; x_wconf 86' lang='lat' dir='ltr'><strong>Filius</strong></span> <span class='ocrx_word' id='word_1_898' title='bbox 2564 4719 2803 4774; x_wconf 85' lang='lat' dir='ltr'><strong>Patrem.</strong></span> <span class='ocrx_word' id='word_1_899' title='bbox 2861 4719 3033 4788; x_wconf 14' lang='lat' dir='ltr'><strong>Pater,</strong></span> <span class='ocrx_word' id='word_1_900' title='bbox 3076 4733 3206 4773; x_wconf 89' lang='lat' dir='ltr'><strong>vero</strong></span> <span class='ocrx_word' id='word_1_901' title='bbox 3264 4719 3448 4774; x_wconf 90' lang='lat' dir='ltr'><strong>omnia</strong></span> 
     </span>
    </p>
   </div>
   <div class='ocr_carea' id='block_1_112' title="bbox 1877 4787 3453 4857">
    <p class='ocr_par' dir='ltr' id='par_1_112' title="bbox 1877 4787 3453 4857">
     <span class='ocr_line' id='line_1_114' title="bbox 1877 4787 3453 4857; baseline -0.003 -14"><span class='ocrx_word' id='word_1_902' title='bbox 1877 4787 2303 4854; x_wconf 87' lang='lat' dir='ltr'><strong>comprehendit.</strong></span> <span class='ocrx_word' id='word_1_903' title='bbox 2334 4791 2478 4844; x_wconf 87' lang='lat' dir='ltr'><strong>Inter</strong></span> <span class='ocrx_word' id='word_1_904' title='bbox 2507 4790 2688 4843; x_wconf 84' lang='lat' dir='ltr'><strong>omnia</strong></span> <span class='ocrx_word' id='word_1_905' title='bbox 2722 4798 2900 4843; x_wconf 84' lang='lat' dir='ltr'><strong>autem</strong></span> <span class='ocrx_word' id='word_1_906' title='bbox 2922 4798 2976 4842; x_wconf 88' lang='lat' dir='ltr'><strong>et</strong></span> <span class='ocrx_word' id='word_1_907' title='bbox 2999 4787 3164 4842; x_wconf 85' lang='lat' dir='ltr'><strong>Filius</strong></span> <span class='ocrx_word' id='word_1_908' title='bbox 3189 4797 3291 4848; x_wconf 85' lang='lat' dir='ltr'><strong>est.</strong></span> <span class='ocrx_word' id='word_1_909' title='bbox 3319 4805 3453 4857; x_wconf 78' lang='lat' dir='ltr'><strong>ergo</strong></span> 
     </span>
    </p>
   </div>
   <div class='ocr_carea' id='block_1_113' title="bbox 1875 4857 3450 4928">
    <p class='ocr_par' dir='ltr' id='par_1_113' title="bbox 1875 4857 3450 4928">
     <span class='ocr_line' id='line_1_115' title="bbox 1875 4857 3450 4928; baseline -0.003 -13"><span class='ocrx_word' id='word_1_910' title='bbox 1875 4870 1931 4915; x_wconf 90' lang='lat' dir='ltr'><strong>et</strong></span> <span class='ocrx_word' id='word_1_911' title='bbox 1970 4859 2164 4913; x_wconf 85' lang='lat' dir='ltr'><strong>Filium</strong></span> <span class='ocrx_word' id='word_1_912' title='bbox 2216 4860 2647 4928; x_wconf 86' lang='lat' dir='ltr'><strong>comprehendit.</strong></span> <span class='ocrx_word' id='word_1_913' title='bbox 2687 4877 2705 4910; x_wconf 79' lang='grc' dir='ltr'><strong>ι</strong></span> <span class='ocrx_word' id='word_1_914' title='bbox 2736 4857 3018 4914; x_wconf 88' lang='lat' dir='ltr'><strong>Postrema</strong></span> <span class='ocrx_word' id='word_1_915' title='bbox 3054 4860 3215 4928; x_wconf 79' lang='lat' dir='ltr'><strong>verba</strong></span> <span class='ocrx_word' id='word_1_916' title='bbox 3261 4859 3450 4912; x_wconf 66' lang='lat' dir='ltr'><strong>Graece</strong></span> 
     </span>
    </p>
   </div>
   <div class='ocr_carea' id='block_1_114' title="bbox 1876 4927 3449 4998">
    <p class='ocr_par' dir='ltr' id='par_1_114' title="bbox 1876 4927 3449 4998">
     <span class='ocr_line' id='line_1_116' title="bbox 1876 4927 3449 4998; baseline -0.002 -16"><span class='ocrx_word' id='word_1_917' title='bbox 1876 4932 2019 4998; x_wconf 88' lang='lat' dir='ltr'><strong>apud</strong></span> <span class='ocrx_word' id='word_1_918' title='bbox 2063 4927 2428 4982; x_wconf 85' lang='lat' dir='ltr'><strong>Justinianum</strong></span> <span class='ocrx_word' id='word_1_919' title='bbox 2476 4931 2539 4980; x_wconf 89' lang='lat' dir='ltr'><strong>ad</strong></span> <span class='ocrx_word' id='word_1_920' title='bbox 2575 4930 2780 4982; x_wconf 89' lang='lat' dir='ltr'><strong>calcem</strong></span> <span class='ocrx_word' id='word_1_921' title='bbox 2820 4930 2991 4998; x_wconf 85' lang='lat' dir='ltr'><strong>epist.</strong></span> <span class='ocrx_word' id='word_1_922' title='bbox 3017 4927 3327 4998; x_wconf 28' lang='lat' dir='ltr'><strong>ad‘Menain</strong></span> <span class='ocrx_word' id='word_1_923' title='bbox 3370 4929 3449 4998; x_wconf 73' lang='lat' dir='ltr'><strong>sic</strong></span> 
     </span>
    </p>
   </div>
   <div class='ocr_carea' id='block_1_115' title="bbox 1873 4994 3452 5081">
    <p class='ocr_par' dir='ltr' id='par_1_115' title="bbox 1873 4994 3452 5081">
     <span class='ocr_line' id='line_1_117' title="bbox 1873 4994 3452 5081; baseline -0.003 -29"><span class='ocrx_word' id='word_1_924' title='bbox 1873 4994 2123 5081; x_wconf 74' lang='lat' dir='ltr'><strong>leguntur</strong></span> <span class='ocrx_word' id='word_1_925' title='bbox 2142 5015 2154 5050; x_wconf 94' lang='lat'>:</span> <span class='ocrx_word' id='word_1_926' title='bbox 2175 4999 2237 5081; x_wconf 65' lang='lat' dir='ltr'><strong>lii</strong></span> <span class='ocrx_word' id='word_1_927' title='bbox 2249 4999 2311 5081; x_wconf 54' lang='lat' dir='ltr'><strong>se</strong></span> <span class='ocrx_word' id='word_1_928' title='bbox 2336 5000 2365 5050; x_wconf 88' lang='grc' dir='ltr'><strong>ὁ</strong></span> <span class='ocrx_word' id='word_1_929' title='bbox 2389 4998 2582 5081; x_wconf 44' lang='lat' dir='ltr'><strong>[Istrae</strong></span> <span class='ocrx_word' id='word_1_930' title='bbox 2600 4994 2925 5081; x_wconf 51' lang='grc' dir='ltr'><strong>ἐμπεριέχει</strong></span> <span class='ocrx_word' id='word_1_931' title='bbox 2942 4997 3010 5049; x_wconf 84' lang='grc' dir='ltr'>τὰ</span> <span class='ocrx_word' id='word_1_932' title='bbox 3039 4995 3232 5081; x_wconf 63' lang='grc' dir='ltr'>πόιντοξ,</span> <span class='ocrx_word' id='word_1_933' title='bbox 3261 4994 3452 5081; x_wconf 35' lang='lat' dir='ltr'><strong>ridi/pe</strong></span> 
     </span>
    </p>
   </div>
   <div class='ocr_carea' id='block_1_116' title="bbox 1876 5065 3448 5138">
    <p class='ocr_par' dir='ltr' id='par_1_116' title="bbox 1876 5065 3448 5138">
     <span class='ocr_line' id='line_1_118' title="bbox 1876 5065 3448 5138; baseline -0.003 -16"><span class='ocrx_word' id='word_1_934' title='bbox 1876 5065 2096 5122; x_wconf 77' lang='grc' dir='ltr'>πάντων</span> <span class='ocrx_word' id='word_1_935' title='bbox 2139 5070 2201 5120; x_wconf 82' lang='grc' dir='ltr'>τὲ</span> <span class='ocrx_word' id='word_1_936' title='bbox 2246 5071 2394 5121; x_wconf 77' lang='grc' dir='ltr'>ἐστιν</span> <span class='ocrx_word' id='word_1_937' title='bbox 2439 5070 2468 5120; x_wconf 85' lang='grc' dir='ltr'>ὁ</span> <span class='ocrx_word' id='word_1_938' title='bbox 2499 5065 2660 5131; x_wconf 48' lang='grc' dir='ltr'>Υἱὸς)</span> <span class='ocrx_word' id='word_1_939' title='bbox 2706 5065 2865 5138; x_wconf 74' lang='grc' dir='ltr'>δῆλον</span> <span class='ocrx_word' id='word_1_940' title='bbox 2900 5069 2981 5120; x_wconf 85' lang='grc' dir='ltr'>ὅτι</span> <span class='ocrx_word' id='word_1_941' title='bbox 3037 5067 3132 5138; x_wconf 49' lang='grc' dir='ltr'><strong>καὶ</strong></span> <span class='ocrx_word' id='word_1_942' title='bbox 3162 5065 3253 5118; x_wconf 82' lang='grc' dir='ltr'><strong>τὸν</strong></span> <span class='ocrx_word' id='word_1_943' title='bbox 3297 5065 3448 5138; x_wconf 43' lang='grc' dir='ltr'>Υ-ἱόν.</span> 
     </span>
    </p>
   </div>
   <div class='ocr_carea' id='block_1_117' title="bbox 1881 5134 3454 5206">
    <p class='ocr_par' dir='ltr' id='par_1_117' title="bbox 1881 5134 3454 5206">
     <span class='ocr_line' id='line_1_119' title="bbox 1881 5134 3454 5206; baseline -0.003 -13"><span class='ocrx_word' id='word_1_944' title='bbox 1881 5139 2148 5193; x_wconf 88' lang='lat' dir='ltr'><strong>Unitatem</strong></span> <span class='ocrx_word' id='word_1_945' title='bbox 2184 5139 2431 5193; x_wconf 70' lang='lat' dir='ltr'><strong>essentiaa</strong></span> <span class='ocrx_word' id='word_1_946' title='bbox 2461 5148 2515 5190; x_wconf 90' lang='grc' dir='ltr'><strong>ει</strong></span> <span class='ocrx_word' id='word_1_947' title='bbox 2535 5134 2898 5206; x_wconf 66' lang='lat' dir='ltr'><strong>aequalitatem</strong></span> <span class='ocrx_word' id='word_1_948' title='bbox 2949 5137 3003 5190; x_wconf 90' lang='lat' dir='ltr'><strong>in</strong></span> <span class='ocrx_word' id='word_1_949' title='bbox 3047 5136 3203 5206; x_wconf 71' lang='lat' dir='ltr'><strong>Patre</strong></span> <span class='ocrx_word' id='word_1_950' title='bbox 3230 5147 3284 5188; x_wconf 90' lang='lat' dir='ltr'><strong>et</strong></span> <span class='ocrx_word' id='word_1_951' title='bbox 3313 5134 3454 5189; x_wconf 81' lang='lat' dir='ltr'><strong>Filio</strong></span> 
     </span>
    </p>
   </div>
   <div class='ocr_carea' id='block_1_118' title="bbox 1877 5204 3454 5276">
    <p class='ocr_par' dir='ltr' id='par_1_118' title="bbox 1877 5204 3454 5276">
     <span class='ocr_line' id='line_1_120' title="bbox 1877 5204 3454 5276; baseline -0.002 -15"><span class='ocrx_word' id='word_1_952' title='bbox 1877 5208 2102 5261; x_wconf 86' lang='lat' dir='ltr'><strong>miriliee</strong></span> <span class='ocrx_word' id='word_1_953' title='bbox 2124 5210 2344 5274; x_wconf 81' lang='lat' dir='ltr'><strong>exponit</strong></span> <span class='ocrx_word' id='word_1_954' title='bbox 2371 5204 2655 5276; x_wconf 69' lang='lat' dir='ltr'><strong>Origenes,</strong></span> <span class='ocrx_word' id='word_1_955' title='bbox 2680 5209 2808 5261; x_wconf 90' lang='lat' dir='ltr'><strong>dum</strong></span> <span class='ocrx_word' id='word_1_956' title='bbox 2835 5205 3052 5276; x_wconf 81' lang='lat' dir='ltr'><strong>Patrem</strong></span> <span class='ocrx_word' id='word_1_957' title='bbox 3077 5223 3105 5258; x_wconf 89' lang='lat' dir='ltr'><strong>a</strong></span> <span class='ocrx_word' id='word_1_958' title='bbox 3139 5204 3278 5259; x_wconf 81' lang='lat' dir='ltr'><strong>Filio</strong></span> <span class='ocrx_word' id='word_1_959' title='bbox 3300 5221 3454 5259; x_wconf 86' lang='lat' dir='ltr'><strong>com-</strong></span> 
     </span>
    </p>
   </div>
   <div class='ocr_carea' id='block_1_119' title="bbox 1877 5274 3448 5347">
    <p class='ocr_par' dir='ltr' id='par_1_119' title="bbox 1877 5274 3448 5347">
     <span class='ocr_line' id='line_1_121' title="bbox 1877 5274 3448 5347; baseline -0.001 -18"><span class='ocrx_word' id='word_1_960' title='bbox 1877 5278 2133 5347; x_wconf 88' lang='lat' dir='ltr'><strong>prehendi</strong></span> <span class='ocrx_word' id='word_1_961' title='bbox 2179 5278 2386 5340; x_wconf 87' lang='lat' dir='ltr'><strong>statuit,</strong></span> <span class='ocrx_word' id='word_1_962' title='bbox 2418 5274 2541 5344; x_wconf 81' lang='lat' dir='ltr'><strong>qtiia</strong></span> <span class='ocrx_word' id='word_1_963' title='bbox 2591 5277 2750 5330; x_wconf 85' lang='lat' dir='ltr'><strong>Pater</strong></span> <span class='ocrx_word' id='word_1_964' title='bbox 2783 5277 2835 5329; x_wconf 91' lang='lat' dir='ltr'><strong>in</strong></span> <span class='ocrx_word' id='word_1_965' title='bbox 2887 5274 3022 5347; x_wconf 86' lang='lat' dir='ltr'><strong>Filio</strong></span> <span class='ocrx_word' id='word_1_966' title='bbox 3068 5286 3169 5347; x_wconf 86' lang='lat' dir='ltr'><strong>e_st.</strong></span> <span class='ocrx_word' id='word_1_967' title='bbox 3227 5277 3448 5347; x_wconf 59' lang='lat' dir='ltr'><strong>Patrem</strong></span> 
     </span>
    </p>
   </div>
   <div class='ocr_carea' id='block_1_120' title="bbox 1877 5343 3446 5417">
    <p class='ocr_par' dir='ltr' id='par_1_120' title="bbox 1877 5343 3446 5417">
     <span class='ocr_line' id='line_1_122' title="bbox 1877 5343 3446 5417; baseline -0.001 -16"><span class='ocrx_word' id='word_1_968' title='bbox 1877 5343 2004 5417; x_wconf 78' lang='lat' dir='ltr'><strong>ergo</strong></span> <span class='ocrx_word' id='word_1_969' title='bbox 2035 5349 2084 5400; x_wconf 92' lang='lat' dir='ltr'><strong>in</strong></span> <span class='ocrx_word' id='word_1_970' title='bbox 2118 5347 2257 5401; x_wconf 87' lang='lat' dir='ltr'><strong>Filio</strong></span> <span class='ocrx_word' id='word_1_971' title='bbox 2289 5343 2718 5417; x_wconf 62' lang='lat' dir='ltr'><strong>essecredeliat,</strong></span> <span class='ocrx_word' id='word_1_972' title='bbox 2759 5361 2862 5399; x_wconf 92' lang='lat' dir='ltr'><strong>non</strong></span> <span class='ocrx_word' id='word_1_973' title='bbox 2913 5346 3038 5417; x_wconf 87' lang='lat' dir='ltr'><strong>quia</strong></span> <span class='ocrx_word' id='word_1_974' title='bbox 3089 5344 3236 5398; x_wconf 88' lang='lat' dir='ltr'><strong>Patri</strong></span> <span class='ocrx_word' id='word_1_975' title='bbox 3265 5343 3446 5417; x_wconf 78' lang='lat' dir='ltr'><strong>Filius</strong></span> 
     </span>
    </p>
   </div>
   <div class='ocr_carea' id='block_1_121' title="bbox 1874 5414 3448 5485">
    <p class='ocr_par' dir='ltr' id='par_1_121' title="bbox 1874 5414 3448 5485">
     <span class='ocr_line' id='line_1_123' title="bbox 1874 5414 3448 5485; baseline -0.001 -15"><span class='ocrx_word' id='word_1_976' title='bbox 1874 5414 2080 5479; x_wconf 78' lang='lat' dir='ltr'><strong>obedit,</strong></span> <span class='ocrx_word' id='word_1_977' title='bbox 2109 5418 2202 5472; x_wconf 89' lang='lat' dir='ltr'><strong>sed</strong></span> <span class='ocrx_word' id='word_1_978' title='bbox 2225 5416 2354 5485; x_wconf 88' lang='lat' dir='ltr'><strong>quia</strong></span> <span class='ocrx_word' id='word_1_979' title='bbox 2387 5415 2524 5468; x_wconf 82' lang='lat' dir='ltr'><strong>Filio</strong></span> <span class='ocrx_word' id='word_1_980' title='bbox 2553 5414 2714 5485; x_wconf 81' lang='lat' dir='ltr'><strong>Pater</strong></span> <span class='ocrx_word' id='word_1_981' title='bbox 2739 5426 2903 5468; x_wconf 88' lang='lat' dir='ltr'><strong>totam</strong></span> <span class='ocrx_word' id='word_1_982' title='bbox 2927 5416 3159 5468; x_wconf 87' lang='lat' dir='ltr'><strong>divinam</strong></span> <span class='ocrx_word' id='word_1_983' title='bbox 3195 5415 3448 5468; x_wconf 61' lang='lat' dir='ltr'><strong>substan.</strong></span> 
     </span>
    </p>
   </div>
   <div class='ocr_carea' id='block_1_122' title="bbox 1879 5483 3455 5556">
    <p class='ocr_par' dir='ltr' id='par_1_122' title="bbox 1879 5483 3455 5556">
     <span class='ocr_line' id='line_1_124' title="bbox 1879 5483 3455 5556; baseline -0.002 -16"><span class='ocrx_word' id='word_1_984' title='bbox 1879 5489 2004 5541; x_wconf 88' lang='lat' dir='ltr'><strong>tiam</strong></span> <span class='ocrx_word' id='word_1_985' title='bbox 2040 5483 2346 5556; x_wconf 78' lang='lat' dir='ltr'><strong>generando</strong></span> <span class='ocrx_word' id='word_1_986' title='bbox 2379 5486 2616 5556; x_wconf 87' lang='lat' dir='ltr'><strong>tradidit.</strong></span> <span class='ocrx_word' id='word_1_987' title='bbox 2651 5483 2806 5540; x_wconf 88' lang='lat' dir='ltr'><strong>Unde</strong></span> <span class='ocrx_word' id='word_1_988' title='bbox 2837 5486 3120 5556; x_wconf 74' lang='lat' dir='ltr'><strong>scientiam</strong></span> <span class='ocrx_word' id='word_1_989' title='bbox 3145 5495 3200 5538; x_wconf 95' lang='lat' dir='ltr'><strong>et</strong></span> <span class='ocrx_word' id='word_1_990' title='bbox 3233 5486 3455 5556; x_wconf 78' lang='lat' dir='ltr'><strong>sapien-</strong></span> 
     </span>
    </p>
   </div>
   <div class='ocr_carea' id='block_1_123' title="bbox 1879 5552 3451 5626">
    <p class='ocr_par' dir='ltr' id='par_1_123' title="bbox 1879 5552 3451 5626">
     <span class='ocr_line' id='line_1_125' title="bbox 1879 5552 3451 5626; baseline -0.001 -17"><span class='ocrx_word' id='word_1_991' title='bbox 1879 5557 2005 5609; x_wconf 89' lang='lat' dir='ltr'><strong>tiam</strong></span> <span class='ocrx_word' id='word_1_992' title='bbox 2029 5552 2082 5610; x_wconf 70' lang='grc' dir='ltr'><strong>ιιι</strong></span> <span class='ocrx_word' id='word_1_993' title='bbox 2114 5566 2340 5624; x_wconf 87' lang='lat' dir='ltr'><strong>utroque</strong></span> <span class='ocrx_word' id='word_1_994' title='bbox 2361 5555 2620 5626; x_wconf 66' lang='lat' dir='ltr'><strong>aequalem</strong></span> <span class='ocrx_word' id='word_1_995' title='bbox 2653 5555 2898 5624; x_wconf 84' lang='lat' dir='ltr'><strong>agnoscit</strong></span> <span class='ocrx_word' id='word_1_996' title='bbox 2930 5552 3208 5626; x_wconf 88' lang='lat' dir='ltr'><strong>Origenes,</strong></span> <span class='ocrx_word' id='word_1_997' title='bbox 3236 5571 3298 5607; x_wconf 88' lang='lat' dir='ltr'><strong>ac</strong></span> <span class='ocrx_word' id='word_1_998' title='bbox 3320 5554 3451 5608; x_wconf 90' lang='lat' dir='ltr'><strong>illud</strong></span> 
     </span>
    </p>
   </div>
   <div class='ocr_carea' id='block_1_124' title="bbox 1879 5625 3451 5694">
    <p class='ocr_par' dir='ltr' id='par_1_124' title="bbox 1879 5625 3451 5694">
     <span class='ocr_line' id='line_1_126' title="bbox 1879 5625 3451 5694; baseline -0.003 -14"><span class='ocrx_word' id='word_1_999' title='bbox 1879 5636 2084 5680; x_wconf 87' lang='lat' dir='ltr'><strong>tantum</strong></span> <span class='ocrx_word' id='word_1_1000' title='bbox 2115 5625 2619 5692; x_wconf 88' lang='lat' dir='ltr'><strong>comprehensionis</strong></span> <span class='ocrx_word' id='word_1_1001' title='bbox 2657 5640 2852 5691; x_wconf 82' lang='lat' dir='ltr'><strong>genus,</strong></span> <span class='ocrx_word' id='word_1_1002' title='bbox 2873 5639 2979 5694; x_wconf 88' lang='lat' dir='ltr'><strong>quo</strong></span> <span class='ocrx_word' id='word_1_1003' title='bbox 3010 5625 3252 5694; x_wconf 86' lang='lat' dir='ltr'><strong>genitum</strong></span> <span class='ocrx_word' id='word_1_1004' title='bbox 3293 5640 3451 5677; x_wconf 87' lang='lat' dir='ltr'><strong>com-</strong></span> 
     </span>
    </p>
   </div>
   <div class='ocr_carea' id='block_1_125' title="bbox 1871 5694 3446 5766">
    <p class='ocr_par' dir='ltr' id='par_1_125' title="bbox 1871 5694 3446 5766">
     <span class='ocr_line' id='line_1_127' title="bbox 1871 5694 3446 5766; baseline -0.001 -18"><span class='ocrx_word' id='word_1_1005' title='bbox 1871 5696 2155 5766; x_wconf 75' lang='lat' dir='ltr'><strong>prehendit</strong></span> <span class='ocrx_word' id='word_1_1006' title='bbox 2189 5697 2418 5766; x_wconf 78' lang='lat' dir='ltr'><strong>genitor,</strong></span> <span class='ocrx_word' id='word_1_1007' title='bbox 2448 5711 2476 5748; x_wconf 89' lang='lat' dir='ltr'><strong>a</strong></span> <span class='ocrx_word' id='word_1_1008' title='bbox 2504 5694 2636 5748; x_wconf 74' lang='lat' dir='ltr'><strong>Filio</strong></span> <span class='ocrx_word' id='word_1_1009' title='bbox 2663 5706 2921 5766; x_wconf 84' lang='lat' dir='ltr'><strong>removet.</strong></span> <span class='ocrx_word' id='word_1_1010' title='bbox 2949 5723 3022 5735; x_wconf 89' lang='lat'>—</span> <span class='ocrx_word' id='word_1_1011' title='bbox 3049 5696 3289 5750; x_wconf 87' lang='lat' dir='ltr'><strong>Domnus</strong></span> <span class='ocrx_word' id='word_1_1012' title='bbox 3308 5695 3446 5748; x_wconf 80' lang='lat' dir='ltr'><strong>Prn-</strong></span> 
     </span>
    </p>
   </div>
   <div class='ocr_carea' id='block_1_126' title="bbox 1874 5764 3428 5892">
    <p class='ocr_par' dir='ltr' id='par_1_126' title="bbox 1874 5764 3428 5892">
     <span class='ocr_line' id='line_1_128' title="bbox 1874 5764 3428 5837; baseline -0.001 -16"><span class='ocrx_word' id='word_1_1013' title='bbox 1874 5764 2022 5821; x_wconf 85' lang='lat' dir='ltr'><strong>dent.</strong></span> <span class='ocrx_word' id='word_1_1014' title='bbox 2076 5764 2264 5820; x_wconf 81' lang='lat' dir='ltr'><strong>Maran</strong></span> <span class='ocrx_word' id='word_1_1015' title='bbox 2307 5765 2382 5822; x_wconf 88' lang='lat' dir='ltr'><strong>De</strong></span> <span class='ocrx_word' id='word_1_1016' title='bbox 2429 5766 2636 5822; x_wconf 81' lang='lat' dir='ltr'><strong>dwinit.</strong></span> <span class='ocrx_word' id='word_1_1017' title='bbox 2679 5764 2874 5820; x_wconf 72' lang='lat' dir='ltr'><strong>Christi</strong></span> <span class='ocrx_word' id='word_1_1018' title='bbox 2927 5767 3019 5822; x_wconf 83' lang='lat' dir='ltr'><strong>lib.</strong></span> <span class='ocrx_word' id='word_1_1019' title='bbox 3069 5781 3143 5834; x_wconf 88' lang='lat' dir='ltr'><strong>tv,</strong></span> <span class='ocrx_word' id='word_1_1020' title='bbox 3194 5780 3315 5837; x_wconf 87' lang='lat' dir='ltr'><strong>cap.</strong></span> <span class='ocrx_word' id='word_1_1021' title='bbox 3354 5765 3428 5820; x_wconf 62' lang='lat' dir='ltr'><strong>lii</strong></span> 
     </span>
     <span class='ocr_line' id='line_1_129' title="bbox 1877 5837 2257 5892; baseline -0.005 0"><span class='ocrx_word' id='word_1_1022' title='bbox 1877 5853 2029 5892; x_wconf 87' lang='lat' dir='ltr'><strong>num.</strong></span> <span class='ocrx_word' id='word_1_1023' title='bbox 2054 5837 2092 5892; x_wconf 77' lang='lat'><strong>2</strong></span> <span class='ocrx_word' id='word_1_1024' title='bbox 2112 5847 2166 5892; x_wconf 89' lang='lat' dir='ltr'><strong>et</strong></span> <span class='ocrx_word' id='word_1_1025' title='bbox 2196 5837 2257 5892; x_wconf 72' lang='grc'>4.</span> 
     </span>
    </p>
   </div>
   <div class='ocr_carea' id='block_1_127' title="bbox 1876 5847 2257 5898">
    <p class='ocr_par' dir='ltr' id='par_1_127' title="bbox 1876 5847 2257 5898">
     <span class='ocr_line' id='line_1_130' title="bbox 1876 5847 2257 5898; baseline -0.018 -1"><span class='ocrx_word' id='word_1_1026' title='bbox 1876 5853 2029 5898; x_wconf 82' lang='lat' dir='ltr'><strong>num.</strong></span> <span class='ocrx_word' id='word_1_1027' title='bbox 2054 5847 2092 5892; x_wconf 69' lang='grc' dir='ltr'><strong>’Ζ</strong></span> <span class='ocrx_word' id='word_1_1028' title='bbox 2112 5847 2166 5893; x_wconf 83' lang='grc' dir='ltr'><strong>ει</strong></span> <span class='ocrx_word' id='word_1_1029' title='bbox 2196 5847 2257 5892; x_wconf 50' lang='lat' dir='ltr'><strong>ﬂ.</strong></span> 
     </span>
    </p>
   </div>
  </div>
