3866 6514
413 410 514 473 767
1719 405 1780 462 P.
1821 403 2135 461 DANlELlS
2170 399 2405 458 BUETII
2801 403 2807 426 "
3544 391 3626 448 768

411 536 556 609 quod
583 543 636 588 et
667 532 854 590 Graece
877 529 1100 585 exhibet
1124 529 1462 583 .Iust-ioianus
1505 526 1559 580 in
1596 526 1699 579 line
1737 523 1991 592 Epistolas
2021 529 2035 583 Δ

2141 521 2198 576 n6
2219 521 2313 574 τοῦ
2349 519 2562 590 Πατρὸς
2591 513 2901 586 ἀγνοεισθαι
2935 507 3162 568 ὑπδτοῧ
3200 510 3354 572 Υἷοῡ,
3381 512 3628 582 διαρκοῦν-

419 601 491 682 ad
537 624 742 679 Menam
777 639 796 676 :
837 621 1029 684 Ἀλλος
1077 620 1134 673 δέ
1187 637 1270 682 τις
1295 617 1520 690 ζητήσει
1569 620 1617 670 ει
1667 615 1864 686 ἀληθὲς
1926 615 1989 667 τὸ
2093 629 2186 677 τος
2210 611 2531 681 ἐξισωθῆναι
2561 610 2682 670 ταῖς
2707 605 3042 677 καταλήψεσι
3072 601 3173 690 τοῦν
3201 603 3460 672 ἁγενήτου
3500 604 3628 658 Θεοῦο

413 717 618 787 ὁμοίως
646 713 734 766 τὸν
767 712 900 764 Θεὸν
927 711 1017 780 ὑφ’
1045 709 1237 763 ἑαυτοῦ
1289 706 1674 778 γινώσκεσθαι,
1710 706 1788 778 τῷ
1833 704 1994 774 γινώ-
2098 702 2416 756 ἐπιστατέον
2449 699 2611 752 αὑτὸν
2631 700 2695 751 ὲκ
2725 697 2818 750 τοῦ
2846 695 3105 767 ἀλήθειαν
3137 689 3274 747 εἶναι
3307 693 3398 746 τὸν
3419 695 3633 767 Σωτῆρα,

419 807 647 862 σκεσθαι
677 805 837 858 αὑτὸν
872 804 977 857 ὑπὸ
1005 802 1098 856 τοῦ
1130 801 1467 870 Μονογενοῦς
1491 802 1619 854 ’καὶ
1637 801 1993 868 ἀποφανεῖται
2098 797 2194 851 καὶ
2224 793 2557 868 προσακτέον
2589 793 2670 845 ὅτι
2717 793 2768 844 εί
2805 789 3096 861 ὁλόκληρος
3148 789 3295 841 ἐστιν
3349 791 3383 858 ἡ
3425 788 3636 858 ἀλήθεια,

419 901 500 956 ὅτι
543 901 602 952 τὸ
653 897 942 971 εἰρημένον
966 913 980 928 ⁸
1019 897 1071 948 Ὁ
1103 894 1305 964 Πατὴρ
1349 898 1381 948 ό
1409 893 1652 963 πέμψας
1683 910 1760 962 με
1791 889 1997 954 μείζων
2100 890 2250 944 οὐδὲν
2278 887 2476 958 ἀληθὲς
2513 887 2715 954 ἀγνοεῖ,
2748 884 2836 937 ἴνα
2867 883 2940 953 μὴ
2971 881 3146 952 σκάζῃ
3179 882 3498 952 λείπουσαὴ
3531 881 3636 952 άλη-

411 1011 536 1065 μου
562 991 756 1052 ἐστὶν,
781 992 838 1042 ὲν
868 991 1032 1042 πᾶσιν
1066 987 1286 1058 ἀληθές.
1315 987 1475 1039 Ὥστε
1509 987 1602 1038 και¹
1625 987 1680 1038 ὲν
1699 984 1778 1055 τῷ
1807 987 1946 1037 νοεῖν
1969 985 1998 1038 6

420 1083 611 1155 Πατὴρ
653 1077 914 1154 μειζόνως
973 1081 1067 1133 καὶ
1118 1079 1458 1147 τρανοτέρως
1504 1077 1599 1130 καὶ
1651 1076 1998 1147 τελειοτέρως

420 1181 624 1232 νοεῖται
687 1175 776 1244 ὑφ’
821 1173 1052 1239 ἑαυτοῦ,
1102 1173 1133 1243 ἥ
1183 1170 1287 1224 ὑπὸ
1328 1169 1422 1223 τοῦ
1464 1170 1613 1224 Υἰοῠ.
1669 1187 1688 1220 ι
1745 1170 2001 1222 Cttriosns

423 1267 596 1320 lector
621 1265 877 1333 inquirat,
905 1271 1081 1316 utrum
1118 1277 1146 1316 a
1188 1262 1479 1328 semetipso
1521 1269 1880 1328 cognoscatur
1903 1258 2002 1309 Pa-

431 1368 536 1425 ter,
561 1357 833 1425 quomodo
863 1354 1215 1420 cognoscitur
1258 1369 1285 1404 a
1323 1351 1494 1413 Filio;
1546 1351 1834 1418 sciensque
1870 1347 2002 1401 illud

431 1447 572 1517 quod
611 1446 872 1514 scriptum
907 1453 1032 1496 est:
1072 1439 1238 1495 Pater
1272 1443 1363 1511 qui
1398 1442 1535 1494 misit
1573 1456 1673 1503 me,
1713 1438 1888 1507 major
1924 1453 2004 1490 me

431 1548 509 1592 est
537 1539 604 1600 “,
632 1538 684 1590 in
721 1534 970 1588 omnibus
1013 1550 1201 1588 verum
1236 1549 1357 1586 esse
1399 1532 1716 1595 contendet,
1765 1539 1826 1583 ut
1861 1529 2009 1584 dicat

433 1641 486 1688 et
517 1631 568 1684 in
595 1629 903 1695 cognitione
957 1626 1095 1681 Filio
1133 1626 1348 1680 Patrem
1404 1641 1525 1678 esse
1557 1621 1841 1690 majorem,
1883 1623 2006 1675 dum

433 1719 728 1791 perfectius
764 1729 818 1773 et
848 1719 1035 1786 purius
1060 1732 1088 1770 a
1118 1716 1408 1784 semetipso
1445 1712 1810 1781 cognoscitur,
1849 1721 2008 1779 quam

438 1829 466 1867 a
499 1812 649 1866 Filio.
682 1831 700 1863 ι
731 1811 906 1878 Atque
935 1810 984 1862 id
1015 1825 1136 1862 esse
1173 1823 1348 1861 causa:
1375 1821 1544 1876 quare
1581 1804 1776 1857 Filium
1800 1818 1829 1856 a
1854 1801 2013 1856 Patre

2103 980 2222 1034 θεια
2249 974 2329 1042 οἷς
2365 979 2426 1031 οὐ
2455 976 2734 1046 γινώσκει,
2780 975 2902 1029 κατ’
2933 973 3195 1037 ἐκείνους,
3224 974 3567 1044 τυγχάνουσιν
3595 977 3643 1029 ὲν

2109 1072 2254 1142 μόνῳ
2283 1069 2363 1140 τῷ
2389 1069 2583 1139 Πατρὶ,
2611 1066 2644 1138 ἢ
2670 1067 2932 1120 δεικνύτω
2957 1083 3042 1130 τις
3065 1067 3146 1119 ὅτι
3178 1065 3326 1119 ἔστιν
3350 1065 3385 1118 ἃ
3414 1066 3645 1134 γινωσιόα

2111 1180 2246 1234 μενα
2277 1163 2377 1231 τῆς
2407 1159 2659 1232 ἀληθείας
2683 1157 3055 1231 προσηγορίας
3087 1158 3148 1211 οὒ
3180 1158 3532 1228 τυγχάνοντα,
3557 1159 3646 1212 ἀλλ’

2109 1256 2250 1326 ὑπὲρ
2281 1255 2450 1325 αὐτὴν
2495 1255 2647 1307 ὄντα.
2679 1253 2997 1306 Addendum
3032 1267 3314 1308 censerem
3355 1260 3410 1305 et
3455 1251 3598 1304 ismm
3627 1267 3650 1306 e

2111 1351 2208 1403 lib.
2253 1365 2269 1402 t
2301 1349 2439 1417 Περὶ
2471 1347 2694 1415 ἀρχῶν,
2725 1361 2846 1413 cap.
2876 1347 2928 1408 '5,
2961 1362 3110 1401 num.
3153 1347 3186 1400 4
3229 1346 3416 1416 (quem
3467 1356 3652 1415 usurpat

2111 1456 2232 1511 cap.
2275 1440 2343 1494 18
2407 1452 2598 1494 auctor
2651 1439 2818 1495 libelli
2883 1440 2956 1493 De
3004 1439 3199 1492 deitate
3244 1449 3290 1491 et
3330 1439 3656 1491 incarnatione

2121 1532 2298 1595 Verbi,
2329 1533 2391 1586 ad
2417 1531 2737 1586 Ianuarium
2761 1571 2776 1598 ,
2804 1531 2894 1601 qui
2937 1530 3286 1600 subjungitur
3317 1539 3467 1584 tomo
3497 1538 3658 1598 quarto

2115 1623 2421 1694 Augustini)
2443 1642 2457 1689 ;
2476 1625 2528 1677 in
2560 1624 3039 1693 quocognitionem
3064 1623 3300 1691 Spiritus
3327 1622 3500 1676 sancti
3521 1636 3662 1690 aequa-

2118 1715 2219 1770 lem
2249 1731 2369 1770 esse
2400 1716 2692 1784 cognitioni
2719 1713 2897 1769 Patris
2931 1724 2984 1769 et
3018 1714 3136 1767 Filii
3165 1713 3491 1779 05tenditur,
3515 1712 3556 1767 si
3580 1728 3661 1767 non

2122 1809 2221 1862 hoc
2245 1823 2400 1877 opus,
2427 1818 2485 1862 ut
2517 1808 2679 1862 toties
2714 1807 2923 1873 monui,
2957 1807 3009 1860 in
3048 1807 3112 1859 iis
3150 1806 3392 1859 maxime
3419 1804 3596 1873 quibus
3616 1805 3666 1857 de

447 1901 854 1971 comprehendi,
880 1897 1095 1952 Patrem
1135 1914 1264 1951 vero
1295 1913 1324 1949 a
1357 1897 1491 1950 Filio
1525 1895 1839 1962 neutiquam
1869 1908 2020 1947 com-
2049 1894 2092 1949 B
2121 1898 2390 1955 Trinitate
2441 1901 2642 1970 agitur,
2678 1899 3020 1968 corrupisset
3074 1897 3332 1953 Ruﬁnus.
3384 1896 3474 1952 Sic
3521 1905 3666 1950 autem

442 1993 702 2064 prehendi
737 1991 1167 2061 posse'opinatus
1192 1988 1282 2052 sit,
1307 1988 1382 2040 ait
1412 1986 1772 2056 Hieronymus
1794 2000 1806 2036 :
1827 1994 2016 2040 contra

441 2103 606 2156 quant
634 2087 912 2154 Paganino
943 2083 1245 2138 Gaudentio
1279 2083 1455 2134 visum
1497 2091 1580 2134 est
1620 2080 1713 2134 lib.
1759 2078 1833 2132 De
1876 2094 2020 2131 com-

440 2190 617 2250 parat.
653 2179 826 2244 dogm.
862 2176 1075 2244 Origen.
1103 2191 1217 2227 cum
1250 2173 1442 2243 philos.
1481 2170 1867 2240 I’latonis;qui
1901 2171 2020 2224 ideo

443 2271 723 2324 censuisse
752 2270 1039 2337 ()t'igettent
1072 2266 1281 2330 scribit,
1316 2265 1510 2318 Filium
1531 2265 1712 2318 videre
1735 2278 1838 2316 non
1865 2275 2021 2331 posse

442 2357 684 2424 Patrem,
724 2359 849 2428 quia
880 2358 1076 2412 Filium
1116 2356 1304 2410 habuit
1343 2370 1440 2424 pro
1481 2371 1535 2407 re
1565 2363 1784 2420 creata;
1811 2351 2024 2408 intelle-

446 2463 590 2506 ctum
642 2461 822 2504 autem
869 2461 1109 2504 creatum
1149 2464 1263 2502 rem
1323 2449 1592 2501 inlinitam
1649 2459 1876 2501 cernere
1913 2459 2022 2498 non

450 2559 626 2612 posse.
663 2541 797 2597 Cum
833 2543 976 2596 enim
1010 2552 1228 2609 putasse
1284 2537 1490 2598 feratur
1536 2552 1711 2604 neque
1753 2535 1950 2590 Filium
1993 2549 2024 2589 a

453 2636 876 2704 Spiritu‘saucto
901 2633 1066 2686 videri
1098 2645 1278 2700 posse,
1297 2645 1472 2698 neque
1495 2628 1757 2697 Spiritum
1779 2640 2025 2681 sanctum

455 2725 522 2779 ab
551 2709 777 2791 angelis,
825 2738 1000 2792 neque
1049 2721 1274 2790 angelos
1327 2721 1394 2775 ab
1447 2719 1781 2784 hominibus,
1833 2733 2026 2773 vanam

454 2836 578 2873 esse
615 2819 862 2886 sequitur
892 2817 1183 2871 Gandcntii
1219 2816 1611 2885 conjecturam.
1662 2813 1864 2868 Eodem
1913 2829 2033 2883 per-

457 2910 592 2963 tinet
639 2909 783 2978 quod
833 2911 1085 2978 queritur
1119 2907 1506 2978 Hieronymus,
1539 2923 1658 2976 cap.
1703 2907 1752 2972 l,
1789 2905 2029 2974 ejusdem

460 3001 716 3069 Epistolae
749 3002 817 3054 ad
853 3002 1016 3063 Avit.,
1053 3001 1358 3054 decrevisse
1393 2997 1705 3069 Origeuem,
1734 2997 1899 3051 Deum
1921 2995 2031 3050 Pa-

459 3103 589 3148 trem
617 3109 726 3146 esse
754 3093 927 3146 lumen
953 3091 1494 3158 iucomprelteusil'ile.
1532 3091 1852 3161 Auenymtts
1894 3102 2032 3156 quo-

458 3201 565 3256 que
597 3195 786 3238 auctor
831 3183 1102 3254 Apologia:
1143 3199 1237 3252 pro
1296 3182 1545 3253 Origene,
1597 3182 1737 3251 apud
1779 3180 2030 3234 Pbotium

2118 2001 2420 2060 conceptus
2439 1999 2523 2046 est
2557 2009 2572 2046 :
2605 2008 2624 2042 ι
2667 1989 2819 2044 Sicut
2853 1991 2999 2044 enim
3038 1991 3105 2045 de
3135 1989 3274 2044 Filio
3311 1989 3546 2052 dicitur,
3571 1988 3670 2056 quia

2120 2101 2269 2138 nemo
2291 2083 2431 2137 novit
2453 2082 2681 2137 Patrem
2717 2083 2822 2137 nisi
2863 2080 3062 2145 Filius,
3086 2091 3134 2135 et
3169 2083 3254 2134 cui
3285 2081 3511 2135 voluerit
3533 2078 3672 2133 Filius

2129 2175 2359 2228 revelare
2388 2174 2432 2205 ’⁷
2469 2189 2483 2226 :
2515 2175 2628 2229 hac
2677 2175 2864 2228 eadem
2909 2174 3074 2227 etiam
3131 2171 3200 2228 de
3257 2172 3469 2241 Spiritu
3519 2181 3673 2229 sancto

2124 2265 2259 2319 dicit
2307 2265 2621 2334 Apostolus,
2679 2279 2802 2319 cum
2851 2265 2978 2316 ait:
3022 2262 3188 2317 Nobis
3228 2274 3412 2317 autem
3461 2262 3669 2316 rerelasit

2124 2356 2264 2412 Deus
2290 2374 2382 2426 per
2403 2356 2660 2424 Spiritum
2693 2373 2846 2410 suum
2873 2374 2891 2420 ;
2925 2353 3159 2424 Spiritus
3183 2357 3322 2410 enim
3361 2356 3536 2409 omnia
3561 2371 3678 2409 scru-

2127 2455 2293 2514 tatur,
2317 2450 2473 2502 etiam
2497 2449 2607 2502 alta
2640 2448 2735 2504 Dei
2757 2449 2826 2504 “.
2868 2447 2973 2502 Sed
3016 2457 3070 2504 et
3100 2463 3288 2503 rursus
3321 2449 3378 2502 in
3416 2446 3680 2518 Evangelia

2128 2540 2194 2594 de
2223 2541 2421 2595 divinis
2469 2551 2523 2595 et
2577 2539 3028 2610 profundioribus
3075 2541 3345 2594 doctrinis
3386 2553 3680 2596 commemo-

2127 2647 2259 2686 rans
2315 2631 2588 2697 Salvator,
2643 2645 2779 2702 quas
2817 2635 3053 2686 nondum
3090 2647 3286 2702 capere
3345 2639 3591 2702 poterant
3618 2628 3682 2685 tli-

2131 2723 2324 2791 scipnli
2355 2723 2461 2790 sui,
2499 2724 2570 2777 ita
2599 2725 2673 2778 ait
2698 2724 2763 2777 ad
2802 2725 3075 2792 apostolos
3104 2741 3118 2776 :
3149 2724 3336 2776 Adhuc
3361 2721 3525 2775 multa
3551 2721 3686 2774 habet)

2129 2833 2248 2886 qua
2287 2819 2433 2872 vobis
2456 2817 2654 2884 dicam,
2700 2819 2793 2872 sed
2837 2835 2942 2872 non
2989 2819 3202 2884 potestis
3246 2817 3447 2870 amodo
3492 2828 3684 2884 capere:

2132 2925 2246 2963 cum
2265 2920 2437 2963 autem
2457 2911 2649 2964 venerit
2678 2910 2980 2964 consolator
3002 2908 3236 2977 Spiritus
3260 2919 3507 2972 sanctus,
3527 2908 3607 2960 ille
3619 2922 3684 2959 eos

2133 3000 2331 3052 docebit
2351 3001 2546 3067 omnia,
2568 3011 2614 3054 et
2633 3001 2977 3054 commonebit
3001 3001 3173 3054 omnia
3201 3017 3317 3069 qua:
3341 3001 3462 3054 dixi
3491 2998 3686 3053 vobis”.

2132 3091 2198 3144 Et
2231 3092 2303 3144 ita
2344 3092 2687 3146 sentiendum
2723 3101 2828 3153 est,
2863 3091 3006 3160 quod
3045 3093 3184 3146 sicut
3229 3092 3406 3147 Filius
3450 3093 3536 3160 qui
3569 3090 3688 3144 solus

2138 3182 2416 3251 cognoscit
2459 3182 2716 3250 Patrem,
2763 3183 2968 3238 revelat
3019 3184 3106 3238 cui
3160 3183 3299 3246 vult,
3353 3183 3435 3238 ita
3487 3181 3693 3252 Spiritus

460 3279 580 3333 cod.
612 3293 778 3341 cxvn,
821 3277 962 3331 inter
999 3277 1175 3346 capita
1202 3276 1644 3330 criminationum
1669 3289 1787 3343 quae
1813 3273 2033 3343 Ot-igeni
2063 3249 2107 3306 θ
2141 3284 2361 3328 sanctus
2389 3278 2477 3344 qui
2508 3275 2656 3329 solus
2705 3284 2980 3329 scrutatur
3003 3275 3166 3328 etiam
3215 3273 3321 3327 alta
3360 3273 3485 3337 Dei,
3525 3270 3695 3326 revelat

461 3370 721 3425 intentari
764 3369 1048 3433 solebant,
1093 3369 1308 3422 tertium
1369 3367 1497 3422 illud
1544 3369 1692 3436 ponit
1736 3366 1913 3439 [Υἱὸνι
1964 3367 2038 3438 μὴ

459 3455 750 3524 γινώσκειν
793 3456 883 3508 τὸν
927 3455 1179 3526 Πατέρα,
1221 3456 1296 3518 ὡς
1344 3457 1506 3520 αὐτὸς
1551 3456 1760 3509 ἑαυτόν.
1794 3475 1811 3507 ι
1846 3456 2040 3510 Filium

463 3561 569 3599 non
607 3560 939 3614 cognoscere
967 3545 1201 3610 Patrem,
1227 3556 1283 3601 ut
1309 3547 1485 3614 seipse
1508 3544 1672 3598 Pater
1702 3546 2035 3614 cognoscit.»

463 3633 635 3703 Hujus
670 3649 801 3690 sane
827 3637 1120 3689 commenti
1158 3645 1295 3688 nota:
1330 3647 1546 3689 exstant
1600 3646 1744 3689 tonio
1782 3653 1929 3689 xxxii
1965 3637 2042 3703 (8)

439 3727 518 3779 in
545 3725 734 3788 Joan.,
767 3742 916 3784 num.
945 3727 1015 3780 18
1045 3723 1450 3780 εΓινώσκειοῦν
1477 3729 1565 3780 τὸν
1589 3727 1806 3800 Πατέρα
1839 3731 1867 3781 6
1895 3729 2043 3792 Υἱὸς,

464 3815 616 3886 αὐτῷ
657 3814 736 3886 τῷ
764 3815 1050 3884 γινώσκειν
1091 3818 1252 3871 αὐτὸν
1280 3818 1392 3870 ὄντι
1438 3819 1678 3889 μεγίστῳ
1707 3819 1914 3890 ἀγαθῷ,
1951 3821 2046 3872 καὶ

463 3908 649 3963 ὁποῖον
679 3908 744 3962 ἂν
775 3911 804 3963 6
831 3910 922 3963 ἐπί
940 3910 1153 3963 τελείαν
1179 3911 1381 3980 γνῶσιν
1406 3912 1480 3966 ὢν
1505 3915 1570 3984 ἦν
1591 3912 1848 3982 γινώσκει
1871 3915 1897 3966 6
1921 3913 2048 3978 Υἱὸς

462 4003 557 4057 τὸν
592 4005 828 4077 Πατέρα,
883 4005 1162 4076 ἐδοξάσθη.
1215 4004 1382 4078 Οἶμαι
1416 4009 1496 4062 ὅτι
1539 4011 1633 4063 καὶ
1665 4010 1855 4064 ἑαυτὸν
1885 4010 2048 4080 γινώο

444 4112 635 4158 ›σκων,
681 4097 818 4168 ὅπερ
849 4099 941 4150 καὶ
972 4098 1104 4151 αὐτὸ
1149 4101 1210 4152 οὑ
1263 4100 1482 4172 μακρὰν
1532 4101 1723 4154 ἀποδεῖ
1766 4100 1860 4155 τοῦ
1917 4121 2051 4174 προ-

465 4185 648 4258 τέρου,
683 4186 941 4258 ἐδοξάσθη
984 4189 1049 4241 ὲκ
1078 4188 1172 4242 τοῦ
1217 4191 1378 4243 αὑτὸν
1413 4192 1733 4259 ἐγνωκέναι.
1772 4193 2052 4262 Cognitio-

469 4294 592 4332 nem
627 4295 734 4348 qua
787 4295 846 4333 se
884 4282 1165 4349 cognoscit
1203 4279 1394 4349 Filius,
1449 4284 1762 4352 cognitione
1809 4284 1900 4337 illa
1944 4301 2050 4354 qua

471 4369 756 4434 cognoscit
789 4368 1006 4424 Patrem
1066 4372 1228 4440 paulo
1269 4373 1582 4428 inferiorem
1631 4389 1756 4429 esse
1815 4375 2051 4440 deﬁnit;

471 4461 616 4530 quod
679 4476 800 4514 mox
849 4463 1090 4531 apertius
1132 4464 1424 4532 prmdicat,
1469 4465 1658 4520 dicens
1709 4464 1807 4538 τὴν
1841 4466 2054 4538 Πατρὸς

472 4551 708 4626 θεωρίαν
735 4552 872 4607 εἶναι
909 4553 1131 4625 μείζονα
1155 4555 1256 4626 τῆς
1289 4559 1346 4609 ὲν
1374 4555 1490 4627 ru;
1523 4556 1776 4627 θεωρίας.

549 4645 666 4701 XX.
692 4646 822 4714 QlllP
842 4649 1092 4717 quamvis
1122 4659 1503 4702 asscvet'anter
1534 4651 1882 4718 pronuntiata
1918 4650 2052 4716 siut,

478 4737 556 4808 (9)
579 4738 716 4792 idem
750 4739 863 4807 ipse
894 4749 1073 4795 tamen
1095 4740 1149 4794 in
1175 4740 1364 4795 iisdem
1392 4740 1814 4798 Commentariis
1834 4751 1981 4799 tomo
2009 4761 2048 4809 ι,

477 4823 631 4884 ιιιιιιιῖ
679 4829 786 4896 27,
838 4831 1102 4900 aqualem
1141 4833 1506 4902 cognitionem
1566 4833 1692 4888 Filii
1758 4836 2053 4904 cognitioni

478 4919 656 4976 Patris
681 4922 894 4977 videtur
921 4933 1178 4988 statuere,
1214 4925 1350 4979 adeo
1375 4925 1500 4994 quid
1523 4935 1841 4995 sequeretur
1867 4941 2056 4996 parum

480 5009 580 5080 ipsi
616 5022 789 5066 ratum
824 5013 1094 5083 lixntuque
1123 5015 1265 5068 fuit:
1315 5015 1440 5068 Ἐὰν
1470 5016 1631 5080 δέτις
1668 5017 1828 5088 ζητῇ,
1859 5018 2058 5086 inquit,

478 5103 528 5157 εί
559 5105 665 5165 πᾶν
697 5105 726 5158 ὃ
758 5105 811 5158 τί
828 5123 955 5158 ποτε
988 5108 1325 5178 ἐγνωσμένον
1352 5109 1458 5160 ὑπὸ
1485 5109 1574 5161 τοῦ
1597 5110 1807 5180 Πατρδς
1833 5109 1974 5162 κατὰ
2001 5109 2064 5163 τὸ

482 5193 645 5266 βάθος
669 5195 764 5248 τοῦ
794 5197 1046 5261 πλούτου,
1083 5201 1175 5251 καὶ
1197 5199 1297 5269 τῆς
1324 5199 1533 5269 σοφίας,
1565 5201 1659 5252 καὶ
1687 5201 1786 5270 τῆς
1807 5201 2062 5268 γνώσεως

481 5287 670 5348 αὑτοῦ,
699 5289 990 5342 ἐπίσταται
1033 5292 1062 5342 6
1097 5291 1287 5363 Σωτὴρ
1315 5291 1492 5361 ἡμῶν,
1525 5292 1617 5343 καὶ
1651 5293 1921 5363 φαντασίᾳ
1967 5293 2060 5346 τοῦ

479 5377 720 5444 δοξάζειν
747 5380 838 5433 τὸν
869 5381 1086 5452 Πατέρα
1112 5382 1478 5454 ἀποφαίνηταί
1522 5399 1642 5435 τινα
1688 5384 2064 5454 γινωσκόμενα

555 5493 602 5524 ’⁸
636 5491 789 5547 Joatt.
827 5509 939 5558 XIV,
965 5493 1058 5549 28.
1135 5495 1178 5526 ³⁷
1200 5495 1334 5550 Luc.
1363 5511 1416 5562 x,
1449 5494 1540 5548 29.
1617 5495 1700 5548 "l
1731 5497 1855 5549 Cor.
1895 5513 1952 5560 tt,
1980 5497 2064 5550 10.

560 5589 636 5656 (8)
666 5588 941 5662 Ιιιδοαη.
987 5607 1134 5645 num.
1178 5590 1264 5656 18,
1297 5601 1406 5644 etc.
1442 5592 1576 5662 Vide
1630 5607 1792 5662 supra
1850 5607 1998 5645 num.
2031 5593 2061 5644 7

491 5659 900 5738 oliserv_:ttiottcs
934 5671 1150 5716 nostras
1187 5663 1239 5716 itt
1268 5661 1392 5716 lunt:
1416 5661 1578 5716 verba
1609 5677 1623 5714 ι
1667 5659 1865 5714 Eodem
1921 5663 2040 5716 laba

496 5737 613 5780 rqu
645 5737 789 5792 t'ttto,
817 5740 924 5784 etc.

547 5797 645 5874 i9)
676 5797 817 5874 idem
848 5801 954 5866 ipse
973 5811 1163 5874 tamen
1193 5801 1464 5874 iu_i_isdem
1509 5797 1935 5874 Commentariis,
1963 5810 2068 5855 etc.

501 5864 786 5937 Aiqualcm
831 5864 1194 5938 ceguilioncm
1224 5869 1353 5926 Filii
1390 5869 1683 5940 cognitioni
1722 5864 1927 5928 Patris
1958 5881 2073 5926 stu-

2087 4604 2130 4657 D

2145 3367 2310 3420 Deum
2340 3369 2425 3422 cui
2453 3367 2596 3433 vult;
2637 3367 2870 3435 Spiritus
2907 3366 3046 3419 enim
3073 3366 3161 3419 ubi
3185 3365 3295 3419 vult
3328 3368 3507 3434 spirat
3527 3365 3590 3417 ³⁸.
3611 3361 3696 3416 Ne-

2143 3475 2248 3528 que
2277 3460 2420 3513 enim
2446 3461 2743 3529 putandum
2791 3467 2872 3513 est
2902 3460 3048 3528 quod
3085 3458 3247 3513 etiam
3286 3457 3530 3528 Spiritus
3576 3452 3693 3510 Filio

2147 3552 2424 3606 revelante
2477 3552 2779 3622 cognoscit.
2825 3550 2880 3604 Si
2929 3551 3074 3604 enim
3116 3550 3398 3605 revelante
3454 3547 3586 3603 Filio
3628 3562 3700 3600 co-

2145 3642 2354 3710 gnoscit
2387 3639 2601 3695 Patrem
2635 3639 2870 3707 Spiritus
2895 3651 3142 3704 sanctus,
3165 3655 3298 3710 ergo
3325 3655 3395 3694 ex
3431 3635 3700 3709 ignorantia

2147 3733 2213 3785 ad
2266 3733 2546 3787 scientiam
2582 3732 2727 3785 venit
2768 3749 2780 3784 :
2822 3731 2968 3800 quod
3001 3731 3187 3800 utique
3221 3741 3276 3785 et
3308 3731 3537 3801 impium
3579 3727 3700 3798 pari-

2151 3833 2233 3878 ter
2259 3833 2312 3877 et
2350 3823 2574 3876 SlttlLum
2605 3831 2707 3887 est,
2762 3821 3027 3890 Spiritunt
3086 3832 3334 3877 sanctum
3373 3819 3637 3882 conﬁteri,
3662 3825 3705 3870 et

2151 3916 2507 3984 ignorantiam
2540 3915 2587 3969 ei
2622 3913 2918 3968 ascribere.
2956 3933 2974 3966 ι
2998 3911 3054 3968 Si
3088 3914 3252 3967 ullam
3281 3913 3513 3982 Spiritui
3546 3921 3707 3966 sancto

2152 4007 2510 4076 ignorantiam
2575 4005 2950 4060 ascribendam
3006 4021 3128 4060 esse
3192 4003 3466 4074 Origenes
3531 4007 3708 4072 negat,

2148 4096 2408 4167 aequalem
2433 4096 2657 4152 omnino
2689 4095 2973 4150 scientiam
3025 4095 3125 4163 ipsi
3164 4096 3357 4149 tribuit
3389 4111 3458 4149 ac
3491 4093 3629 4148 Patri
3665 4097 3709 4145 et

2149 4187 2328 4257 Filio;
2364 4203 2463 4244 nec
2517 4187 2691 4256 major
2731 4187 2874 4240 enim
2909 4186 3205 4256 excogitari
3255 4196 3440 4254 potest
3487 4181 3709 4247 scicntia,

2153 4297 2314 4351 quam
2351 4295 2474 4352 quae
2517 4281 2662 4334 nulla
2695 4281 2917 4351 penitus
2974 4279 3298 4350 ignorantia:
3345 4277 3578 4347 caligine
3610 4288 3712 4344 per-

2155 4374 2315 4428 tnista
2351 4381 2454 4430 est.
2871 4386 2877 4391 '

2225 4465 2366 4520 XXI.
2408 4465 2602 4521 Filium
2632 4465 2725 4521 Dei
2760 4481 2856 4536 pro
2889 4479 2948 4520 re
2975 4474 3163 4521 creata
3192 4466 3260 4518 ab
3313 4467 3551 4536 Origene
3579 4467 3714 4522 babi-

2158 4569 2271 4616 tum
2303 4561 2468 4614 fuisse
2497 4575 2560 4614 ac
2593 4559 2970 4629 przedicatum,
3003 4573 3124 4626 quac
3145 4557 3477 4612 Arianorum
3513 4569 3567 4614 et
3594 4560 3716 4613 Ano-

2159 4667 2418 4707 ma‘orum
2453 4653 2612 4720 impia
2649 4651 2748 4704 fuit
2780 4660 2834 4706 et
2870 4650 3130 4704 damnosa
3162 4649 3368 4716 upinio,
3411 4653 3577 4705 verba
3622 4651 3717 4704 lucc

2157 4743 2482 4812 persuadere
2509 4748 2758 4812 possunt,
2783 4756 2903 4810 qua:
2925 4758 2958 4797 e
2992 4741 3086 4797 lib.
3121 4758 3172 4796 tv
3195 4741 3335 4809 Περὶ
3353 4742 3720 4811 ἀρχῶνειιιιιυ-

2157 4837 2231 4890 cit
2263 4833 2594 4888 .Iustinianus
2624 4833 2675 4886 in
2701 4831 2942 4902 Epistula
2976 4835 3046 4886 ad
3080 4833 3330 4888 Menam:
3353 4828 3524 4898 Οὗτος
3556 4837 3583 4886 6
3614 4832 3720 4892 Υἱὸς

2159 4926 2224 4978 ὲκ
2258 4924 2562 4996 θελήματος
2592 4923 2686 4978 τοῦ
2718 4925 2933 4997 Πατρὸς
2966 4925 3240 4996 γενηθεὶς,
3272 4925 3340 4992 ὅς
3368 4926 3540 4980 ἐστιν
3566 4923 3722 4978 εἰκὼν

2161 5019 2266 5072 τοῦ
2295 5017 2442 5072 Θεοῦ
2479 5017 2587 5071 τοῦ
2625 5015 2903 5085 ἀοράτου,
2946 5019 3041 5071 καὶ
3071 5018 3416 5089 ἀπαύγασμα
3453 5018 3553 5088 τῆς
3585 5015 3723 5083 665m;

2162 5109 2348 5176 αὑτοῦ,
2385 5110 2672 5181 χαρακτήρ
2697 5127 2756 5161 τε
2784 5110 2884 5180 τῆς
2916 5109 3269 5174 ὑποστάσεως
3302 5110 3496 5173 αὑτοῦ,
3535 5106 3722 5180 πρωτό-

2162 5219 2319 5266 τοκος
2364 5203 2542 5274 πάσης
2603 5200 2852 5265 κτίσεως,
2896 5201 3122 5272 κτίσμα,
3161 5203 3339 5272 σοφία.
3375 5203 3520 5272 Αὐτὴ
3554 5201 3654 5271 γάρ
3696 5197 3723 5265 ἡ

2170 5294 2337 5363 Σοφία
2354 5295 2536 5365 φησιν’
2567 5295 2628 5347 '0
2655 5294 2800 5360 Θεὸς
2833 5293 3038 5348 ἑνιτισέ
3047 5312 3125 5362 με
3137 5295 3336 5363 ἀρχὴν
3357 5294 3512 5349 ὁδῶν
3525 5287 3724 5347 ἑαυτοῦ

2170 5386 2257 5448 εις
2291 5385 2437 5454 ἔργα
2489 5384 2728 5438 ἑαυτοῦ.
2760 5403 2778 5436 ι
2817 5384 2913 5440 llic
2949 5384 3118 5440 Filius
3153 5387 3218 5439 de
3248 5386 3526 5439 voluntate
3567 5378 3726 5436 Patris

2142 5499 2186 5532 ¹⁹
2212 5498 2369 5553 Joan.
2397 5513 2508 5562 χιιι,
2541 5499 2642 5562 12,
2677 5499 2779 5564 13;
2816 5512 2929 5564 xiv,
2964 5497 3055 5551 96.
3136 5498 3181 5529 ³ο
3204 5496 3362 5554 Joau.
3397 5512 3477 5562 ιιι,
3510 5497 3564 5550 8.

2175 5593 2274 5647 tuit
2308 5594 2470 5648 etiam
2499 5594 2758 5661 Origenes
2791 5593 2882 5647 lib.
2913 5609 2960 5648 vi
2995 5601 3177 5646 contra
3208 5591 3440 5656 Celsum,
3475 5604 3620 5661 num.
3668 5582 3725 5640 l7

2174 5674 2228 5718 et
2269 5680 2419 5717 num.
2473 5664 2558 5717 65.
2600 5659 2736 5719 Vide
2788 5663 2996 5717 llullum
3053 5662 3262 5732 Dolens.
3295 5661 3422 5730 ﬁdei
3475 5659 3719 5732 Nicqnc.

2177 5735 2242 5787 de
2271 5733 2496 5858 Fili‘ieet‘p
2543 5733 2834 5806 ὁμοουσίῳ,
2865 5743 2998 5790 sect.
3047 5733 3101 5788 9.
3130 5728 3358 5802 ὐδρζυ,
3405 5746 3546 5786 ιιιιιιι.
3593 5728 3626 5782 9
3679 5732 3726 5778 et

2180 5819 2328 5858 nuttt.
2441 5843 2454 5858 .
