  <div class='ocr_page' id='page_1' title='image "/cluster/home/n/w/nwhite01/storage/ocr_20150623/17/hvd.32044051719607/396.png"; bbox 0 0 3866 6550; ppageno 0'>
   <div class='ocr_carea' id='block_1_1' title="bbox 167 453 309 522">
    <p class='ocr_par' dir='ltr' id='par_1_1' title="bbox 167 453 309 522">
     <span class='ocr_line' id='line_1_1' title="bbox 167 453 309 522; baseline 0.014 -2"><span class='ocrx_word' id='word_1_1' title='bbox 167 453 309 522; x_wconf 69' lang='grc'><strong>’769</strong></span> 
     </span>
    </p>
   </div>
   <div class='ocr_carea' id='block_1_2' title="bbox 1054 464 2651 534">
    <p class='ocr_par' dir='ltr' id='par_1_2' title="bbox 1054 464 2651 534">
     <span class='ocr_line' id='line_1_2' title="bbox 1054 464 2651 534; baseline 0.003 -14"><span class='ocrx_word' id='word_1_2' title='bbox 1054 464 1631 522; x_wconf 79' lang='lat' dir='ltr'><strong>ORIGENIANORUM</strong></span> <span class='ocrx_word' id='word_1_3' title='bbox 1671 464 1802 525; x_wconf 81' lang='lat' dir='ltr'><strong>LIB.</strong></span> <span class='ocrx_word' id='word_1_4' title='bbox 1844 464 1915 530; x_wconf 86' lang='lat' dir='ltr'><strong>ll,</strong></span> <span class='ocrx_word' id='word_1_5' title='bbox 1958 465 2111 523; x_wconf 75' lang='lat' dir='ltr'><strong>CAP.</strong></span> <span class='ocrx_word' id='word_1_6' title='bbox 2155 466 2221 533; x_wconf 89' lang='lat' dir='ltr'><strong>ll,</strong></span> <span class='ocrx_word' id='word_1_7' title='bbox 2265 466 2542 534; x_wconf 60' lang='lat' dir='ltr'><strong>QUAZST.</strong></span> <span class='ocrx_word' id='word_1_8' title='bbox 2589 469 2651 524; x_wconf 91' lang='lat' dir='ltr'><strong>ll.</strong></span> 
     </span>
    </p>
   </div>
   <div class='ocr_carea' id='block_1_3' title="bbox 3368 476 3470 532">
    <p class='ocr_par' dir='ltr' id='par_1_3' title="bbox 3368 476 3470 532">
     <span class='ocr_line' id='line_1_3' title="bbox 3368 476 3470 532; baseline 0.029 -3"><span class='ocrx_word' id='word_1_9' title='bbox 3368 476 3470 532; x_wconf 82' lang='lat'><strong>770</strong></span> 
     </span>
    </p>
   </div>
   <div class='ocr_carea' id='block_1_4' title="bbox 187 582 3471 661">
    <p class='ocr_par' dir='ltr' id='par_1_4' title="bbox 187 582 3471 661">
     <span class='ocr_line' id='line_1_4' title="bbox 187 582 3471 661; baseline 0.002 -23"><span class='ocrx_word' id='word_1_10' title='bbox 187 589 513 655; x_wconf 77' lang='lat' dir='ltr'><strong>generatus,</strong></span> <span class='ocrx_word' id='word_1_11' title='bbox 543 582 630 653; x_wconf 81' lang='lat' dir='ltr'><strong>qui</strong></span> <span class='ocrx_word' id='word_1_12' title='bbox 656 591 733 636; x_wconf 80' lang='lat' dir='ltr'><strong>est</strong></span> <span class='ocrx_word' id='word_1_13' title='bbox 766 583 937 654; x_wconf 85' lang='lat' dir='ltr'><strong>imago</strong></span> <span class='ocrx_word' id='word_1_14' title='bbox 972 583 1070 638; x_wconf 82' lang='lat' dir='ltr'><strong>Dei</strong></span> <span class='ocrx_word' id='word_1_15' title='bbox 1125 585 1405 641; x_wconf 75' lang='lat' dir='ltr'><strong>invisibilis</strong></span> <span class='ocrx_word' id='word_1_16' title='bbox 1435 587 1501 649; x_wconf 79' lang='lat'><strong>&quot;,</strong></span> <span class='ocrx_word' id='word_1_17' title='bbox 1529 594 1585 639; x_wconf 89' lang='lat' dir='ltr'><strong>et</strong></span> <span class='ocrx_word' id='word_1_18' title='bbox 1615 586 1794 655; x_wconf 62' lang='lat' dir='ltr'><strong>splen-</strong></span> <span class='ocrx_word' id='word_1_19' title='bbox 1824 593 1868 648; x_wconf 79' lang='grc' dir='ltr'><strong>Α</strong></span> <span class='ocrx_word' id='word_1_20' title='bbox 1902 585 1970 638; x_wconf 88' lang='lat' dir='ltr'><strong>ah</strong></span> <span class='ocrx_word' id='word_1_21' title='bbox 2000 599 2066 640; x_wconf 92' lang='lat' dir='ltr'><strong>eo</strong></span> <span class='ocrx_word' id='word_1_22' title='bbox 2094 585 2338 657; x_wconf 86' lang='lat' dir='ltr'><strong>(Patre):</strong></span> <span class='ocrx_word' id='word_1_23' title='bbox 2366 592 2507 658; x_wconf 89' lang='lat' dir='ltr'><strong>quod</strong></span> <span class='ocrx_word' id='word_1_24' title='bbox 2531 602 2752 645; x_wconf 87' lang='lat' dir='ltr'><strong>necesse</strong></span> <span class='ocrx_word' id='word_1_25' title='bbox 2777 601 2860 644; x_wconf 89' lang='lat' dir='ltr'><strong>est</strong></span> <span class='ocrx_word' id='word_1_26' title='bbox 2886 589 3151 661; x_wconf 83' lang='lat' dir='ltr'><strong>imprimis</strong></span> <span class='ocrx_word' id='word_1_27' title='bbox 3174 593 3371 661; x_wconf 83' lang='lat' dir='ltr'><strong>suscipi</strong></span> <span class='ocrx_word' id='word_1_28' title='bbox 3403 595 3471 646; x_wconf 76' lang='lat' dir='ltr'><strong>ab</strong></span> 
     </span>
    </p>
   </div>
   <div class='ocr_carea' id='block_1_5' title="bbox 184 671 1792 746">
    <p class='ocr_par' dir='ltr' id='par_1_5' title="bbox 184 671 1792 746">
     <span class='ocr_line' id='line_1_5' title="bbox 184 671 1792 746; baseline 0.003 -21"><span class='ocrx_word' id='word_1_29' title='bbox 184 673 304 726; x_wconf 86' lang='lat' dir='ltr'><strong>dor</strong></span> <span class='ocrx_word' id='word_1_30' title='bbox 355 671 536 742; x_wconf 72' lang='lat' dir='ltr'><strong>gloria:</strong></span> <span class='ocrx_word' id='word_1_31' title='bbox 595 672 746 743; x_wconf 85' lang='lat' dir='ltr'><strong>ejus,</strong></span> <span class='ocrx_word' id='word_1_32' title='bbox 804 681 858 726; x_wconf 85' lang='lat' dir='ltr'><strong>et</strong></span> <span class='ocrx_word' id='word_1_33' title='bbox 919 673 1094 745; x_wconf 78' lang='lat' dir='ltr'><strong>ﬁgura</strong></span> <span class='ocrx_word' id='word_1_34' title='bbox 1149 688 1404 746; x_wconf 78' lang='lat' dir='ltr'><strong>expressa</strong></span> <span class='ocrx_word' id='word_1_35' title='bbox 1473 675 1792 730; x_wconf 67' lang='lat' dir='ltr'><strong>substantiae</strong></span> 
     </span>
    </p>
   </div>
   <div class='ocr_carea' id='block_1_6' title="bbox 181 763 1784 835">
    <p class='ocr_par' dir='ltr' id='par_1_6' title="bbox 181 763 1784 835">
     <span class='ocr_line' id='line_1_6' title="bbox 181 763 1784 835; baseline 0.002 -17"><span class='ocrx_word' id='word_1_36' title='bbox 181 763 320 833; x_wconf 85' lang='lat' dir='ltr'><strong>ejus</strong></span> <span class='ocrx_word' id='word_1_37' title='bbox 356 765 422 832; x_wconf 82' lang='lat'><strong>”,</strong></span> <span class='ocrx_word' id='word_1_38' title='bbox 485 764 880 835; x_wconf 86' lang='lat' dir='ltr'><strong>primogenitus</strong></span> <span class='ocrx_word' id='word_1_39' title='bbox 937 767 1118 822; x_wconf 87' lang='lat' dir='ltr'><strong>omnis</strong></span> <span class='ocrx_word' id='word_1_40' title='bbox 1163 777 1448 832; x_wconf 67' lang='lat' dir='ltr'><strong>creaturae,</strong></span> <span class='ocrx_word' id='word_1_41' title='bbox 1507 769 1784 834; x_wconf 80' lang='lat' dir='ltr'><strong>conditio,</strong></span> 
     </span>
    </p>
   </div>
   <div class='ocr_carea' id='block_1_7' title="bbox 179 856 1786 930">
    <p class='ocr_par' dir='ltr' id='par_1_7' title="bbox 179 856 1786 930">
     <span class='ocr_line' id='line_1_7' title="bbox 179 856 1786 930; baseline 0.002 -20"><span class='ocrx_word' id='word_1_42' title='bbox 179 856 482 926; x_wconf 76' lang='lat' dir='ltr'><strong>sapientia.</strong></span> <span class='ocrx_word' id='word_1_43' title='bbox 512 856 628 927; x_wconf 83' lang='lat' dir='ltr'><strong>Ipsa</strong></span> <span class='ocrx_word' id='word_1_44' title='bbox 662 859 806 913; x_wconf 90' lang='lat' dir='ltr'><strong>enim</strong></span> <span class='ocrx_word' id='word_1_45' title='bbox 843 857 1122 930; x_wconf 72' lang='lat' dir='ltr'><strong>Sapientia</strong></span> <span class='ocrx_word' id='word_1_46' title='bbox 1156 861 1286 916; x_wconf 90' lang='lat' dir='ltr'><strong>dicit</strong></span> <span class='ocrx_word' id='word_1_47' title='bbox 1317 879 1332 916; x_wconf 90' lang='lat'>:</span> <span class='ocrx_word' id='word_1_48' title='bbox 1362 861 1622 915; x_wconf 78' lang='lat' dir='ltr'><strong>Dominus</strong></span> <span class='ocrx_word' id='word_1_49' title='bbox 1658 877 1786 914; x_wconf 57' lang='lat' dir='ltr'><strong>cono</strong></span> 
     </span>
    </p>
   </div>
   <div class='ocr_carea' id='block_1_8' title="bbox 181 947 1782 1024">
    <p class='ocr_par' dir='ltr' id='par_1_8' title="bbox 181 947 1782 1024">
     <span class='ocr_line' id='line_1_8' title="bbox 181 947 1782 1024; baseline 0.002 -22"><span class='ocrx_word' id='word_1_50' title='bbox 181 947 334 1003; x_wconf 81' lang='lat' dir='ltr'><strong>didit</strong></span> <span class='ocrx_word' id='word_1_51' title='bbox 356 965 436 1004; x_wconf 82' lang='lat' dir='ltr'><strong>me</strong></span> <span class='ocrx_word' id='word_1_52' title='bbox 489 948 699 1006; x_wconf 78' lang='lat' dir='ltr'><strong>initium</strong></span> <span class='ocrx_word' id='word_1_53' title='bbox 725 952 928 1006; x_wconf 79' lang='lat' dir='ltr'><strong>uiarum</strong></span> <span class='ocrx_word' id='word_1_54' title='bbox 973 969 1192 1008; x_wconf 79' lang='lat' dir='ltr'><strong>suarum</strong></span> <span class='ocrx_word' id='word_1_55' title='bbox 1223 955 1292 1008; x_wconf 83' lang='lat' dir='ltr'><strong>ad</strong></span> <span class='ocrx_word' id='word_1_56' title='bbox 1330 971 1486 1024; x_wconf 81' lang='lat' dir='ltr'><strong>Opera</strong></span> <span class='ocrx_word' id='word_1_57' title='bbox 1520 952 1718 1018; x_wconf 74' lang='lat' dir='ltr'><strong>sua”;</strong></span> <span class='ocrx_word' id='word_1_58' title='bbox 1762 972 1782 1006; x_wconf 72' lang='grc' dir='ltr'><strong>ι</strong></span> 
     </span>
    </p>
   </div>
   <div class='ocr_carea' id='block_1_9' title="bbox 181 1041 1784 1117">
    <p class='ocr_par' dir='ltr' id='par_1_9' title="bbox 181 1041 1784 1117">
     <span class='ocr_line' id='line_1_9' title="bbox 181 1041 1784 1117; baseline 0.002 -21"><span class='ocrx_word' id='word_1_59' title='bbox 181 1047 245 1096; x_wconf 83' lang='lat' dir='ltr'><strong>et</strong></span> <span class='ocrx_word' id='word_1_60' title='bbox 273 1041 380 1096; x_wconf 87' lang='lat' dir='ltr'><strong>ista</strong></span> <span class='ocrx_word' id='word_1_61' title='bbox 409 1057 477 1096; x_wconf 79' lang='lat' dir='ltr'><strong>ex</strong></span> <span class='ocrx_word' id='word_1_62' title='bbox 498 1042 688 1098; x_wconf 82' lang='lat' dir='ltr'><strong>eodem</strong></span> <span class='ocrx_word' id='word_1_63' title='bbox 729 1042 866 1100; x_wconf 91' lang='lat' dir='ltr'><strong>libro</strong></span> <span class='ocrx_word' id='word_1_64' title='bbox 900 1061 916 1098; x_wconf 90' lang='lat'><strong>:</strong></span> <span class='ocrx_word' id='word_1_65' title='bbox 948 1045 1070 1100; x_wconf 78' lang='grc' dir='ltr'><strong>Ὀτι</strong></span> <span class='ocrx_word' id='word_1_66' title='bbox 1099 1045 1199 1117; x_wconf 85' lang='grc' dir='ltr'>μὲν</span> <span class='ocrx_word' id='word_1_67' title='bbox 1231 1041 1325 1100; x_wconf 81' lang='grc' dir='ltr'><strong>οῦν</strong></span> <span class='ocrx_word' id='word_1_68' title='bbox 1365 1048 1472 1100; x_wconf 83' lang='grc' dir='ltr'>πᾶν</span> <span class='ocrx_word' id='word_1_69' title='bbox 1517 1047 1546 1100; x_wconf 85' lang='grc' dir='ltr'><strong>ὃ</strong></span> <span class='ocrx_word' id='word_1_70' title='bbox 1569 1045 1620 1099; x_wconf 86' lang='grc' dir='ltr'>τί</span> <span class='ocrx_word' id='word_1_71' title='bbox 1652 1063 1784 1100; x_wconf 88' lang='grc' dir='ltr'>ποτε</span> 
     </span>
    </p>
   </div>
   <div class='ocr_carea' id='block_1_10' title="bbox 180 1133 1780 1209">
    <p class='ocr_par' dir='ltr' id='par_1_10' title="bbox 180 1133 1780 1209">
     <span class='ocr_line' id='line_1_10' title="bbox 180 1133 1780 1209; baseline 0.002 -22"><span class='ocrx_word' id='word_1_72' title='bbox 180 1133 349 1206; x_wconf 77' lang='grc' dir='ltr'><strong>παρὰ</strong></span> <span class='ocrx_word' id='word_1_73' title='bbox 374 1133 466 1188; x_wconf 87' lang='grc' dir='ltr'><strong>τὸν</strong></span> <span class='ocrx_word' id='word_1_74' title='bbox 495 1135 718 1207; x_wconf 81' lang='grc' dir='ltr'><strong>Πατέρα</strong></span> <span class='ocrx_word' id='word_1_75' title='bbox 747 1137 843 1191; x_wconf 70' lang='grc' dir='ltr'>καὶ</span> <span class='ocrx_word' id='word_1_76' title='bbox 870 1135 1006 1192; x_wconf 79' lang='grc' dir='ltr'>Θεὸν</span> <span class='ocrx_word' id='word_1_77' title='bbox 1039 1139 1150 1192; x_wconf 86' lang='grc' dir='ltr'><strong>τῶν</strong></span> <span class='ocrx_word' id='word_1_78' title='bbox 1195 1138 1331 1192; x_wconf 81' lang='grc' dir='ltr'>ὅλων</span> <span class='ocrx_word' id='word_1_79' title='bbox 1357 1139 1584 1209; x_wconf 84' lang='grc' dir='ltr'>γενητόν</span> <span class='ocrx_word' id='word_1_80' title='bbox 1613 1141 1780 1203; x_wconf 83' lang='grc' dir='ltr'>ἐστιν,</span> 
     </span>
    </p>
   </div>
   <div class='ocr_carea' id='block_1_11' title="bbox 181 1224 1783 1303">
    <p class='ocr_par' dir='ltr' id='par_1_11' title="bbox 181 1224 1783 1303">
     <span class='ocr_line' id='line_1_11' title="bbox 181 1224 1783 1303; baseline 0.005 -25"><span class='ocrx_word' id='word_1_81' title='bbox 181 1224 255 1282; x_wconf 72' lang='grc' dir='ltr'><strong>ἐκ</strong></span> <span class='ocrx_word' id='word_1_82' title='bbox 277 1226 385 1298; x_wconf 80' lang='grc' dir='ltr'>τῆς</span> <span class='ocrx_word' id='word_1_83' title='bbox 413 1227 586 1299; x_wconf 84' lang='grc' dir='ltr'>αὐτῆς</span> <span class='ocrx_word' id='word_1_84' title='bbox 622 1227 945 1294; x_wconf 80' lang='grc' dir='ltr'><strong>ἀκολουθίας</strong></span> <span class='ocrx_word' id='word_1_85' title='bbox 998 1230 1317 1303; x_wconf 80' lang='grc' dir='ltr'>πειθόμεθα.</span> <span class='ocrx_word' id='word_1_86' title='bbox 1361 1251 1380 1284; x_wconf 77' lang='grc' dir='ltr'>ι</span> <span class='ocrx_word' id='word_1_87' title='bbox 1416 1232 1568 1298; x_wconf 88' lang='lat' dir='ltr'><strong>Quod</strong></span> <span class='ocrx_word' id='word_1_88' title='bbox 1619 1233 1783 1300; x_wconf 77' lang='lat' dir='ltr'><strong>igitur</strong></span> 
     </span>
    </p>
   </div>
   <div class='ocr_carea' id='block_1_12' title="bbox 180 1320 1778 1390">
    <p class='ocr_par' dir='ltr' id='par_1_12' title="bbox 180 1320 1778 1390">
     <span class='ocr_line' id='line_1_12' title="bbox 180 1320 1778 1390; baseline 0.003 -18"><span class='ocrx_word' id='word_1_89' title='bbox 180 1331 534 1390; x_wconf 62' lang='lat' dir='ltr'><strong>quacunque</strong></span> <span class='ocrx_word' id='word_1_90' title='bbox 561 1320 666 1375; x_wconf 86' lang='lat' dir='ltr'><strong>alia</strong></span> <span class='ocrx_word' id='word_1_91' title='bbox 702 1336 810 1388; x_wconf 89' lang='lat' dir='ltr'><strong>res,</strong></span> <span class='ocrx_word' id='word_1_92' title='bbox 855 1330 1060 1390; x_wconf 69' lang='lat' dir='ltr'><strong>praeter</strong></span> <span class='ocrx_word' id='word_1_93' title='bbox 1093 1321 1310 1377; x_wconf 89' lang='lat' dir='ltr'><strong>Patrem</strong></span> <span class='ocrx_word' id='word_1_94' title='bbox 1343 1337 1409 1377; x_wconf 89' lang='lat' dir='ltr'><strong>ac</strong></span> <span class='ocrx_word' id='word_1_95' title='bbox 1445 1324 1613 1377; x_wconf 86' lang='lat' dir='ltr'><strong>Deum</strong></span> <span class='ocrx_word' id='word_1_96' title='bbox 1661 1323 1778 1376; x_wconf 79' lang='lat' dir='ltr'><strong>uni-</strong></span> 
     </span>
    </p>
   </div>
   <div class='ocr_carea' id='block_1_13' title="bbox 180 1413 1780 1486">
    <p class='ocr_par' dir='ltr' id='par_1_13' title="bbox 180 1413 1780 1486">
     <span class='ocr_line' id='line_1_13' title="bbox 180 1413 1780 1486; baseline 0.005 -24"><span class='ocrx_word' id='word_1_97' title='bbox 180 1424 503 1476; x_wconf 75' lang='lat' dir='ltr'><strong>versornm,</strong></span> <span class='ocrx_word' id='word_1_98' title='bbox 535 1421 718 1466; x_wconf 85' lang='lat' dir='ltr'><strong>creata</strong></span> <span class='ocrx_word' id='word_1_99' title='bbox 749 1422 857 1478; x_wconf 91' lang='lat' dir='ltr'><strong>est,</strong></span> <span class='ocrx_word' id='word_1_100' title='bbox 903 1413 1093 1468; x_wconf 91' lang='lat' dir='ltr'><strong>eadem</strong></span> <span class='ocrx_word' id='word_1_101' title='bbox 1145 1415 1536 1486; x_wconf 79' lang='lat' dir='ltr'><strong>consequentia</strong></span> <span class='ocrx_word' id='word_1_102' title='bbox 1583 1415 1780 1470; x_wconf 86' lang='lat' dir='ltr'><strong>suade-</strong></span> 
     </span>
    </p>
   </div>
   <div class='ocr_carea' id='block_1_14' title="bbox 181 1506 1777 1578">
    <p class='ocr_par' dir='ltr' id='par_1_14' title="bbox 181 1506 1777 1578">
     <span class='ocr_line' id='line_1_14' title="bbox 181 1506 1777 1578; baseline 0.003 -22"><span class='ocrx_word' id='word_1_103' title='bbox 181 1519 356 1570; x_wconf 85' lang='lat' dir='ltr'><strong>mur;</strong></span> <span class='ocrx_word' id='word_1_104' title='bbox 399 1522 418 1556; x_wconf 74' lang='grc' dir='ltr'>ι</span> <span class='ocrx_word' id='word_1_105' title='bbox 453 1519 666 1560; x_wconf 88' lang='lat' dir='ltr'><strong>necnon</strong></span> <span class='ocrx_word' id='word_1_106' title='bbox 701 1513 757 1561; x_wconf 87' lang='lat' dir='ltr'><strong>et</strong></span> <span class='ocrx_word' id='word_1_107' title='bbox 783 1506 901 1561; x_wconf 69' lang='lat' dir='ltr'><strong>haec</strong></span> <span class='ocrx_word' id='word_1_108' title='bbox 927 1521 1048 1578; x_wconf 69' lang='lat' dir='ltr'><strong>quae</strong></span> <span class='ocrx_word' id='word_1_109' title='bbox 1076 1522 1143 1562; x_wconf 81' lang='lat' dir='ltr'><strong>ex</strong></span> <span class='ocrx_word' id='word_1_110' title='bbox 1167 1507 1334 1577; x_wconf 83' lang='lat' dir='ltr'><strong>ipsius</strong></span> <span class='ocrx_word' id='word_1_111' title='bbox 1367 1507 1777 1562; x_wconf 86' lang='lat' dir='ltr'><strong>Commentario</strong></span> 
     </span>
    </p>
   </div>
   <div class='ocr_carea' id='block_1_15' title="bbox 179 1596 1772 1667">
    <p class='ocr_par' dir='ltr' id='par_1_15' title="bbox 179 1596 1772 1667">
     <span class='ocr_line' id='line_1_15' title="bbox 179 1596 1772 1667; baseline 0.002 -19"><span class='ocrx_word' id='word_1_112' title='bbox 179 1596 236 1648; x_wconf 83' lang='lat' dir='ltr'><strong>in</strong></span> <span class='ocrx_word' id='word_1_113' title='bbox 270 1596 540 1663; x_wconf 74' lang='lat' dir='ltr'><strong>psalmum</strong></span> <span class='ocrx_word' id='word_1_114' title='bbox 570 1613 586 1652; x_wconf 87' lang='grc' dir='ltr'><strong>ι</strong></span> <span class='ocrx_word' id='word_1_115' title='bbox 617 1596 826 1667; x_wconf 77' lang='lat' dir='ltr'><strong>profert</strong></span> <span class='ocrx_word' id='word_1_116' title='bbox 853 1598 1190 1667; x_wconf 85' lang='lat' dir='ltr'><strong>Epiphanius</strong></span> <span class='ocrx_word' id='word_1_117' title='bbox 1212 1599 1348 1654; x_wconf 68' lang='lat' dir='ltr'><strong>haer.</strong></span> <span class='ocrx_word' id='word_1_118' title='bbox 1374 1615 1518 1662; x_wconf 78' lang='lat' dir='ltr'><strong>utv,</strong></span> <span class='ocrx_word' id='word_1_119' title='bbox 1547 1615 1666 1666; x_wconf 84' lang='lat' dir='ltr'><strong>cap.</strong></span> <span class='ocrx_word' id='word_1_120' title='bbox 1698 1598 1729 1651; x_wconf 90' lang='grc'>7</span> <span class='ocrx_word' id='word_1_121' title='bbox 1758 1616 1772 1651; x_wconf 82' lang='grc' dir='ltr'><strong>ι</strong></span> 
     </span>
    </p>
   </div>
   <div class='ocr_carea' id='block_1_16' title="bbox 191 1686 1773 1762">
    <p class='ocr_par' dir='ltr' id='par_1_16' title="bbox 191 1686 1773 1762">
     <span class='ocr_line' id='line_1_16' title="bbox 191 1686 1773 1762; baseline 0.003 -24"><span class='ocrx_word' id='word_1_122' title='bbox 191 1686 487 1759; x_wconf 78' lang='grc' dir='ltr'>’Ᾱξιοῦμεν</span> <span class='ocrx_word' id='word_1_123' title='bbox 509 1687 712 1751; x_wconf 78' lang='grc' dir='ltr'><strong>τοίνυν,</strong></span> <span class='ocrx_word' id='word_1_124' title='bbox 741 1688 865 1742; x_wconf 75' lang='grc' dir='ltr'><strong>ἐπεὶ</strong></span> <span class='ocrx_word' id='word_1_125' title='bbox 903 1690 1036 1761; x_wconf 82' lang='grc' dir='ltr'><strong>μηδὲ</strong></span> <span class='ocrx_word' id='word_1_126' title='bbox 1061 1690 1229 1762; x_wconf 74' lang='grc' dir='ltr'>χωρὶς</span> <span class='ocrx_word' id='word_1_127' title='bbox 1257 1689 1393 1743; x_wconf 85' lang='grc' dir='ltr'>Θεοῦ</span> <span class='ocrx_word' id='word_1_128' title='bbox 1424 1689 1590 1742; x_wconf 70' lang='grc' dir='ltr'>καλὸν</span> <span class='ocrx_word' id='word_1_129' title='bbox 1633 1687 1773 1742; x_wconf 81' lang='grc' dir='ltr'>εἶναι</span> 
     </span>
    </p>
   </div>
   <div class='ocr_carea' id='block_1_17' title="bbox 176 1776 1768 1852">
    <p class='ocr_par' dir='ltr' id='par_1_17' title="bbox 176 1776 1768 1852">
     <span class='ocr_line' id='line_1_17' title="bbox 176 1776 1768 1852; baseline 0.003 -22"><span class='ocrx_word' id='word_1_130' title='bbox 176 1776 430 1840; x_wconf 75' lang='grc' dir='ltr'>δύναται,</span> <span class='ocrx_word' id='word_1_131' title='bbox 474 1780 568 1832; x_wconf 77' lang='grc' dir='ltr'><strong>καὶ</strong></span> <span class='ocrx_word' id='word_1_132' title='bbox 614 1779 845 1850; x_wconf 70' lang='grc' dir='ltr'>μάλιστα</span> <span class='ocrx_word' id='word_1_133' title='bbox 878 1781 1064 1852; x_wconf 80' lang='grc' dir='ltr'>νόησις</span> <span class='ocrx_word' id='word_1_134' title='bbox 1095 1781 1328 1850; x_wconf 75' lang='grc' dir='ltr'>Γραφῶν</span> <span class='ocrx_word' id='word_1_135' title='bbox 1362 1780 1768 1846; x_wconf 84' lang='grc' dir='ltr'>θεοπνεύστων,</span> 
     </span>
    </p>
   </div>
   <div class='ocr_carea' id='block_1_18' title="bbox 173 1868 1767 1944">
    <p class='ocr_par' dir='ltr' id='par_1_18' title="bbox 173 1868 1767 1944">
     <span class='ocr_line' id='line_1_18' title="bbox 173 1868 1767 1944; baseline 0.002 -23"><span class='ocrx_word' id='word_1_136' title='bbox 173 1868 329 1932; x_wconf 69' lang='grc' dir='ltr'>ὅπως</span> <span class='ocrx_word' id='word_1_137' title='bbox 353 1869 434 1940; x_wconf 83' lang='grc' dir='ltr'>τῷ</span> <span class='ocrx_word' id='word_1_138' title='bbox 460 1870 635 1943; x_wconf 74' lang='grc' dir='ltr'>Πατρὶ</span> <span class='ocrx_word' id='word_1_139' title='bbox 653 1869 761 1924; x_wconf 82' lang='grc' dir='ltr'><strong>τῶν</strong></span> <span class='ocrx_word' id='word_1_140' title='bbox 793 1871 927 1924; x_wconf 81' lang='grc' dir='ltr'>ὅλων</span> <span class='ocrx_word' id='word_1_141' title='bbox 955 1872 1071 1942; x_wconf 84' lang='grc' dir='ltr'>Θεῷ</span> <span class='ocrx_word' id='word_1_142' title='bbox 1085 1871 1171 1924; x_wconf 84' lang='grc' dir='ltr'><strong>διὰ</strong></span> <span class='ocrx_word' id='word_1_143' title='bbox 1197 1871 1290 1924; x_wconf 83' lang='grc' dir='ltr'><strong>τοῦ</strong></span> <span class='ocrx_word' id='word_1_144' title='bbox 1317 1871 1571 1944; x_wconf 77' lang='grc' dir='ltr'><strong>Σωτῆρος</strong></span> <span class='ocrx_word' id='word_1_145' title='bbox 1594 1871 1767 1943; x_wconf 73' lang='grc' dir='ltr'>ἡμῶν,</span> 
     </span>
    </p>
   </div>
   <div class='ocr_carea' id='block_1_19' title="bbox 1899 678 3473 750">
    <p class='ocr_par' dir='ltr' id='par_1_19' title="bbox 1899 678 3473 750">
     <span class='ocr_line' id='line_1_19' title="bbox 1899 678 3473 750; baseline 0.003 -18"><span class='ocrx_word' id='word_1_146' title='bbox 1899 678 1984 732; x_wconf 94' lang='lat' dir='ltr'><strong>his</strong></span> <span class='ocrx_word' id='word_1_147' title='bbox 2035 679 2127 748; x_wconf 88' lang='lat' dir='ltr'><strong>qui</strong></span> <span class='ocrx_word' id='word_1_148' title='bbox 2163 678 2299 733; x_wconf 88' lang='lat' dir='ltr'><strong>nihil</strong></span> <span class='ocrx_word' id='word_1_149' title='bbox 2357 681 2693 749; x_wconf 85' lang='lat' dir='ltr'><strong>ingenitum,</strong></span> <span class='ocrx_word' id='word_1_150' title='bbox 2751 682 2802 736; x_wconf 87' lang='lat' dir='ltr'><strong>id</strong></span> <span class='ocrx_word' id='word_1_151' title='bbox 2841 691 2924 737; x_wconf 88' lang='lat' dir='ltr'><strong>cst</strong></span> <span class='ocrx_word' id='word_1_152' title='bbox 2965 682 3236 748; x_wconf 87' lang='lat' dir='ltr'><strong>innatum,</strong></span> <span class='ocrx_word' id='word_1_153' title='bbox 3273 695 3473 750; x_wconf 72' lang='lat' dir='ltr'><strong>prteter</strong></span> 
     </span>
    </p>
   </div>
   <div class='ocr_carea' id='block_1_20' title="bbox 1893 768 3474 839">
    <p class='ocr_par' dir='ltr' id='par_1_20' title="bbox 1893 768 3474 839">
     <span class='ocr_line' id='line_1_20' title="bbox 1893 768 3474 839; baseline 0.003 -16"><span class='ocrx_word' id='word_1_154' title='bbox 1893 768 2066 823; x_wconf 87' lang='lat' dir='ltr'><strong>solum</strong></span> <span class='ocrx_word' id='word_1_155' title='bbox 2119 769 2288 824; x_wconf 90' lang='lat' dir='ltr'><strong>Deum</strong></span> <span class='ocrx_word' id='word_1_156' title='bbox 2321 770 2540 826; x_wconf 83' lang='lat' dir='ltr'><strong>Patrem</strong></span> <span class='ocrx_word' id='word_1_157' title='bbox 2571 774 2833 828; x_wconf 80' lang='lat' dir='ltr'><strong>fatentur.</strong></span> <span class='ocrx_word' id='word_1_158' title='bbox 2868 792 2886 824; x_wconf 71' lang='grc' dir='ltr'>ι</span> <span class='ocrx_word' id='word_1_159' title='bbox 2919 773 3072 839; x_wconf 86' lang='lat' dir='ltr'><strong>Quod</strong></span> <span class='ocrx_word' id='word_1_160' title='bbox 3113 777 3276 828; x_wconf 79' lang='lat' dir='ltr'><strong>wrtit</strong></span> <span class='ocrx_word' id='word_1_161' title='bbox 3321 773 3474 827; x_wconf 80' lang='lat' dir='ltr'><strong>Ruti-</strong></span> 
     </span>
    </p>
   </div>
   <div class='ocr_carea' id='block_1_21' title="bbox 1889 860 3471 933">
    <p class='ocr_par' dir='ltr' id='par_1_21' title="bbox 1889 860 3471 933">
     <span class='ocr_line' id='line_1_21' title="bbox 1889 860 3471 933; baseline 0.001 -21"><span class='ocrx_word' id='word_1_162' title='bbox 1889 873 2012 924; x_wconf 85' lang='lat' dir='ltr'><strong>nus,</strong></span> <span class='ocrx_word' id='word_1_163' title='bbox 2056 869 2214 913; x_wconf 78' lang='lat' dir='ltr'><strong>nattts</strong></span> <span class='ocrx_word' id='word_1_164' title='bbox 2272 877 2339 913; x_wconf 86' lang='lat' dir='ltr'><strong>an</strong></span> <span class='ocrx_word' id='word_1_165' title='bbox 2370 860 2610 926; x_wconf 78' lang='lat' dir='ltr'><strong>innatus,</strong></span> <span class='ocrx_word' id='word_1_166' title='bbox 2637 863 2908 917; x_wconf 88' lang='lat' dir='ltr'><strong>redditum</strong></span> <span class='ocrx_word' id='word_1_167' title='bbox 2938 875 3020 917; x_wconf 84' lang='lat' dir='ltr'><strong>est</strong></span> <span class='ocrx_word' id='word_1_168' title='bbox 3049 863 3118 917; x_wconf 90' lang='lat' dir='ltr'><strong>ab</strong></span> <span class='ocrx_word' id='word_1_169' title='bbox 3145 863 3471 933; x_wconf 70' lang='lat' dir='ltr'><strong>Hieronymo</strong></span> 
     </span>
    </p>
   </div>
   <div class='ocr_carea' id='block_1_22' title="bbox 1889 951 3470 1024">
    <p class='ocr_par' dir='ltr' id='par_1_22' title="bbox 1889 951 3470 1024">
     <span class='ocr_line' id='line_1_22' title="bbox 1889 951 3470 1024; baseline 0.003 -20"><span class='ocrx_word' id='word_1_170' title='bbox 1889 951 2048 1021; x_wconf 84' lang='lat' dir='ltr'><strong>epist.</strong></span> <span class='ocrx_word' id='word_1_171' title='bbox 2094 951 2184 1018; x_wconf 84' lang='lat'><strong>59,</strong></span> <span class='ocrx_word' id='word_1_172' title='bbox 2216 953 2288 1004; x_wconf 86' lang='lat' dir='ltr'><strong>ad</strong></span> <span class='ocrx_word' id='word_1_173' title='bbox 2315 953 2483 1018; x_wconf 80' lang='lat' dir='ltr'><strong>Avit.,</strong></span> <span class='ocrx_word' id='word_1_174' title='bbox 2519 968 2637 1024; x_wconf 85' lang='lat' dir='ltr'><strong>cap.</strong></span> <span class='ocrx_word' id='word_1_175' title='bbox 2671 956 2722 1020; x_wconf 76' lang='grc' dir='ltr'>Ι,</span> <span class='ocrx_word' id='word_1_176' title='bbox 2757 957 2934 1024; x_wconf 82' lang='lat' dir='ltr'><strong>[actus</strong></span> <span class='ocrx_word' id='word_1_177' title='bbox 2977 972 3045 1009; x_wconf 86' lang='lat' dir='ltr'><strong>an</strong></span> <span class='ocrx_word' id='word_1_178' title='bbox 3094 957 3336 1024; x_wconf 78' lang='lat' dir='ltr'><strong>infectus.</strong></span> <span class='ocrx_word' id='word_1_179' title='bbox 3373 952 3470 1010; x_wconf 88' lang='lat' dir='ltr'><strong>Sic</strong></span> 
     </span>
    </p>
   </div>
   <div class='ocr_carea' id='block_1_23' title="bbox 1887 1042 3467 1116">
    <p class='ocr_par' dir='ltr' id='par_1_23' title="bbox 1887 1042 3467 1116">
     <span class='ocr_line' id='line_1_23' title="bbox 1887 1042 3467 1116; baseline 0.001 -21"><span class='ocrx_word' id='word_1_180' title='bbox 1887 1042 2032 1096; x_wconf 89' lang='lat' dir='ltr'><strong>enim</strong></span> <span class='ocrx_word' id='word_1_181' title='bbox 2064 1042 2178 1108; x_wconf 90' lang='lat' dir='ltr'><strong>ille,</strong></span> <span class='ocrx_word' id='word_1_182' title='bbox 2213 1057 2431 1099; x_wconf 85' lang='lat' dir='ltr'><strong>errores</strong></span> <span class='ocrx_word' id='word_1_183' title='bbox 2481 1044 2605 1098; x_wconf 89' lang='lat' dir='ltr'><strong>libri</strong></span> <span class='ocrx_word' id='word_1_184' title='bbox 2641 1047 2802 1114; x_wconf 90' lang='lat' dir='ltr'><strong>primi</strong></span> <span class='ocrx_word' id='word_1_185' title='bbox 2851 1046 2991 1115; x_wconf 77' lang='grc' dir='ltr'>Περὶ</span> <span class='ocrx_word' id='word_1_186' title='bbox 3027 1045 3235 1116; x_wconf 80' lang='grc' dir='ltr'>ἀρχῶν</span> <span class='ocrx_word' id='word_1_187' title='bbox 3278 1061 3467 1100; x_wconf 78' lang='lat' dir='ltr'><strong>recen-</strong></span> 
     </span>
    </p>
   </div>
   <div class='ocr_carea' id='block_1_24' title="bbox 1885 1131 3462 1207">
    <p class='ocr_par' dir='ltr' id='par_1_24' title="bbox 1885 1131 3462 1207">
     <span class='ocr_line' id='line_1_24' title="bbox 1885 1131 3462 1207; baseline 0.001 -19"><span class='ocrx_word' id='word_1_188' title='bbox 1885 1148 2050 1188; x_wconf 87' lang='lat' dir='ltr'><strong>sens:</strong></span> <span class='ocrx_word' id='word_1_189' title='bbox 2085 1152 2105 1186; x_wconf 79' lang='grc' dir='ltr'>ι</span> <span class='ocrx_word' id='word_1_190' title='bbox 2163 1131 2406 1188; x_wconf 89' lang='lat' dir='ltr'><strong>Tertium</strong></span> <span class='ocrx_word' id='word_1_191' title='bbox 2461 1136 2722 1206; x_wconf 80' lang='lat' dir='ltr'><strong>dignitate</strong></span> <span class='ocrx_word' id='word_1_192' title='bbox 2753 1147 2805 1190; x_wconf 90' lang='lat' dir='ltr'><strong>et</strong></span> <span class='ocrx_word' id='word_1_193' title='bbox 2841 1137 3050 1192; x_wconf 89' lang='lat' dir='ltr'><strong>honore</strong></span> <span class='ocrx_word' id='word_1_194' title='bbox 3092 1147 3214 1207; x_wconf 90' lang='lat' dir='ltr'><strong>post</strong></span> <span class='ocrx_word' id='word_1_195' title='bbox 3243 1136 3462 1191; x_wconf 83' lang='lat' dir='ltr'><strong>Patrem</strong></span> 
     </span>
    </p>
   </div>
   <div class='ocr_carea' id='block_1_25' title="bbox 1884 1223 3465 1297">
    <p class='ocr_par' dir='ltr' id='par_1_25' title="bbox 1884 1223 3465 1297">
     <span class='ocr_line' id='line_1_25' title="bbox 1884 1223 3465 1297; baseline -0.001 -15"><span class='ocrx_word' id='word_1_196' title='bbox 1884 1235 1939 1282; x_wconf 91' lang='lat' dir='ltr'><strong>et</strong></span> <span class='ocrx_word' id='word_1_197' title='bbox 1983 1223 2183 1282; x_wconf 87' lang='lat' dir='ltr'><strong>Filium</strong></span> <span class='ocrx_word' id='word_1_198' title='bbox 2228 1228 2427 1282; x_wconf 86' lang='lat' dir='ltr'><strong>asserit</strong></span> <span class='ocrx_word' id='word_1_199' title='bbox 2459 1226 2723 1296; x_wconf 87' lang='lat' dir='ltr'><strong>Spiritum</strong></span> <span class='ocrx_word' id='word_1_200' title='bbox 2777 1237 3030 1282; x_wconf 89' lang='lat' dir='ltr'><strong>sanctum</strong></span> <span class='ocrx_word' id='word_1_201' title='bbox 3070 1229 3180 1284; x_wconf 89' lang='lat' dir='ltr'><strong>:de</strong></span> <span class='ocrx_word' id='word_1_202' title='bbox 3207 1243 3315 1297; x_wconf 91' lang='lat' dir='ltr'><strong>quo</strong></span> <span class='ocrx_word' id='word_1_203' title='bbox 3343 1243 3465 1283; x_wconf 90' lang='lat' dir='ltr'><strong>cum</strong></span> 
     </span>
    </p>
   </div>
   <div class='ocr_carea' id='block_1_26' title="bbox 1883 1319 3462 1391">
    <p class='ocr_par' dir='ltr' id='par_1_26' title="bbox 1883 1319 3462 1391">
     <span class='ocr_line' id='line_1_26' title="bbox 1883 1319 3462 1391; baseline -0.001 -15"><span class='ocrx_word' id='word_1_204' title='bbox 1883 1319 2134 1391; x_wconf 79' lang='lat' dir='ltr'><strong>ignorare</strong></span> <span class='ocrx_word' id='word_1_205' title='bbox 2180 1335 2240 1376; x_wconf 85' lang='lat' dir='ltr'><strong>se</strong></span> <span class='ocrx_word' id='word_1_206' title='bbox 2271 1320 2437 1386; x_wconf 86' lang='lat' dir='ltr'><strong>dicat,</strong></span> <span class='ocrx_word' id='word_1_207' title='bbox 2471 1330 2649 1373; x_wconf 90' lang='lat' dir='ltr'><strong>utrum</strong></span> <span class='ocrx_word' id='word_1_208' title='bbox 2681 1319 2859 1374; x_wconf 83' lang='lat' dir='ltr'><strong>factus</strong></span> <span class='ocrx_word' id='word_1_209' title='bbox 2899 1319 2970 1374; x_wconf 91' lang='lat' dir='ltr'><strong>sit</strong></span> <span class='ocrx_word' id='word_1_210' title='bbox 3012 1336 3077 1373; x_wconf 91' lang='lat' dir='ltr'><strong>an</strong></span> <span class='ocrx_word' id='word_1_211' title='bbox 3117 1319 3370 1382; x_wconf 85' lang='lat' dir='ltr'><strong>infectus,</strong></span> <span class='ocrx_word' id='word_1_212' title='bbox 3410 1321 3462 1374; x_wconf 92' lang='lat' dir='ltr'><strong>in</strong></span> 
     </span>
    </p>
   </div>
   <div class='ocr_carea' id='block_1_27' title="bbox 1883 1413 3466 1483">
    <p class='ocr_par' dir='ltr' id='par_1_27' title="bbox 1883 1413 3466 1483">
     <span class='ocr_line' id='line_1_27' title="bbox 1883 1413 3466 1483; baseline 0 -16"><span class='ocrx_word' id='word_1_213' title='bbox 1883 1415 2283 1482; x_wconf 86' lang='lat' dir='ltr'><strong>posterioribus</strong></span> <span class='ocrx_word' id='word_1_214' title='bbox 2337 1415 2465 1483; x_wconf 90' lang='lat' dir='ltr'><strong>quid</strong></span> <span class='ocrx_word' id='word_1_215' title='bbox 2509 1413 2578 1467; x_wconf 89' lang='lat' dir='ltr'><strong>de</strong></span> <span class='ocrx_word' id='word_1_216' title='bbox 2622 1429 2688 1468; x_wconf 90' lang='lat' dir='ltr'><strong>eo</strong></span> <span class='ocrx_word' id='word_1_217' title='bbox 2737 1415 2967 1467; x_wconf 87' lang='lat' dir='ltr'><strong>sentiret</strong></span> <span class='ocrx_word' id='word_1_218' title='bbox 3000 1414 3294 1480; x_wconf 82' lang='lat' dir='ltr'><strong>expressit,</strong></span> <span class='ocrx_word' id='word_1_219' title='bbox 3329 1413 3466 1467; x_wconf 88' lang='lat' dir='ltr'><strong>nihil</strong></span> 
     </span>
    </p>
   </div>
   <div class='ocr_carea' id='block_1_28' title="bbox 1880 1503 3451 1574">
    <p class='ocr_par' dir='ltr' id='par_1_28' title="bbox 1880 1503 3451 1574">
     <span class='ocr_line' id='line_1_28' title="bbox 1880 1503 3451 1574; baseline 0.001 -18"><span class='ocrx_word' id='word_1_220' title='bbox 1880 1507 2086 1574; x_wconf 83' lang='lat' dir='ltr'><strong>absque</strong></span> <span class='ocrx_word' id='word_1_221' title='bbox 2109 1506 2226 1560; x_wconf 86' lang='lat' dir='ltr'><strong>solo</strong></span> <span class='ocrx_word' id='word_1_222' title='bbox 2254 1505 2361 1559; x_wconf 85' lang='lat' dir='ltr'><strong>Deo</strong></span> <span class='ocrx_word' id='word_1_223' title='bbox 2387 1504 2549 1558; x_wconf 83' lang='lat' dir='ltr'><strong>Patre</strong></span> <span class='ocrx_word' id='word_1_224' title='bbox 2596 1503 2856 1559; x_wconf 80' lang='lat' dir='ltr'><strong>infectum</strong></span> <span class='ocrx_word' id='word_1_225' title='bbox 2885 1519 3007 1560; x_wconf 87' lang='lat' dir='ltr'><strong>esse</strong></span> <span class='ocrx_word' id='word_1_226' title='bbox 3035 1506 3391 1559; x_wconf 84' lang='lat' dir='ltr'><strong>conﬁrmans.</strong></span> <span class='ocrx_word' id='word_1_227' title='bbox 3431 1525 3451 1557; x_wconf 70' lang='grc' dir='ltr'><strong>ι</strong></span> 
     </span>
    </p>
   </div>
   <div class='ocr_carea' id='block_1_29' title="bbox 1878 1589 3465 1669">
    <p class='ocr_par' dir='ltr' id='par_1_29' title="bbox 1878 1589 3465 1669">
     <span class='ocr_line' id='line_1_29' title="bbox 1878 1589 3465 1669; baseline -0.001 -18"><span class='ocrx_word' id='word_1_228' title='bbox 1878 1589 2186 1666; x_wconf 70' lang='lat' dir='ltr'><strong>Scripserat</strong></span> <span class='ocrx_word' id='word_1_229' title='bbox 2242 1596 2497 1651; x_wconf 88' lang='lat' dir='ltr'><strong>nituirum</strong></span> <span class='ocrx_word' id='word_1_230' title='bbox 2553 1595 2852 1667; x_wconf 76' lang='lat' dir='ltr'><strong>Origenes,</strong></span> <span class='ocrx_word' id='word_1_231' title='bbox 2912 1596 3211 1669; x_wconf 83' lang='grc' dir='ltr'>γενητὸςῆ</span> <span class='ocrx_word' id='word_1_232' title='bbox 3260 1597 3465 1669; x_wconf 83' lang='grc' dir='ltr'><strong>ἀγένη-</strong></span> 
     </span>
    </p>
   </div>
   <div class='ocr_carea' id='block_1_30' title="bbox 1875 1687 3457 1756">
    <p class='ocr_par' dir='ltr' id='par_1_30' title="bbox 1875 1687 3457 1756">
     <span class='ocr_line' id='line_1_30' title="bbox 1875 1687 3457 1756; baseline 0.001 -16"><span class='ocrx_word' id='word_1_233' title='bbox 1875 1705 1998 1752; x_wconf 88' lang='grc' dir='ltr'>τος,</span> <span class='ocrx_word' id='word_1_234' title='bbox 2049 1689 2504 1756; x_wconf 82' lang='lat' dir='ltr'><strong>quemadmodum</strong></span> <span class='ocrx_word' id='word_1_235' title='bbox 2547 1697 2602 1740; x_wconf 80' lang='lat' dir='ltr'><strong>et</strong></span> <span class='ocrx_word' id='word_1_236' title='bbox 2639 1698 2771 1741; x_wconf 88' lang='lat' dir='ltr'><strong>tom.</strong></span> <span class='ocrx_word' id='word_1_237' title='bbox 2810 1705 2847 1743; x_wconf 89' lang='lat' dir='ltr'><strong>tt</strong></span> <span class='ocrx_word' id='word_1_238' title='bbox 2894 1689 2948 1742; x_wconf 85' lang='lat' dir='ltr'><strong>in</strong></span> <span class='ocrx_word' id='word_1_239' title='bbox 2981 1688 3167 1753; x_wconf 83' lang='lat' dir='ltr'><strong>Joan.,</strong></span> <span class='ocrx_word' id='word_1_240' title='bbox 3208 1705 3354 1742; x_wconf 91' lang='lat' dir='ltr'><strong>num.</strong></span> <span class='ocrx_word' id='word_1_241' title='bbox 3380 1687 3457 1742; x_wconf 88' lang='lat'><strong>6:</strong></span> 
     </span>
    </p>
   </div>
   <div class='ocr_carea' id='block_1_31' title="bbox 1878 1780 3460 1852">
    <p class='ocr_par' dir='ltr' id='par_1_31' title="bbox 1878 1780 3460 1852">
     <span class='ocr_line' id='line_1_31' title="bbox 1878 1780 3460 1852; baseline 0.002 -20"><span class='ocrx_word' id='word_1_242' title='bbox 1878 1781 2027 1850; x_wconf 85' lang='grc' dir='ltr'>Ἔχει</span> <span class='ocrx_word' id='word_1_243' title='bbox 2067 1781 2122 1833; x_wconf 83' lang='grc' dir='ltr'><strong>δὲ</strong></span> <span class='ocrx_word' id='word_1_244' title='bbox 2162 1781 2502 1852; x_wconf 79' lang='grc' dir='ltr'>ὲπαπόρησιν</span> <span class='ocrx_word' id='word_1_245' title='bbox 2545 1780 2632 1833; x_wconf 81' lang='grc' dir='ltr'><strong>δὶά</strong></span> <span class='ocrx_word' id='word_1_246' title='bbox 2673 1799 2732 1834; x_wconf 88' lang='grc' dir='ltr'><strong>τε</strong></span> <span class='ocrx_word' id='word_1_247' title='bbox 2769 1781 2832 1834; x_wconf 89' lang='grc' dir='ltr'><strong>τό</strong></span> <span class='ocrx_word' id='word_1_248' title='bbox 2857 1797 2870 1811; x_wconf 79' lang='grc'><strong><em>⁸</em></strong></span> <span class='ocrx_word' id='word_1_249' title='bbox 2915 1781 3118 1835; x_wconf 83' lang='grc' dir='ltr'><em>Πάντα</em></span> <span class='ocrx_word' id='word_1_250' title='bbox 3165 1780 3238 1832; x_wconf 83' lang='grc' dir='ltr'><strong>δι’</strong></span> <span class='ocrx_word' id='word_1_251' title='bbox 3273 1780 3460 1835; x_wconf 83' lang='grc' dir='ltr'>αὐτοῦ</span> 
     </span>
    </p>
   </div>
   <div class='ocr_carea' id='block_1_32' title="bbox 1872 1869 3460 1941">
    <p class='ocr_par' dir='ltr' id='par_1_32' title="bbox 1872 1869 3460 1941">
     <span class='ocr_line' id='line_1_32' title="bbox 1872 1869 3460 1941; baseline 0.001 -19"><span class='ocrx_word' id='word_1_252' title='bbox 1872 1869 2130 1938; x_wconf 73' lang='grc' dir='ltr'>ἐγένετο,</span> <span class='ocrx_word' id='word_1_253' title='bbox 2172 1869 2264 1922; x_wconf 77' lang='grc' dir='ltr'><strong>καὶ</strong></span> <span class='ocrx_word' id='word_1_254' title='bbox 2298 1869 2616 1922; x_wconf 78' lang='grc' dir='ltr'><strong>ἀκολουθεῖν</strong></span> <span class='ocrx_word' id='word_1_255' title='bbox 2641 1872 2700 1924; x_wconf 84' lang='grc' dir='ltr'>τὸ</span> <span class='ocrx_word' id='word_1_256' title='bbox 2731 1871 2956 1941; x_wconf 78' lang='grc' dir='ltr'>Πνεῦμα</span> <span class='ocrx_word' id='word_1_257' title='bbox 2983 1871 3209 1941; x_wconf 73' lang='grc' dir='ltr'>γενητὸν</span> <span class='ocrx_word' id='word_1_258' title='bbox 3246 1869 3306 1923; x_wconf 74' lang='grc' dir='ltr'>ὃν</span> <span class='ocrx_word' id='word_1_259' title='bbox 3325 1912 3338 1935; x_wconf 94' lang='grc'><strong>,</strong></span> <span class='ocrx_word' id='word_1_260' title='bbox 3372 1871 3460 1926; x_wconf 73' lang='grc' dir='ltr'><strong>διὰ</strong></span> 
     </span>
    </p>
   </div>
   <div class='ocr_carea' id='block_1_33' title="bbox 173 1940 3462 2034">
    <p class='ocr_par' dir='ltr' id='par_1_33' title="bbox 173 1940 3462 2034">
     <span class='ocr_line' id='line_1_33' title="bbox 173 1940 3462 2034; baseline 0.001 -22"><span class='ocrx_word' id='word_1_261' title='bbox 173 1960 269 2012; x_wconf 75' lang='grc' dir='ltr'><strong>καὶ</strong></span> <span class='ocrx_word' id='word_1_262' title='bbox 307 1961 619 2032; x_wconf 82' lang='grc' dir='ltr'><strong>ἀρχιερέως</strong></span> <span class='ocrx_word' id='word_1_263' title='bbox 654 1961 883 2033; x_wconf 84' lang='grc' dir='ltr'>τενητοῦ</span> <span class='ocrx_word' id='word_1_264' title='bbox 921 1962 1056 2015; x_wconf 82' lang='grc' dir='ltr'><strong>Θεοῦ</strong></span> <span class='ocrx_word' id='word_1_265' title='bbox 1086 1962 1367 2034; x_wconf 80' lang='grc' dir='ltr'><strong>προσιέναι</strong></span> <span class='ocrx_word' id='word_1_266' title='bbox 1409 1964 1652 2033; x_wconf 79' lang='grc' dir='ltr'><strong>αἰτήσεις</strong></span> <span class='ocrx_word' id='word_1_267' title='bbox 1679 1962 1768 2015; x_wconf 82' lang='grc' dir='ltr'>δο-</span> <span class='ocrx_word' id='word_1_268' title='bbox 1802 1940 1842 1994; x_wconf 77' lang='grc' dir='ltr'>Β</span> <span class='ocrx_word' id='word_1_269' title='bbox 1873 1960 1967 2014; x_wconf 86' lang='grc' dir='ltr'><strong>τοῦ</strong></span> <span class='ocrx_word' id='word_1_270' title='bbox 1985 1961 2158 2031; x_wconf 88' lang='grc' dir='ltr'>Λόγου</span> <span class='ocrx_word' id='word_1_271' title='bbox 2183 1963 2484 2031; x_wconf 77' lang='grc' dir='ltr'>γεγονέναι,</span> <span class='ocrx_word' id='word_1_272' title='bbox 2513 1963 2629 2026; x_wconf 81' lang='grc' dir='ltr'><strong>πῶς</strong></span> <span class='ocrx_word' id='word_1_273' title='bbox 2657 1963 2819 2016; x_wconf 78' lang='grc' dir='ltr'>οἱονεὶ</span> <span class='ocrx_word' id='word_1_274' title='bbox 2856 1964 3190 2034; x_wconf 74' lang='grc' dir='ltr'><strong>προτιμᾶται</strong></span> <span class='ocrx_word' id='word_1_275' title='bbox 3215 1962 3308 2016; x_wconf 90' lang='grc' dir='ltr'><strong>τοῦ</strong></span> <span class='ocrx_word' id='word_1_276' title='bbox 3332 1965 3376 2016; x_wconf 89' lang='grc' dir='ltr'>Χ</span> <span class='ocrx_word' id='word_1_277' title='bbox 3388 1981 3462 2034; x_wconf 88' lang='grc' dir='ltr'>ρι-</span> 
     </span>
    </p>
   </div>
   <div class='ocr_carea' id='block_1_34' title="bbox 173 2049 1764 2124">
    <p class='ocr_par' dir='ltr' id='par_1_34' title="bbox 173 2049 1764 2124">
     <span class='ocr_line' id='line_1_34' title="bbox 173 2049 1764 2124; baseline 0.002 -22"><span class='ocrx_word' id='word_1_278' title='bbox 173 2049 338 2122; x_wconf 83' lang='grc' dir='ltr'>οῆναι</span> <span class='ocrx_word' id='word_1_279' title='bbox 378 2053 511 2123; x_wconf 78' lang='grc' dir='ltr'>ἡμῖν</span> <span class='ocrx_word' id='word_1_280' title='bbox 542 2052 757 2124; x_wconf 86' lang='grc' dir='ltr'>πρῶτον</span> <span class='ocrx_word' id='word_1_281' title='bbox 806 2049 988 2115; x_wconf 85' lang='grc' dir='ltr'>καλῶς</span> <span class='ocrx_word' id='word_1_282' title='bbox 1013 2051 1230 2124; x_wconf 80' lang='grc' dir='ltr'><strong>ζητεῖνο</strong></span> <span class='ocrx_word' id='word_1_283' title='bbox 1266 2061 1321 2107; x_wconf 91' lang='lat' dir='ltr'><strong>et</strong></span> <span class='ocrx_word' id='word_1_284' title='bbox 1353 2054 1467 2107; x_wconf 67' lang='lat' dir='ltr'><strong>hazc</strong></span> <span class='ocrx_word' id='word_1_285' title='bbox 1502 2063 1764 2122; x_wconf 83' lang='lat' dir='ltr'><strong>praeterea</strong></span> 
     </span>
    </p>
   </div>
   <div class='ocr_carea' id='block_1_35' title="bbox 172 2144 1764 2212">
    <p class='ocr_par' dir='ltr' id='par_1_35' title="bbox 172 2144 1764 2212">
     <span class='ocr_line' id='line_1_35' title="bbox 172 2144 1764 2212; baseline 0.001 -16"><span class='ocrx_word' id='word_1_286' title='bbox 172 2157 292 2212; x_wconf 63' lang='lat' dir='ltr'><strong>quae</strong></span> <span class='ocrx_word' id='word_1_287' title='bbox 323 2159 395 2198; x_wconf 79' lang='lat' dir='ltr'><strong>ex</strong></span> <span class='ocrx_word' id='word_1_288' title='bbox 436 2159 503 2200; x_wconf 89' lang='lat' dir='ltr'><strong>eo</strong></span> <span class='ocrx_word' id='word_1_289' title='bbox 544 2146 742 2201; x_wconf 87' lang='lat' dir='ltr'><strong>recitat</strong></span> <span class='ocrx_word' id='word_1_290' title='bbox 791 2146 1062 2201; x_wconf 87' lang='lat' dir='ltr'><strong>Diodorus</strong></span> <span class='ocrx_word' id='word_1_291' title='bbox 1115 2147 1168 2200; x_wconf 91' lang='lat' dir='ltr'><strong>in</strong></span> <span class='ocrx_word' id='word_1_292' title='bbox 1224 2145 1427 2201; x_wconf 79' lang='lat' dir='ltr'><strong>Catena</strong></span> <span class='ocrx_word' id='word_1_293' title='bbox 1457 2144 1764 2201; x_wconf 86' lang='lat' dir='ltr'><strong>Combeﬁsii</strong></span> 
     </span>
    </p>
   </div>
   <div class='ocr_carea' id='block_1_36' title="bbox 171 2234 1768 2310">
    <p class='ocr_par' dir='ltr' id='par_1_36' title="bbox 171 2234 1768 2310">
     <span class='ocr_line' id='line_1_36' title="bbox 171 2234 1768 2310; baseline 0.009 -23"><span class='ocrx_word' id='word_1_294' title='bbox 171 2234 419 2289; x_wconf 88' lang='lat' dir='ltr'><strong>nondum</strong></span> <span class='ocrx_word' id='word_1_295' title='bbox 449 2237 594 2290; x_wconf 87' lang='lat' dir='ltr'><strong>edita</strong></span> <span class='ocrx_word' id='word_1_296' title='bbox 619 2239 688 2290; x_wconf 87' lang='lat' dir='ltr'><strong>ad</strong></span> <span class='ocrx_word' id='word_1_297' title='bbox 713 2237 844 2294; x_wconf 79' lang='lat' dir='ltr'><strong>Gen.</strong></span> <span class='ocrx_word' id='word_1_298' title='bbox 873 2254 914 2305; x_wconf 91' lang='lat' dir='ltr'><strong>l,</strong></span> <span class='ocrx_word' id='word_1_299' title='bbox 945 2239 1014 2310; x_wconf 55' lang='lat'><strong>2;:</strong></span> <span class='ocrx_word' id='word_1_300' title='bbox 1042 2238 1404 2307; x_wconf 66' lang='grc' dir='ltr'>Γεννηθήτω</span> <span class='ocrx_word' id='word_1_301' title='bbox 1449 2237 1576 2308; x_wconf 67' lang='grc' dir='ltr'><strong>φῶς</strong></span> <span class='ocrx_word' id='word_1_302' title='bbox 1597 2255 1610 2268; x_wconf 86' lang='grc'><strong><em>⁸</em></strong></span> <span class='ocrx_word' id='word_1_303' title='bbox 1650 2237 1768 2301; x_wconf 77' lang='grc' dir='ltr'><strong>πῶς</strong></span> 
     </span>
    </p>
   </div>
   <div class='ocr_carea' id='block_1_37' title="bbox 169 2321 1762 2402">
    <p class='ocr_par' dir='ltr' id='par_1_37' title="bbox 169 2321 1762 2402">
     <span class='ocr_line' id='line_1_37' title="bbox 169 2321 1762 2402; baseline 0.003 -22"><span class='ocrx_word' id='word_1_304' title='bbox 169 2325 392 2399; x_wconf 78' lang='grc' dir='ltr'>νοήσω;</span> <span class='ocrx_word' id='word_1_305' title='bbox 433 2321 544 2400; x_wconf 73' lang='grc' dir='ltr'><strong>ἆρα</strong></span> <span class='ocrx_word' id='word_1_306' title='bbox 569 2327 632 2381; x_wconf 84' lang='grc' dir='ltr'>τὸ</span> <span class='ocrx_word' id='word_1_307' title='bbox 659 2329 934 2402; x_wconf 82' lang='grc' dir='ltr'>ἀληθινὸν,</span> <span class='ocrx_word' id='word_1_308' title='bbox 964 2331 1056 2385; x_wconf 79' lang='grc' dir='ltr'>τὸν</span> <span class='ocrx_word' id='word_1_309' title='bbox 1083 2330 1210 2384; x_wconf 86' lang='grc' dir='ltr'>Υἱόν</span> <span class='ocrx_word' id='word_1_310' title='bbox 1242 2348 1256 2398; x_wconf 90' lang='grc'><strong>;</strong></span> <span class='ocrx_word' id='word_1_311' title='bbox 1286 2331 1430 2386; x_wconf 84' lang='lat' dir='ltr'><strong>Idem</strong></span> <span class='ocrx_word' id='word_1_312' title='bbox 1461 2331 1529 2385; x_wconf 89' lang='lat' dir='ltr'><strong>de</strong></span> <span class='ocrx_word' id='word_1_313' title='bbox 1557 2331 1762 2401; x_wconf 87' lang='lat' dir='ltr'><strong>Spiritu</strong></span> 
     </span>
    </p>
   </div>
   <div class='ocr_carea' id='block_1_38' title="bbox 172 2419 1764 2493">
    <p class='ocr_par' dir='ltr' id='par_1_38' title="bbox 172 2419 1764 2493">
     <span class='ocr_line' id='line_1_38' title="bbox 172 2419 1764 2493; baseline 0.001 -19"><span class='ocrx_word' id='word_1_314' title='bbox 172 2428 370 2474; x_wconf 84' lang='lat' dir='ltr'><strong>sancto</strong></span> <span class='ocrx_word' id='word_1_315' title='bbox 426 2419 726 2477; x_wconf 87' lang='lat' dir='ltr'><strong>decernere</strong></span> <span class='ocrx_word' id='word_1_316' title='bbox 787 2423 1028 2491; x_wconf 86' lang='lat' dir='ltr'><strong>videtur,</strong></span> <span class='ocrx_word' id='word_1_317' title='bbox 1070 2439 1194 2480; x_wconf 91' lang='lat' dir='ltr'><strong>cum</strong></span> <span class='ocrx_word' id='word_1_318' title='bbox 1252 2423 1329 2477; x_wconf 87' lang='lat' dir='ltr'><strong>ait</strong></span> <span class='ocrx_word' id='word_1_319' title='bbox 1386 2423 1439 2477; x_wconf 91' lang='lat' dir='ltr'><strong>in</strong></span> <span class='ocrx_word' id='word_1_320' title='bbox 1496 2423 1764 2493; x_wconf 72' lang='lat' dir='ltr'><strong>proasmio</strong></span> 
     </span>
    </p>
   </div>
   <div class='ocr_carea' id='block_1_39' title="bbox 169 2510 1766 2587">
    <p class='ocr_par' dir='ltr' id='par_1_39' title="bbox 169 2510 1766 2587">
     <span class='ocr_line' id='line_1_39' title="bbox 169 2510 1766 2587; baseline 0.001 -21"><span class='ocrx_word' id='word_1_321' title='bbox 169 2510 446 2566; x_wconf 83' lang='lat' dir='ltr'><strong>librorum</strong></span> <span class='ocrx_word' id='word_1_322' title='bbox 483 2513 625 2582; x_wconf 81' lang='grc' dir='ltr'>Περὶ</span> <span class='ocrx_word' id='word_1_323' title='bbox 656 2513 877 2584; x_wconf 78' lang='grc' dir='ltr'>ἀρχῶν,</span> <span class='ocrx_word' id='word_1_324' title='bbox 914 2533 1064 2573; x_wconf 91' lang='lat' dir='ltr'><strong>num.</strong></span> <span class='ocrx_word' id='word_1_325' title='bbox 1095 2517 1328 2587; x_wconf 62' lang='lat' dir='ltr'><strong>Liuxta</strong></span> <span class='ocrx_word' id='word_1_326' title='bbox 1367 2515 1549 2569; x_wconf 78' lang='lat' dir='ltr'><strong>Ruﬁni</strong></span> <span class='ocrx_word' id='word_1_327' title='bbox 1594 2515 1766 2569; x_wconf 86' lang='lat' dir='ltr'><strong>inter-</strong></span> 
     </span>
    </p>
   </div>
   <div class='ocr_carea' id='block_1_40' title="bbox 173 2604 1763 2676">
    <p class='ocr_par' dir='ltr' id='par_1_40' title="bbox 173 2604 1763 2676">
     <span class='ocr_line' id='line_1_40' title="bbox 173 2604 1763 2676; baseline 0.003 -22"><span class='ocrx_word' id='word_1_328' title='bbox 173 2604 586 2669; x_wconf 85' lang='lat' dir='ltr'><strong>pretationem:</strong></span> <span class='ocrx_word' id='word_1_329' title='bbox 632 2624 649 2656; x_wconf 79' lang='grc' dir='ltr'>ι</span> <span class='ocrx_word' id='word_1_330' title='bbox 700 2605 836 2659; x_wconf 84' lang='grc' dir='ltr'><strong>Τυιη</strong></span> <span class='ocrx_word' id='word_1_331' title='bbox 885 2605 1086 2662; x_wconf 90' lang='lat' dir='ltr'><strong>deinde</strong></span> <span class='ocrx_word' id='word_1_332' title='bbox 1138 2607 1344 2662; x_wconf 80' lang='lat' dir='ltr'><strong>honore</strong></span> <span class='ocrx_word' id='word_1_333' title='bbox 1379 2620 1443 2660; x_wconf 88' lang='lat' dir='ltr'><strong>ac</strong></span> <span class='ocrx_word' id='word_1_334' title='bbox 1496 2605 1763 2676; x_wconf 80' lang='lat' dir='ltr'><strong>dignitate</strong></span> 
     </span>
    </p>
   </div>
   <div class='ocr_carea' id='block_1_41' title="bbox 169 2689 1760 2764">
    <p class='ocr_par' dir='ltr' id='par_1_41' title="bbox 169 2689 1760 2764">
     <span class='ocr_line' id='line_1_41' title="bbox 169 2689 1760 2764; baseline 0.003 -20"><span class='ocrx_word' id='word_1_335' title='bbox 169 2689 321 2746; x_wconf 85' lang='lat' dir='ltr'><strong>Patri</strong></span> <span class='ocrx_word' id='word_1_336' title='bbox 369 2707 432 2748; x_wconf 91' lang='lat' dir='ltr'><strong>ac</strong></span> <span class='ocrx_word' id='word_1_337' title='bbox 472 2692 612 2749; x_wconf 87' lang='lat' dir='ltr'><strong>Filio</strong></span> <span class='ocrx_word' id='word_1_338' title='bbox 644 2695 918 2750; x_wconf 87' lang='lat' dir='ltr'><strong>sociatum</strong></span> <span class='ocrx_word' id='word_1_339' title='bbox 949 2696 1294 2751; x_wconf 88' lang='lat' dir='ltr'><strong>tradiderunt</strong></span> <span class='ocrx_word' id='word_1_340' title='bbox 1339 2695 1601 2764; x_wconf 87' lang='lat' dir='ltr'><strong>Spiritum</strong></span> <span class='ocrx_word' id='word_1_341' title='bbox 1633 2712 1760 2749; x_wconf 85' lang='lat' dir='ltr'><strong>san-</strong></span> 
     </span>
    </p>
   </div>
   <div class='ocr_carea' id='block_1_42' title="bbox 170 2783 1754 2857">
    <p class='ocr_par' dir='ltr' id='par_1_42' title="bbox 170 2783 1754 2857">
     <span class='ocr_line' id='line_1_42' title="bbox 170 2783 1754 2857; baseline 0.001 -19"><span class='ocrx_word' id='word_1_342' title='bbox 170 2793 342 2839; x_wconf 86' lang='lat' dir='ltr'><strong>ctum.</strong></span> <span class='ocrx_word' id='word_1_343' title='bbox 371 2783 426 2838; x_wconf 89' lang='lat' dir='ltr'><strong>lu</strong></span> <span class='ocrx_word' id='word_1_344' title='bbox 459 2786 561 2840; x_wconf 92' lang='lat' dir='ltr'><strong>hoc</strong></span> <span class='ocrx_word' id='word_1_345' title='bbox 604 2802 712 2841; x_wconf 93' lang='lat' dir='ltr'><strong>non</strong></span> <span class='ocrx_word' id='word_1_346' title='bbox 735 2787 848 2857; x_wconf 88' lang='lat' dir='ltr'><strong>jam</strong></span> <span class='ocrx_word' id='word_1_347' title='bbox 893 2787 1180 2843; x_wconf 82' lang='lat' dir='ltr'><strong>manifeste</strong></span> <span class='ocrx_word' id='word_1_348' title='bbox 1217 2787 1547 2843; x_wconf 84' lang='lat' dir='ltr'><strong>discernitur</strong></span> <span class='ocrx_word' id='word_1_349' title='bbox 1576 2798 1754 2840; x_wconf 88' lang='lat' dir='ltr'><strong>utrum</strong></span> 
     </span>
    </p>
   </div>
   <div class='ocr_carea' id='block_1_43' title="bbox 171 2879 1754 2950">
    <p class='ocr_par' dir='ltr' id='par_1_43' title="bbox 171 2879 1754 2950">
     <span class='ocr_line' id='line_1_43' title="bbox 171 2879 1754 2950; baseline 0.001 -20"><span class='ocrx_word' id='word_1_350' title='bbox 171 2885 330 2932; x_wconf 84' lang='lat' dir='ltr'><strong>natus</strong></span> <span class='ocrx_word' id='word_1_351' title='bbox 359 2894 427 2932; x_wconf 87' lang='lat' dir='ltr'><strong>an</strong></span> <span class='ocrx_word' id='word_1_352' title='bbox 460 2879 713 2948; x_wconf 87' lang='lat' dir='ltr'><strong>innatus;</strong></span> <span class='ocrx_word' id='word_1_353' title='bbox 739 2897 758 2933; x_wconf 69' lang='grc' dir='ltr'><strong>ι</strong></span> <span class='ocrx_word' id='word_1_354' title='bbox 779 2890 836 2936; x_wconf 90' lang='lat' dir='ltr'><strong>et</strong></span> <span class='ocrx_word' id='word_1_355' title='bbox 862 2881 955 2935; x_wconf 88' lang='lat' dir='ltr'><strong>lib.</strong></span> <span class='ocrx_word' id='word_1_356' title='bbox 994 2896 1033 2946; x_wconf 88' lang='grc' dir='ltr'><strong>ι,</strong></span> <span class='ocrx_word' id='word_1_357' title='bbox 1059 2896 1177 2950; x_wconf 87' lang='lat' dir='ltr'><strong>cap.</strong></span> <span class='ocrx_word' id='word_1_358' title='bbox 1215 2881 1271 2947; x_wconf 75' lang='grc'>2,</span> <span class='ocrx_word' id='word_1_359' title='bbox 1309 2897 1456 2934; x_wconf 91' lang='lat' dir='ltr'><strong>num.</strong></span> <span class='ocrx_word' id='word_1_360' title='bbox 1489 2881 1542 2946; x_wconf 85' lang='lat'><strong>6,</strong></span> <span class='ocrx_word' id='word_1_361' title='bbox 1568 2882 1754 2935; x_wconf 86' lang='lat' dir='ltr'><strong>eodem</strong></span> 
     </span>
    </p>
   </div>
   <div class='ocr_carea' id='block_1_44' title="bbox 172 2968 1759 3044">
    <p class='ocr_par' dir='ltr' id='par_1_44' title="bbox 172 2968 1759 3044">
     <span class='ocr_line' id='line_1_44' title="bbox 172 2968 1759 3044; baseline 0 -22"><span class='ocrx_word' id='word_1_362' title='bbox 172 2968 477 3041; x_wconf 88' lang='lat' dir='ltr'><strong>interprete</strong></span> <span class='ocrx_word' id='word_1_363' title='bbox 508 2987 523 3026; x_wconf 90' lang='lat'><strong>:</strong></span> <span class='ocrx_word' id='word_1_364' title='bbox 560 2989 580 3023; x_wconf 78' lang='grc' dir='ltr'>ι</span> <span class='ocrx_word' id='word_1_365' title='bbox 612 2971 689 3027; x_wconf 88' lang='lat' dir='ltr'><strong>lla</strong></span> <span class='ocrx_word' id='word_1_366' title='bbox 709 2987 839 3044; x_wconf 87' lang='lat' dir='ltr'><strong>ergo</strong></span> <span class='ocrx_word' id='word_1_367' title='bbox 864 2981 918 3029; x_wconf 89' lang='lat' dir='ltr'><strong>et</strong></span> <span class='ocrx_word' id='word_1_368' title='bbox 946 2971 1067 3027; x_wconf 89' lang='lat' dir='ltr'><strong>Filii</strong></span> <span class='ocrx_word' id='word_1_369' title='bbox 1093 2973 1440 3027; x_wconf 83' lang='lat' dir='ltr'><strong>subsistentia</strong></span> <span class='ocrx_word' id='word_1_370' title='bbox 1469 2981 1759 3041; x_wconf 80' lang='lat' dir='ltr'><strong>generatur</strong></span> 
     </span>
    </p>
   </div>
   <div class='ocr_carea' id='block_1_45' title="bbox 238 3131 1243 3201">
    <p class='ocr_par' dir='ltr' id='par_1_45' title="bbox 238 3131 1243 3201">
     <span class='ocr_line' id='line_1_45' title="bbox 238 3131 1243 3201; baseline 0 -13"><span class='ocrx_word' id='word_1_371' title='bbox 238 3131 282 3164; x_wconf 78' lang='lat'><strong>&quot;</strong></span> <span class='ocrx_word' id='word_1_372' title='bbox 319 3132 539 3189; x_wconf 87' lang='lat' dir='ltr'><strong>Coloss.</strong></span> <span class='ocrx_word' id='word_1_373' title='bbox 572 3148 618 3201; x_wconf 88' lang='lat' dir='ltr'><strong>l,</strong></span> <span class='ocrx_word' id='word_1_374' title='bbox 648 3133 737 3190; x_wconf 79' lang='grc'><strong>15.</strong></span> <span class='ocrx_word' id='word_1_375' title='bbox 847 3135 892 3167; x_wconf 81' lang='grc'>³¹</span> <span class='ocrx_word' id='word_1_376' title='bbox 930 3134 1097 3191; x_wconf 81' lang='lat' dir='ltr'><strong>Hebr.</strong></span> <span class='ocrx_word' id='word_1_377' title='bbox 1125 3151 1164 3201; x_wconf 83' lang='grc' dir='ltr'>ι,</span> <span class='ocrx_word' id='word_1_378' title='bbox 1188 3136 1243 3188; x_wconf 79' lang='lat'><strong>5.</strong></span> 
     </span>
    </p>
   </div>
   <div class='ocr_carea' id='block_1_46' title="bbox 1321 3129 1817 3192">
    <p class='ocr_par' dir='ltr' id='par_1_46' title="bbox 1321 3129 1817 3192">
     <span class='ocr_line' id='line_1_46' title="bbox 1321 3129 1817 3192; baseline -0.006 -3"><span class='ocrx_word' id='word_1_379' title='bbox 1321 3135 1366 3168; x_wconf 83' lang='grc'><em>³³</em></span> <span class='ocrx_word' id='word_1_380' title='bbox 1391 3133 1550 3188; x_wconf 88' lang='lat' dir='ltr'><strong>Prov.</strong></span> <span class='ocrx_word' id='word_1_381' title='bbox 1577 3147 1695 3192; x_wconf 73' lang='lat' dir='ltr'><strong>vnt,</strong></span> <span class='ocrx_word' id='word_1_382' title='bbox 1725 3129 1817 3186; x_wconf 66' lang='grc' dir='ltr'>ιε.</span> 
     </span>
    </p>
   </div>
   <div class='ocr_carea' id='block_1_47' title="bbox 1875 2053 3457 2126">
    <p class='ocr_par' dir='ltr' id='par_1_47' title="bbox 1875 2053 3457 2126">
     <span class='ocr_line' id='line_1_47' title="bbox 1875 2053 3457 2126; baseline 0.003 -20"><span class='ocrx_word' id='word_1_383' title='bbox 1875 2053 2000 2106; x_wconf 87' lang='grc' dir='ltr'>στοῦ</span> <span class='ocrx_word' id='word_1_384' title='bbox 2032 2053 2089 2107; x_wconf 81' lang='grc' dir='ltr'>ἔν</span> <span class='ocrx_word' id='word_1_385' title='bbox 2125 2072 2234 2107; x_wconf 88' lang='grc' dir='ltr'>τισι</span> <span class='ocrx_word' id='word_1_386' title='bbox 2268 2059 2528 2126; x_wconf 75' lang='grc' dir='ltr'><strong>γραφαῖς.</strong></span> <span class='ocrx_word' id='word_1_387' title='bbox 2566 2056 2696 2122; x_wconf 63' lang='lat' dir='ltr'><strong>Quae</strong></span> <span class='ocrx_word' id='word_1_388' title='bbox 2731 2055 2798 2108; x_wconf 90' lang='lat' dir='ltr'><strong>ab</strong></span> <span class='ocrx_word' id='word_1_389' title='bbox 2843 2057 3062 2109; x_wconf 85' lang='lat' dir='ltr'><strong>Arianis</strong></span> <span class='ocrx_word' id='word_1_390' title='bbox 3106 2071 3228 2111; x_wconf 88' lang='lat' dir='ltr'><strong>esse</strong></span> <span class='ocrx_word' id='word_1_391' title='bbox 3270 2071 3457 2110; x_wconf 87' lang='lat' dir='ltr'><strong>assuta</strong></span> 
     </span>
    </p>
   </div>
   <div class='ocr_carea' id='block_1_48' title="bbox 1875 2144 3454 2200">
    <p class='ocr_par' dir='ltr' id='par_1_48' title="bbox 1875 2144 3454 2200">
     <span class='ocr_line' id='line_1_48' title="bbox 1875 2144 3454 2200; baseline 0 0"><span class='ocrx_word' id='word_1_392' title='bbox 1875 2145 1993 2200; x_wconf 90' lang='lat' dir='ltr'><strong>sine</strong></span> <span class='ocrx_word' id='word_1_393' title='bbox 2047 2161 2208 2198; x_wconf 82' lang='lat' dir='ltr'><strong>causa</strong></span> <span class='ocrx_word' id='word_1_394' title='bbox 2241 2145 2619 2200; x_wconf 87' lang='lat' dir='ltr'><strong>Genebrardus</strong></span> <span class='ocrx_word' id='word_1_395' title='bbox 2658 2147 3019 2200; x_wconf 84' lang='lat' dir='ltr'><strong>contendebat</strong></span> <span class='ocrx_word' id='word_1_396' title='bbox 3067 2147 3119 2198; x_wconf 90' lang='lat' dir='ltr'><strong>in</strong></span> <span class='ocrx_word' id='word_1_397' title='bbox 3166 2144 3454 2200; x_wconf 80' lang='lat' dir='ltr'><strong>Collectun.</strong></span> 
     </span>
    </p>
   </div>
   <div class='ocr_carea' id='block_1_49' title="bbox 1870 2232 3458 2306">
    <p class='ocr_par' dir='ltr' id='par_1_49' title="bbox 1870 2232 3458 2306">
     <span class='ocr_line' id='line_1_49' title="bbox 1870 2232 3458 2306; baseline -0.001 -17"><span class='ocrx_word' id='word_1_398' title='bbox 1870 2235 1934 2289; x_wconf 86' lang='lat' dir='ltr'><strong>de</strong></span> <span class='ocrx_word' id='word_1_399' title='bbox 1975 2232 2095 2287; x_wconf 80' lang='lat' dir='ltr'><strong>Vita</strong></span> <span class='ocrx_word' id='word_1_400' title='bbox 2127 2238 2366 2305; x_wconf 84' lang='lat' dir='ltr'><strong>0rigen.,</strong></span> <span class='ocrx_word' id='word_1_401' title='bbox 2404 2253 2525 2306; x_wconf 89' lang='lat' dir='ltr'><strong>cap.</strong></span> <span class='ocrx_word' id='word_1_402' title='bbox 2572 2237 2626 2304; x_wconf 85' lang='lat'><strong>6,</strong></span> <span class='ocrx_word' id='word_1_403' title='bbox 2669 2245 2728 2290; x_wconf 92' lang='lat' dir='ltr'><strong>ut</strong></span> <span class='ocrx_word' id='word_1_404' title='bbox 2763 2235 3047 2305; x_wconf 86' lang='lat' dir='ltr'><strong>apparebit</strong></span> <span class='ocrx_word' id='word_1_405' title='bbox 3077 2251 3140 2289; x_wconf 82' lang='lat' dir='ltr'><strong>ex</strong></span> <span class='ocrx_word' id='word_1_406' title='bbox 3177 2243 3458 2305; x_wconf 72' lang='lat' dir='ltr'><strong>sequenti-</strong></span> 
     </span>
    </p>
   </div>
   <div class='ocr_carea' id='block_1_50' title="bbox 1869 2323 3456 2398">
    <p class='ocr_par' dir='ltr' id='par_1_50' title="bbox 1869 2323 3456 2398">
     <span class='ocr_line' id='line_1_50' title="bbox 1869 2323 3456 2398; baseline 0.002 -22"><span class='ocrx_word' id='word_1_407' title='bbox 1869 2323 1990 2376; x_wconf 89' lang='lat' dir='ltr'><strong>bus.</strong></span> <span class='ocrx_word' id='word_1_408' title='bbox 2029 2323 2140 2392; x_wconf 86' lang='lat' dir='ltr'><strong>(lO)</strong></span> <span class='ocrx_word' id='word_1_409' title='bbox 2171 2323 2300 2378; x_wconf 90' lang='lat' dir='ltr'><strong>ltetn</strong></span> <span class='ocrx_word' id='word_1_410' title='bbox 2327 2325 2486 2392; x_wconf 88' lang='lat' dir='ltr'><strong>paulo</strong></span> <span class='ocrx_word' id='word_1_411' title='bbox 2511 2328 2782 2392; x_wconf 73' lang='lat' dir='ltr'><strong>superius,</strong></span> <span class='ocrx_word' id='word_1_412' title='bbox 2810 2326 2898 2389; x_wconf 81' lang='grc' dir='ltr'>Ὠς</span> <span class='ocrx_word' id='word_1_413' title='bbox 2921 2325 3343 2398; x_wconf 79' lang='grc' dir='ltr'>εὐσεϐέστερον,</span> <span class='ocrx_word' id='word_1_414' title='bbox 3375 2328 3456 2379; x_wconf 68' lang='lat' dir='ltr'><strong>isn-</strong></span> 
     </span>
    </p>
   </div>
   <div class='ocr_carea' id='block_1_51' title="bbox 1869 2411 3454 2486">
    <p class='ocr_par' dir='ltr' id='par_1_51' title="bbox 1869 2411 3454 2486">
     <span class='ocr_line' id='line_1_51' title="bbox 1869 2411 3454 2486; baseline 0.004 -24"><span class='ocrx_word' id='word_1_415' title='bbox 1869 2412 2006 2480; x_wconf 86' lang='lat' dir='ltr'><strong>quit,</strong></span> <span class='ocrx_word' id='word_1_416' title='bbox 2038 2413 2132 2464; x_wconf 74' lang='grc' dir='ltr'><strong>καὶ</strong></span> <span class='ocrx_word' id='word_1_417' title='bbox 2153 2411 2351 2484; x_wconf 83' lang='grc' dir='ltr'>ἀληθὲς</span> <span class='ocrx_word' id='word_1_418' title='bbox 2377 2415 2716 2486; x_wconf 81' lang='grc' dir='ltr'><strong>προσιέμεθα</strong></span> <span class='ocrx_word' id='word_1_419' title='bbox 2744 2416 2827 2478; x_wconf 80' lang='grc' dir='ltr'>τὸ,</span> <span class='ocrx_word' id='word_1_420' title='bbox 2874 2416 3092 2469; x_wconf 78' lang='grc' dir='ltr'>πάντων</span> <span class='ocrx_word' id='word_1_421' title='bbox 3125 2416 3214 2470; x_wconf 76' lang='grc' dir='ltr'><strong>διὰ</strong></span> <span class='ocrx_word' id='word_1_422' title='bbox 3231 2415 3324 2470; x_wconf 90' lang='grc' dir='ltr'><strong>τοῦ</strong></span> <span class='ocrx_word' id='word_1_423' title='bbox 3349 2415 3454 2468; x_wconf 85' lang='grc' dir='ltr'>Λό-</span> 
     </span>
    </p>
   </div>
   <div class='ocr_carea' id='block_1_52' title="bbox 1865 2503 3456 2580">
    <p class='ocr_par' dir='ltr' id='par_1_52' title="bbox 1865 2503 3456 2580">
     <span class='ocr_line' id='line_1_52' title="bbox 1865 2503 3456 2580; baseline 0.005 -25"><span class='ocrx_word' id='word_1_424' title='bbox 1865 2519 1964 2572; x_wconf 90' lang='grc' dir='ltr'><strong>γου</strong></span> <span class='ocrx_word' id='word_1_425' title='bbox 1987 2503 2316 2574; x_wconf 82' lang='grc' dir='ltr'><strong>γενομένων,</strong></span> <span class='ocrx_word' id='word_1_426' title='bbox 2344 2506 2406 2558; x_wconf 80' lang='grc' dir='ltr'>τὸ</span> <span class='ocrx_word' id='word_1_427' title='bbox 2431 2506 2586 2574; x_wconf 81' lang='grc' dir='ltr'>ἆγιον</span> <span class='ocrx_word' id='word_1_428' title='bbox 2608 2506 2833 2578; x_wconf 79' lang='grc' dir='ltr'>Πνεῦμα</span> <span class='ocrx_word' id='word_1_429' title='bbox 2867 2508 3083 2562; x_wconf 80' lang='grc' dir='ltr'>πάντων</span> <span class='ocrx_word' id='word_1_430' title='bbox 3111 2505 3456 2580; x_wconf 72' lang='grc' dir='ltr'>εἶναιτιμιώ-</span> 
     </span>
    </p>
   </div>
   <div class='ocr_carea' id='block_1_53' title="bbox 1862 2597 3454 2674">
    <p class='ocr_par' dir='ltr' id='par_1_53' title="bbox 1862 2597 3454 2674">
     <span class='ocr_line' id='line_1_53' title="bbox 1862 2597 3454 2674; baseline 0.005 -26"><span class='ocrx_word' id='word_1_431' title='bbox 1862 2613 2041 2666; x_wconf 81' lang='grc' dir='ltr'>τερον,</span> <span class='ocrx_word' id='word_1_432' title='bbox 2088 2597 2183 2650; x_wconf 81' lang='grc' dir='ltr'><strong>καὶ</strong></span> <span class='ocrx_word' id='word_1_433' title='bbox 2232 2597 2384 2664; x_wconf 81' lang='grc' dir='ltr'>τάξει</span> <span class='ocrx_word' id='word_1_434' title='bbox 2425 2601 2642 2652; x_wconf 78' lang='grc' dir='ltr'>πάντων</span> <span class='ocrx_word' id='word_1_435' title='bbox 2687 2600 2795 2652; x_wconf 84' lang='grc' dir='ltr'>τῶν</span> <span class='ocrx_word' id='word_1_436' title='bbox 2844 2600 2948 2654; x_wconf 84' lang='grc' dir='ltr'>ὑπὸ</span> <span class='ocrx_word' id='word_1_437' title='bbox 2990 2603 3085 2654; x_wconf 86' lang='grc' dir='ltr'><strong>τοῦ</strong></span> <span class='ocrx_word' id='word_1_438' title='bbox 3125 2602 3339 2674; x_wconf 84' lang='grc' dir='ltr'>Πατρδς</span> <span class='ocrx_word' id='word_1_439' title='bbox 3365 2601 3454 2656; x_wconf 78' lang='grc' dir='ltr'><strong>διὰ</strong></span> 
     </span>
    </p>
   </div>
   <div class='ocr_carea' id='block_1_54' title="bbox 1863 2689 3449 2762">
    <p class='ocr_par' dir='ltr' id='par_1_54' title="bbox 1863 2689 3449 2762">
     <span class='ocr_line' id='line_1_54' title="bbox 1863 2689 3449 2762; baseline 0.005 -20"><span class='ocrx_word' id='word_1_440' title='bbox 1863 2689 2098 2761; x_wconf 86' lang='grc' dir='ltr'>Χριστὸν</span> <span class='ocrx_word' id='word_1_441' title='bbox 2125 2692 2530 2762; x_wconf 80' lang='grc' dir='ltr'>γεγενημένων.</span> <span class='ocrx_word' id='word_1_442' title='bbox 2572 2692 2638 2746; x_wconf 86' lang='lat' dir='ltr'><strong>Et</strong></span> <span class='ocrx_word' id='word_1_443' title='bbox 2672 2693 2832 2758; x_wconf 89' lang='lat' dir='ltr'><strong>paulo</strong></span> <span class='ocrx_word' id='word_1_444' title='bbox 2862 2694 3026 2757; x_wconf 82' lang='lat' dir='ltr'><strong>inira,</strong></span> <span class='ocrx_word' id='word_1_445' title='bbox 3071 2695 3261 2750; x_wconf 73' lang='lat' dir='ltr'><strong>eodem</strong></span> <span class='ocrx_word' id='word_1_446' title='bbox 3294 2710 3449 2750; x_wconf 89' lang='lat' dir='ltr'><strong>num.</strong></span> 
     </span>
    </p>
   </div>
   <div class='ocr_carea' id='block_1_55' title="bbox 1863 2781 3452 2860">
    <p class='ocr_par' dir='ltr' id='par_1_55' title="bbox 1863 2781 3452 2860">
     <span class='ocr_line' id='line_1_55' title="bbox 1863 2781 3452 2860; baseline 0.003 -24"><span class='ocrx_word' id='word_1_447' title='bbox 1863 2781 1916 2848; x_wconf 88' lang='lat'><strong>6,</strong></span> <span class='ocrx_word' id='word_1_448' title='bbox 1949 2799 2068 2852; x_wconf 87' lang='lat' dir='ltr'><strong>pag.</strong></span> <span class='ocrx_word' id='word_1_449' title='bbox 2099 2784 2169 2838; x_wconf 77' lang='grc'><strong>65</strong></span> <span class='ocrx_word' id='word_1_450' title='bbox 2198 2803 2210 2838; x_wconf 81' lang='grc' dir='ltr'><strong>ι</strong></span> <span class='ocrx_word' id='word_1_451' title='bbox 2238 2783 2425 2838; x_wconf 84' lang='grc' dir='ltr'>Ταῦτα</span> <span class='ocrx_word' id='word_1_452' title='bbox 2457 2785 2511 2838; x_wconf 79' lang='grc' dir='ltr'><strong>δὲ</strong></span> <span class='ocrx_word' id='word_1_453' title='bbox 2542 2785 2772 2838; x_wconf 78' lang='grc' dir='ltr'><strong>ἐπιπολὺ</strong></span> <span class='ocrx_word' id='word_1_454' title='bbox 2805 2786 3095 2856; x_wconf 74' lang='grc' dir='ltr'>ἐξήτασται</span> <span class='ocrx_word' id='word_1_455' title='bbox 3119 2787 3452 2860; x_wconf 68' lang='grc' dir='ltr'>σαφέστερον</span> 
     </span>
    </p>
   </div>
   <div class='ocr_carea' id='block_1_56' title="bbox 1867 2875 3447 2947">
    <p class='ocr_par' dir='ltr' id='par_1_56' title="bbox 1867 2875 3447 2947">
     <span class='ocr_line' id='line_1_56' title="bbox 1867 2875 3447 2947; baseline 0.006 -23"><span class='ocrx_word' id='word_1_456' title='bbox 1867 2877 1993 2929; x_wconf 80' lang='grc' dir='ltr'>ἰδεῖν</span> <span class='ocrx_word' id='word_1_457' title='bbox 2042 2875 2386 2947; x_wconf 82' lang='grc' dir='ltr'>βουλομένοις</span> <span class='ocrx_word' id='word_1_458' title='bbox 2421 2878 2558 2941; x_wconf 77' lang='grc' dir='ltr'>πῶς,</span> <span class='ocrx_word' id='word_1_459' title='bbox 2593 2879 2640 2929; x_wconf 85' lang='grc' dir='ltr'>εἰ</span> <span class='ocrx_word' id='word_1_460' title='bbox 2673 2879 2848 2934; x_wconf 77' lang='grc' dir='ltr'>πάντα</span> <span class='ocrx_word' id='word_1_461' title='bbox 2901 2878 2968 2931; x_wconf 82' lang='grc' dir='ltr'><strong>δι’</strong></span> <span class='ocrx_word' id='word_1_462' title='bbox 2997 2879 3162 2932; x_wconf 75' lang='grc' dir='ltr'>αὐτοῦ</span> <span class='ocrx_word' id='word_1_463' title='bbox 3194 2880 3412 2947; x_wconf 82' lang='grc' dir='ltr'>ἐγένετο</span> <span class='ocrx_word' id='word_1_464' title='bbox 3432 2919 3447 2944; x_wconf 89' lang='grc'><strong>,</strong></span> 
     </span>
    </p>
   </div>
   <div class='ocr_carea' id='block_1_57' title="bbox 1863 2969 3006 3041">
    <p class='ocr_par' dir='ltr' id='par_1_57' title="bbox 1863 2969 3006 3041">
     <span class='ocr_line' id='line_1_57' title="bbox 1863 2969 3006 3041; baseline 0.002 -18"><span class='ocrx_word' id='word_1_465' title='bbox 1863 2969 1959 3023; x_wconf 70' lang='grc' dir='ltr'><strong>καὶ</strong></span> <span class='ocrx_word' id='word_1_466' title='bbox 1979 2970 2040 3023; x_wconf 80' lang='grc' dir='ltr'>τὸ</span> <span class='ocrx_word' id='word_1_467' title='bbox 2069 2969 2294 3041; x_wconf 85' lang='grc' dir='ltr'>Πνεῦμα</span> <span class='ocrx_word' id='word_1_468' title='bbox 2321 2969 2407 3022; x_wconf 69' lang='grc' dir='ltr'>διὰ</span> <span class='ocrx_word' id='word_1_469' title='bbox 2444 2970 2538 3022; x_wconf 82' lang='grc' dir='ltr'><strong>τοῦ</strong></span> <span class='ocrx_word' id='word_1_470' title='bbox 2570 2971 2744 3038; x_wconf 80' lang='grc' dir='ltr'>Λόγου</span> <span class='ocrx_word' id='word_1_471' title='bbox 2773 2971 3006 3039; x_wconf 77' lang='grc' dir='ltr'>ἐγένετο.</span> 
     </span>
    </p>
   </div>
   <div class='ocr_carea' id='block_1_58' title="bbox 243 3253 3447 3337">
    <p class='ocr_par' dir='ltr' id='par_1_58' title="bbox 243 3253 3447 3337">
     <span class='ocr_line' id='line_1_58' title="bbox 243 3253 3447 3337; baseline 0 -19"><span class='ocrx_word' id='word_1_472' title='bbox 243 3264 360 3337; x_wconf 73' lang='grc'><strong>(10)</strong></span> <span class='ocrx_word' id='word_1_473' title='bbox 388 3263 526 3322; x_wconf 83' lang='lat' dir='ltr'><strong>Item</strong></span> <span class='ocrx_word' id='word_1_474' title='bbox 553 3269 714 3336; x_wconf 85' lang='lat' dir='ltr'><strong>paulo</strong></span> <span class='ocrx_word' id='word_1_475' title='bbox 742 3253 996 3337; x_wconf 48' lang='lat' dir='ltr'><strong>superius</strong></span> <span class='ocrx_word' id='word_1_476' title='bbox 1020 3307 1037 3333; x_wconf 92' lang='lat'><strong>,</strong></span> <span class='ocrx_word' id='word_1_477' title='bbox 1073 3267 1162 3329; x_wconf 87' lang='grc' dir='ltr'>Ὣς</span> <span class='ocrx_word' id='word_1_478' title='bbox 1201 3264 1622 3337; x_wconf 76' lang='grc' dir='ltr'>εὐσεϐέστερον,</span> <span class='ocrx_word' id='word_1_479' title='bbox 1644 3275 1754 3337; x_wconf 86' lang='lat' dir='ltr'><strong>etc.</strong></span> <span class='ocrx_word' id='word_1_480' title='bbox 1787 3268 1829 3325; x_wconf 84' lang='lat' dir='ltr'><strong>C</strong></span> <span class='ocrx_word' id='word_1_481' title='bbox 1864 3262 1956 3337; x_wconf 83' lang='lat' dir='ltr'><strong>sed</strong></span> <span class='ocrx_word' id='word_1_482' title='bbox 2017 3277 2046 3315; x_wconf 89' lang='lat' dir='ltr'><strong>a</strong></span> <span class='ocrx_word' id='word_1_483' title='bbox 2111 3262 2581 3337; x_wconf 9' lang='lat' dir='ltr'><strong>Deoherxgstitisser</strong></span> <span class='ocrx_word' id='word_1_484' title='bbox 2645 3264 2981 3337; x_wconf 71' lang='lat' dir='ltr'><strong>contendens</strong></span> <span class='ocrx_word' id='word_1_485' title='bbox 3005 3303 3032 3337; x_wconf 87' lang='lat'><strong>,_</strong></span> <span class='ocrx_word' id='word_1_486' title='bbox 3092 3264 3182 3337; x_wconf 75' lang='lat' dir='ltr'><strong>his</strong></span> <span class='ocrx_word' id='word_1_487' title='bbox 3222 3265 3447 3337; x_wconf 72' lang='lat' dir='ltr'><strong>vocibus</strong></span> 
     </span>
    </p>
   </div>
   <div class='ocr_carea' id='block_1_59' title="bbox 171 3334 1752 3409">
    <p class='ocr_par' dir='ltr' id='par_1_59' title="bbox 171 3334 1752 3409">
     <span class='ocr_line' id='line_1_59' title="bbox 171 3334 1752 3409; baseline -0.001 -19"><span class='ocrx_word' id='word_1_488' title='bbox 171 3334 528 3409; x_wconf 68' lang='lat' dir='ltr'><strong>Blasphemiae</strong></span> <span class='ocrx_word' id='word_1_489' title='bbox 554 3334 619 3392; x_wconf 84' lang='lat' dir='ltr'><strong>in</strong></span> <span class='ocrx_word' id='word_1_490' title='bbox 649 3334 915 3409; x_wconf 79' lang='lat' dir='ltr'><strong>Spiritum</strong></span> <span class='ocrx_word' id='word_1_491' title='bbox 947 3347 1195 3409; x_wconf 87' lang='lat' dir='ltr'><strong>sanctum</strong></span> <span class='ocrx_word' id='word_1_492' title='bbox 1223 3334 1528 3409; x_wconf 72' lang='lat' dir='ltr'><strong>accusatur</strong></span> <span class='ocrx_word' id='word_1_493' title='bbox 1557 3334 1752 3409; x_wconf 81' lang='lat' dir='ltr'><strong>Orige-</strong></span> 
     </span>
    </p>
   </div>
   <div class='ocr_carea' id='block_1_60' title="bbox 171 3405 1754 3476">
    <p class='ocr_par' dir='ltr' id='par_1_60' title="bbox 171 3405 1754 3476">
     <span class='ocr_line' id='line_1_60' title="bbox 171 3405 1754 3476; baseline -0.003 -16"><span class='ocrx_word' id='word_1_494' title='bbox 171 3421 320 3476; x_wconf 67' lang='lat' dir='ltr'><strong>nes;</strong></span> <span class='ocrx_word' id='word_1_495' title='bbox 369 3407 463 3461; x_wconf 88' lang='lat' dir='ltr'><strong>sed</strong></span> <span class='ocrx_word' id='word_1_496' title='bbox 489 3422 611 3476; x_wconf 83' lang='lat' dir='ltr'><strong>quae</strong></span> <span class='ocrx_word' id='word_1_497' title='bbox 658 3405 726 3464; x_wconf 82' lang='lat' dir='ltr'><strong>ad</strong></span> <span class='ocrx_word' id='word_1_498' title='bbox 762 3408 907 3462; x_wconf 89' lang='lat' dir='ltr'><strong>hanc</strong></span> <span class='ocrx_word' id='word_1_499' title='bbox 958 3407 1398 3462; x_wconf 86' lang='lat' dir='ltr'><strong>criminationem</strong></span> <span class='ocrx_word' id='word_1_500' title='bbox 1433 3405 1754 3458; x_wconf 83' lang='lat' dir='ltr'><strong>ﬁrmandam</strong></span> 
     </span>
    </p>
   </div>
   <div class='ocr_carea' id='block_1_61' title="bbox 169 3475 1757 3546">
    <p class='ocr_par' dir='ltr' id='par_1_61' title="bbox 169 3475 1757 3546">
     <span class='ocr_line' id='line_1_61' title="bbox 169 3475 1757 3546; baseline -0.002 -16"><span class='ocrx_word' id='word_1_501' title='bbox 169 3475 566 3546; x_wconf 83' lang='lat' dir='ltr'><strong>proferuntur,</strong></span> <span class='ocrx_word' id='word_1_502' title='bbox 599 3491 662 3533; x_wconf 88' lang='lat' dir='ltr'><strong>ea</strong></span> <span class='ocrx_word' id='word_1_503' title='bbox 689 3519 705 3544; x_wconf 94' lang='lat'><strong>,</strong></span> <span class='ocrx_word' id='word_1_504' title='bbox 744 3480 789 3533; x_wconf 94' lang='lat' dir='ltr'><strong>si</strong></span> <span class='ocrx_word' id='word_1_505' title='bbox 826 3477 1078 3546; x_wconf 67' lang='lat' dir='ltr'><strong>Graecum</strong></span> <span class='ocrx_word' id='word_1_506' title='bbox 1133 3485 1449 3546; x_wconf 83' lang='lat' dir='ltr'><strong>contextum</strong></span> <span class='ocrx_word' id='word_1_507' title='bbox 1500 3485 1757 3529; x_wconf 87' lang='lat' dir='ltr'><strong>accurate</strong></span> 
     </span>
    </p>
   </div>
   <div class='ocr_carea' id='block_1_62' title="bbox 169 3544 1756 3616">
    <p class='ocr_par' dir='ltr' id='par_1_62' title="bbox 169 3544 1756 3616">
     <span class='ocr_line' id='line_1_62' title="bbox 169 3544 1756 3616; baseline -0.001 -16"><span class='ocrx_word' id='word_1_508' title='bbox 169 3544 468 3614; x_wconf 74' lang='lat' dir='ltr'><strong>expendas,</strong></span> <span class='ocrx_word' id='word_1_509' title='bbox 494 3546 714 3602; x_wconf 82' lang='lat' dir='ltr'><strong>ﬁrmant</strong></span> <span class='ocrx_word' id='word_1_510' title='bbox 743 3547 923 3616; x_wconf 90' lang='lat' dir='ltr'><strong>potius</strong></span> <span class='ocrx_word' id='word_1_511' title='bbox 949 3544 1199 3616; x_wconf 82' lang='lat' dir='ltr'><strong>Origenis</strong></span> <span class='ocrx_word' id='word_1_512' title='bbox 1229 3547 1295 3599; x_wconf 91' lang='lat' dir='ltr'><strong>de</strong></span> <span class='ocrx_word' id='word_1_513' title='bbox 1325 3545 1532 3616; x_wconf 85' lang='lat' dir='ltr'><strong>Spiritu</strong></span> <span class='ocrx_word' id='word_1_514' title='bbox 1565 3553 1756 3598; x_wconf 89' lang='lat' dir='ltr'><strong>sancto</strong></span> 
     </span>
    </p>
   </div>
   <div class='ocr_carea' id='block_1_63' title="bbox 170 3615 1755 3686">
    <p class='ocr_par' dir='ltr' id='par_1_63' title="bbox 170 3615 1755 3686">
     <span class='ocr_line' id='line_1_63' title="bbox 170 3615 1755 3686; baseline -0.001 -19"><span class='ocrx_word' id='word_1_515' title='bbox 170 3617 502 3681; x_wconf 81' lang='lat' dir='ltr'><strong>doctrinam,</strong></span> <span class='ocrx_word' id='word_1_516' title='bbox 547 3633 711 3686; x_wconf 88' lang='lat' dir='ltr'><strong>quam</strong></span> <span class='ocrx_word' id='word_1_517' title='bbox 739 3615 900 3683; x_wconf 84' lang='lat' dir='ltr'><strong>supra</strong></span> <span class='ocrx_word' id='word_1_518' title='bbox 940 3615 1190 3686; x_wconf 81' lang='lat' dir='ltr'><strong>exposui.</strong></span> <span class='ocrx_word' id='word_1_519' title='bbox 1232 3615 1543 3686; x_wconf 79' lang='lat' dir='ltr'><strong>Accusandi</strong></span> <span class='ocrx_word' id='word_1_520' title='bbox 1579 3626 1755 3667; x_wconf 89' lang='lat' dir='ltr'><strong>mate-</strong></span> 
     </span>
    </p>
   </div>
   <div class='ocr_carea' id='block_1_64' title="bbox 170 3685 1757 3757">
    <p class='ocr_par' dir='ltr' id='par_1_64' title="bbox 170 3685 1757 3757">
     <span class='ocr_line' id='line_1_64' title="bbox 170 3685 1757 3757; baseline -0.001 -18"><span class='ocrx_word' id='word_1_521' title='bbox 170 3686 299 3739; x_wconf 86' lang='lat' dir='ltr'><strong>riam</strong></span> <span class='ocrx_word' id='word_1_522' title='bbox 317 3686 473 3740; x_wconf 84' lang='lat' dir='ltr'><strong>dedit</strong></span> <span class='ocrx_word' id='word_1_523' title='bbox 489 3685 623 3742; x_wconf 82' lang='lat' dir='ltr'><strong>satis</strong></span> <span class='ocrx_word' id='word_1_524' title='bbox 637 3687 795 3757; x_wconf 90' lang='lat' dir='ltr'><strong>longa</strong></span> <span class='ocrx_word' id='word_1_525' title='bbox 810 3685 1102 3756; x_wconf 85' lang='lat' dir='ltr'><strong>disputatio</strong></span> <span class='ocrx_word' id='word_1_526' title='bbox 1121 3687 1184 3742; x_wconf 88' lang='lat' dir='ltr'><strong>de</strong></span> <span class='ocrx_word' id='word_1_527' title='bbox 1198 3695 1386 3757; x_wconf 85' lang='lat' dir='ltr'><strong>sancto</strong></span> <span class='ocrx_word' id='word_1_528' title='bbox 1401 3685 1757 3757; x_wconf 63' lang='lat' dir='ltr'><strong>Spiritu,q_u§e</strong></span> 
     </span>
    </p>
   </div>
   <div class='ocr_carea' id='block_1_65' title="bbox 170 3753 1758 3827">
    <p class='ocr_par' dir='ltr' id='par_1_65' title="bbox 170 3753 1758 3827">
     <span class='ocr_line' id='line_1_65' title="bbox 170 3753 1758 3827; baseline -0.002 -18"><span class='ocrx_word' id='word_1_529' title='bbox 170 3765 351 3827; x_wconf 72' lang='lat' dir='ltr'><strong>exstat</strong></span> <span class='ocrx_word' id='word_1_530' title='bbox 375 3767 506 3827; x_wconf 83' lang='lat' dir='ltr'><strong>tom.</strong></span> <span class='ocrx_word' id='word_1_531' title='bbox 534 3772 572 3811; x_wconf 84' lang='lat' dir='ltr'><strong>tt</strong></span> <span class='ocrx_word' id='word_1_532' title='bbox 603 3757 659 3827; x_wconf 85' lang='lat' dir='ltr'><strong>in</strong></span> <span class='ocrx_word' id='word_1_533' title='bbox 698 3753 1060 3818; x_wconf 31' lang='lat' dir='ltr'><strong>lanna—num.</strong></span> <span class='ocrx_word' id='word_1_534' title='bbox 1084 3758 1135 3816; x_wconf 91' lang='grc'>6,</span> <span class='ocrx_word' id='word_1_535' title='bbox 1164 3756 1379 3827; x_wconf 73' lang='lat' dir='ltr'><strong>pag._60</strong></span> <span class='ocrx_word' id='word_1_536' title='bbox 1407 3766 1458 3807; x_wconf 83' lang='lat' dir='ltr'><strong>et</strong></span> <span class='ocrx_word' id='word_1_537' title='bbox 1475 3771 1599 3827; x_wconf 75' lang='lat' dir='ltr'><strong>seq.</strong></span> <span class='ocrx_word' id='word_1_538' title='bbox 1643 3753 1758 3827; x_wconf 74' lang='grc' dir='ltr'><strong>Ἐξ-</strong></span> 
     </span>
    </p>
   </div>
   <div class='ocr_carea' id='block_1_66' title="bbox 167 3824 1755 3899">
    <p class='ocr_par' dir='ltr' id='par_1_66' title="bbox 167 3824 1755 3899">
     <span class='ocr_line' id='line_1_66' title="bbox 167 3824 1755 3899; baseline 0 -22"><span class='ocrx_word' id='word_1_539' title='bbox 167 3825 419 3899; x_wconf 73' lang='grc' dir='ltr'>εταστέον</span> <span class='ocrx_word' id='word_1_540' title='bbox 457 3825 514 3899; x_wconf 65' lang='grc' dir='ltr'><strong>δε</strong></span> <span class='ocrx_word' id='word_1_541' title='bbox 563 3826 823 3899; x_wconf 47' lang='grc' dir='ltr'>ἀληθοῦί</span> <span class='ocrx_word' id='word_1_542' title='bbox 845 3827 995 3899; x_wconf 72' lang='grc' dir='ltr'>ὄντος</span> <span class='ocrx_word' id='word_1_543' title='bbox 1043 3824 1178 3899; x_wconf 60' lang='grc' dir='ltr'>τοῦ,</span> <span class='ocrx_word' id='word_1_544' title='bbox 1213 3824 1417 3899; x_wconf 68' lang='grc' dir='ltr'>Πάνςτᾳ</span> <span class='ocrx_word' id='word_1_545' title='bbox 1463 3825 1535 3899; x_wconf 72' lang='grc' dir='ltr'><strong>δι’</strong></span> <span class='ocrx_word' id='word_1_546' title='bbox 1567 3825 1755 3899; x_wconf 59' lang='grc' dir='ltr'>αὑτοῦ</span> 
     </span>
    </p>
   </div>
   <div class='ocr_carea' id='block_1_67' title="bbox 167 3895 1756 3968">
    <p class='ocr_par' dir='ltr' id='par_1_67' title="bbox 167 3895 1756 3968">
     <span class='ocr_line' id='line_1_67' title="bbox 167 3895 1756 3968; baseline -0.001 -19"><span class='ocrx_word' id='word_1_547' title='bbox 167 3895 426 3968; x_wconf 62' lang='grc' dir='ltr'>ἐγένετο,</span> <span class='ocrx_word' id='word_1_548' title='bbox 466 3897 516 3948; x_wconf 76' lang='grc' dir='ltr'><strong>ει</strong></span> <span class='ocrx_word' id='word_1_549' title='bbox 555 3895 746 3968; x_wconf 49' lang='grc' dir='ltr'>καὶσὺ</span> <span class='ocrx_word' id='word_1_550' title='bbox 781 3897 1006 3968; x_wconf 81' lang='grc' dir='ltr'>Πνεῦμα</span> <span class='ocrx_word' id='word_1_551' title='bbox 1040 3897 1100 3950; x_wconf 86' lang='grc' dir='ltr'>τὸ</span> <span class='ocrx_word' id='word_1_552' title='bbox 1139 3897 1291 3966; x_wconf 78' lang='grc' dir='ltr'>ἅγιον</span> <span class='ocrx_word' id='word_1_553' title='bbox 1325 3897 1391 3948; x_wconf 85' lang='grc' dir='ltr'><strong>δι’</strong></span> <span class='ocrx_word' id='word_1_554' title='bbox 1431 3895 1594 3968; x_wconf 82' lang='grc' dir='ltr'>αὐτοῦ</span> <span class='ocrx_word' id='word_1_555' title='bbox 1634 3895 1756 3968; x_wconf 62' lang='lat' dir='ltr'><strong>eye-</strong></span> 
     </span>
    </p>
   </div>
   <div class='ocr_carea' id='block_1_68' title="bbox 169 3961 1756 4040">
    <p class='ocr_par' dir='ltr' id='par_1_68' title="bbox 169 3961 1756 4040">
     <span class='ocr_line' id='line_1_68' title="bbox 169 3961 1756 4040; baseline 0 -22"><span class='ocrx_word' id='word_1_556' title='bbox 169 3961 300 4040; x_wconf 63' lang='grc' dir='ltr'>νετο.</span> <span class='ocrx_word' id='word_1_557' title='bbox 339 3961 514 4040; x_wconf 80' lang='grc' dir='ltr'>Οἶμαι</span> <span class='ocrx_word' id='word_1_558' title='bbox 543 3967 653 4040; x_wconf 85' lang='grc' dir='ltr'><strong>γὰρ</strong></span> <span class='ocrx_word' id='word_1_559' title='bbox 689 3969 772 4040; x_wconf 85' lang='grc' dir='ltr'>ὅτι</span> <span class='ocrx_word' id='word_1_560' title='bbox 809 3967 899 4040; x_wconf 67' lang='grc' dir='ltr'>τῷ</span> <span class='ocrx_word' id='word_1_561' title='bbox 923 3961 1020 4037; x_wconf 80' lang='grc' dir='ltr'>μὲν</span> <span class='ocrx_word' id='word_1_562' title='bbox 1056 3961 1319 4040; x_wconf 55' lang='grc' dir='ltr'>φάσὶοντι</span> <span class='ocrx_word' id='word_1_563' title='bbox 1357 3966 1584 4040; x_wconf 68' lang='grc' dir='ltr'>γενητὸν</span> <span class='ocrx_word' id='word_1_564' title='bbox 1624 3961 1756 4040; x_wconf 66' lang='grc' dir='ltr'><strong>αὐτὸ</strong></span> 
     </span>
    </p>
   </div>
   <div class='ocr_carea' id='block_1_69' title="bbox 169 4029 1755 4110">
    <p class='ocr_par' dir='ltr' id='par_1_69' title="bbox 169 4029 1755 4110">
     <span class='ocr_line' id='line_1_69' title="bbox 169 4029 1755 4110; baseline 0.001 -22"><span class='ocrx_word' id='word_1_565' title='bbox 169 4029 336 4110; x_wconf 68' lang='grc' dir='ltr'>εἶναι,</span> <span class='ocrx_word' id='word_1_566' title='bbox 383 4029 479 4110; x_wconf 56' lang='grc' dir='ltr'><strong>καὶ</strong></span> <span class='ocrx_word' id='word_1_567' title='bbox 508 4029 825 4110; x_wconf 64' lang='grc' dir='ltr'>π’ροῗεμένῳ</span> <span class='ocrx_word' id='word_1_568' title='bbox 860 4029 991 4109; x_wconf 67' lang='grc' dir='ltr'><strong>’[Ιέε.</strong></span> <span class='ocrx_word' id='word_1_569' title='bbox 1023 4029 1390 4110; x_wconf 65' lang='grc' dir='ltr'>προσιεμένῳ]</span> <span class='ocrx_word' id='word_1_570' title='bbox 1428 4029 1511 4110; x_wconf 72' lang='grc' dir='ltr'><strong>τό,</strong></span> <span class='ocrx_word' id='word_1_571' title='bbox 1551 4036 1755 4110; x_wconf 69' lang='grc' dir='ltr'>Πάντα</span> 
     </span>
    </p>
   </div>
   <div class='ocr_carea' id='block_1_70' title="bbox 170 4105 1755 4179">
    <p class='ocr_par' dir='ltr' id='par_1_70' title="bbox 170 4105 1755 4179">
     <span class='ocr_line' id='line_1_70' title="bbox 170 4105 1755 4179; baseline -0.002 -18"><span class='ocrx_word' id='word_1_572' title='bbox 170 4105 236 4179; x_wconf 58' lang='grc' dir='ltr'><strong>δι’</strong></span> <span class='ocrx_word' id='word_1_573' title='bbox 271 4107 463 4179; x_wconf 53' lang='grc' dir='ltr'>ανὺεοῦ</span> <span class='ocrx_word' id='word_1_574' title='bbox 481 4105 1077 4179; x_wconf 36' lang='lat' dir='ltr'><strong>ﬁrmamina—73mins</strong></span> <span class='ocrx_word' id='word_1_575' title='bbox 1102 4105 1654 4179; x_wconf 41' lang='grc' dir='ltr'><strong>παραδέξασθαιηῶι</strong></span> <span class='ocrx_word' id='word_1_576' title='bbox 1693 4106 1755 4159; x_wconf 84' lang='grc' dir='ltr'>τὸ</span> 
     </span>
    </p>
   </div>
   <div class='ocr_carea' id='block_1_71' title="bbox 172 4175 1750 4286">
    <p class='ocr_par' dir='ltr' id='par_1_71' title="bbox 172 4175 1750 4286">
     <span class='ocr_line' id='line_1_71' title="bbox 172 4175 1750 4286; baseline 0 -56"><span class='ocrx_word' id='word_1_577' title='bbox 172 4176 317 4245; x_wconf 83' lang='grc' dir='ltr'>ἆγιον</span> <span class='ocrx_word' id='word_1_578' title='bbox 366 4175 591 4249; x_wconf 81' lang='grc' dir='ltr'>Πνεῦμα</span> <span class='ocrx_word' id='word_1_579' title='bbox 627 4178 716 4231; x_wconf 81' lang='grc' dir='ltr'><strong>διὰ</strong></span> <span class='ocrx_word' id='word_1_580' title='bbox 750 4178 844 4232; x_wconf 92' lang='grc' dir='ltr'><strong>τοῦ</strong></span> <span class='ocrx_word' id='word_1_581' title='bbox 872 4175 1047 4245; x_wconf 85' lang='grc' dir='ltr'>Λόγου</span> <span class='ocrx_word' id='word_1_582' title='bbox 1085 4175 1303 4247; x_wconf 74' lang='grc' dir='ltr'>ἐγένετο</span> <span class='ocrx_word' id='word_1_583' title='bbox 1327 4217 1342 4240; x_wconf 93' lang='grc'><strong>,</strong></span> <span class='ocrx_word' id='word_1_584' title='bbox 1382 4176 1750 4286; x_wconf 68' lang='grc' dir='ltr'>πρεσϐυτέρου</span> 
     </span>
     <span class='ocr_line' id='line_1_72' title="bbox 172 4246 1750 4286; baseline 0 0"><span class='ocrx_word' id='word_1_585' title='bbox 172 4249 290 4286; x_wconf 61' lang='lat' dir='ltr'><strong>Mn&#39;</strong></span> <span class='ocrx_word' id='word_1_586' title='bbox 328 4247 467 4286; x_wconf 61' lang='grc' dir='ltr'>αὖε-λ</span> <span class='ocrx_word' id='word_1_587' title='bbox 503 4247 598 4286; x_wconf 50' lang='lat' dir='ltr'><strong>em“;</strong></span> <span class='ocrx_word' id='word_1_588' title='bbox 643 4249 810 4286; x_wconf 62' lang='grc' dir='ltr'><strong>Δις-νην)</strong></span> <span class='ocrx_word' id='word_1_589' title='bbox 850 4248 1206 4286; x_wconf 68' lang='grc' dir='ltr'><strong>η-ιιννᾶυηυιι-ηρ</strong></span> <span class='ocrx_word' id='word_1_590' title='bbox 1271 4246 1362 4286; x_wconf 65' lang='grc' dir='ltr'><strong>Τοῗι</strong></span> <span class='ocrx_word' id='word_1_591' title='bbox 1400 4247 1436 4286; x_wconf 66' lang='grc' dir='ltr'>δ</span> <span class='ocrx_word' id='word_1_592' title='bbox 1502 4247 1572 4286; x_wconf 60' lang='lat' dir='ltr'><strong>&quot;in</strong></span> <span class='ocrx_word' id='word_1_593' title='bbox 1627 4247 1750 4286; x_wconf 69' lang='lat' dir='ltr'><strong>Rm)-</strong></span> 
     </span>
    </p>
   </div>
   <div class='ocr_carea' id='block_1_72' title="bbox 170 4246 1752 4319">
    <p class='ocr_par' dir='ltr' id='par_1_72' title="bbox 170 4246 1752 4319">
     <span class='ocr_line' id='line_1_73' title="bbox 170 4246 1752 4319; baseline -0.002 -17"><span class='ocrx_word' id='word_1_594' title='bbox 170 4249 290 4319; x_wconf 57' lang='grc' dir='ltr'><strong>[παρέ</strong></span> <span class='ocrx_word' id='word_1_595' title='bbox 328 4247 467 4319; x_wconf 78' lang='grc' dir='ltr'><strong>αὺτρ</strong></span> <span class='ocrx_word' id='word_1_596' title='bbox 503 4246 598 4319; x_wconf 73' lang='grc' dir='ltr'><strong>τοῦ</strong></span> <span class='ocrx_word' id='word_1_597' title='bbox 637 4249 810 4319; x_wconf 82' lang='grc' dir='ltr'>Λόγου</span> <span class='ocrx_word' id='word_1_598' title='bbox 850 4246 1225 4319; x_wconf 76' lang='grc' dir='ltr'>τυγχάνοντος.</span> <span class='ocrx_word' id='word_1_599' title='bbox 1271 4246 1362 4318; x_wconf 83' lang='grc' dir='ltr'><strong>Τῷ</strong></span> <span class='ocrx_word' id='word_1_600' title='bbox 1393 4246 1456 4319; x_wconf 62' lang='grc' dir='ltr'><strong>ῥὲ</strong></span> <span class='ocrx_word' id='word_1_601' title='bbox 1500 4247 1573 4318; x_wconf 80' lang='grc' dir='ltr'>μὴ</span> <span class='ocrx_word' id='word_1_602' title='bbox 1626 4246 1752 4317; x_wconf 86' lang='grc' dir='ltr'>βου·-</span> 
     </span>
    </p>
   </div>
   <div class='ocr_carea' id='block_1_73' title="bbox 169 4313 1749 4406">
    <p class='ocr_par' dir='ltr' id='par_1_73' title="bbox 169 4313 1749 4406">
     <span class='ocr_line' id='line_1_74' title="bbox 169 4313 1749 4406; baseline -0.001 -35"><span class='ocrx_word' id='word_1_603' title='bbox 169 4313 377 4406; x_wconf 50' lang='grc' dir='ltr'>λομένῳ</span> <span class='ocrx_word' id='word_1_604' title='bbox 403 4317 467 4406; x_wconf 70' lang='grc' dir='ltr'>τὸ</span> <span class='ocrx_word' id='word_1_605' title='bbox 488 4317 654 4406; x_wconf 59' lang='grc' dir='ltr'><strong>¹ἅγιον</strong></span> <span class='ocrx_word' id='word_1_606' title='bbox 676 4313 902 4406; x_wconf 65' lang='grc' dir='ltr'>Πνεῦμα</span> <span class='ocrx_word' id='word_1_607' title='bbox 1059 4317 1154 4372; x_wconf 89' lang='grc' dir='ltr'><strong>τοῦ</strong></span> <span class='ocrx_word' id='word_1_608' title='bbox 1181 4313 1427 4406; x_wconf 33' lang='grc' dir='ltr'>ξρᾷσὶτοῦ)</span> <span class='ocrx_word' id='word_1_609' title='bbox 1445 4313 1749 4406; x_wconf 48' lang='grc' dir='ltr'>γεγονέναι,</span> 
     </span>
    </p>
   </div>
   <div class='ocr_carea' id='block_1_74' title="bbox 171 4386 1751 4460">
    <p class='ocr_par' dir='ltr' id='par_1_74' title="bbox 171 4386 1751 4460">
     <span class='ocr_line' id='line_1_75' title="bbox 171 4386 1751 4460; baseline 0.001 -22"><span class='ocrx_word' id='word_1_610' title='bbox 171 4386 358 4460; x_wconf 70' lang='grc' dir='ltr'>ἕπεται</span> <span class='ocrx_word' id='word_1_611' title='bbox 383 4387 444 4440; x_wconf 88' lang='grc' dir='ltr'>τὸ</span> <span class='ocrx_word' id='word_1_612' title='bbox 479 4386 742 4460; x_wconf 74' lang='grc' dir='ltr'>ἀγένητον</span> <span class='ocrx_word' id='word_1_613' title='bbox 780 4386 912 4442; x_wconf 73' lang='grc' dir='ltr'>αὐτὸ</span> <span class='ocrx_word' id='word_1_614' title='bbox 937 4387 1144 4457; x_wconf 81' lang='grc' dir='ltr'>λέγειν,</span> <span class='ocrx_word' id='word_1_615' title='bbox 1172 4386 1348 4460; x_wconf 65' lang='grc' dir='ltr'><strong>ἀλήθῆ</strong></span> <span class='ocrx_word' id='word_1_616' title='bbox 1371 4386 1440 4460; x_wconf 71' lang='grc' dir='ltr'>τὰ</span> <span class='ocrx_word' id='word_1_617' title='bbox 1465 4390 1522 4440; x_wconf 88' lang='grc' dir='ltr'>ὲν</span> <span class='ocrx_word' id='word_1_618' title='bbox 1553 4387 1632 4457; x_wconf 81' lang='grc' dir='ltr'>τῷ</span> <span class='ocrx_word' id='word_1_619' title='bbox 1645 4387 1751 4440; x_wconf 82' lang='grc' dir='ltr'><strong>Εὑ-</strong></span> 
     </span>
    </p>
   </div>
   <div class='ocr_carea' id='block_1_75' title="bbox 167 4455 1748 4531">
    <p class='ocr_par' dir='ltr' id='par_1_75' title="bbox 167 4455 1748 4531">
     <span class='ocr_line' id='line_1_76' title="bbox 167 4455 1748 4531; baseline 0.001 -21"><span class='ocrx_word' id='word_1_620' title='bbox 167 4457 404 4529; x_wconf 80' lang='grc' dir='ltr'>αγγελίῳ</span> <span class='ocrx_word' id='word_1_621' title='bbox 424 4455 598 4530; x_wconf 84' lang='grc' dir='ltr'>τούτῳ</span> <span class='ocrx_word' id='word_1_622' title='bbox 633 4455 772 4512; x_wconf 77' lang='grc' dir='ltr'>εἶναι</span> <span class='ocrx_word' id='word_1_623' title='bbox 799 4455 1063 4531; x_wconf 56' lang='grc' dir='ltr'><strong>κρίνοντιἒ</strong></span> <span class='ocrx_word' id='word_1_624' title='bbox 1093 4478 1112 4511; x_wconf 84' lang='grc' dir='ltr'>ι</span> <span class='ocrx_word' id='word_1_625' title='bbox 1149 4455 1536 4529; x_wconf 80' lang='lat' dir='ltr'><strong>Inquirendutn</strong></span> <span class='ocrx_word' id='word_1_626' title='bbox 1568 4455 1748 4531; x_wconf 82' lang='lat' dir='ltr'><strong>autem</strong></span> 
     </span>
    </p>
   </div>
   <div class='ocr_carea' id='block_1_76' title="bbox 169 4529 1748 4598">
    <p class='ocr_par' dir='ltr' id='par_1_76' title="bbox 169 4529 1748 4598">
     <span class='ocr_line' id='line_1_77' title="bbox 169 4529 1748 4598; baseline 0 -17"><span class='ocrx_word' id='word_1_627' title='bbox 169 4539 281 4592; x_wconf 84' lang='lat' dir='ltr'><strong>est,</strong></span> <span class='ocrx_word' id='word_1_628' title='bbox 319 4544 448 4598; x_wconf 79' lang='lat' dir='ltr'><strong>cum</strong></span> <span class='ocrx_word' id='word_1_629' title='bbox 486 4529 672 4584; x_wconf 86' lang='lat' dir='ltr'><strong>verum</strong></span> <span class='ocrx_word' id='word_1_630' title='bbox 711 4532 781 4585; x_wconf 89' lang='lat' dir='ltr'><strong>sit</strong></span> <span class='ocrx_word' id='word_1_631' title='bbox 809 4529 938 4584; x_wconf 81' lang='lat' dir='ltr'><strong>illud</strong></span> <span class='ocrx_word' id='word_1_632' title='bbox 979 4548 992 4584; x_wconf 90' lang='lat'>:</span> <span class='ocrx_word' id='word_1_633' title='bbox 1026 4529 1222 4583; x_wconf 84' lang='lat' dir='ltr'><strong>Omnia</strong></span> <span class='ocrx_word' id='word_1_634' title='bbox 1249 4545 1344 4598; x_wconf 85' lang='lat' dir='ltr'><strong>per</strong></span> <span class='ocrx_word' id='word_1_635' title='bbox 1381 4543 1499 4581; x_wconf 82' lang='lat' dir='ltr'><strong>eum</strong></span> <span class='ocrx_word' id='word_1_636' title='bbox 1536 4529 1748 4582; x_wconf 75' lang='lat' dir='ltr'><strong>exstite-</strong></span> 
     </span>
    </p>
   </div>
   <div class='ocr_carea' id='block_1_77' title="bbox 172 4595 1748 4668">
    <p class='ocr_par' dir='ltr' id='par_1_77' title="bbox 172 4595 1748 4668">
     <span class='ocr_line' id='line_1_78' title="bbox 172 4595 1748 4668; baseline 0.003 -20"><span class='ocrx_word' id='word_1_637' title='bbox 172 4611 280 4652; x_wconf 82' lang='lat' dir='ltr'><strong>runt</strong></span> <span class='ocrx_word' id='word_1_638' title='bbox 306 4595 496 4667; x_wconf 83' lang='lat' dir='ltr'><strong>(Joan.</strong></span> <span class='ocrx_word' id='word_1_639' title='bbox 535 4614 572 4663; x_wconf 86' lang='grc' dir='ltr'><strong>ι,</strong></span> <span class='ocrx_word' id='word_1_640' title='bbox 605 4600 682 4668; x_wconf 76' lang='grc' dir='ltr'><strong>ὃ),</strong></span> <span class='ocrx_word' id='word_1_641' title='bbox 709 4615 776 4653; x_wconf 88' lang='lat' dir='ltr'><strong>an</strong></span> <span class='ocrx_word' id='word_1_642' title='bbox 811 4601 924 4668; x_wconf 91' lang='lat' dir='ltr'><strong>ipse</strong></span> <span class='ocrx_word' id='word_1_643' title='bbox 947 4600 1112 4654; x_wconf 90' lang='lat' dir='ltr'><strong>etiam</strong></span> <span class='ocrx_word' id='word_1_644' title='bbox 1135 4595 1373 4667; x_wconf 80' lang='lat' dir='ltr'><strong>Spiritus</strong></span> <span class='ocrx_word' id='word_1_645' title='bbox 1400 4608 1623 4652; x_wconf 90' lang='lat' dir='ltr'><strong>sanctus</strong></span> <span class='ocrx_word' id='word_1_646' title='bbox 1651 4613 1748 4668; x_wconf 89' lang='lat' dir='ltr'><strong>per</strong></span> 
     </span>
    </p>
   </div>
   <div class='ocr_carea' id='block_1_78' title="bbox 1865 3333 3448 3403">
    <p class='ocr_par' dir='ltr' id='par_1_78' title="bbox 1865 3333 3448 3403">
     <span class='ocr_line' id='line_1_79' title="bbox 1865 3333 3448 3403; baseline 0.001 -17"><span class='ocrx_word' id='word_1_647' title='bbox 1865 3335 2038 3386; x_wconf 90' lang='lat' dir='ltr'><strong>utitur</strong></span> <span class='ocrx_word' id='word_1_648' title='bbox 2079 3351 2098 3403; x_wconf 13' lang='lat'><strong>:7</strong></span> <span class='ocrx_word' id='word_1_649' title='bbox 2148 3333 2270 3386; x_wconf 80' lang='grc' dir='ltr'><strong>Οὐδ’</strong></span> <span class='ocrx_word' id='word_1_650' title='bbox 2322 3334 2459 3399; x_wconf 83' lang='grc' dir='ltr'><strong>ὅλως</strong></span> <span class='ocrx_word' id='word_1_651' title='bbox 2504 3335 2592 3390; x_wconf 83' lang='grc' dir='ltr'><strong>διά</strong></span> <span class='ocrx_word' id='word_1_652' title='bbox 2647 3352 2823 3398; x_wconf 86' lang='grc' dir='ltr'>τινος,</span> <span class='ocrx_word' id='word_1_653' title='bbox 2863 3334 2979 3387; x_wconf 79' lang='grc' dir='ltr'>ἀλλ’</span> <span class='ocrx_word' id='word_1_654' title='bbox 3012 3333 3118 3387; x_wconf 78' lang='grc' dir='ltr'><strong>ὑπὸ</strong></span> <span class='ocrx_word' id='word_1_655' title='bbox 3151 3334 3287 3387; x_wconf 87' lang='grc' dir='ltr'>Θεοῦ</span> <span class='ocrx_word' id='word_1_656' title='bbox 3325 3335 3448 3403; x_wconf 79' lang='grc' dir='ltr'><strong>ἐγέ-</strong></span> 
     </span>
    </p>
   </div>
   <div class='ocr_carea' id='block_1_79' title="bbox 1863 3402 3442 3475">
    <p class='ocr_par' dir='ltr' id='par_1_79' title="bbox 1863 3402 3442 3475">
     <span class='ocr_line' id='line_1_80' title="bbox 1863 3402 3442 3475; baseline 0 -19"><span class='ocrx_word' id='word_1_657' title='bbox 1863 3420 2004 3475; x_wconf 52' lang='grc' dir='ltr'>νετοτ</span> <span class='ocrx_word' id='word_1_658' title='bbox 2041 3421 2058 3453; x_wconf 82' lang='grc' dir='ltr'>ι</span> <span class='ocrx_word' id='word_1_659' title='bbox 2087 3402 2195 3457; x_wconf 75' lang='lat' dir='ltr'><strong>Nec</strong></span> <span class='ocrx_word' id='word_1_660' title='bbox 2223 3407 2446 3458; x_wconf 87' lang='lat' dir='ltr'><strong>omnino</strong></span> <span class='ocrx_word' id='word_1_661' title='bbox 2475 3422 2570 3475; x_wconf 82' lang='lat' dir='ltr'><strong>per</strong></span> <span class='ocrx_word' id='word_1_662' title='bbox 2599 3406 2760 3459; x_wconf 89' lang='lat' dir='ltr'><strong>alium</strong></span> <span class='ocrx_word' id='word_1_663' title='bbox 2785 3420 3130 3473; x_wconf 88' lang='lat' dir='ltr'><strong>quemquam.</strong></span> <span class='ocrx_word' id='word_1_664' title='bbox 3151 3407 3244 3458; x_wconf 78' lang='lat' dir='ltr'><strong>sed</strong></span> <span class='ocrx_word' id='word_1_665' title='bbox 3267 3422 3295 3458; x_wconf 91' lang='lat' dir='ltr'><strong>a</strong></span> <span class='ocrx_word' id='word_1_666' title='bbox 3335 3405 3442 3457; x_wconf 63' lang='lat' dir='ltr'><strong>Deo</strong></span> 
     </span>
    </p>
   </div>
   <div class='ocr_carea' id='block_1_80' title="bbox 1863 3474 3445 3544">
    <p class='ocr_par' dir='ltr' id='par_1_80' title="bbox 1863 3474 3445 3544">
     <span class='ocr_line' id='line_1_81' title="bbox 1863 3474 3445 3544; baseline 0.002 -18"><span class='ocrx_word' id='word_1_667' title='bbox 1863 3474 2091 3544; x_wconf 54' lang='lat' dir='ltr'><strong>exstitit.</strong></span> <span class='ocrx_word' id='word_1_668' title='bbox 2133 3493 2150 3525; x_wconf 70' lang='grc' dir='ltr'><strong>ι</strong></span> <span class='ocrx_word' id='word_1_669' title='bbox 2205 3474 2671 3538; x_wconf 78' lang='lat' dir='ltr'><strong>Quemadmodum</strong></span> <span class='ocrx_word' id='word_1_670' title='bbox 2715 3492 2845 3544; x_wconf 82' lang='lat' dir='ltr'><strong>ergo</strong></span> <span class='ocrx_word' id='word_1_671' title='bbox 2893 3477 2978 3530; x_wconf 88' lang='lat' dir='ltr'><strong>his</strong></span> <span class='ocrx_word' id='word_1_672' title='bbox 3027 3475 3078 3528; x_wconf 85' lang='lat' dir='ltr'><strong>in</strong></span> <span class='ocrx_word' id='word_1_673' title='bbox 3127 3475 3260 3530; x_wconf 90' lang='lat' dir='ltr'><strong>locis</strong></span> <span class='ocrx_word' id='word_1_674' title='bbox 3294 3475 3445 3544; x_wconf 75' lang='grc' dir='ltr'>γίνε-</span> 
     </span>
    </p>
   </div>
   <div class='ocr_carea' id='block_1_81' title="bbox 1863 3543 3441 3618">
    <p class='ocr_par' dir='ltr' id='par_1_81' title="bbox 1863 3543 3441 3618">
     <span class='ocr_line' id='line_1_82' title="bbox 1863 3543 3441 3618; baseline 0.003 -23"><span class='ocrx_word' id='word_1_675' title='bbox 1863 3543 1986 3618; x_wconf 68' lang='grc' dir='ltr'>σθαι</span> <span class='ocrx_word' id='word_1_676' title='bbox 2031 3544 2175 3618; x_wconf 80' lang='lat' dir='ltr'><strong>aliud</strong></span> <span class='ocrx_word' id='word_1_677' title='bbox 2219 3550 2441 3618; x_wconf 71' lang='lat' dir='ltr'><strong>omnino</strong></span> <span class='ocrx_word' id='word_1_678' title='bbox 2470 3555 2629 3599; x_wconf 90' lang='lat' dir='ltr'><strong>sonat</strong></span> <span class='ocrx_word' id='word_1_679' title='bbox 2659 3563 2722 3601; x_wconf 91' lang='lat' dir='ltr'><strong>ac</strong></span> <span class='ocrx_word' id='word_1_680' title='bbox 2755 3543 2927 3599; x_wconf 81' lang='lat' dir='ltr'><strong>creari</strong></span> <span class='ocrx_word' id='word_1_681' title='bbox 2961 3559 2980 3618; x_wconf 65' lang='grc' dir='ltr'><em>ί</em></span> <span class='ocrx_word' id='word_1_682' title='bbox 3011 3546 3088 3618; x_wconf 83' lang='lat' dir='ltr'><strong>sic</strong></span> <span class='ocrx_word' id='word_1_683' title='bbox 3122 3559 3247 3599; x_wconf 83' lang='lat' dir='ltr'><strong>cum</strong></span> <span class='ocrx_word' id='word_1_684' title='bbox 3285 3543 3441 3618; x_wconf 85' lang='lat' dir='ltr'><strong>suam</strong></span> 
     </span>
    </p>
   </div>
   <div class='ocr_carea' id='block_1_82' title="bbox 1860 3612 3443 3684">
    <p class='ocr_par' dir='ltr' id='par_1_82' title="bbox 1860 3612 3443 3684">
     <span class='ocr_line' id='line_1_83' title="bbox 1860 3612 3443 3684; baseline 0.001 -16"><span class='ocrx_word' id='word_1_685' title='bbox 1860 3612 2120 3684; x_wconf 82' lang='lat' dir='ltr'><strong>Origenes</strong></span> <span class='ocrx_word' id='word_1_686' title='bbox 2144 3615 2210 3668; x_wconf 89' lang='lat' dir='ltr'><strong>de</strong></span> <span class='ocrx_word' id='word_1_687' title='bbox 2239 3615 2475 3684; x_wconf 88' lang='lat' dir='ltr'><strong>Spiritus</strong></span> <span class='ocrx_word' id='word_1_688' title='bbox 2498 3618 2800 3670; x_wconf 67' lang='lat' dir='ltr'><strong>:eternitato</strong></span> <span class='ocrx_word' id='word_1_689' title='bbox 2827 3612 3150 3670; x_wconf 83' lang='lat' dir='ltr'><strong>sententiam</strong></span> <span class='ocrx_word' id='word_1_690' title='bbox 3181 3625 3258 3670; x_wconf 92' lang='lat' dir='ltr'><strong>tot</strong></span> <span class='ocrx_word' id='word_1_691' title='bbox 3281 3617 3443 3670; x_wconf 89' lang='lat' dir='ltr'><strong>rebus</strong></span> 
     </span>
    </p>
   </div>
   <div class='ocr_carea' id='block_1_83' title="bbox 1863 3686 3442 3747">
    <p class='ocr_par' dir='ltr' id='par_1_83' title="bbox 1863 3686 3442 3747">
     <span class='ocr_line' id='line_1_84' title="bbox 1863 3686 3442 3747; baseline 0.002 -10"><span class='ocrx_word' id='word_1_692' title='bbox 1863 3692 2087 3738; x_wconf 81' lang='lat' dir='ltr'><strong>testatus</strong></span> <span class='ocrx_word' id='word_1_693' title='bbox 2117 3686 2219 3747; x_wconf 90' lang='lat' dir='ltr'><strong>sit,</strong></span> <span class='ocrx_word' id='word_1_694' title='bbox 2251 3688 2658 3741; x_wconf 88' lang='lat' dir='ltr'><strong>accommodate</strong></span> <span class='ocrx_word' id='word_1_695' title='bbox 2685 3687 2751 3740; x_wconf 90' lang='lat' dir='ltr'><strong>ad</strong></span> <span class='ocrx_word' id='word_1_696' title='bbox 2785 3687 2926 3740; x_wconf 89' lang='lat' dir='ltr'><strong>hanc</strong></span> <span class='ocrx_word' id='word_1_697' title='bbox 2969 3686 3294 3740; x_wconf 87' lang='lat' dir='ltr'><strong>sententiam</strong></span> <span class='ocrx_word' id='word_1_698' title='bbox 3328 3689 3442 3740; x_wconf 85' lang='lat' dir='ltr'><strong>red-</strong></span> 
     </span>
    </p>
   </div>
   <div class='ocr_carea' id='block_1_84' title="bbox 1858 3751 3441 3825">
    <p class='ocr_par' dir='ltr' id='par_1_84' title="bbox 1858 3751 3441 3825">
     <span class='ocr_line' id='line_1_85' title="bbox 1858 3751 3441 3825; baseline 0.004 -21"><span class='ocrx_word' id='word_1_699' title='bbox 1858 3751 2048 3825; x_wconf 68' lang='lat' dir='ltr'><strong>dendae</strong></span> <span class='ocrx_word' id='word_1_700' title='bbox 2067 3765 2192 3809; x_wconf 89' lang='lat' dir='ltr'><strong>sunt</strong></span> <span class='ocrx_word' id='word_1_701' title='bbox 2219 3771 2378 3810; x_wconf 88' lang='lat' dir='ltr'><strong>voces</strong></span> <span class='ocrx_word' id='word_1_702' title='bbox 2407 3759 2708 3825; x_wconf 78' lang='lat' dir='ltr'><strong>generatim</strong></span> <span class='ocrx_word' id='word_1_703' title='bbox 2731 3757 2808 3810; x_wconf 90' lang='lat' dir='ltr'><strong>rei</strong></span> <span class='ocrx_word' id='word_1_704' title='bbox 2832 3766 3030 3812; x_wconf 71' lang='lat' dir='ltr'><strong>creatae</strong></span> <span class='ocrx_word' id='word_1_705' title='bbox 3057 3766 3151 3810; x_wconf 88' lang='lat' dir='ltr'><strong>aut</strong></span> <span class='ocrx_word' id='word_1_706' title='bbox 3184 3758 3441 3810; x_wconf 66' lang='lat' dir='ltr'><strong>increatte</strong></span> 
     </span>
    </p>
   </div>
   <div class='ocr_carea' id='block_1_85' title="bbox 1858 3824 3440 3896">
    <p class='ocr_par' dir='ltr' id='par_1_85' title="bbox 1858 3824 3440 3896">
     <span class='ocr_line' id='line_1_86' title="bbox 1858 3824 3440 3896; baseline 0.003 -20"><span class='ocrx_word' id='word_1_707' title='bbox 1858 3824 2102 3896; x_wconf 63' lang='lat' dir='ltr'><strong>quidem,</strong></span> <span class='ocrx_word' id='word_1_708' title='bbox 2125 3827 2218 3879; x_wconf 90' lang='lat' dir='ltr'><strong>sed</strong></span> <span class='ocrx_word' id='word_1_709' title='bbox 2247 3824 2428 3880; x_wconf 84' lang='lat' dir='ltr'><strong>tamen</strong></span> <span class='ocrx_word' id='word_1_710' title='bbox 2449 3841 2571 3880; x_wconf 90' lang='lat' dir='ltr'><strong>esse</strong></span> <span class='ocrx_word' id='word_1_711' title='bbox 2594 3829 2661 3882; x_wconf 88' lang='lat' dir='ltr'><strong>ab</strong></span> <span class='ocrx_word' id='word_1_712' title='bbox 2685 3828 2792 3880; x_wconf 91' lang='lat' dir='ltr'><strong>alio</strong></span> <span class='ocrx_word' id='word_1_713' title='bbox 2823 3827 3110 3895; x_wconf 84' lang='lat' dir='ltr'><strong>accipienti</strong></span> <span class='ocrx_word' id='word_1_714' title='bbox 3135 3842 3440 3896; x_wconf 81' lang='lat' dir='ltr'><strong>congruen-</strong></span> 
     </span>
    </p>
   </div>
   <div class='ocr_carea' id='block_1_86' title="bbox 1861 3895 3437 3964">
    <p class='ocr_par' dir='ltr' id='par_1_86' title="bbox 1861 3895 3437 3964">
     <span class='ocr_line' id='line_1_87' title="bbox 1861 3895 3437 3964; baseline 0.003 -20"><span class='ocrx_word' id='word_1_715' title='bbox 1861 3902 1960 3949; x_wconf 90' lang='lat' dir='ltr'><strong>tes.</strong></span> <span class='ocrx_word' id='word_1_716' title='bbox 1997 3895 2144 3950; x_wconf 88' lang='lat' dir='ltr'><strong>llanc</strong></span> <span class='ocrx_word' id='word_1_717' title='bbox 2191 3896 2587 3964; x_wconf 87' lang='lat' dir='ltr'><strong>interpretandi</strong></span> <span class='ocrx_word' id='word_1_718' title='bbox 2635 3899 2900 3951; x_wconf 84' lang='lat' dir='ltr'><strong>rationem</strong></span> <span class='ocrx_word' id='word_1_719' title='bbox 2951 3897 3144 3963; x_wconf 90' lang='lat' dir='ltr'><strong>probat</strong></span> <span class='ocrx_word' id='word_1_720' title='bbox 3189 3895 3437 3963; x_wconf 81' lang='lat' dir='ltr'><strong>liuetius,</strong></span> 
     </span>
    </p>
   </div>
   <div class='ocr_carea' id='block_1_87' title="bbox 1857 3965 3436 4036">
    <p class='ocr_par' dir='ltr' id='par_1_87' title="bbox 1857 3965 3436 4036">
     <span class='ocr_line' id='line_1_88' title="bbox 1857 3965 3436 4036; baseline 0.002 -19"><span class='ocrx_word' id='word_1_721' title='bbox 1857 3966 2105 4032; x_wconf 85' lang='lat' dir='ltr'><strong>quamvis</strong></span> <span class='ocrx_word' id='word_1_722' title='bbox 2150 3966 2342 4019; x_wconf 88' lang='lat' dir='ltr'><strong>adduci</strong></span> <span class='ocrx_word' id='word_1_723' title='bbox 2379 3981 2437 4021; x_wconf 88' lang='lat' dir='ltr'><strong>se</strong></span> <span class='ocrx_word' id='word_1_724' title='bbox 2491 3981 2594 4020; x_wconf 91' lang='lat' dir='ltr'><strong>non</strong></span> <span class='ocrx_word' id='word_1_725' title='bbox 2643 3982 2802 4034; x_wconf 89' lang='lat' dir='ltr'><strong>posse</strong></span> <span class='ocrx_word' id='word_1_726' title='bbox 2834 3968 3011 4031; x_wconf 80' lang='lat' dir='ltr'><strong>dicat,</strong></span> <span class='ocrx_word' id='word_1_727' title='bbox 3059 3975 3118 4019; x_wconf 92' lang='lat' dir='ltr'><strong>ut</strong></span> <span class='ocrx_word' id='word_1_728' title='bbox 3143 3965 3436 4036; x_wconf 85' lang='lat' dir='ltr'><strong>Origenent</strong></span> 
     </span>
    </p>
   </div>
   <div class='ocr_carea' id='block_1_88' title="bbox 1856 4036 2800 4106">
    <p class='ocr_par' dir='ltr' id='par_1_88' title="bbox 1856 4036 2800 4106">
     <span class='ocr_line' id='line_1_89' title="bbox 1856 4036 2800 4106; baseline 0.001 -19"><span class='ocrx_word' id='word_1_729' title='bbox 1856 4036 2144 4106; x_wconf 75' lang='lat' dir='ltr'><strong>probatum</strong></span> <span class='ocrx_word' id='word_1_730' title='bbox 2178 4045 2234 4088; x_wconf 86' lang='lat' dir='ltr'><strong>et</strong></span> <span class='ocrx_word' id='word_1_731' title='bbox 2267 4045 2552 4106; x_wconf 80' lang='lat' dir='ltr'><strong>purgatum</strong></span> <span class='ocrx_word' id='word_1_732' title='bbox 2583 4038 2800 4090; x_wconf 81' lang='lat' dir='ltr'><strong>haheat.</strong></span> 
     </span>
    </p>
   </div>
   <div class='ocr_carea' id='block_1_89' title="bbox 1925 4104 3434 4171">
    <p class='ocr_par' dir='ltr' id='par_1_89' title="bbox 1925 4104 3434 4171">
     <span class='ocr_line' id='line_1_90' title="bbox 1925 4104 3434 4171; baseline 0.001 -13"><span class='ocrx_word' id='word_1_733' title='bbox 1925 4104 1991 4158; x_wconf 76' lang='lat'><strong>2°</strong></span> <span class='ocrx_word' id='word_1_734' title='bbox 2023 4105 2322 4159; x_wconf 81' lang='lat' dir='ltr'><strong>Fatendum</strong></span> <span class='ocrx_word' id='word_1_735' title='bbox 2353 4104 2437 4160; x_wconf 83' lang='lat' dir='ltr'><strong>est</strong></span> <span class='ocrx_word' id='word_1_736' title='bbox 2460 4106 2745 4171; x_wconf 82' lang='lat' dir='ltr'><strong>Origenem</strong></span> <span class='ocrx_word' id='word_1_737' title='bbox 2777 4122 2881 4160; x_wconf 88' lang='lat' dir='ltr'><strong>non</strong></span> <span class='ocrx_word' id='word_1_738' title='bbox 2920 4105 3057 4160; x_wconf 84' lang='lat' dir='ltr'><strong>belle</strong></span> <span class='ocrx_word' id='word_1_739' title='bbox 3089 4105 3434 4171; x_wconf 83' lang='lat' dir='ltr'><strong>interpretari</strong></span> 
     </span>
    </p>
   </div>
   <div class='ocr_carea' id='block_1_90' title="bbox 1855 4174 3433 4244">
    <p class='ocr_par' dir='ltr' id='par_1_90' title="bbox 1855 4174 3433 4244">
     <span class='ocr_line' id='line_1_91' title="bbox 1855 4174 3433 4244; baseline 0.001 -18"><span class='ocrx_word' id='word_1_740' title='bbox 1855 4176 2020 4228; x_wconf 74' lang='lat' dir='ltr'><strong>verba</strong></span> <span class='ocrx_word' id='word_1_741' title='bbox 2060 4174 2304 4238; x_wconf 82' lang='lat' dir='ltr'><strong>Joannis,</strong></span> <span class='ocrx_word' id='word_1_742' title='bbox 2335 4191 2457 4244; x_wconf 70' lang='lat' dir='ltr'><strong>qua:</strong></span> <span class='ocrx_word' id='word_1_743' title='bbox 2498 4191 2620 4230; x_wconf 89' lang='lat' dir='ltr'><strong>cum</strong></span> <span class='ocrx_word' id='word_1_744' title='bbox 2651 4177 2716 4228; x_wconf 91' lang='lat' dir='ltr'><strong>ad</strong></span> <span class='ocrx_word' id='word_1_745' title='bbox 2749 4192 2835 4230; x_wconf 89' lang='lat' dir='ltr'><strong>res</strong></span> <span class='ocrx_word' id='word_1_746' title='bbox 2861 4186 3076 4229; x_wconf 88' lang='lat' dir='ltr'><strong>creatas</strong></span> <span class='ocrx_word' id='word_1_747' title='bbox 3104 4176 3433 4244; x_wconf 79' lang='lat' dir='ltr'><strong>pertineant,</strong></span> 
     </span>
    </p>
   </div>
   <div class='ocr_carea' id='block_1_91' title="bbox 1854 4245 3434 4312">
    <p class='ocr_par' dir='ltr' id='par_1_91' title="bbox 1854 4245 3434 4312">
     <span class='ocr_line' id='line_1_92' title="bbox 1854 4245 3434 4312; baseline 0 -15"><span class='ocrx_word' id='word_1_748' title='bbox 1854 4245 1921 4297; x_wconf 89' lang='lat' dir='ltr'><strong>ad</strong></span> <span class='ocrx_word' id='word_1_749' title='bbox 1955 4246 2216 4312; x_wconf 76' lang='lat' dir='ltr'><strong>Spiritum</strong></span> <span class='ocrx_word' id='word_1_750' title='bbox 2245 4257 2490 4298; x_wconf 91' lang='lat' dir='ltr'><strong>sanctum</strong></span> <span class='ocrx_word' id='word_1_751' title='bbox 2523 4247 2716 4298; x_wconf 77' lang='lat' dir='ltr'><strong>referri</strong></span> <span class='ocrx_word' id='word_1_752' title='bbox 2748 4262 2854 4299; x_wconf 92' lang='lat' dir='ltr'><strong>non</strong></span> <span class='ocrx_word' id='word_1_753' title='bbox 2888 4247 3177 4300; x_wconf 87' lang='lat' dir='ltr'><strong>debebant.</strong></span> <span class='ocrx_word' id='word_1_754' title='bbox 3210 4245 3314 4298; x_wconf 82' lang='lat' dir='ltr'><strong>Sed</strong></span> <span class='ocrx_word' id='word_1_755' title='bbox 3348 4254 3434 4297; x_wconf 89' lang='lat' dir='ltr'><strong>ta-</strong></span> 
     </span>
    </p>
   </div>
   <div class='ocr_carea' id='block_1_92' title="bbox 1855 4313 3432 4383">
    <p class='ocr_par' dir='ltr' id='par_1_92' title="bbox 1855 4313 3432 4383">
     <span class='ocr_line' id='line_1_93' title="bbox 1855 4313 3432 4383; baseline 0.003 -17"><span class='ocrx_word' id='word_1_756' title='bbox 1855 4329 1976 4368; x_wconf 89' lang='lat' dir='ltr'><strong>men</strong></span> <span class='ocrx_word' id='word_1_757' title='bbox 2002 4330 2121 4368; x_wconf 88' lang='lat' dir='ltr'><strong>cum</strong></span> <span class='ocrx_word' id='word_1_758' title='bbox 2152 4313 2302 4374; x_wconf 86' lang='lat' dir='ltr'><strong>illud,</strong></span> <span class='ocrx_word' id='word_1_759' title='bbox 2341 4315 2577 4383; x_wconf 75' lang='grc' dir='ltr'>ἐγένετο,</span> <span class='ocrx_word' id='word_1_760' title='bbox 2608 4317 2864 4370; x_wconf 85' lang='lat' dir='ltr'><strong>omnibus</strong></span> <span class='ocrx_word' id='word_1_761' title='bbox 2889 4317 3055 4370; x_wconf 88' lang='lat' dir='ltr'><strong>rebus</strong></span> <span class='ocrx_word' id='word_1_762' title='bbox 3106 4315 3320 4383; x_wconf 82' lang='lat' dir='ltr'><strong>aliquod</strong></span> <span class='ocrx_word' id='word_1_763' title='bbox 3347 4316 3432 4370; x_wconf 89' lang='lat' dir='ltr'><strong>sui</strong></span> 
     </span>
    </p>
   </div>
   <div class='ocr_carea' id='block_1_93' title="bbox 1855 4384 3430 4455">
    <p class='ocr_par' dir='ltr' id='par_1_93' title="bbox 1855 4384 3430 4455">
     <span class='ocr_line' id='line_1_94' title="bbox 1855 4384 3430 4455; baseline 0.001 -19"><span class='ocrx_word' id='word_1_764' title='bbox 1855 4384 2180 4454; x_wconf 89' lang='lat' dir='ltr'><strong>principium</strong></span> <span class='ocrx_word' id='word_1_765' title='bbox 2211 4385 2540 4439; x_wconf 82' lang='lat' dir='ltr'><strong>habentibus</strong></span> <span class='ocrx_word' id='word_1_766' title='bbox 2567 4387 2876 4450; x_wconf 78' lang='lat' dir='ltr'><strong>conveniat,</strong></span> <span class='ocrx_word' id='word_1_767' title='bbox 2909 4401 3013 4438; x_wconf 91' lang='lat' dir='ltr'><strong>non</strong></span> <span class='ocrx_word' id='word_1_768' title='bbox 3052 4397 3250 4453; x_wconf 75' lang='lat' dir='ltr'><strong>prteter</strong></span> <span class='ocrx_word' id='word_1_769' title='bbox 3271 4398 3430 4455; x_wconf 61' lang='lat' dir='ltr'><strong>sonu!</strong></span> 
     </span>
    </p>
   </div>
   <div class='ocr_carea' id='block_1_94' title="bbox 1853 4455 3428 4522">
    <p class='ocr_par' dir='ltr' id='par_1_94' title="bbox 1853 4455 3428 4522">
     <span class='ocr_line' id='line_1_95' title="bbox 1853 4455 3428 4522; baseline 0.001 -15"><span class='ocrx_word' id='word_1_770' title='bbox 1853 4463 1908 4507; x_wconf 90' lang='lat' dir='ltr'><strong>et</strong></span> <span class='ocrx_word' id='word_1_771' title='bbox 1953 4455 2181 4508; x_wconf 88' lang='lat' dir='ltr'><strong>aliorum</strong></span> <span class='ocrx_word' id='word_1_772' title='bbox 2227 4455 2364 4507; x_wconf 84' lang='lat' dir='ltr'><strong>bene</strong></span> <span class='ocrx_word' id='word_1_773' title='bbox 2409 4456 2699 4509; x_wconf 89' lang='lat' dir='ltr'><strong>multorum</strong></span> <span class='ocrx_word' id='word_1_774' title='bbox 2745 4471 2954 4509; x_wconf 86' lang='lat' dir='ltr'><strong>morem</strong></span> <span class='ocrx_word' id='word_1_775' title='bbox 2985 4456 3062 4509; x_wconf 90' lang='lat' dir='ltr'><strong>sic</strong></span> <span class='ocrx_word' id='word_1_776' title='bbox 3092 4455 3428 4522; x_wconf 87' lang='lat' dir='ltr'><strong>Scripturam</strong></span> 
     </span>
    </p>
   </div>
   <div class='ocr_carea' id='block_1_95' title="bbox 1855 4523 3432 4593">
    <p class='ocr_par' dir='ltr' id='par_1_95' title="bbox 1855 4523 3432 4593">
     <span class='ocr_line' id='line_1_96' title="bbox 1855 4523 3432 4593; baseline 0.003 -18"><span class='ocrx_word' id='word_1_777' title='bbox 1855 4523 2266 4593; x_wconf 89' lang='lat' dir='ltr'><strong>interpretatur.</strong></span> <span class='ocrx_word' id='word_1_778' title='bbox 2305 4525 2498 4578; x_wconf 86' lang='lat' dir='ltr'><strong>Solent</strong></span> <span class='ocrx_word' id='word_1_779' title='bbox 2541 4525 2682 4579; x_wconf 91' lang='lat' dir='ltr'><strong>enim</strong></span> <span class='ocrx_word' id='word_1_780' title='bbox 2731 4526 3087 4580; x_wconf 90' lang='lat' dir='ltr'><strong>ecclesiastici</strong></span> <span class='ocrx_word' id='word_1_781' title='bbox 3135 4527 3432 4593; x_wconf 86' lang='lat' dir='ltr'><strong>scriptores</strong></span> 
     </span>
    </p>
   </div>
   <div class='ocr_carea' id='block_1_96' title="bbox 1851 4592 3430 4664">
    <p class='ocr_par' dir='ltr' id='par_1_96' title="bbox 1851 4592 3430 4664">
     <span class='ocr_line' id='line_1_97' title="bbox 1851 4592 3430 4664; baseline 0.002 -17"><span class='ocrx_word' id='word_1_782' title='bbox 1851 4592 2066 4648; x_wconf 86' lang='lat' dir='ltr'><strong>Patrem</strong></span> <span class='ocrx_word' id='word_1_783' title='bbox 2103 4595 2324 4648; x_wconf 90' lang='lat' dir='ltr'><strong>unicum</strong></span> <span class='ocrx_word' id='word_1_784' title='bbox 2357 4595 2683 4664; x_wconf 88' lang='lat' dir='ltr'><strong>principium</strong></span> <span class='ocrx_word' id='word_1_785' title='bbox 2711 4597 2915 4661; x_wconf 87' lang='lat' dir='ltr'><strong>dicere,</strong></span> <span class='ocrx_word' id='word_1_786' title='bbox 2949 4594 3146 4649; x_wconf 84' lang='lat' dir='ltr'><strong>Filium</strong></span> <span class='ocrx_word' id='word_1_787' title='bbox 3171 4604 3226 4650; x_wconf 91' lang='lat' dir='ltr'><strong>et</strong></span> <span class='ocrx_word' id='word_1_788' title='bbox 3252 4592 3430 4664; x_wconf 82' lang='lat' dir='ltr'><strong>Spiri-</strong></span> 
     </span>
    </p>
   </div>
   <div class='ocr_carea' id='block_1_97' title="bbox 168 4661 3429 4738">
    <p class='ocr_par' dir='ltr' id='par_1_97' title="bbox 168 4661 3429 4738">
     <span class='ocr_line' id='line_1_98' title="bbox 168 4661 3429 4738; baseline -0.001 -16"><span class='ocrx_word' id='word_1_789' title='bbox 168 4681 285 4722; x_wconf 87' lang='lat' dir='ltr'><strong>eum</strong></span> <span class='ocrx_word' id='word_1_790' title='bbox 312 4661 611 4724; x_wconf 80' lang='lat' dir='ltr'><strong>exstiterit.</strong></span> <span class='ocrx_word' id='word_1_791' title='bbox 641 4661 780 4724; x_wconf 74' lang='lat' dir='ltr'><strong>illud</strong></span> <span class='ocrx_word' id='word_1_792' title='bbox 807 4661 1056 4738; x_wconf 76' lang='lat' dir='ltr'><strong>equidem</strong></span> <span class='ocrx_word' id='word_1_793' title='bbox 1088 4661 1326 4724; x_wconf 81' lang='lat' dir='ltr'><strong>arbitror</strong></span> <span class='ocrx_word' id='word_1_794' title='bbox 1353 4668 1424 4732; x_wconf 91' lang='lat' dir='ltr'><strong>ei,</strong></span> <span class='ocrx_word' id='word_1_795' title='bbox 1453 4668 1544 4737; x_wconf 88' lang='lat' dir='ltr'><strong>qui</strong></span> <span class='ocrx_word' id='word_1_796' title='bbox 1577 4661 1744 4736; x_wconf 73' lang='lat' dir='ltr'><strong>Spiri-</strong></span> <span class='ocrx_word' id='word_1_797' title='bbox 1780 4661 1821 4714; x_wconf 88' lang='lat' dir='ltr'><strong>D</strong></span> <span class='ocrx_word' id='word_1_798' title='bbox 1853 4673 1961 4738; x_wconf 84' lang='lat' dir='ltr'><strong>tum</strong></span> <span class='ocrx_word' id='word_1_799' title='bbox 1995 4674 2242 4738; x_wconf 69' lang='lat' dir='ltr'><strong>sanctum</strong></span> <span class='ocrx_word' id='word_1_800' title='bbox 2271 4680 2333 4719; x_wconf 77' lang='lat' dir='ltr'><strong>ex</strong></span> <span class='ocrx_word' id='word_1_801' title='bbox 2357 4661 2679 4720; x_wconf 47' lang='lat' dir='ltr'><strong>Patre&#39;esse</strong></span> <span class='ocrx_word' id='word_1_802' title='bbox 2708 4668 3122 4738; x_wconf 86' lang='lat' dir='ltr'><strong>demonstrant,</strong></span> <span class='ocrx_word' id='word_1_803' title='bbox 3151 4666 3278 4738; x_wconf 82' lang='lat' dir='ltr'><strong>quia</strong></span> <span class='ocrx_word' id='word_1_804' title='bbox 3299 4661 3429 4719; x_wconf 80' lang='lat' dir='ltr'><strong>om-</strong></span> 
     </span>
    </p>
   </div>
   <div class='ocr_carea' id='block_1_98' title="bbox 173 4738 1743 4808">
    <p class='ocr_par' dir='ltr' id='par_1_98' title="bbox 173 4738 1743 4808">
     <span class='ocr_line' id='line_1_99' title="bbox 173 4738 1743 4808; baseline 0 -18"><span class='ocrx_word' id='word_1_805' title='bbox 173 4745 275 4791; x_wconf 88' lang='lat' dir='ltr'><strong>tum</strong></span> <span class='ocrx_word' id='word_1_806' title='bbox 320 4749 571 4793; x_wconf 88' lang='lat' dir='ltr'><strong>sanctum</strong></span> <span class='ocrx_word' id='word_1_807' title='bbox 629 4755 743 4795; x_wconf 89' lang='lat' dir='ltr'><strong>rem</strong></span> <span class='ocrx_word' id='word_1_808' title='bbox 789 4740 1029 4808; x_wconf 79' lang='lat' dir='ltr'><strong>genitam</strong></span> <span class='ocrx_word' id='word_1_809' title='bbox 1078 4753 1200 4794; x_wconf 90' lang='lat' dir='ltr'><strong>esse</strong></span> <span class='ocrx_word' id='word_1_810' title='bbox 1251 4740 1436 4802; x_wconf 88' lang='lat' dir='ltr'><strong>dicat,</strong></span> <span class='ocrx_word' id='word_1_811' title='bbox 1487 4753 1552 4792; x_wconf 89' lang='lat' dir='ltr'><strong>ac</strong></span> <span class='ocrx_word' id='word_1_812' title='bbox 1594 4738 1743 4802; x_wconf 90' lang='lat' dir='ltr'><strong>illud,</strong></span> 
     </span>
    </p>
   </div>
   <div class='ocr_carea' id='block_1_99' title="bbox 178 4809 1745 4877">
    <p class='ocr_par' dir='ltr' id='par_1_99' title="bbox 178 4809 1745 4877">
     <span class='ocr_line' id='line_1_100' title="bbox 178 4809 1745 4877; baseline 0.001 -17"><span class='ocrx_word' id='word_1_813' title='bbox 178 4809 356 4868; x_wconf 85' lang='lat' dir='ltr'><strong>Omnia</strong></span> <span class='ocrx_word' id='word_1_814' title='bbox 387 4825 483 4877; x_wconf 84' lang='lat' dir='ltr'><strong>per</strong></span> <span class='ocrx_word' id='word_1_815' title='bbox 523 4825 642 4862; x_wconf 87' lang='lat' dir='ltr'><strong>eum</strong></span> <span class='ocrx_word' id='word_1_816' title='bbox 671 4813 988 4864; x_wconf 70' lang='lat' dir='ltr'><strong>exstiterunt</strong></span> <span class='ocrx_word' id='word_1_817' title='bbox 1010 4848 1025 4872; x_wconf 94' lang='lat'><strong>,</strong></span> <span class='ocrx_word' id='word_1_818' title='bbox 1049 4810 1299 4864; x_wconf 86' lang='lat' dir='ltr'><strong>admittat</strong></span> <span class='ocrx_word' id='word_1_819' title='bbox 1323 4849 1338 4872; x_wconf 92' lang='lat'><strong>,</strong></span> <span class='ocrx_word' id='word_1_820' title='bbox 1365 4809 1745 4876; x_wconf 84' lang='lat' dir='ltr'><strong>necessarium</strong></span> 
     </span>
    </p>
   </div>
   <div class='ocr_carea' id='block_1_100' title="bbox 176 4878 1744 4950">
    <p class='ocr_par' dir='ltr' id='par_1_100' title="bbox 176 4878 1744 4950">
     <span class='ocr_line' id='line_1_101' title="bbox 176 4878 1744 4950; baseline -0.001 -17"><span class='ocrx_word' id='word_1_821' title='bbox 176 4891 286 4933; x_wconf 87' lang='lat' dir='ltr'><strong>esse</strong></span> <span class='ocrx_word' id='word_1_822' title='bbox 315 4879 580 4947; x_wconf 86' lang='lat' dir='ltr'><strong>Spiritum</strong></span> <span class='ocrx_word' id='word_1_823' title='bbox 613 4891 862 4934; x_wconf 87' lang='lat' dir='ltr'><strong>sanctum</strong></span> <span class='ocrx_word' id='word_1_824' title='bbox 888 4895 987 4950; x_wconf 90' lang='lat' dir='ltr'><strong>per</strong></span> <span class='ocrx_word' id='word_1_825' title='bbox 1012 4878 1268 4950; x_wconf 72' lang='lat' dir='ltr'><strong>Verbum,</strong></span> <span class='ocrx_word' id='word_1_826' title='bbox 1305 4881 1446 4946; x_wconf 89' lang='lat' dir='ltr'><strong>quod</strong></span> <span class='ocrx_word' id='word_1_827' title='bbox 1494 4892 1558 4932; x_wconf 86' lang='lat' dir='ltr'><strong>eo</strong></span> <span class='ocrx_word' id='word_1_828' title='bbox 1586 4893 1744 4950; x_wconf 72' lang='lat' dir='ltr'><strong>prac-</strong></span> 
     </span>
    </p>
   </div>
   <div class='ocr_carea' id='block_1_101' title="bbox 177 4947 1748 5016">
    <p class='ocr_par' dir='ltr' id='par_1_101' title="bbox 177 4947 1748 5016">
     <span class='ocr_line' id='line_1_102' title="bbox 177 4947 1748 5016; baseline 0.003 -20"><span class='ocrx_word' id='word_1_829' title='bbox 177 4950 401 5004; x_wconf 86' lang='lat' dir='ltr'><strong>stantius</strong></span> <span class='ocrx_word' id='word_1_830' title='bbox 431 4957 551 5016; x_wconf 87' lang='lat' dir='ltr'><strong>est,</strong></span> <span class='ocrx_word' id='word_1_831' title='bbox 585 4950 738 5004; x_wconf 85' lang='lat' dir='ltr'><strong>fateri</strong></span> <span class='ocrx_word' id='word_1_832' title='bbox 771 4947 1066 5004; x_wconf 78' lang='lat' dir='ltr'><strong>exstitisse.</strong></span> <span class='ocrx_word' id='word_1_833' title='bbox 1104 4948 1316 5004; x_wconf 80' lang='lat' dir='ltr'><strong>Nolenti</strong></span> <span class='ocrx_word' id='word_1_834' title='bbox 1359 4957 1542 5002; x_wconf 88' lang='lat' dir='ltr'><strong>autem</strong></span> <span class='ocrx_word' id='word_1_835' title='bbox 1578 4947 1748 5014; x_wconf 88' lang='lat' dir='ltr'><strong>Spiri-</strong></span> 
     </span>
    </p>
   </div>
   <div class='ocr_carea' id='block_1_102' title="bbox 180 5021 1743 5089">
    <p class='ocr_par' dir='ltr' id='par_1_102' title="bbox 180 5021 1743 5089">
     <span class='ocr_line' id='line_1_103' title="bbox 180 5021 1743 5089; baseline 0.001 -20"><span class='ocrx_word' id='word_1_836' title='bbox 180 5023 278 5069; x_wconf 89' lang='lat' dir='ltr'><strong>tum</strong></span> <span class='ocrx_word' id='word_1_837' title='bbox 303 5027 551 5089; x_wconf 85' lang='lat' dir='ltr'><strong>sanctum</strong></span> <span class='ocrx_word' id='word_1_838' title='bbox 580 5034 677 5089; x_wconf 89' lang='lat' dir='ltr'><strong>per</strong></span> <span class='ocrx_word' id='word_1_839' title='bbox 699 5021 973 5074; x_wconf 83' lang='lat' dir='ltr'><strong>Christum</strong></span> <span class='ocrx_word' id='word_1_840' title='bbox 999 5021 1296 5086; x_wconf 82' lang='lat' dir='ltr'><strong>exstitisse,</strong></span> <span class='ocrx_word' id='word_1_841' title='bbox 1319 5025 1743 5089; x_wconf 85' lang='lat' dir='ltr'><strong>consentaneum</strong></span> 
     </span>
    </p>
   </div>
   <div class='ocr_carea' id='block_1_103' title="bbox 178 5087 1748 5166">
    <p class='ocr_par' dir='ltr' id='par_1_103' title="bbox 178 5087 1748 5166">
     <span class='ocr_line' id='line_1_104' title="bbox 178 5087 1748 5166; baseline 0.001 -27"><span class='ocrx_word' id='word_1_842' title='bbox 178 5096 267 5166; x_wconf 59' lang='lat' dir='ltr'><strong>est</strong></span> <span class='ocrx_word' id='word_1_843' title='bbox 282 5087 760 5166; x_wconf 42' lang='lat' dir='ltr'><strong>inggitum’illum</strong></span> <span class='ocrx_word' id='word_1_844' title='bbox 792 5091 996 5154; x_wconf 89' lang='lat' dir='ltr'><strong>dicere,</strong></span> <span class='ocrx_word' id='word_1_845' title='bbox 1017 5091 1061 5145; x_wconf 95' lang='lat' dir='ltr'><strong>si</strong></span> <span class='ocrx_word' id='word_1_846' title='bbox 1084 5104 1209 5144; x_wconf 81' lang='lat' dir='ltr'><strong>vera</strong></span> <span class='ocrx_word' id='word_1_847' title='bbox 1233 5103 1356 5144; x_wconf 91' lang='lat' dir='ltr'><strong>esse</strong></span> <span class='ocrx_word' id='word_1_848' title='bbox 1377 5087 1606 5157; x_wconf 87' lang='lat' dir='ltr'><strong>judicet,</strong></span> <span class='ocrx_word' id='word_1_849' title='bbox 1627 5102 1748 5156; x_wconf 85' lang='lat' dir='ltr'><strong>quae</strong></span> 
     </span>
    </p>
   </div>
   <div class='ocr_carea' id='block_1_104' title="bbox 178 5156 1034 5229">
    <p class='ocr_par' dir='ltr' id='par_1_104' title="bbox 178 5156 1034 5229">
     <span class='ocr_line' id='line_1_105' title="bbox 178 5156 1034 5229; baseline 0.005 -21"><span class='ocrx_word' id='word_1_850' title='bbox 178 5156 360 5229; x_wconf 65' lang='lat' dir='ltr'><strong>iubae</strong></span> <span class='ocrx_word' id='word_1_851' title='bbox 377 5157 669 5229; x_wconf 85' lang='lat' dir='ltr'><strong>Evangelio</strong></span> <span class='ocrx_word' id='word_1_852' title='bbox 697 5161 970 5228; x_wconf 88' lang='lat' dir='ltr'><strong>leguntur.</strong></span> <span class='ocrx_word' id='word_1_853' title='bbox 1014 5179 1034 5212; x_wconf 76' lang='grc' dir='ltr'><strong>ι</strong></span> 
     </span>
    </p>
   </div>
   <div class='ocr_carea' id='block_1_105' title="bbox 241 5225 1743 5294">
    <p class='ocr_par' dir='ltr' id='par_1_105' title="bbox 241 5225 1743 5294">
     <span class='ocr_line' id='line_1_106' title="bbox 241 5225 1743 5294; baseline 0.011 -16"><span class='ocrx_word' id='word_1_854' title='bbox 241 5225 367 5284; x_wconf 89' lang='lat' dir='ltr'><strong>Illud</strong></span> <span class='ocrx_word' id='word_1_855' title='bbox 397 5231 455 5283; x_wconf 80' lang='grc' dir='ltr'><strong>1ο</strong></span> <span class='ocrx_word' id='word_1_856' title='bbox 486 5225 884 5284; x_wconf 75' lang='lat' dir='ltr'><strong>observandum</strong></span> <span class='ocrx_word' id='word_1_857' title='bbox 918 5240 1000 5284; x_wconf 91' lang='lat' dir='ltr'><strong>est</strong></span> <span class='ocrx_word' id='word_1_858' title='bbox 1040 5233 1140 5286; x_wconf 92' lang='lat' dir='ltr'><strong>has</strong></span> <span class='ocrx_word' id='word_1_859' title='bbox 1171 5242 1354 5293; x_wconf 81' lang='lat' dir='ltr'><strong>voces,</strong></span> <span class='ocrx_word' id='word_1_860' title='bbox 1385 5226 1620 5292; x_wconf 71' lang='grc' dir='ltr'>ἐγένετο,</span> <span class='ocrx_word' id='word_1_861' title='bbox 1649 5241 1743 5294; x_wconf 81' lang='grc' dir='ltr'>γε·</span> 
     </span>
    </p>
   </div>
   <div class='ocr_carea' id='block_1_106' title="bbox 176 5298 1744 5372">
    <p class='ocr_par' dir='ltr' id='par_1_106' title="bbox 176 5298 1744 5372">
     <span class='ocr_line' id='line_1_107' title="bbox 176 5298 1744 5372; baseline -0.001 -20"><span class='ocrx_word' id='word_1_862' title='bbox 176 5298 400 5372; x_wconf 77' lang='grc' dir='ltr'>γονέναι,</span> <span class='ocrx_word' id='word_1_863' title='bbox 431 5300 678 5372; x_wconf 84' lang='grc' dir='ltr'>γενητόν,</span> <span class='ocrx_word' id='word_1_864' title='bbox 710 5300 920 5354; x_wconf 90' lang='lat' dir='ltr'><strong>duobus</strong></span> <span class='ocrx_word' id='word_1_865' title='bbox 950 5302 1125 5356; x_wconf 91' lang='lat' dir='ltr'><strong>modis</strong></span> <span class='ocrx_word' id='word_1_866' title='bbox 1148 5299 1321 5372; x_wconf 79' lang='lat' dir='ltr'><strong>accipi</strong></span> <span class='ocrx_word' id='word_1_867' title='bbox 1364 5312 1522 5372; x_wconf 84' lang='lat' dir='ltr'><strong>posse</strong></span> <span class='ocrx_word' id='word_1_868' title='bbox 1548 5313 1571 5372; x_wconf 86' lang='lat'><strong>;_</strong></span> <span class='ocrx_word' id='word_1_869' title='bbox 1589 5306 1641 5351; x_wconf 89' lang='lat' dir='ltr'><strong>et</strong></span> <span class='ocrx_word' id='word_1_870' title='bbox 1666 5299 1744 5372; x_wconf 76' lang='lat' dir='ltr'><strong>de</strong></span> 
     </span>
    </p>
   </div>
   <div class='ocr_carea' id='block_1_107' title="bbox 179 5367 1745 5439">
    <p class='ocr_par' dir='ltr' id='par_1_107' title="bbox 179 5367 1745 5439">
     <span class='ocr_line' id='line_1_108' title="bbox 179 5367 1745 5439; baseline -0.001 -18"><span class='ocrx_word' id='word_1_871' title='bbox 179 5368 330 5439; x_wconf 71' lang='lat' dir='ltr'><strong>rebus</strong></span> <span class='ocrx_word' id='word_1_872' title='bbox 358 5385 422 5423; x_wconf 80' lang='lat' dir='ltr'><strong>ex</strong></span> <span class='ocrx_word' id='word_1_873' title='bbox 445 5367 620 5425; x_wconf 86' lang='lat' dir='ltr'><strong>nihilo</strong></span> <span class='ocrx_word' id='word_1_874' title='bbox 635 5372 921 5433; x_wconf 89' lang='lat' dir='ltr'><strong>creatis,et</strong></span> <span class='ocrx_word' id='word_1_875' title='bbox 940 5373 1006 5424; x_wconf 90' lang='lat' dir='ltr'><strong>de</strong></span> <span class='ocrx_word' id='word_1_876' title='bbox 1034 5371 1231 5439; x_wconf 67' lang='lat' dir='ltr'><strong>iisquae</strong></span> <span class='ocrx_word' id='word_1_877' title='bbox 1256 5367 1473 5439; x_wconf 82' lang='lat' dir='ltr'><strong>aliquod</strong></span> <span class='ocrx_word' id='word_1_878' title='bbox 1492 5367 1573 5419; x_wconf 88' lang='lat' dir='ltr'><strong>sui</strong></span> <span class='ocrx_word' id='word_1_879' title='bbox 1599 5367 1745 5434; x_wconf 86' lang='lat' dir='ltr'><strong>priu-</strong></span> 
     </span>
    </p>
   </div>
   <div class='ocr_carea' id='block_1_108' title="bbox 178 5435 1746 5557">
    <p class='ocr_par' dir='ltr' id='par_1_108' title="bbox 178 5435 1746 5557">
     <span class='ocr_line' id='line_1_109' title="bbox 178 5435 1746 5557; baseline -0.001 -68"><span class='ocrx_word' id='word_1_880' title='bbox 178 5435 364 5557; x_wconf 55' lang='lat' dir='ltr'><strong>cipium</strong></span> <span class='ocrx_word' id='word_1_881' title='bbox 393 5441 615 5495; x_wconf 87' lang='lat' dir='ltr'><strong>habent.</strong></span> <span class='ocrx_word' id='word_1_882' title='bbox 635 5439 772 5495; x_wconf 84' lang='lat' dir='ltr'><strong>Hinc</strong></span> <span class='ocrx_word' id='word_1_883' title='bbox 792 5435 1145 5509; x_wconf 66' lang='lat' dir='ltr'><strong>Epiphanius,</strong></span> <span class='ocrx_word' id='word_1_884' title='bbox 1160 5441 1252 5507; x_wconf 89' lang='lat' dir='ltr'><strong>qui</strong></span> <span class='ocrx_word' id='word_1_885' title='bbox 1273 5439 1327 5491; x_wconf 89' lang='lat' dir='ltr'><strong>in</strong></span> <span class='ocrx_word' id='word_1_886' title='bbox 1343 5435 1576 5503; x_wconf 78' lang='lat' dir='ltr'><strong>Origene</strong></span> <span class='ocrx_word' id='word_1_887' title='bbox 1592 5453 1746 5507; x_wconf 85' lang='grc' dir='ltr'>γενη-</span> 
     </span>
     <span class='ocr_line' id='line_1_110' title="bbox 191 5507 1738 5557; baseline 0 0"><span class='ocrx_word' id='word_1_888' title='bbox 191 5535 208 5557; x_wconf 67' lang='lat' dir='ltr'><strong>t</strong></span> <span class='ocrx_word' id='word_1_889' title='bbox 237 5523 264 5557; x_wconf 85' lang='grc' dir='ltr'><strong>ν</strong></span> <span class='ocrx_word' id='word_1_890' title='bbox 292 5510 430 5557; x_wconf 80' lang='lat' dir='ltr'><strong>idem</strong></span> <span class='ocrx_word' id='word_1_891' title='bbox 463 5510 644 5557; x_wconf 63' lang='lat' dir='ltr'><strong>Valere</strong></span> <span class='ocrx_word' id='word_1_892' title='bbox 665 5511 945 5557; x_wconf 76' lang='lat' dir='ltr'><strong>existimat</strong></span> <span class='ocrx_word' id='word_1_893' title='bbox 971 5525 1034 5557; x_wconf 80' lang='lat' dir='ltr'><strong>ac</strong></span> <span class='ocrx_word' id='word_1_894' title='bbox 1064 5520 1330 5557; x_wconf 78' lang='lat' dir='ltr'><strong>creatum.</strong></span> <span class='ocrx_word' id='word_1_895' title='bbox 1363 5507 1556 5557; x_wconf 67' lang='lat' dir='ltr'><strong>haeres.</strong></span> <span class='ocrx_word' id='word_1_896' title='bbox 1591 5522 1738 5557; x_wconf 67' lang='lat' dir='ltr'><strong>LXIV.</strong></span> 
     </span>
    </p>
   </div>
   <div class='ocr_carea' id='block_1_109' title="bbox 191 5507 1738 5571">
    <p class='ocr_par' dir='ltr' id='par_1_109' title="bbox 191 5507 1738 5571">
     <span class='ocr_line' id='line_1_111' title="bbox 191 5507 1738 5571; baseline 0.001 -13"><span class='ocrx_word' id='word_1_897' title='bbox 191 5507 264 5558; x_wconf 78' lang='grc' dir='ltr'><strong>τόν</strong></span> <span class='ocrx_word' id='word_1_898' title='bbox 291 5510 430 5564; x_wconf 85' lang='lat' dir='ltr'><strong>idem</strong></span> <span class='ocrx_word' id='word_1_899' title='bbox 463 5510 644 5566; x_wconf 64' lang='lat' dir='ltr'><strong>valere</strong></span> <span class='ocrx_word' id='word_1_900' title='bbox 665 5507 945 5565; x_wconf 67' lang='lat' dir='ltr'><strong>existimat</strong></span> <span class='ocrx_word' id='word_1_901' title='bbox 971 5525 1034 5565; x_wconf 85' lang='lat' dir='ltr'><strong>ac</strong></span> <span class='ocrx_word' id='word_1_902' title='bbox 1064 5520 1330 5567; x_wconf 87' lang='lat' dir='ltr'><strong>creatum.</strong></span> <span class='ocrx_word' id='word_1_903' title='bbox 1363 5507 1556 5560; x_wconf 62' lang='lat' dir='ltr'><strong>haras.</strong></span> <span class='ocrx_word' id='word_1_904' title='bbox 1591 5522 1738 5571; x_wconf 69' lang='lat' dir='ltr'><strong>thv,</strong></span> 
     </span>
    </p>
   </div>
   <div class='ocr_carea' id='block_1_110' title="bbox 181 5575 1743 5649">
    <p class='ocr_par' dir='ltr' id='par_1_110' title="bbox 181 5575 1743 5649">
     <span class='ocr_line' id='line_1_112' title="bbox 181 5575 1743 5649; baseline 0.001 -23"><span class='ocrx_word' id='word_1_905' title='bbox 181 5575 274 5631; x_wconf 82' lang='lat' dir='ltr'><strong>hoc</strong></span> <span class='ocrx_word' id='word_1_906' title='bbox 316 5577 540 5634; x_wconf 82' lang='lat' dir='ltr'><strong>Joannis</strong></span> <span class='ocrx_word' id='word_1_907' title='bbox 571 5581 636 5635; x_wconf 90' lang='lat' dir='ltr'><strong>de</strong></span> <span class='ocrx_word' id='word_1_908' title='bbox 683 5579 905 5635; x_wconf 89' lang='lat' dir='ltr'><strong>Christo</strong></span> <span class='ocrx_word' id='word_1_909' title='bbox 946 5580 1150 5635; x_wconf 90' lang='lat' dir='ltr'><strong>dictum</strong></span> <span class='ocrx_word' id='word_1_910' title='bbox 1174 5618 1190 5644; x_wconf 87' lang='lat'><strong>,</strong></span> <span class='ocrx_word' id='word_1_911' title='bbox 1221 5576 1437 5649; x_wconf 83' lang='grc' dir='ltr'>πρῶτός</span> <span class='ocrx_word' id='word_1_912' title='bbox 1489 5593 1590 5647; x_wconf 88' lang='grc' dir='ltr'><strong>μου</strong></span> <span class='ocrx_word' id='word_1_913' title='bbox 1619 5576 1743 5645; x_wconf 78' lang='grc' dir='ltr'><strong>ἐγέ-</strong></span> 
     </span>
    </p>
   </div>
   <div class='ocr_carea' id='block_1_111' title="bbox 178 5648 1739 5715">
    <p class='ocr_par' dir='ltr' id='par_1_111' title="bbox 178 5648 1739 5715">
     <span class='ocr_line' id='line_1_113' title="bbox 178 5648 1739 5715; baseline 0.003 -20"><span class='ocrx_word' id='word_1_914' title='bbox 178 5659 308 5712; x_wconf 85' lang='grc' dir='ltr'>νετο,</span> <span class='ocrx_word' id='word_1_915' title='bbox 344 5649 484 5703; x_wconf 89' lang='lat' dir='ltr'><strong>idcm</strong></span> <span class='ocrx_word' id='word_1_916' title='bbox 519 5664 644 5705; x_wconf 86' lang='lat' dir='ltr'><strong>esse</strong></span> <span class='ocrx_word' id='word_1_917' title='bbox 676 5651 979 5714; x_wconf 89' lang='lat' dir='ltr'><strong>contendit,</strong></span> <span class='ocrx_word' id='word_1_918' title='bbox 1011 5665 1077 5705; x_wconf 87' lang='lat' dir='ltr'><strong>ac</strong></span> <span class='ocrx_word' id='word_1_919' title='bbox 1107 5660 1229 5704; x_wconf 86' lang='lat' dir='ltr'><strong>ante</strong></span> <span class='ocrx_word' id='word_1_920' title='bbox 1255 5648 1336 5701; x_wconf 77' lang='lat' dir='ltr'><strong>ine</strong></span> <span class='ocrx_word' id='word_1_921' title='bbox 1375 5648 1510 5715; x_wconf 75' lang='lat' dir='ltr'><strong>fuit,</strong></span> <span class='ocrx_word' id='word_1_922' title='bbox 1546 5649 1739 5702; x_wconf 60' lang='lat' dir='ltr'><strong>haeres.</strong></span> 
     </span>
    </p>
   </div>
   <div class='ocr_carea' id='block_1_112' title="bbox 180 5716 1744 5789">
    <p class='ocr_par' dir='ltr' id='par_1_112' title="bbox 180 5716 1744 5789">
     <span class='ocr_line' id='line_1_114' title="bbox 180 5716 1744 5789; baseline 0.003 -23"><span class='ocrx_word' id='word_1_923' title='bbox 180 5727 356 5771; x_wconf 76' lang='lat' dir='ltr'><strong>urttt.</strong></span> <span class='ocrx_word' id='word_1_924' title='bbox 389 5721 502 5788; x_wconf 88' lang='lat' dir='ltr'><strong>Ipse</strong></span> <span class='ocrx_word' id='word_1_925' title='bbox 533 5719 795 5789; x_wconf 80' lang='lat' dir='ltr'><strong>Origenes</strong></span> <span class='ocrx_word' id='word_1_926' title='bbox 847 5721 1082 5786; x_wconf 81' lang='lat' dir='ltr'><strong>Filium,</strong></span> <span class='ocrx_word' id='word_1_927' title='bbox 1129 5723 1195 5774; x_wconf 90' lang='lat' dir='ltr'><strong>de</strong></span> <span class='ocrx_word' id='word_1_928' title='bbox 1242 5716 1397 5785; x_wconf 83' lang='lat' dir='ltr'><strong>cujus</strong></span> <span class='ocrx_word' id='word_1_929' title='bbox 1441 5719 1744 5789; x_wconf 70' lang='lat' dir='ltr'><strong>aeternitate</strong></span> 
     </span>
    </p>
   </div>
   <div class='ocr_carea' id='block_1_113' title="bbox 184 5788 1744 5863">
    <p class='ocr_par' dir='ltr' id='par_1_113' title="bbox 184 5788 1744 5863">
     <span class='ocr_line' id='line_1_115' title="bbox 184 5788 1744 5863; baseline 0.002 -26"><span class='ocrx_word' id='word_1_930' title='bbox 184 5791 397 5863; x_wconf 71' lang='lat' dir='ltr'><strong>tmntice</strong></span> <span class='ocrx_word' id='word_1_931' title='bbox 423 5793 594 5863; x_wconf 83' lang='lat' dir='ltr'><strong>sensit</strong></span> <span class='ocrx_word' id='word_1_932' title='bbox 611 5832 626 5856; x_wconf 90' lang='lat'><strong>,</strong></span> <span class='ocrx_word' id='word_1_933' title='bbox 643 5788 790 5843; x_wconf 65' lang='grc' dir='ltr'>Θεὸν</span> <span class='ocrx_word' id='word_1_934' title='bbox 816 5792 1061 5863; x_wconf 82' lang='grc' dir='ltr'>γενητόν,</span> <span class='ocrx_word' id='word_1_935' title='bbox 1078 5790 1254 5863; x_wconf 80' lang='lat' dir='ltr'><strong>Deum</strong></span> <span class='ocrx_word' id='word_1_936' title='bbox 1273 5789 1532 5863; x_wconf 55' lang='lat' dir='ltr'><strong>genitum,</strong></span> <span class='ocrx_word' id='word_1_937' title='bbox 1561 5788 1744 5854; x_wconf 83' lang='lat' dir='ltr'><strong>appel-</strong></span> 
     </span>
    </p>
   </div>
   <div class='ocr_carea' id='block_1_114' title="bbox 183 5851 1744 5936">
    <p class='ocr_par' dir='ltr' id='par_1_114' title="bbox 183 5851 1744 5936">
     <span class='ocr_line' id='line_1_116' title="bbox 183 5851 1744 5936; baseline 0.004 -31"><span class='ocrx_word' id='word_1_938' title='bbox 183 5851 287 5936; x_wconf 79' lang='lat' dir='ltr'><strong>lare</strong></span> <span class='ocrx_word' id='word_1_939' title='bbox 315 5874 417 5912; x_wconf 89' lang='lat' dir='ltr'><strong>non</strong></span> <span class='ocrx_word' id='word_1_940' title='bbox 448 5851 676 5936; x_wconf 72' lang='lat' dir='ltr'><strong>dubitat,</strong></span> <span class='ocrx_word' id='word_1_941' title='bbox 709 5870 768 5936; x_wconf 70' lang='grc' dir='ltr'>ιιι</span> <span class='ocrx_word' id='word_1_942' title='bbox 791 5851 954 5936; x_wconf 75' lang='lat' dir='ltr'><strong>supra</strong></span> <span class='ocrx_word' id='word_1_943' title='bbox 980 5851 1410 5936; x_wconf 69' lang='lat' dir='ltr'><strong>vidimus._ilinc</strong></span> <span class='ocrx_word' id='word_1_944' title='bbox 1435 5851 1657 5911; x_wconf 41' lang='lat' dir='ltr'><strong>verbo—tn</strong></span> <span class='ocrx_word' id='word_1_945' title='bbox 1688 5866 1744 5912; x_wconf 84' lang='lat' dir='ltr'><strong>et</strong></span> 
     </span>
    </p>
   </div>
   <div class='ocr_carea' id='block_1_115' title="bbox 187 5930 1738 6002">
    <p class='ocr_par' dir='ltr' id='par_1_115' title="bbox 187 5930 1738 6002">
     <span class='ocr_line' id='line_1_117' title="bbox 187 5930 1738 6002; baseline 0.003 -27"><span class='ocrx_word' id='word_1_946' title='bbox 187 5930 454 5985; x_wconf 67' lang='lat' dir='ltr'><strong>veritatem</strong></span> <span class='ocrx_word' id='word_1_947' title='bbox 480 5932 893 5988; x_wconf 87' lang='lat' dir='ltr'><strong>substantialem</strong></span> <span class='ocrx_word' id='word_1_948' title='bbox 925 5947 1033 5988; x_wconf 93' lang='lat' dir='ltr'><strong>non</strong></span> <span class='ocrx_word' id='word_1_949' title='bbox 1066 5945 1160 6002; x_wconf 89' lang='lat' dir='ltr'><strong>per</strong></span> <span class='ocrx_word' id='word_1_950' title='bbox 1193 5930 1358 5985; x_wconf 83' lang='lat' dir='ltr'><strong>aliittn</strong></span> <span class='ocrx_word' id='word_1_951' title='bbox 1388 5939 1738 5998; x_wconf 86' lang='lat' dir='ltr'><strong>quemquam,</strong></span> 
     </span>
    </p>
   </div>
   <div class='ocr_carea' id='block_1_116' title="bbox 1849 4733 3427 4804">
    <p class='ocr_par' dir='ltr' id='par_1_116' title="bbox 1849 4733 3427 4804">
     <span class='ocr_line' id='line_1_118' title="bbox 1849 4733 3427 4804; baseline 0.001 -18"><span class='ocrx_word' id='word_1_952' title='bbox 1849 4735 1936 4786; x_wconf 89' lang='lat' dir='ltr'><strong>nia</strong></span> <span class='ocrx_word' id='word_1_953' title='bbox 1972 4750 2039 4788; x_wconf 81' lang='lat' dir='ltr'><strong>ex</strong></span> <span class='ocrx_word' id='word_1_954' title='bbox 2074 4733 2234 4788; x_wconf 85' lang='lat' dir='ltr'><strong>Patre</strong></span> <span class='ocrx_word' id='word_1_955' title='bbox 2258 4751 2378 4789; x_wconf 84' lang='lat' dir='ltr'><strong>esse</strong></span> <span class='ocrx_word' id='word_1_956' title='bbox 2410 4738 2461 4789; x_wconf 89' lang='lat' dir='ltr'><strong>itt</strong></span> <span class='ocrx_word' id='word_1_957' title='bbox 2487 4737 2784 4804; x_wconf 88' lang='lat' dir='ltr'><strong>Scripturis</strong></span> <span class='ocrx_word' id='word_1_958' title='bbox 2807 4737 3082 4803; x_wconf 89' lang='lat' dir='ltr'><strong>dicuntur,</strong></span> <span class='ocrx_word' id='word_1_959' title='bbox 3106 4733 3202 4790; x_wconf 73' lang='lat' dir='ltr'><strong>nec</strong></span> <span class='ocrx_word' id='word_1_960' title='bbox 3229 4736 3256 4789; x_wconf 55' lang='lat' dir='ltr'><strong>it</strong></span> <span class='ocrx_word' id='word_1_961' title='bbox 3275 4741 3427 4788; x_wconf 88' lang='lat' dir='ltr'><strong>lltunt</strong></span> 
     </span>
    </p>
   </div>
   <div class='ocr_carea' id='block_1_117' title="bbox 1847 4805 3428 4874">
    <p class='ocr_par' dir='ltr' id='par_1_117' title="bbox 1847 4805 3428 4874">
     <span class='ocr_line' id='line_1_119' title="bbox 1847 4805 3428 4874; baseline 0.001 -16"><span class='ocrx_word' id='word_1_962' title='bbox 1847 4813 1902 4858; x_wconf 88' lang='lat' dir='ltr'><strong>et</strong></span> <span class='ocrx_word' id='word_1_963' title='bbox 1925 4805 2196 4874; x_wconf 87' lang='lat' dir='ltr'><strong>Spiritum</strong></span> <span class='ocrx_word' id='word_1_964' title='bbox 2235 4806 2287 4858; x_wconf 93' lang='lat' dir='ltr'><strong>in</strong></span> <span class='ocrx_word' id='word_1_965' title='bbox 2337 4806 2438 4858; x_wconf 92' lang='lat' dir='ltr'><strong>hoc</strong></span> <span class='ocrx_word' id='word_1_966' title='bbox 2489 4821 2610 4859; x_wconf 88' lang='lat' dir='ltr'><strong>cum</strong></span> <span class='ocrx_word' id='word_1_967' title='bbox 2663 4808 2823 4861; x_wconf 87' lang='lat' dir='ltr'><strong>rebus</strong></span> <span class='ocrx_word' id='word_1_968' title='bbox 2859 4815 3058 4860; x_wconf 76' lang='lat' dir='ltr'><strong>creatis</strong></span> <span class='ocrx_word' id='word_1_969' title='bbox 3107 4821 3428 4874; x_wconf 78' lang='lat' dir='ltr'><strong>comparare</strong></span> 
     </span>
    </p>
   </div>
   <div class='ocr_carea' id='block_1_118' title="bbox 1848 4873 3427 4944">
    <p class='ocr_par' dir='ltr' id='par_1_118' title="bbox 1848 4873 3427 4944">
     <span class='ocr_line' id='line_1_120' title="bbox 1848 4873 3427 4944; baseline 0.001 -17"><span class='ocrx_word' id='word_1_970' title='bbox 1848 4873 2118 4944; x_wconf 84' lang='lat' dir='ltr'><strong>dubitant,</strong></span> <span class='ocrx_word' id='word_1_971' title='bbox 2154 4876 2293 4944; x_wconf 90' lang='lat' dir='ltr'><strong>quod</strong></span> <span class='ocrx_word' id='word_1_972' title='bbox 2323 4890 2352 4928; x_wconf 91' lang='lat' dir='ltr'><strong>a</strong></span> <span class='ocrx_word' id='word_1_973' title='bbox 2394 4874 2554 4928; x_wconf 87' lang='lat' dir='ltr'><strong>Patre</strong></span> <span class='ocrx_word' id='word_1_974' title='bbox 2591 4891 2712 4930; x_wconf 91' lang='lat' dir='ltr'><strong>esse</strong></span> <span class='ocrx_word' id='word_1_975' title='bbox 2749 4878 3084 4944; x_wconf 87' lang='lat' dir='ltr'><strong>acceperint,</strong></span> <span class='ocrx_word' id='word_1_976' title='bbox 3113 4873 3245 4929; x_wconf 81' lang='lat' dir='ltr'><strong>licet</strong></span> <span class='ocrx_word' id='word_1_977' title='bbox 3269 4877 3427 4928; x_wconf 79' lang='grc' dir='ltr'>ιιιυιιο</span> 
     </span>
    </p>
   </div>
   <div class='ocr_carea' id='block_1_119' title="bbox 1848 4943 3424 5014">
    <p class='ocr_par' dir='ltr' id='par_1_119' title="bbox 1848 4943 3424 5014">
     <span class='ocr_line' id='line_1_121' title="bbox 1848 4943 3424 5014; baseline -0.001 -19"><span class='ocrx_word' id='word_1_978' title='bbox 1848 4943 2005 5013; x_wconf 82' lang='lat' dir='ltr'><strong>longe</strong></span> <span class='ocrx_word' id='word_1_979' title='bbox 2052 4943 2271 4999; x_wconf 78' lang='lat' dir='ltr'><strong>diverso</strong></span> <span class='ocrx_word' id='word_1_980' title='bbox 2323 4959 2389 4999; x_wconf 86' lang='lat' dir='ltr'><strong>ac</strong></span> <span class='ocrx_word' id='word_1_981' title='bbox 2439 4960 2528 5000; x_wconf 89' lang='lat' dir='ltr'><strong>res</strong></span> <span class='ocrx_word' id='word_1_982' title='bbox 2571 4955 2788 5000; x_wconf 67' lang='lat' dir='ltr'><strong>creatae.</strong></span> <span class='ocrx_word' id='word_1_983' title='bbox 2837 4943 3098 5014; x_wconf 75' lang='lat' dir='ltr'><strong>Origenes</strong></span> <span class='ocrx_word' id='word_1_984' title='bbox 3155 4955 3285 4998; x_wconf 91' lang='lat' dir='ltr'><strong>tom.</strong></span> <span class='ocrx_word' id='word_1_985' title='bbox 3344 4959 3424 5005; x_wconf 81' lang='lat' dir='ltr'><strong>tv,</strong></span> 
     </span>
    </p>
   </div>
   <div class='ocr_carea' id='block_1_120' title="bbox 1847 5014 3425 5083">
    <p class='ocr_par' dir='ltr' id='par_1_120' title="bbox 1847 5014 3425 5083">
     <span class='ocr_line' id='line_1_122' title="bbox 1847 5014 3425 5083; baseline -0.001 -16"><span class='ocrx_word' id='word_1_986' title='bbox 1847 5027 1997 5068; x_wconf 90' lang='lat' dir='ltr'><strong>num.</strong></span> <span class='ocrx_word' id='word_1_987' title='bbox 2029 5014 2102 5067; x_wconf 67' lang='grc'><strong>22</strong></span> <span class='ocrx_word' id='word_1_988' title='bbox 2123 5053 2138 5078; x_wconf 94' lang='grc'><strong>,</strong></span> <span class='ocrx_word' id='word_1_989' title='bbox 2171 5029 2291 5083; x_wconf 90' lang='lat' dir='ltr'><strong>pag.</strong></span> <span class='ocrx_word' id='word_1_990' title='bbox 2324 5015 2425 5079; x_wconf 86' lang='lat'><strong>80,</strong></span> <span class='ocrx_word' id='word_1_991' title='bbox 2456 5015 2622 5068; x_wconf 87' lang='lat' dir='ltr'><strong>multa</strong></span> <span class='ocrx_word' id='word_1_992' title='bbox 2650 5031 2771 5070; x_wconf 88' lang='lat' dir='ltr'><strong>esse</strong></span> <span class='ocrx_word' id='word_1_993' title='bbox 2813 5025 3002 5068; x_wconf 86' lang='lat' dir='ltr'><strong>statutt</strong></span> <span class='ocrx_word' id='word_1_994' title='bbox 3046 5015 3099 5067; x_wconf 91' lang='lat' dir='ltr'><strong>in</strong></span> <span class='ocrx_word' id='word_1_995' title='bbox 3131 5015 3236 5066; x_wconf 86' lang='lat' dir='ltr'><strong>Deo</strong></span> <span class='ocrx_word' id='word_1_996' title='bbox 3263 5052 3278 5075; x_wconf 94' lang='lat'><strong>,</strong></span> <span class='ocrx_word' id='word_1_997' title='bbox 3305 5028 3425 5082; x_wconf 72' lang='lat' dir='ltr'><strong>qua:</strong></span> 
     </span>
    </p>
   </div>
   <div class='ocr_carea' id='block_1_121' title="bbox 1848 5084 3424 5148">
    <p class='ocr_par' dir='ltr' id='par_1_121' title="bbox 1848 5084 3424 5148">
     <span class='ocr_line' id='line_1_123' title="bbox 1848 5084 3424 5148; baseline 0 -12"><span class='ocrx_word' id='word_1_998' title='bbox 1848 5097 1954 5136; x_wconf 88' lang='lat' dir='ltr'><strong>non</strong></span> <span class='ocrx_word' id='word_1_999' title='bbox 2001 5084 2177 5137; x_wconf 87' lang='lat' dir='ltr'><strong>solum</strong></span> <span class='ocrx_word' id='word_1_1000' title='bbox 2228 5085 2296 5138; x_wconf 83' lang='lat' dir='ltr'><strong>ab</strong></span> <span class='ocrx_word' id='word_1_1001' title='bbox 2325 5087 2559 5137; x_wconf 87' lang='lat' dir='ltr'><strong>humana</strong></span> <span class='ocrx_word' id='word_1_1002' title='bbox 2592 5098 2786 5138; x_wconf 89' lang='lat' dir='ltr'><strong>natura</strong></span> <span class='ocrx_word' id='word_1_1003' title='bbox 2815 5123 2832 5148; x_wconf 87' lang='lat'><strong>,</strong></span> <span class='ocrx_word' id='word_1_1004' title='bbox 2868 5087 2964 5137; x_wconf 88' lang='lat' dir='ltr'><strong>sed</strong></span> <span class='ocrx_word' id='word_1_1005' title='bbox 3003 5087 3166 5137; x_wconf 87' lang='lat' dir='ltr'><strong>etiam</strong></span> <span class='ocrx_word' id='word_1_1006' title='bbox 3207 5087 3274 5136; x_wconf 89' lang='lat' dir='ltr'><strong>ab</strong></span> <span class='ocrx_word' id='word_1_1007' title='bbox 3300 5084 3424 5136; x_wconf 87' lang='lat' dir='ltr'><strong>aliis</strong></span> 
     </span>
    </p>
   </div>
   <div class='ocr_carea' id='block_1_122' title="bbox 1845 5153 3422 5276">
    <p class='ocr_par' dir='ltr' id='par_1_122' title="bbox 1845 5153 3422 5276">
     <span class='ocr_line' id='line_1_124' title="bbox 1845 5153 3422 5276; baseline 0.003 -72"><span class='ocrx_word' id='word_1_1008' title='bbox 1845 5164 2044 5276; x_wconf 64' lang='lat' dir='ltr'><strong>praeter</strong></span> <span class='ocrx_word' id='word_1_1009' title='bbox 2079 5153 2273 5207; x_wconf 84' lang='lat' dir='ltr'><strong>Filium</strong></span> <span class='ocrx_word' id='word_1_1010' title='bbox 2319 5165 2374 5207; x_wconf 92' lang='lat' dir='ltr'><strong>et</strong></span> <span class='ocrx_word' id='word_1_1011' title='bbox 2412 5154 2672 5221; x_wconf 88' lang='lat' dir='ltr'><strong>Spiritum</strong></span> <span class='ocrx_word' id='word_1_1012' title='bbox 2718 5154 2918 5224; x_wconf 85' lang='lat' dir='ltr'><strong>genitis</strong></span> <span class='ocrx_word' id='word_1_1013' title='bbox 2964 5154 3124 5208; x_wconf 87' lang='lat' dir='ltr'><strong>rebus</strong></span> <span class='ocrx_word' id='word_1_1014' title='bbox 3168 5167 3422 5221; x_wconf 84' lang='lat' dir='ltr'><strong>compre-</strong></span> 
     </span>
     <span class='ocr_line' id='line_1_125' title="bbox 1886 5223 3422 5276; baseline 0 0"><span class='ocrx_word' id='word_1_1015' title='bbox 1886 5225 2007 5276; x_wconf 90' lang='lat' dir='ltr'><strong>endi</strong></span> <span class='ocrx_word' id='word_1_1016' title='bbox 2035 5239 2142 5276; x_wconf 91' lang='lat' dir='ltr'><strong>non</strong></span> <span class='ocrx_word' id='word_1_1017' title='bbox 2175 5223 2406 5276; x_wconf 89' lang='lat' dir='ltr'><strong>nossint.</strong></span> <span class='ocrx_word' id='word_1_1018' title='bbox 2436 5223 2657 5276; x_wconf 84' lang='lat' dir='ltr'><strong>Minime</strong></span> <span class='ocrx_word' id='word_1_1019' title='bbox 2689 5239 2820 5276; x_wconf 65' lang='lat' dir='ltr'><strong>ergo</strong></span> <span class='ocrx_word' id='word_1_1020' title='bbox 2849 5224 3067 5276; x_wconf 91' lang='lat' dir='ltr'><strong>mirum.</strong></span> <span class='ocrx_word' id='word_1_1021' title='bbox 3102 5223 3146 5276; x_wconf 89' lang='lat' dir='ltr'><strong>si</strong></span> <span class='ocrx_word' id='word_1_1022' title='bbox 3182 5237 3305 5276; x_wconf 91' lang='lat' dir='ltr'><strong>cum</strong></span> <span class='ocrx_word' id='word_1_1023' title='bbox 3336 5223 3422 5276; x_wconf 62' lang='lat' dir='ltr'><strong>ine</strong></span> 
     </span>
    </p>
   </div>
   <div class='ocr_carea' id='block_1_123' title="bbox 1886 5223 3424 5294">
    <p class='ocr_par' dir='ltr' id='par_1_123' title="bbox 1886 5223 3424 5294">
     <span class='ocr_line' id='line_1_126' title="bbox 1886 5223 3424 5294; baseline -0.001 -18"><span class='ocrx_word' id='word_1_1024' title='bbox 1886 5225 2142 5294; x_wconf 73' lang='lat' dir='ltr'><strong>enditton</strong></span> <span class='ocrx_word' id='word_1_1025' title='bbox 2175 5223 2406 5292; x_wconf 89' lang='lat' dir='ltr'><strong>possint.</strong></span> <span class='ocrx_word' id='word_1_1026' title='bbox 2436 5223 2657 5278; x_wconf 84' lang='lat' dir='ltr'><strong>Minime</strong></span> <span class='ocrx_word' id='word_1_1027' title='bbox 2689 5239 2820 5294; x_wconf 81' lang='lat' dir='ltr'><strong>ergo</strong></span> <span class='ocrx_word' id='word_1_1028' title='bbox 2849 5224 3067 5285; x_wconf 91' lang='lat' dir='ltr'><strong>mirum,</strong></span> <span class='ocrx_word' id='word_1_1029' title='bbox 3102 5223 3146 5277; x_wconf 89' lang='lat' dir='ltr'><strong>si</strong></span> <span class='ocrx_word' id='word_1_1030' title='bbox 3182 5237 3305 5276; x_wconf 91' lang='lat' dir='ltr'><strong>cum</strong></span> <span class='ocrx_word' id='word_1_1031' title='bbox 3336 5223 3424 5292; x_wconf 58' lang='lat' dir='ltr'><strong>ip.</strong></span> 
     </span>
    </p>
   </div>
   <div class='ocr_carea' id='block_1_124' title="bbox 1846 5293 3422 5363">
    <p class='ocr_par' dir='ltr' id='par_1_124' title="bbox 1846 5293 3422 5363">
     <span class='ocr_line' id='line_1_127' title="bbox 1846 5293 3422 5363; baseline 0 -17"><span class='ocrx_word' id='word_1_1032' title='bbox 1846 5306 1967 5346; x_wconf 89' lang='lat' dir='ltr'><strong>sum</strong></span> <span class='ocrx_word' id='word_1_1033' title='bbox 2000 5293 2194 5347; x_wconf 83' lang='lat' dir='ltr'><strong>Filium</strong></span> <span class='ocrx_word' id='word_1_1034' title='bbox 2229 5295 2282 5346; x_wconf 92' lang='lat' dir='ltr'><strong>in</strong></span> <span class='ocrx_word' id='word_1_1035' title='bbox 2319 5295 2514 5356; x_wconf 83' lang='lat' dir='ltr'><strong>rebus,</strong></span> <span class='ocrx_word' id='word_1_1036' title='bbox 2544 5310 2663 5363; x_wconf 67' lang='lat' dir='ltr'><strong>qua:</strong></span> <span class='ocrx_word' id='word_1_1037' title='bbox 2694 5310 2722 5345; x_wconf 86' lang='lat' dir='ltr'><strong>a</strong></span> <span class='ocrx_word' id='word_1_1038' title='bbox 2762 5293 2876 5348; x_wconf 85' lang='lat' dir='ltr'><strong>Deo</strong></span> <span class='ocrx_word' id='word_1_1039' title='bbox 2904 5308 3024 5348; x_wconf 86' lang='lat' dir='ltr'><strong>esse</strong></span> <span class='ocrx_word' id='word_1_1040' title='bbox 3057 5293 3288 5357; x_wconf 90' lang='lat' dir='ltr'><strong>habent,</strong></span> <span class='ocrx_word' id='word_1_1041' title='bbox 3319 5307 3422 5346; x_wconf 85' lang='lat' dir='ltr'><strong>nu-</strong></span> 
     </span>
    </p>
   </div>
   <div class='ocr_carea' id='block_1_125' title="bbox 1849 5363 3424 5432">
    <p class='ocr_par' dir='ltr' id='par_1_125' title="bbox 1849 5363 3424 5432">
     <span class='ocr_line' id='line_1_128' title="bbox 1849 5363 3424 5432; baseline 0 -15"><span class='ocrx_word' id='word_1_1042' title='bbox 1849 5373 2041 5432; x_wconf 70' lang='lat' dir='ltr'><strong>meret,</strong></span> <span class='ocrx_word' id='word_1_1043' title='bbox 2080 5363 2342 5432; x_wconf 91' lang='lat' dir='ltr'><strong>Spiritum</strong></span> <span class='ocrx_word' id='word_1_1044' title='bbox 2373 5374 2622 5416; x_wconf 88' lang='lat' dir='ltr'><strong>sanctum</strong></span> <span class='ocrx_word' id='word_1_1045' title='bbox 2656 5364 2707 5417; x_wconf 92' lang='lat' dir='ltr'><strong>in</strong></span> <span class='ocrx_word' id='word_1_1046' title='bbox 2739 5364 2805 5418; x_wconf 89' lang='lat' dir='ltr'><strong>iis</strong></span> <span class='ocrx_word' id='word_1_1047' title='bbox 2839 5373 3152 5428; x_wconf 88' lang='lat' dir='ltr'><strong>recenseat,</strong></span> <span class='ocrx_word' id='word_1_1048' title='bbox 3182 5377 3302 5431; x_wconf 64' lang='lat' dir='ltr'><strong>quae</strong></span> <span class='ocrx_word' id='word_1_1049' title='bbox 3325 5376 3424 5432; x_wconf 81' lang='lat' dir='ltr'><strong>per</strong></span> 
     </span>
    </p>
   </div>
   <div class='ocr_carea' id='block_1_126' title="bbox 1845 5431 3424 5488">
    <p class='ocr_par' dir='ltr' id='par_1_126' title="bbox 1845 5431 3424 5488">
     <span class='ocr_line' id='line_1_129' title="bbox 1845 5431 3424 5488; baseline -0.001 -2"><span class='ocrx_word' id='word_1_1050' title='bbox 1845 5431 2042 5486; x_wconf 87' lang='lat' dir='ltr'><strong>Filium</strong></span> <span class='ocrx_word' id='word_1_1051' title='bbox 2091 5431 2436 5488; x_wconf 77' lang='lat' dir='ltr'><strong>exstiterunt.</strong></span> <span class='ocrx_word' id='word_1_1052' title='bbox 2471 5432 2702 5487; x_wconf 66' lang='lat' dir='ltr'><strong>Nicaeum</strong></span> <span class='ocrx_word' id='word_1_1053' title='bbox 2745 5435 2864 5488; x_wconf 89' lang='lat' dir='ltr'><strong>lidei</strong></span> <span class='ocrx_word' id='word_1_1054' title='bbox 2903 5434 3204 5488; x_wconf 87' lang='lat' dir='ltr'><strong>acerrimus</strong></span> <span class='ocrx_word' id='word_1_1055' title='bbox 3239 5431 3424 5486; x_wconf 77' lang='lat' dir='ltr'><strong>defen-</strong></span> 
     </span>
    </p>
   </div>
   <div class='ocr_carea' id='block_1_127' title="bbox 1845 5502 3420 5572">
    <p class='ocr_par' dir='ltr' id='par_1_127' title="bbox 1845 5502 3420 5572">
     <span class='ocr_line' id='line_1_130' title="bbox 1845 5502 3420 5572; baseline -0.001 -15"><span class='ocrx_word' id='word_1_1056' title='bbox 1845 5517 1938 5557; x_wconf 90' lang='lat' dir='ltr'><strong>sor</strong></span> <span class='ocrx_word' id='word_1_1057' title='bbox 1970 5503 2207 5558; x_wconf 83' lang='lat' dir='ltr'><strong>Hilarius</strong></span> <span class='ocrx_word' id='word_1_1058' title='bbox 2237 5504 2458 5556; x_wconf 84' lang='lat' dir='ltr'><strong>Arianis</strong></span> <span class='ocrx_word' id='word_1_1059' title='bbox 2483 5503 2775 5557; x_wconf 79' lang='lat' dir='ltr'><strong>carillandi</strong></span> <span class='ocrx_word' id='word_1_1060' title='bbox 2817 5517 2979 5558; x_wconf 81' lang='lat' dir='ltr'><strong>causa</strong></span> <span class='ocrx_word' id='word_1_1061' title='bbox 3023 5502 3420 5572; x_wconf 63' lang='lat' dir='ltr'><strong>quaerentibus.</strong></span> 
     </span>
    </p>
   </div>
   <div class='ocr_carea' id='block_1_128' title="bbox 1845 5570 3418 5644">
    <p class='ocr_par' dir='ltr' id='par_1_128' title="bbox 1845 5570 3418 5644">
     <span class='ocr_line' id='line_1_131' title="bbox 1845 5570 3418 5644; baseline 0 -17"><span class='ocrx_word' id='word_1_1062' title='bbox 1845 5587 1943 5642; x_wconf 88' lang='lat' dir='ltr'><strong>per</strong></span> <span class='ocrx_word' id='word_1_1063' title='bbox 1968 5589 2125 5642; x_wconf 90' lang='lat' dir='ltr'><strong>quem</strong></span> <span class='ocrx_word' id='word_1_1064' title='bbox 2154 5572 2471 5642; x_wconf 86' lang='lat' dir='ltr'><strong>sitSpiritus</strong></span> <span class='ocrx_word' id='word_1_1065' title='bbox 2486 5584 2736 5644; x_wconf 82' lang='lat' dir='ltr'><strong>sanctus,</strong></span> <span class='ocrx_word' id='word_1_1066' title='bbox 2766 5570 3086 5644; x_wconf 83' lang='lat' dir='ltr'><strong>responsoin</strong></span> <span class='ocrx_word' id='word_1_1067' title='bbox 3113 5571 3268 5644; x_wconf 68' lang='lat' dir='ltr'><strong>aliert</strong></span> <span class='ocrx_word' id='word_1_1068' title='bbox 3298 5570 3418 5644; x_wconf 85' lang='lat' dir='ltr'><strong>(lib.</strong></span> 
     </span>
    </p>
   </div>
   <div class='ocr_carea' id='block_1_129' title="bbox 1846 5641 3420 5713">
    <p class='ocr_par' dir='ltr' id='par_1_129' title="bbox 1846 5641 3420 5713">
     <span class='ocr_line' id='line_1_132' title="bbox 1846 5641 3420 5713; baseline -0.002 -17"><span class='ocrx_word' id='word_1_1069' title='bbox 1846 5641 1904 5696; x_wconf 73' lang='grc' dir='ltr'>ιι</span> <span class='ocrx_word' id='word_1_1070' title='bbox 1931 5641 2005 5696; x_wconf 80' lang='lat' dir='ltr'><strong>De</strong></span> <span class='ocrx_word' id='word_1_1071' title='bbox 2043 5645 2228 5697; x_wconf 83' lang='lat' dir='ltr'><strong>Trinit.</strong></span> <span class='ocrx_word' id='word_1_1072' title='bbox 2249 5683 2266 5708; x_wconf 87' lang='lat'><strong>,</strong></span> <span class='ocrx_word' id='word_1_1073' title='bbox 2286 5641 2442 5696; x_wconf 90' lang='lat' dir='ltr'><strong>num.</strong></span> <span class='ocrx_word' id='word_1_1074' title='bbox 2474 5643 2566 5712; x_wconf 73' lang='lat'><strong>29)</strong></span> <span class='ocrx_word' id='word_1_1075' title='bbox 2595 5643 2724 5698; x_wconf 87' lang='lat' dir='ltr'><strong>huic</strong></span> <span class='ocrx_word' id='word_1_1076' title='bbox 2754 5641 3006 5713; x_wconf 76' lang='lat' dir='ltr'><strong>Origenis</strong></span> <span class='ocrx_word' id='word_1_1077' title='bbox 3046 5643 3167 5696; x_wconf 88' lang='lat' dir='ltr'><strong>loco</strong></span> <span class='ocrx_word' id='word_1_1078' title='bbox 3206 5641 3420 5697; x_wconf 81' lang='lat' dir='ltr'><strong>similli-</strong></span> 
     </span>
    </p>
   </div>
   <div class='ocr_carea' id='block_1_130' title="bbox 1845 5713 3420 5783">
    <p class='ocr_par' dir='ltr' id='par_1_130' title="bbox 1845 5713 3420 5783">
     <span class='ocr_line' id='line_1_133' title="bbox 1845 5713 3420 5783; baseline -0.001 -15"><span class='ocrx_word' id='word_1_1079' title='bbox 1845 5727 2032 5768; x_wconf 87' lang='lat' dir='ltr'><strong>mum:</strong></span> <span class='ocrx_word' id='word_1_1080' title='bbox 2071 5731 2099 5765; x_wconf 78' lang='grc' dir='ltr'><strong>ι.</strong></span> <span class='ocrx_word' id='word_1_1081' title='bbox 2121 5715 2254 5768; x_wconf 86' lang='lat' dir='ltr'><strong>Cum</strong></span> <span class='ocrx_word' id='word_1_1082' title='bbox 2287 5713 2511 5778; x_wconf 89' lang='lat' dir='ltr'><strong>dicunt,</strong></span> <span class='ocrx_word' id='word_1_1083' title='bbox 2544 5715 2753 5782; x_wconf 85' lang='lat' dir='ltr'><strong>inquit,</strong></span> <span class='ocrx_word' id='word_1_1084' title='bbox 2783 5731 2879 5783; x_wconf 84' lang='lat' dir='ltr'><strong>per</strong></span> <span class='ocrx_word' id='word_1_1085' title='bbox 2923 5729 3084 5783; x_wconf 90' lang='lat' dir='ltr'><strong>quem</strong></span> <span class='ocrx_word' id='word_1_1086' title='bbox 3119 5713 3223 5775; x_wconf 79' lang='lat' dir='ltr'><strong>sit,</strong></span> <span class='ocrx_word' id='word_1_1087' title='bbox 3255 5725 3310 5766; x_wconf 88' lang='lat' dir='ltr'><strong>et</strong></span> <span class='ocrx_word' id='word_1_1088' title='bbox 3349 5713 3420 5767; x_wconf 86' lang='lat' dir='ltr'><strong>ob</strong></span> 
     </span>
    </p>
   </div>
   <div class='ocr_carea' id='block_1_131' title="bbox 1846 5783 3419 5855">
    <p class='ocr_par' dir='ltr' id='par_1_131' title="bbox 1846 5783 3419 5855">
     <span class='ocr_line' id='line_1_134' title="bbox 1846 5783 3419 5855; baseline -0.003 -18"><span class='ocrx_word' id='word_1_1089' title='bbox 1846 5786 1975 5855; x_wconf 89' lang='lat' dir='ltr'><strong>quid</strong></span> <span class='ocrx_word' id='word_1_1090' title='bbox 2005 5787 2094 5851; x_wconf 86' lang='lat' dir='ltr'><strong>sit,</strong></span> <span class='ocrx_word' id='word_1_1091' title='bbox 2119 5785 2204 5855; x_wconf 79' lang='lat' dir='ltr'><strong>vel</strong></span> <span class='ocrx_word' id='word_1_1092' title='bbox 2231 5784 2408 5853; x_wconf 81' lang='lat' dir='ltr'><strong>qualis</strong></span> <span class='ocrx_word' id='word_1_1093' title='bbox 2431 5784 2505 5837; x_wconf 89' lang='lat' dir='ltr'><strong>sit</strong></span> <span class='ocrx_word' id='word_1_1094' title='bbox 2529 5801 2543 5836; x_wconf 88' lang='lat'><strong>:</strong></span> <span class='ocrx_word' id='word_1_1095' title='bbox 2572 5787 2616 5837; x_wconf 89' lang='lat' dir='ltr'><strong>si</strong></span> <span class='ocrx_word' id='word_1_1096' title='bbox 2648 5786 2930 5853; x_wconf 83' lang='lat' dir='ltr'><strong>responsio</strong></span> <span class='ocrx_word' id='word_1_1097' title='bbox 2953 5794 3139 5838; x_wconf 86' lang='lat' dir='ltr'><strong>nostra</strong></span> <span class='ocrx_word' id='word_1_1098' title='bbox 3167 5783 3419 5855; x_wconf 82' lang='lat' dir='ltr'><strong>displice-</strong></span> 
     </span>
    </p>
   </div>
   <div class='ocr_carea' id='block_1_132' title="bbox 1844 5853 3417 5923">
    <p class='ocr_par' dir='ltr' id='par_1_132' title="bbox 1844 5853 3417 5923">
     <span class='ocr_line' id='line_1_135' title="bbox 1844 5853 3417 5923; baseline -0.005 -12"><span class='ocrx_word' id='word_1_1099' title='bbox 1844 5853 1925 5911; x_wconf 79' lang='lat' dir='ltr'><strong>bit</strong></span> <span class='ocrx_word' id='word_1_1100' title='bbox 1958 5854 2252 5910; x_wconf 82' lang='lat' dir='ltr'><strong>dicentium</strong></span> <span class='ocrx_word' id='word_1_1101' title='bbox 2274 5891 2290 5915; x_wconf 91' lang='lat'><strong>,</strong></span> <span class='ocrx_word' id='word_1_1102' title='bbox 2332 5867 2426 5921; x_wconf 88' lang='lat' dir='ltr'><strong>per</strong></span> <span class='ocrx_word' id='word_1_1103' title='bbox 2462 5869 2620 5923; x_wconf 90' lang='lat' dir='ltr'><strong>quem</strong></span> <span class='ocrx_word' id='word_1_1104' title='bbox 2662 5855 2842 5908; x_wconf 90' lang='lat' dir='ltr'><strong>omnia</strong></span> <span class='ocrx_word' id='word_1_1105' title='bbox 2869 5893 2882 5918; x_wconf 92' lang='lat'><strong>,</strong></span> <span class='ocrx_word' id='word_1_1106' title='bbox 2913 5861 3071 5908; x_wconf 73' lang='lat' dir='ltr'><strong>et°ex</strong></span> <span class='ocrx_word' id='word_1_1107' title='bbox 3103 5867 3211 5922; x_wconf 89' lang='lat' dir='ltr'><strong>quo</strong></span> <span class='ocrx_word' id='word_1_1108' title='bbox 3235 5853 3417 5912; x_wconf 65' lang='lat' dir='ltr'><strong>untnia</strong></span> 
     </span>
    </p>
   </div>
   <div class='ocr_carea' id='block_1_133' title="bbox 1845 5923 3416 5996">
    <p class='ocr_par' dir='ltr' id='par_1_133' title="bbox 1845 5923 3416 5996">
     <span class='ocr_line' id='line_1_136' title="bbox 1845 5923 3416 5996; baseline -0.004 -12"><span class='ocrx_word' id='word_1_1109' title='bbox 1845 5933 1992 5994; x_wconf 81' lang='lat' dir='ltr'><strong>sunt,</strong></span> <span class='ocrx_word' id='word_1_1110' title='bbox 2013 5935 2065 5982; x_wconf 90' lang='lat' dir='ltr'><strong>et</strong></span> <span class='ocrx_word' id='word_1_1111' title='bbox 2080 5925 2205 5996; x_wconf 89' lang='lat' dir='ltr'><strong>quia</strong></span> <span class='ocrx_word' id='word_1_1112' title='bbox 2240 5925 2474 5995; x_wconf 80' lang='lat' dir='ltr'><strong>Spiritus</strong></span> <span class='ocrx_word' id='word_1_1113' title='bbox 2501 5933 2585 5981; x_wconf 85' lang='lat' dir='ltr'><strong>est</strong></span> <span class='ocrx_word' id='word_1_1114' title='bbox 2612 5924 2727 5993; x_wconf 89' lang='lat' dir='ltr'><strong>Dei,</strong></span> <span class='ocrx_word' id='word_1_1115' title='bbox 2752 5924 2954 5983; x_wconf 86' lang='lat' dir='ltr'><strong>donum</strong></span> <span class='ocrx_word' id='word_1_1116' title='bbox 2987 5923 3222 5981; x_wconf 77' lang='lat' dir='ltr'><strong>ﬁdelium</strong></span> <span class='ocrx_word' id='word_1_1117' title='bbox 3249 5937 3266 5989; x_wconf 83' lang='grc'><strong>;</strong></span> <span class='ocrx_word' id='word_1_1118' title='bbox 3300 5923 3416 5978; x_wconf 80' lang='lat' dir='ltr'><strong>dis-</strong></span> 
     </span>
    </p>
   </div>
  </div>
