3878 6518
123 411 210 465 775

984 409 1556 467 ORIGENIANORUM
1595 410 1730 467 LIB.
1765 411 1833 476 Η,
1874 410 2030 468 CAP.
2069 413 2136 478 Il,
2176 413 2454 481 QUEST.
2483 415 2550 470 ll.

3275 421 3379 474 774

123 529 304 598 Spiritu
388 536 603 586 sancto
661 529 988 586 decrevisse.
1056 529 1322 584 Similiter
1372 530 1704 600 Epiphanius
1731 530 2146 600 Aaggredimur
2177 530 2392 596 facere,
2441 532 2732 589 all‘eremus
2769 532 3021 605 Origenis
3066 535 3377 590 testimonia

123 625 237 678 har.
268 634 422 683 utv,
459 635 593 688 cap.
629 621 667 676 4
696 639 713 673 z
760 623 851 676 Ἐκ
871 620 967 693 τῆς
989 621 1174 684 οὐσίας
1201 620 1294 673 τοῦ
1336 621 1549 694 Πατρὸς
1575 622 1702 676 τοῦ-

120 731 196 766 τον
225 713 291 781 (Υ
294 713 398 783 ἱὸν)
443 713 794 784 εἰσηγεῖται,
826 713 1038 767 κτιστόν
1075 713 1133 765 δὲ
1172 712 1289 783 ἅμα
1311 727 1326 741 ⁸
1357 713 1605 784 βούλεται
1646 715 1704 769 δὲ

121 805 182 869 ὡς
228 803 364 857 κατά
421 803 602 873 χάριν
656 803 749 858 τὸν
795 805 918 858 Υἱὸν
959 804 1120 857 αὐτὸν
1171 805 1451 858 καλεῖσθαι
1500 805 1700 874 λέγειν.

125 916 141 946 ι
170 897 238 950 Ex
270 897 595 950 substantia
632 897 816 951 Patris
842 913 960 952 eum
999 895 1237 968 (Filium)
1261 913 1382 952 esse
1410 898 1704 952 arbitratur

123 986 454 1058 (Origenes),
502 989 610 1042 sed
661 989 1012 1042 nihilominus
1053 998 1316 1042 creatum.
1350 989 1474 1042 Vult
1523 1001 1701 1043 autem

121 1081 249 1148 quasi
297 1095 400 1148 per
453 1083 706 1150 gratiam
758 1079 953 1135 Filium
1003 1081 1179 1150 ipsum
1241 1081 1568 1150 appellatum
1619 1083 1704 1134 di-

122 1185 225 1226 cere
263 1185 280 1234 ;
319 1188 340 1220 ι
377 1179 436 1224 et
471 1186 610 1241 cap.
647 1172 683 1226 5
725 1191 740 1227 :
776 1172 1134 1244 Φανερώτατα
1165 1171 1255 1225 τὸν
1289 1172 1417 1224 Υἱὸν
1446 1173 1538 1226 τοῦ
1568 1174 1702 1229 Θεοῦ

121 1265 301 1334 κτίσμα
327 1263 677 1334 ἐδογμάτισε
697 1306 713 1328 ,
745 1261 841 1316 καὶ⁵
871 1263 979 1316 ἀπὸ
1020 1263 1118 1333 τῆς
1141 1264 1268 1336 περὶ
1302 1264 1394 1318 τοῦ
1427 1265 1558 1318 Υἱοῦ
1585 1265 1704 1318 τόλ-

126 1373 215 1426 μης
235 1354 418 1426 γνῴης
442 1357 535 1408 ὅτι
573 1356 672 1408 καὶ
705 1356 764 1409 τὸ
793 1354 1017 1424 Πνεῦμα
1041 1355 1102 1407 τὺ
1127 1355 1280 1424 ἅγιον
1329 1357 1544 1410 κτιστδν
1590 1359 1703 1410 εἱσ-

121 1449 368 1519 ηγήσατο.
413 1464 435 1497 ι
480 1446 858 1516 Apertissime
891 1445 1088 1500 Filium
1121 1447 1212 1501 Dei
1247 1459 1550 1502 creaturam
1585 1465 1705 1504 esse

123 1539 470 1599 asseveravit.
500 1547 562 1591 et
595 1538 668 1592 ab
710 1539 811 1592 hac
844 1538 895 1591 in
933 1535 1130 1591 Filium
1175 1539 1400 1592 audacia
1445 1553 1608 1594 nosce
1651 1548 1707 1595 et

120 1643 199 1698 pro
255 1641 311 1682 re
367 1637 575 1683 creata
633 1627 896 1695 Spiritum
957 1637 1206 1682 sanctum
1244 1628 1540 1688 habuisse;
1577 1647 1596 1679 ι
1650 1638 1706 1684 et

121 1733 217 1788 cap.
248 1717 317 1772 8:
359 1718 571 1771 Ὁπότε
617 1717 674 1770 δὲ
709 1719 766 1770 ὲν
806 1717 1019 1780 πολλοῖς
1057 1717 1244 1780 τόποις
1276 1715 1508 1788 εὕρομεν
1545 1717 1705 1772 αὑτὸν

121 1811 194 1865 τὸν
223 1812 512 1882 Μονογενῆ
552 1811 696 1864 Θεὸν
733 1809 1197 1883 ἀπαλλοτριοῦντα
1227 1812 1327 1881 τῆς
1364 1809 1456 1864 τοῦ
1495 1812 1706 1883 Πατρὺς

121 1902 342 1972 θεότητος
377 1919 442 1954 τε
482 1901 592 1956 καὶ
633 1899 847 1964 οὐσίας,
880 1900 1015 1972 ὁμοῦ
1055 1918 1115 1954 τε
1156 1902 1250 1955 καὶ
1288 1901 1347 1954 τὸ
1384 1901 1609 1972 Πνεῦμα
1642 1901 1701 1955 τὸ

121 1995 262 2064 ἄτιον,
301 1993 508 2047 τούτου
553 1993 727 2064 χάριν
764 1993 824 2046 τὸ
856 1993 1081 2063 γενητὸν
1117 1992 1248 2046 Θεὸν
1286 1994 1565 2066 εἰρηκέναι
1603 1995 1703 2048 αὑ-

122 2087 211 2149 τὸν,
236 2085 406 2154 σαφές
447 2086 643 2146 ἐστιν,
683 2085 766 2138 ὅτι
803 2083 1018 2137 κτιστὸν
1066 2083 1324 2154 ὁρίζεται.
1380 2102 1398 2134 t
1438 2083 1702 2148 Quoniam

121 2185 269 2229 autem
301 2177 354 2229 in
395 2176 611 2230 multis
657 2175 792 2230 locis
836 2175 1144 2231 invenimus
1186 2191 1308 2230 eum
1355 2173 1702 2241 Unigenitum

121 2265 266 2319 Deum—
294 2275 700 2337 segregantem
735 2282 762 2319 a
796 2265 975 2320 Patris
1023 2267 1310 2320 divinitate
1343 2274 1398 2318 et
1443 2265 1702 2318 substan-

124 2358 214 2424 tia;
244 2359 401 2412 simul
441 2373 591 2412 vero
629 2367 686 2412 et
714 2356 978 2426 Spiritum
1020 2369 1310 2421 sanctum;
1346 2357 1548 2411 idcirco
1578 2369 1702 2410 eum

123 2452 409 2518 productum
448 2451 642 2506 Deum
672 2449 879 2503 dixisse
910 2447 1114 2516 liquet,
1141 2448 1264 2517 quia
1308 2455 1551 2501 creatum
1580 2459 1704 2500 esse

123 2542 353 2597 decernit.
394 2563 413 2592 ι
448 2540 822 2598 Justinianus
850 2539 902 2592 in
948 2537 1122 2606 Epist.
1158 2540 1228 2592 nd
1261 2538 1472 2592 Menam
1503 2537 1705 2591 dixisse

123 2636 479 2689 Adamantium
557 2633 809 2687 asserit:
856 2630 977 2683 Ὀτι
1034 2632 1061 2684 ὀ
1117 2631 1284 2694 Υἱὸς,
1323 2632 1416 2684 καὶ
1452 2629 1512 2682 τὸ
1551 2629 1705 2698 ἅγιον

121 2726 310 2796 Πνεῦμα
341 2726 653 2798 κτίσματά
685 2726 826 2787 εἰσι,
867 2724 960 2776 καὶ
999 2725 1135 2794 ὅπερ
1170 2724 1331 2793 ἡμεῖς
1365 2723 1531 2792 ἐσμεν
1568 2720 1704 2792 πρὸς

121 2818 190 2873 τὺν
219 2821 360 2881 Υἱὸν,
396 2818 578 2872 τοῦτο
620 2819 652 2870 ὁ
692 2818 824 2880 Υἱός
857 2819 974 2869 ἔστι
1009 2814 1144 2886 πρὸς
1174 2813 1410 2884 Πατέρα.
1454 2829 1474 2864 t
1509 2812 1702 2866 Filium

120 2921 162 2964 et
184 2911 436 2980 Spiritum
480 2917 762 2964 sanctum
799 2924 886 2962 res
911 2914 1287 2966 esse-creatas,
1321 2906 1574 2974 quodque
1607 2918 1704 2957 nos

120 3014 272 3054 Sumus
300 3001 368 3054 ad
397 2999 646 3060 Filium,
669 2997 724 3051 id
755 2996 953 3050 Filium
991 3009 1112 3049 esse
1137 2995 1203 3048 ad
1231 2994 1469 3048 Patrem.
1505 3010 1524 3043 ι
1565 2991 1706 3046 Pho-

123 3095 207 3146 tins
236 3096 352 3146 cod.
379 3107 478 3146 vnt
519 3090 730 3146 scribit
762 3087 1049 3157 Origenem
1079 3086 1330 3140 docuisse
1362 3085 1415 3137 iu
1452 3083 1544 3138 lib.
1582 3099 1596 3136 I
1633 3083 1705 3137 De

119 3186 309 3254 princip.
331 3225 345 3248 ,
371 3184 473 3237 τὸν
519 3182 632 3254 μὲν
666 3181 799 3233 Υἱὸν
834 3178 938 3232 ὑπὸ
971 3176 1063 3230 τοῦ
1103 3177 1314 3247 Πατρὸς
1354 3175 1700 3246 πεποιῆσθαι,

1804 609 2046 690 ῳῖειξάειηι
2081 623 2365 676 catholica:
2401 623 2674 680 doctrinze
2690 626 2823 679 satis
2868 636 3248 681 consentanea.
3288 625 3381 681 Fi-

1802 710 1931 764 lium
1964 711 2272 767 Creatorem
2301 715 2532 783 appellat
2571 717 2664 772 lib.
2694 731 2767 771 vn
2802 718 2858 770 in
2884 716 3055 785 Epist.
3092 723 3160 771 ad
3195 716 3380 781 Rom..

1803 816 1954 854 nam.
1981 801 2035 865 9,
2067 811 2122 856 et
2147 819 2174 854 a
2203 806 2367 858 rebus
2392 807 2590 860 creatis
2616 807 2824 862 diserte
2855 807 3088 862 secernit
3119 825 3134 862 :
3177 828 3196 859 ι
3232 806 3380 862 Nihil

1804 903 1888 948 est
1921 895 2089 961 enim,
2124 896 2318 962 inquit.
2347 895 2462 950 sive
2485 897 2735 965 visibilis,
2770 899 2884 954 sive
2907 899 3195 954 invisibilis
3224 913 3381 954 crea-

1805 994 1959 1052 turas,
1983 989 2126 1056 quod
2162 987 2305 1042 Filio
2332 989 2504 1058 possit
2532 991 2806 1059 adaequari
2833 1009 2848 1055 ;
2879 991 3024 1045 nullo
3053 991 3193 1045 enim
3222 999 3380 1060 pacto

1804 1079 2036 1133 creatori
2069 1093 2168 1134 suo
2201 1089 2449 1134 creatura
2499 1089 2678 1150 potest
2703 1083 2969 1149 conferri';
2994 1092 3048 1137 et
3076 1082 3118 1138 si
3150 1082 3379 1136 Creator

1805 1169 1920 1240 ipse
1949 1170 2180 1224 donatus
2207 1179 2290 1225 est
2330 1170 2508 1236 nobis,
2543 1174 2814 1242 quomodo
2845 1188 2949 1228 non
2986 1188 3106 1227 cum
3139 1172 3255 1240 ipso
3283 1187 3382 1228 no-

1803 1261 1889 1314 bis
1925 1261 2102 1315 omnis
2141 1270 2394 1316 creatura
2437 1264 2783 1318 donabitur?
2817 1283 2836 1316 ι
2887 1273 2941 1318 et
2982 1265 3034 1317 in
3075 1264 3382 1332 Anacepha—

1805 1351 1952 1406 lwosi
1977 1352 2068 1406 lib.
2099 1369 2151 1406 tv
2177 1354 2317 1422 Περὶ
2349 1353 2570 1424 ἀρχῶν,
2602 1373 2754 1410 ιιιιιιι.
2780 1356 2851 1410 28
2877 1375 2891 1412 :
2926 1375 2945 1408 (
2983 1354 3100 1409 Non
3127 1357 3271 1410 enim
3299 1355 3383 1409 di-

1805 1444 1998 1504 cimus.
2031 1443 2170 1498 sicut
2200 1447 2436 1500 haeretici
2477 1455 2694 1515 putant,
2728 1456 2936 1517 partem
2979 1447 3214 1516 aliquam
3252 1445 3383 1502 sub-

1806 1539 2016 1590 stantia:
2059 1536 2152 1591 Dei
2195 1537 2246 1590 in
2275 1536 2468 1590 Filium
2507 1553 2717 1592 versam
2742 1578 2758 1601 ,
2789 1549 2882 1592 aut
2907 1553 2972 1592 ex
3015 1539 3176 1593 nullis
3203 1537 3384 1592 subsi-

1805 1627 2068 1680 stentibus
2099 1627 2290 1680 Filium
2335 1637 2672 1695 procreatum
2711 1643 2740 1681 a
2776 1628 2962 1692 Patre,
2995 1629 3047 1682 id
3081 1637 3195 1688 est.
3226 1637 3381 1680 extra

1805 1718 2159 1772 substantiam
2190 1735 2370 1781 suam,
2407 1729 2465 1772 ut
2499 1719 2661 1772 fuerit
2703 1719 2994 1788 aliquando
3021 1721 3240 1789 quando
3272 1735 3380 1773 non

1810 1807 1993 1872 fuerit,
2022 1810 2114 1863 sed
2151 1809 2397 1865 abscisso
2429 1812 2576 1864 onmi
2623 1825 2785 1864 sensu
2826 1826 3110 1880 corporeo,
3143 1826 3208 1864 ex
3245 1810 3384 1863 invi-

1805 1901 1947 1955 sibili
1980 1910 2035 1956 et
2065 1901 2386 1970 incorporeo
2410 1901 2647 1957 Verbum
2685 1913 2739 1956 et
2771 1902 3106 1973 Sapientiam
3143 1904 3381 1973 genitam

1805 1991 2036 2045 dicimus
2059 2031 2075 2055 ,
2109 1992 2314 2062 absque
2354 1992 2457 2046 ulla
2508 1994 2775 2064 corporali
2826 1995 3081 2063 passione
3103 2037 3120 2058 ,
3153 1995 3301 2048 velut
3337 1995 3383 2050 si

1807 2083 2052 2138 voluntas
2098 2086 2358 2154 procedat
2407 2101 2438 2140 e
2485 2095 2686 2140 mente.
2725 2105 2744 2138 ι
2782 2087 2981 2141 Locum
3025 2087 3167 2141 hunc
3205 2090 3387 2154 capite

1806 2173 1874 2227 l8
1906 2175 2102 2244 repetit
2146 2185 2336 2231 auctor
2371 2177 2535 2231 libelli
2567 2177 2644 2231 De
2691 2177 2887 2232 deitate
2935 2187 2983 2231 et
3020 2178 3388 2233 incarnatione

1819 2264 2004 2330 Verbi,
2055 2271 2122 2321 ad
2173 2265 2525 2331 Januarium,
2556 2267 2646 2336 qui
2704 2267 2932 2320 habetur
2980 2267 3032 2320 in
3089 2267 3194 2322 line
3255 2266 3385 2322 tomi

1806 2359 1983 2427 quarti
2008 2359 2318 2428 Augustini.
2343 2361 2516 2429 Atque
2553 2361 2666 2414 ha'c
2687 2361 2850 2414 verba
2881 2375 2895 2412 :
2927 2387 2945 2412 ι
2987 2360 3092 2412 Aut
3123 2375 3186 2414 ex
3221 2358 3385 2414 nullis

1808 2450 2230 2505 subsistentibus
2265 2449 2459 2504 Filium
2492 2461 2833 2520 procreatmn
2880 2468 2908 2504 a
2954 2450 3158 2516 Patre,
3205 2451 3257 2505 id
3301 2464 3387 2508 est

1806 2551 1960 2596 extra
1988 2543 2349 2597 substantiam
2379 2559 2553 2605 suam,
2583 2551 2642 2596 ut
2666 2543 2827 2596 fuerit
2850 2543 3142 2612 aliquando
3167 2544 3388 2612 quando

1807 2651 1915 2689 non
1957 2636 2120 2688 fuerit
2146 2674 2162 2699 ,
2204 2655 2222 2688 ι
2257 2651 2414 2689 nemo
2463 2651 2566 2687 non
2600 2635 2744 2688 videt
2784 2634 2864 2687 vel
2913 2649 2941 2687 a
2981 2633 3187 2688 ’Ruiino
3219 2635 3321 2687 fuis
3355 2650 3386 2686 e

1810 2728 2248 2796 interpretationi
2283 2728 2511 2788 intexta,
2540 2727 2621 2780 vel
2642 2727 2710 2780 ab
2735 2725 2855 2779 aliis
2880 2724 3076 2779 Ruﬁno
3113 2725 3386 2794 antiquio-

1788 2821 1958 2900 ribus
1995 2819 2185 2874 Grteco
2244 2818 2349 2888 ipsi
2397 2819 2673 2874 contextui
2711 2819 2908 2872 infarta
2949 2828 3136 2872 contra
3173 2820 3384 2875 Arium.

1809 2925 1968 2979 quem
1995 2911 2328 2964 Sozomcnus
2366 2911 2460 2963 lib.
2491 2927 2534 2969 ι,
2564 2926 2682 2978 cap.
2721 2908 2819 2974 15,
2851 2907 2927 2960 ait
2959 2908 3222 2979 πρότερον
3257 2907 3386 2975 παρ’

1809 3002 1993 3072 ἐτέρου
2036 3002 2110 3072 μὴ
2136 3002 2422 3074 εἰρημένον
2455 3002 2720 3071 τολμῆσαι
2759 3003 2815 3052 ὲν
2852 3001 3148 3070 Ἐκκλησία
3173 2997 3386 3067 ἀποφή-

1809 3093 2020 3156 νασθαι,
2049 3093 2139 3145 τὸν
2170 3093 2294 3144 Υἱὸν
2329 3091 2422 3144 τοῦ
2462 3091 2597 3143 Θεοῦ
2624 3091 2682 3156 ἐξ
2708 3091 2807 3142 οὐκ
2836 3090 3003 3142 ὄντων
3035 3087 3386 3158 γεγενῆσθαι,

1812 3185 1906 3238 καὶ
1921 3179 2058 3238 εἶναί
2090 3202 2220 3238 ποτε
2246 3186 2332 3238 ὅτε
2364 3185 2463 3236 οὐκ
2497 3181 2584 3255 ἦν.
2618 3201 2636 3233 t
2663 3183 2900 3235 Primum
2934 3184 2985 3236 in
3020 3180 3255 3236 Ecclesia
3291 3195 3390 3233 att-

120 3243 167 3326 ίιὸ
193 3243 534 3347 δὲἸΙνεῦμτί
561 3272 679 3326 ὑπὸ
712 3270 808 3324 τοῦ
845 3268 998 3323 Υἱοῦ.
1036 3287 1054 3320 t
1098 3243 1292 3322 Filium
1332 3281 1452 3323 esse
1480 3285 1508 3321 a
1541 3243 1704 3321 Patre

1814 3293 1923 3330 sum
1974 3291 2095 3332 esse
2139 3277 2354 3340 dicere,
2384 3281 2528 3345 quod
2579 3290 2738 3330 nemo
2782 3286 2914 3328 ante
2961 3275 3106 3328 illum
3152 3274 3389 3336 dixerat,

121 3368 308 3432 factum,
341 3368 640 3438 Spiritum
677 3371 926 3419 sanctum
958 3376 988 3414 a
1034 3359 1188 3413 Filio.
1227 3378 1244 3411 ι
1279 3359 1486 3425 Quibus
1517 3373 1706 3413 assen-

124 3459 295 3512 tiuntur
319 3457 716 3528 Augustinus,
764 3452 1064 3517 Cedrenus,
1112 3450 1326 3517 Suidas,
1371 3448 1609 3504 Zonaras
1653 3459 1708 3504 et

122 3544 328 3604 Hicetas.

177 3639 350 3694 XXIII.
405 3639 469 3694 Si
530 3653 673 3708 quae
728 3647 908 3690 tamen
961 3635 1173 3704 culpam
1227 3632 1364 3686 hanc
1413 3641 1708 3685 extenuare

125 3742 336 3800 possunt,
365 3733 749 3802 colligamus.
779 3728 1007 3782 Ruﬁnus
1037 3727 1108 3781 De
1131 3725 1308 3779 adult.
1335 3725 1456 3778 libr.
1489 3723 1706 3791 Origen.

124 3827 562 3896 hujushzereseos
613 3825 774 3878 virus
823 3823 975 3876 libris
1024 3820 1275 3891 Origenis
1319 3819 1493 3872 aliena
1546 3833 1707 3871 manu

125 3918 321 3976 allusum
352 3917 742 3975 existimabat
769 3931 783 3968 :
837 3932 855 3964 ι
894 3912 1145 3982 Nunquid
1172 3950 1189 3975 ,
1214 3912 1410 3980 inquit,
1440 3912 1492 3964 in
1519 3912 1708 3964 eodeni

123 4027 258 4082 opere
285 4013 549 4081 ejusdem
587 4006 764 4070 libri,
804 4005 1071 4058 interdum
1093 4043 1110 4070 ,
1142 4013 1201 4056 ut
1231 4002 1492 4067 diximus,
1521 4001 1707 4056 statim

127 4104 168 4157 in
206 4101 577 4173 consequenti
629 4095 871 4166 capitulo
919 4095 1119 4152 oblitus
1164 4092 1247 4148 sui
1298 4107 1422 4147 esse
1485 4091 1712 4162 potuit?

125 4194 260 4252 Verbi
285 4212 482 4257 causa,
514 4202 585 4248 ut
612 4191 712 4260 qui
749 4189 998 4258 superius
1025 4187 1238 4241 dixerat
1273 4200 1539 4254 nusquam
1570 4185 1713 4238 inve-

127 4284 209 4339 uiri
236 4287 286 4340 in
312 4285 471 4341 omni
505 4280 812 4349 Scriptura
854 4278 944 4332 ubi
984 4275 1222 4346 Spiritus
1254 4284 1482 4332 sanctus
1535 4275 1713 4328 factus

128 4377 426 4433 relcreatus
459 4389 604 4432 esse
635 4363 940 4434 diceretur,
966 4371 1226 4425 continuo
1251 4368 1545 4437 subiiceret
1572 4367 1715 4422 inter

128 4478 322 4525 ceteras
351 4477 671 4525 creaturas
693 4462 900 4518 factum
931 4477 1051 4518 esse
1080 4462 1344 4534 Spiritum
1373 4459 1662 4516 sanctum?
1690 4477 1708 4510 ι

129 4558 307 4617 Similia
353 4559 578 4633 regerit
624 4555 1014 4611 Genebrardus
1058 4555 1110 4610 in
1161 4553 1451 4608 Collectan.
1495 4553 1559 4606 de
1595 4549 1716 4605 Vita

131 4649 344 4722 θήσει..
377 4669 514 4724 cap.
543 4653 604 4705 6.
645 4647 908 4719 Didymus
933 4661 1064 4701 vero
1086 4687 1101 4709 ,
1142 4661 1250 4702 non
1283 4645 1497 4700 eximite
1539 4643 1715 4699 solum

129 4746 424 4800 eruditionis
455 4747 665 4806 homo,
683 4740 779 4794 sed
811 4739 1130 4793 orthodoxae
1148 4739 1312 4792 etiam
1337 4737 1481 4803 ﬁdei,
1508 4737 1710 4805 scripta

132 4837 318 4902 quidem
342 4841 412 4890 ab
441 4835 703 4905 Origene
731 4845 839 4885 non
865 4839 1028 4900 negat
1058 4845 1178 4900 qua:
1207 4828 1366 4898 obiici
1394 4829 1593 4895 solent,
1618 4828 1711 4882 sed

133 4927 173 4982 iu
203 4929 396 4985 malam
441 4937 680 4998 partem
733 4921 876 4978 ﬂecti
920 4923 1121 4978 asserit
1169 4937 1199 4976 a
1233 4920 1550 4986 malevolis,
1597 4934 1716 4988 qua:

133 5031 255 5076 recta
271 5028 541 5093 poterant
565 5015 1031 5086 interpretatione
1056 5013 1292 5070 defendi.
1324 5012 1379 5067 ld
1399 5011 1715 5082 priusquam

189 5177 293 5247 (ll)
331 5175 558 5247 Prigre,
583 5185 759 5247 gqtte‘m
795 5164 1390 5247 adtingit-Iustinianum
1420 5173 1533 5247 Acte.
1562 5162 1711 5247 Quod

134 5234 287 5315 supra,
303 5247 383 5298 ait
428 5234 790 5315 Epiphanius
833 5239 899 5289 ab
927 5237 1154 5303 Origene
1202 5251 1305 5288 non
1346 5244 1539 5315 natura
1567 5234 1712 5315 .used

134 5303 284 5380 gratia
328 5303 557 5370 Filiuin'
595 5309 754 5370 dici,
803 5315 1166 5380 commentum
1217 5315 1307 5380 est
1353 5305 1420 5356 ab
1463 5303 1715 5380 omnibus

134 5373 370 5456 Drigenis
403 5380 710 5454 principiis
742 5376 1195 5456 remotissim'ttm.’
1216 5375 1355 5427 Idem
1390 5388 1496 5456 nott
1543 5373 1715 5456 dicam

137 5457 190 5507 de
217 5441 710 5524 generatione-ex
754 5449 1026 5524 volt'tntate
1057 5445 1262 5507 Patris;
1306 5458 1427 5524 qua;
1465 5441 1714 5524 Itpqttendi

134 5510 256 5579 ratio
301 5541 429 5580 cum
469 5520 676 5575 multis
724 5517 846 5570 aliis
880 5515 1100 5583 probata
1131 5553 1146 5576 ,
1195 5510 1420 5569 tum'ad
1463 5510 1718 5581 Origenis

136 5599 444 5650 sententiam
464 5592 614 5647 satis
641 5586 1070 5640 accommodata.
1088 5584 1220 5637 Nam
1248 5598 1368 5637 cum
1394 5583 1724 5636 voluntatem

139 5662 299 5718 Patris
327 5667 383 5717 in
411 5664 556 5717 Filio
591 5666 1021 5729 genera_tam,‘ac
1053 5652 1386 5729 to_tam_Filio
1411 5650 1719 5729 communi-

137 5745 295 5789 catam
328 5736 555 5794 doceat,
590 5721 672 5784 ita
709 5733 772 5778 ut
800 5725 1046 5778 identitas
1071 5725 1142 5778 sit
1166 5723 1458 5794 voluntatis
1487 5721 1540 5774 iu
1571 5729 1723 5794 utro-

139 5788 231 5868 que
266 5821 284 5869 ;
333 5819 443 5858 non
495 5788 794 5869 immerito
830 5809 930 5847 uec
960 5795 1302 5869 incommode
1325 5793 1526 5869 Adicere
1551 5788 1725 5869 potuit

141 5861 321 5928 Filium
359 5889 425 5929 ex
463 5870 666 5925 Patris
697 5863 974 5919 voluntate
1013 5863 1278 5934 genitura.
1319 5861 1472 5928 Quod
1515 5868 1724 5930 spectat

1806 3367 2000 3421 Filium
2033 3369 2242 3423 scilicet
2276 3367 2366 3422 Dei
2395 3384 2460 3422 ex
2498 3383 2600 3420 non
2633 3367 2975 3420 exstantibus
3007 3365 3304 3426 exstitisse,
3331 3372 3392 3419 et

1806 3459 1974 3514 fuisse
2012 3459 2302 3528 aliquando
2355 3474 2478 3513 cum
2537 3461 2773 3513 nondum
2830 3466 2997 3512 esset.
3059 3474 3078 3508 ι
3122 3455 3387 3512 Disertis-

1809 3551 1944 3604 sima
1974 3552 2135 3604 etiam
2165 3553 2278 3604 lucc
2307 3550 2372 3604 de
2411 3560 2599 3604 sancto
2626 3551 2830 3620 Spiritu
2868 3565 2898 3604 e
2938 3549 3032 3603 lib.
3062 3565 3077 3602 t
3110 3547 3254 3616 Περὶ
3279 3546 3385 3618 ἀρ-

1809 3642 1952 3713 χῶν,
1970 3659 2088 3712 cap.
2120 3644 2174 3706 5.
2201 3660 2347 3697 ιιιιιιι.
2376 3643 2409 3696 5
2435 3662 2447 3697 :
2485 3661 2504 3693 ι
2537 3641 2918 3697 Verumtamen
2954 3656 3126 3710 usque
3153 3642 3220 3695 ad
3250 3658 3392 3712 prte-

1809 3748 1934 3787 sens
1956 3733 2162 3787 nullum
2193 3747 2497 3787 sermonem
2527 3733 2580 3786 in
2607 3731 2906 3801 Scripturis
2928 3733 3130 3786 sanctis
3149 3732 3394 3786 invenire

1810 3827 2085 3894 potuimus
2131 3839 2228 3894 per
2271 3841 2430 3892 quem
2481 3823 2720 3893 Spiritus
2748 3839 2974 3878 sanctus
3008 3824 3214 3877 factura
3248 3837 3392 3884 esse,

1809 3917 1890 3968 vel
1917 3925 2165 3969 creatura
2193 3915 2464 3968 diceretur
2491 3933 2504 3980 ;
2540 3930 2608 3968 ne
2639 3929 2704 3968 eo
2737 3915 2954 3982 quidem
2989 3915 3152 3968 modo
3181 3928 3294 3981 quo
3323 3913 3392 3964 de

1815 4005 2094 4075 Sapientia
2130 4006 2335 4058 referre
2360 4005 2911 4072 SaIOinouein-supra
2943 4003 3279 4065 edocuimus,
3307 4001 3394 4054 vel

1827 4111 1948 4162 qua:
2003 4097 2068 4149 de
2103 4096 2246 4158 vita,
2276 4095 2360 4148 vel
2405 4093 2578 4147 Verbo
2606 4133 2621 4157 ,
2670 4094 2898 4160 aliisque
2949 4091 3396 4162 appellationibus

1824 4188 1948 4242 Filii
1977 4189 2068 4242 Dei
2106 4188 2450 4258 intelligenda
2477 4201 2596 4240 esse
2620 4185 2991 4240 tractavimus.
3027 4202 3046 4236 ι
3073 4185 3250 4252 Atque
3282 4184 3396 4238 hac

1819 4279 2039 4348 quidem
2090 4292 2120 4332 e
2152 4276 2456 4330 Ruﬁnianis
2494 4275 3040 4344 interpretationibus
3079 4275 3395 4351 deprompta

1817 4370 2214 4431 testimonia,ut
2238 4373 2414 4424 minus
2444 4368 2616 4423 valida
2649 4367 3025 4438 praemisimus,
3051 4365 3196 4422 velut
3224 4365 3397 4422 levio-

1820 4479 1934 4518 rem
1973 4465 2262 4532 quamdam
2295 4468 2649 4515 armaturam.
2681 4460 2788 4514 Sed
2808 4458 2922 4529 jam
2953 4460 3205 4514 cominus
3233 4459 3388 4528 signa

1820 4569 2189 4610 conseramus.

1899 4647 2118 4716 Aliquot
2155 4644 2437 4700 attulimus
2473 4643 2646 4706 iocos,
2671 4643 2867 4713 quibus
2889 4642 2943 4696 in
2970 4651 3278 4698 creatarum
3314 4654 3402 4694 re-

1822 4755 1940 4794 rum
1968 4754 2190 4794 censum
2224 4739 2429 4792 detrusi
2459 4738 2714 4792 videntur
2746 4736 2814 4790 ab
2845 4735 3082 4804 Origene
3134 4731 3304 4787 Filius
3344 4742 3402 4786 et

1822 4831 2054 4902 Spiritus
2080 4842 2318 4886 sanctus.
2346 4829 2456 4898 (ll)
2478 4830 2682 4892 Priore,
2715 4842 2873 4895 quem
2899 4825 3114 4879 adducit
3140 4821 3401 4876 Iustinia-

1815 4935 1959 4982 nus,
2027 4919 2193 4974 Filius
2258 4919 2455 4973 dicitur
2525 4917 2590 4969 ὲκ
2665 4915 2965 4985 Θελήματος
3027 4911 3121 4964 τοῦ
3190 4910 3400 4980 Πατρὸς

1813 5009 2117 5081 γεννηθεὶς,
2157 5009 2505 5081 πρωτότοκος
2539 5005 2718 5075 πάσης
2753 5002 3000 5066 κτίσεως,
3041 5001 3264 5071 κτίσμα.
3295 4999 3401 5054 Re-

1822 5163 1887 5216 ad
1941 5161 2362 5216 Proverbiarnm
2405 5158 2622 5223 locum,
2675 5175 2693 5209 ι
2731 5154 2986 5210 Dominus
3028 5151 3401 5223 conditﬁtrme

1824 5232 2009 5294 (Prov.
2042 5247 2151 5292 VIII.
2181 5231 2297 5299 22),
2337 5246 2357 5280 ι
2390 5238 2495 5284 etc.
2517 5268 2533 5292 ,
2563 5221 2670 5295 quo
2717 5228 2890 5299 fretus
2917 5223 3175 5299 Origenes
3205 5221 3398 5299 Filium

1825 5292 2101 5357 Conditum
2129 5311 2182 5353 et
2213 5292 2324 5352 rem
2369 5292 2648 5352 conditam
2693 5293 2999 5364 appellasse
3033 5292 3228 5364 dicitur
3263 5293 3397 5364 ;v_i-

1822 5373 2057 5427 dendum
2102 5384 2337 5440 quonam
2400 5369 2450 5422 id
2500 5382 2661 5440 sensu
2708 5361 3222 5440 Δριλιιειῑιίιθιθίι,(-ιιειιιι
3268 5361 3398 5440 vitio

1824 5442 1960 5495 verti
2011 5428 2362 5510 non'potest,
2413 5435 2554 5510 quod
2603 5428 2900 5510 Scripturze
2954 5428 3398 5510 verbisutatur),

1825 5521 2005 5564 utrmn
2036 5513 2134 5562 hoc
2153 5499 2519 5561 iestimonium
2548 5507 2616 5558 ad
2645 5499 2992 5558 evertendam
3021 5499 3143 5553 Filii
3179 5499 3396 5553 aeterni-

1835 5591 2023 5645 tatem,
2058 5591 2116 5631 ttt
2151 5578 2354 5631 clarum
2400 5585 2454 5645 et
2493 5584 2737 5645 apertum
2770 5571 3068 5645 adhibeat;
3104 5585 3170 5645 an
3199 5570 3407 5638 potius,

1831 5660 1892 5704 ut
1925 5651 1974 5703 in
2003 5641 2232 5704 obscuro
2260 5657 2316 5700 et
2345 5641 2550 5699 dill‘tcili
2585 5643 2702 5697 loco
2722 5681 2737 5705 ,
2773 5643 2839 5695 ad
2870 5641 3096 5695 subtiles
3127 5642 3401 5707 interpre-

1832 5720 2066 5774 tationes
2117 5715 2413 5782 confugiat.
2451 5711 2624 5768 Litem
2671 5711 2932 5782 dirimunt
2981 5727 3098 5782 qua:
3151 5709 3401 5782 leguntur

1830 5789 1923 5844 lib.
1969 5803 1983 5842 t
2012 5787 2086 5842 De
2126 5778 2392 5856 princip,
2419 5797 2539 5851 cap.
2569 5783 2604 5836 ‘2
2631 5822 2646 5847 ,
2677 5780 2894 5856 “mlh?
2924 5778 3039 5856 ειβ
3063 5820 3078 5844 ,
3098 5779 3222 5856 ‘ubi_
3242 5778 3398 5856 illud2

1835 5877 1855 5913 ι
1889 5846 2146 5915 Dominus
2172 5846 2412 5912 condidit
2435 5846 2542 5920 me,
2571 5871 2591 5906 ι
2621 5846 2727 5934 non
2755 5851 2820 5908 de
2842 5852 2957 5921 ipsa
2984 5849 3282 5934 Sapientia,
3306 5846 3400 5903 sed
