3898 6552
203 401 306 457 777

1043 398 1619 456 ORIGENIANORUM
1662 401 1787 456 LIP.
1831 400 1897 464 ιι,
1934 401 2086 458 CAP.
2131 403 2198 467 ll,
2240 402 2515 472 QUAEST.
2558 407 2623 461 ll.

3363 413 3463 466 ’ΠΒ

200 538 328 582 vero
360 530 581 577 sanctus
603 527 706 570 non
736 524 817 570 est
845 517 1126 586 γεννητὸς,
1168 520 1262 574 sed
1297 520 1542 590 γενητὸς,
1573 520 1783 589 genito-

1888 529 1985 584 εει,
2021 519 2197 588 inquit
2224 559 2239 585 ,
2262 521 2404 590 quod
2437 523 2623 578 dicunt
2653 540 2770 579 eum
2794 526 3036 582 innatum
3060 531 3233 586 dicere
3264 532 3464 591 Filium

199 633 312 672 rem
350 615 495 670 enim
530 626 635 667 non
696 611 898 675 habet,
953 611 1045 665 sed
1083 612 1244 665 habet
1281 627 1310 664 a
1355 611 1514 666 Patre
1555 621 1607 664 et
1638 610 1776 664 Filio

198 719 256 763 ut
284 708 537 763 exsistat.
567 703 690 758 llaec
722 712 804 758 est
837 702 1053 772 propria
1102 717 1293 758 vocum
1344 703 1555 757 illarum
1599 702 1769 767 notio,

194 817 356 872 quam
389 808 566 854 tamen
596 811 699 852 nec
735 810 951 866 semper
979 803 1263 851 servarunt
1301 793 1522 862 Patres,
1557 805 1613 850 et
1643 812 1774 849 ron-

192 894 334 948 sulto
371 889 803 961 permiscuerunt
831 903 894 944 ac
939 887 1303 958 confuderunt
1343 889 1532 944 Ariani
1557 930 1572 952 .
1623 898 1680 942 ut
1720 891 1772 942 iu

192 984 443 1054 ambigua
482 996 613 1036 voce
645 981 856 1038 facilius
891 979 1132 1035 fraudem
1167 991 1466 1036 strucrent.
1505 980 1772 1052 Origenes

190 1091 318 1130 vero
337 1091 464 1131 cum
493 1073 686 1130 Filium
743 1073 976 1144 appellat
997 1073 1224 1146 γενητὸν
1249 1073 1402 1140 Θεὸν,
1435 1075 1512 1128 sic
1543 1075 1725 1144 accipe
1753 1094 1766 1129 :

193 1190 212 1222 ι
244 1169 346 1236 Qui
382 1167 708 1238 principium
740 1167 820 1222 sui
843 1167 1006 1224 habet
1027 1206 1046 1232 ,
1073 1176 1124 1222 et
1153 1167 1450 1224 exsistendi
1477 1167 1710 1222 initittm.
1745 1187 1764 1221 ι

187 1262 323 1316 Filio
353 1261 570 1330 quidem
605 1273 895 1322 commune
936 1268 1017 1316 est
1049 1274 1171 1314 cum
1209 1259 1417 1315 creatis
1460 1261 1652 1321 rebus,
1685 1262 1766 1315 sui

186 1353 512 1424 principium
542 1367 607 1408 ac
647 1353 910 1424 originem
959 1352 1162 1414 habere
1198 1370 1213 1407 :
1250 1351 1540 1407 emanandi
1586 1363 1765 1410 autem

185 1462 245 1499 ex
272 1445 365 1500 illo
391 1445 656 1516 principio
699 1459 765 1498 ac
814 1444 1113 1516 prodeundi
1160 1444 1300 1500 ratio
1347 1443 1506 1514 plane
1552 1444 1765 1500 diversa

182 1547 262 1592 est
302 1552 315 1587 :
355 1537 542 1607 prodit
562 1536 705 1604 enim
722 1535 896 1608 Filius
927 1551 1023 1605 per
1045 1535 1450 1616 generationem
1469 1543 1763 1604 aeternam;

186 1633 452 1695 prodeunt
487 1640 687 1686 creatae
728 1645 818 1686 res
855 1645 952 1700 per
991 1631 1371 1700 temporariam
1405 1629 1760 1688 creationem.

182 1720 290 1777 line
322 1736 510 1790 sensu,
536 1737 644 1793 quo
672 1722 831 1786 dixi,
870 1739 1055 1780 vocem
1109 1723 1374 1794 ἀγένητος
1415 1737 1444 1775 a
1489 1722 1764 1777 veteribus

182 1824 496 1885 usurpatam
528 1815 717 1869 scribit
751 1815 1086 1870 Athanasius
1113 1816 1207 1870 lib.
1250 1814 1326 1869 De
1367 1815 1586 1885 synodi:
1642 1815 1764 1868 Ari—

1890 607 2001 664 Dei.
2033 609 2255 664 Dixerat
2281 628 2474 682 nempe
2498 612 2760 684 Origenes
2791 617 3075 689 ἀγένητον,
3105 623 3249 692 quod
3293 624 3466 694 ipsius

1883 701 2206 763 adversarii,
2231 705 2554 758 contentiosi
2606 704 2854 761 homines
2881 718 2936 764 et
2968 711 3132 765 rixosi
3151 751 3167 778 ,
3197 715 3462 772 confudeo

1883 802 2008 846 runt
2037 808 2160 846 cum
2183 792 2507 866 ἀγέννητον,
2533 805 2591 850 ut
2623 813 2810 853 ansam
2841 800 3108 858 baberent
3149 805 3458 861 calumniae.

1879 881 2084 939 Contra
2128 899 2256 939 vero
2289 885 2562 954 Socrates,
2595 888 2662 942 de
2705 890 2934 946 Eusebio
2972 893 3220 964 loquens,
3260 899 3458 955 merito

1878 978 2019 1033 dixit
2055 996 2068 1033 :
2130 979 2461 1051 Θαυμαστὴς
2504 981 2600 1034 καὶ
2628 981 2875 1054 ζηλωτὴς
2922 985 3138 1054 ἐγένετο
3168 989 3277 1041 τῶν
3317 990 3463 1064 Ὠρι-

1877 1068 2068 1137 γὲνους
2109 1069 2330 1140 βιϐλίων
2355 1087 2368 1100 ο
2413 1071 2472 1124 ἐν
2525 1069 2606 1135 οἷς
2647 1074 2922 1145 πανταχοῦ
2980 1076 3070 1129 τὸν
3114 1079 3240 1133 Υῐὸν
3273 1083 3338 1134 ὲκ
3365 1081 3458 1136 τοῦ

1877 1162 2092 1234 Πατρὸς
2123 1163 2450 1234 γεννηθέντα
2499 1164 2848 1236 εὑρίσκουσιν
2892 1170 2940 1221 οἱ
2987 1171 3094 1223 τῶν
3149 1173 3460 1244 Ὠριγένους

1879 1251 2096 1321 βιϐλίων
2129 1253 2189 1332 τὸ
2226 1253 2387 1323 βάθος
2408 1256 2740 1333 κατανοῆσαι
2768 1257 3076 1328 δυνάμενοι.
3105 1279 3123 1310 ι
3149 1262 3459 1318 Admirator

1873 1356 1929 1398 ct
1952 1345 2240 1400 aemulator
2278 1346 2537 1400 librorum
2576 1347 2829 1417 Origenis
2857 1350 2994 1414 fuit,
3043 1354 3096 1406 in
3141 1355 3338 1424 quibus
3375 1356 3460 1410 Fi-

1874 1438 2004 1491 lium
2033 1453 2098 1492 ex
2115 1435 2273 1492 Patre
2293 1447 2478 1493 natum
2506 1439 2710 1510 ubique
2740 1442 3038 1510 reperiunt,
3067 1447 3158 1514 qui
3192 1446 3453 1502 librorum

1873 1528 2123 1599 Origenis
2161 1529 2586 1598 profunditatem
2629 1533 2812 1588 animo
2835 1546 3122 1603 penetrare
3154 1551 3402 1606 possunt.
3433 1559 3450 1592 ι

1874 1620 2235 1692 Hieronymus
2281 1637 2411 1676 vero
2444 1621 2650 1678 dixisse
2692 1624 2867 1694 ipsum
2915 1623 3192 1683 alIirmans
3224 1648 3242 1680 ι
3293 1629 3457 1685 Chri-

1847 1721 2010 1767 ‘stum
2040 1713 2234 1767 Filium
2275 1714 2368 1768 Dei
2387 1730 2495 1769 non
2515 1723 2699 1768 natum
2731 1730 2886 1782 esse,
2911 1719 3004 1773 sed
3035 1719 3258 1784 factum,
3293 1740 3312 1772 ι
3352 1723 3456 1779 hoc

1871 1813 1974 1865 est,
2018 1804 2285 1876 ἀγένητον
2320 1815 2374 1860 et
2421 1807 2685 1877 γενητὸν,
2718 1821 3012 1880 utramque
3065 1813 3206 1865 hanc
3263 1829 3449 1869 vocem

181 1905 305 1958 mini
359 1905 717 1974 et_Selettcice
758 1923 778 1960 :
813 1907 926 1961 Οὐκ
984 1907 1286 1979 ἀγνοοῦμεν
1318 1908 1377 1961 δὲ
1430 1908 1512 1962 ὄτι
1560 1908 1655 1961 καὶ
1711 1910 1757 1961 oi

1869 1897 1920 1948 in
1959 1895 2123 1948 alium
2157 1896 2439 1966 detorquet
2470 1897 2797 1953 intellectum
2826 1915 2888 1952 ac
2929 1902 2996 1953 ab
3025 1899 3257 1971 Origene
3294 1921 3453 1960 usur-

180 1997 460 2068 εἰρηκότες
482 1997 540 2050 ἓν
562 1997 621 2051 τὸ
648 1998 928 2069 ἀγένητον,
963 2000 1052 2052 τὸν
1080 1999 1298 2072 Πατέρα
1341 2000 1590 2067 λέγοντες
1617 2042 1629 2062 ,
1665 2001 1764 2071 οὐχ

177 2086 248 2151 ὡς
289 2088 522 2160 γενητοῦ
564 2089 658 2142 καὶ
695 2089 1001 2160 ποιήματος
1031 2088 1184 2152 ὄντος
1235 2089 1328 2142 τοῦ
1374 2089 1546 2160 Λόγου
1593 2088 1764 2151 οὓτως

1869 1997 1991 2052 pata
2021 1997 2108 2041 est
2143 2003 2159 2040 :
2191 1989 2281 2056 qui
2319 2004 2442 2043 cum
2475 1990 2612 2044 dixit
2648 1990 2847 2046 Filium
2899 1993 3186 2065 ἀγένητον,
3235 1997 3287 2050 id
3343 1999 3449 2053 sibi

1868 2079 2071 2141 voluit,
2104 2094 2210 2131 non
2241 2094 2365 2133 esse
2399 2079 2602 2134 factum
2631 2096 2734 2137 nec
2781 2093 3046 2138 creatum.
3093 2085 3295 2140 Contra
3324 2087 3451 2142 Hie-

181 2179 440 2250 ἔγραψαν,
471 2179 587 2232 ἀλλ’
611 2179 692 2233 ὅτι
723 2178 796 2250 μὴ
821 2179 934 2250 ἔχει
979 2180 1070 2232 τὸν
1106 2181 1299 2233 αἴτιον.
1341 2197 1362 2230 t
1396 2179 1508 2234 Non
1553 2183 1768 2241 ignora-

1868 2183 2129 2240 ronymus
2159 2171 2432 2236 exposuit,
2462 2187 2568 2226 non
2602 2188 2724 2228 esse
2755 2185 2974 2244 natum,
3019 2179 3174 2248 quasi
3222 2180 3452 2236 dixisset

181 2286 292 2324 mus
337 2283 523 2324 autem
555 2286 647 2324 eos
681 2271 774 2340 qui
824 2272 1079 2326 dixerunt
1107 2286 1272 2324 unum
1309 2285 1433 2326 esse
1474 2271 1764 2341 ἀγένητον,

1866 2257 2161 2330 ἀγέννητον
2181 2276 2197 2291 ο
2242 2275 2366 2314 cum
2399 2276 2528 2317 vero
2555 2261 2754 2318 Filium
2786 2264 2923 2320 dixit
2960 2267 3188 2338 γενητὸν
3212 2307 3228 2332 ,
3268 2271 3318 2322 id
3343 2271 3447 2324 sibi

182 2362 390 2416 Patrem
438 2361 852 2430 signiﬁcantes,
880 2378 988 2418 non
1015 2363 1088 2416 ita
1140 2362 1428 2431 scripsisse
1458 2363 1611 2431 quasi
1639 2363 1764 2418 Ver-

1866 2348 2056 2413 voluit,
2089 2349 2290 2404 habere
2328 2351 2506 2420 ipsum
2554 2354 2638 2408 sui
2681 2355 3045 2425 principium;
3096 2370 3290 2414 contra
3325 2361 3451 2414 Ilie-

181 2448 296 2504 bum
316 2450 387 2505 sit
413 2449 646 2522 γενητὸν
668 2460 724 2506 et
744 2466 906 2522 opus,
932 2451 1024 2506 sed
1051 2451 1176 2521 quia
1213 2450 1376 2514 Pater
1407 2466 1625 2506 causam
1656 2467 1760 2506 non

1866 2455 2128 2512 ronymus
2163 2445 2462 2514 exposuit,
2507 2462 2617 2500 esse
2643 2447 2861 2516 factum.
2907 2447 3111 2521 Nempe
3157 2452 3235 2507 sic
3282 2454 3444 2506 verba

181 2541 352 2597 habet.
386 2560 406 2594 ι
450 2541 666 2596 Patrem
704 2542 909 2597 dictum
947 2557 1072 2598 esse
1102 2543 1178 2596 ait
1209 2535 1502 2616 ἀγένητον,
1531 2543 1656 2613 quia
1689 2544 1760 2597 ab
1861 2530 2110 2602 Origenis
2161 2534 2213 2588 in
2265 2537 2564 2604 pessimum
2615 2554 2838 2594 sensum
2911 2542 3134 2596 trahere
3207 2545 3445 2598 amabat.

181 2630 278 2684 alio
314 2646 420 2686 non
463 2632 629 2688 habet
668 2641 727 2688 ut
765 2625 872 2699 sit;
913 2633 1112 2688 Filium
1147 2644 1327 2688 autem
1378 2634 1604 2708 γενητὸν
1639 2650 1762 2690 esse

1866 2624 1977 2694 (12)
2018 2625 2091 2678 Ita
2113 2625 2448 2696 Epiphanius
2473 2629 2605 2683 liter.
2633 2646 2777 2694 thv,
2809 2646 2928 2698 cap.
2960 2631 3014 2695 8,
3048 2633 3194 2688 vocis
3224 2636 3448 2707 γενητὸς

182 2732 327 2790 negat
354 2723 460 2778 hac
495 2724 741 2790 notione,
776 2725 920 2794 quod
949 2725 1016 2786 ab
1038 2725 1349 2781 alioracms
1376 2728 1489 2782 sit;
1523 2727 1614 2781 sed
1650 2743 1757 2781 no"
1860 2733 2016 2770 ttsttm
2084 2717 2136 2772 in
2195 2719 2316 2773 aliis
2379 2722 2735 2790 probaturum
2791 2738 2848 2778 se
2893 2723 3060 2788 dicit,
3110 2726 3161 2779 in
3213 2725 3446 2796 Origene

183 2817 329 2878 negat
355 2810 590 2881 γενητὸν
624 2826 747 2868 esse
795 2812 903 2867 alia
951 2799 1172 2869 notione
1197 2854 1212 2878 ,
1249 2830 1316 2870 .ea
1359 2816 1567 2870 scilicet
1593 2831 1755 2885 quam
1859 2812 2142 2865 damnare.
2174 2811 2375 2868 Contra
2400 2830 2462 2868 ea
2487 2830 2619 2868 vero
2643 2831 2762 2884 qum
2792 2816 2964 2879 addit,
2994 2817 3132 2872 velle
3156 2817 3444 2885 Origeuetn

181 2898 428 2964 iudicavi,
463 2902 606 2970 quod
639 2903 708 2956 ab
740 2901 847 2956 alio
888 2903 1088 2959 habeat
1129 2913 1188 2960 ut
1221 2905 1320 2970 sit,
1361 2921 1469 2960 non
1499 2915 1754 2974 tanquam

1866 2903 1998 2957 κατὰ
2028 2904 2189 2975 χάριν
2213 2903 2305 2957 τὸν
2330 2906 2459 2958 Υίὸν
2490 2907 2649 2960 αὐτὸν
2667 2907 2951 2961 καλεῖσθαι
2979 2926 2993 2938 ·
3031 2927 3052 2960 t
3083 2909 3183 2963 Per
3205 2911 3439 2979 gratiam

183 3003 258 3041 res
291 2988 457 3054 facta,
486 2991 578 3045 sed
609 3001 864 3060 tanquam
901 3009 986 3048 res
1010 2996 1191 3064 genita
1215 3037 1229 3052 .
1265 2995 1439 3066 Atque
1473 2998 1546 3052 ita
1589 2996 1759 3052 Filius
1859 2997 2055 3051 Filium
2091 2999 2264 3065 ipsqu
2300 2996 2613 3068 (Christum)
2659 2999 2953 3068 appellari,
2994 3020 3013 3052 ι
3076 3010 3321 3068 prompta
3357 3016 3444 3056 est

181 3078 276 3134 dici
321 3090 505 3150 potest
547 3083 832 3157 ἀγένητος,
861 3085 951 3154 qui
989 3086 1058 3142 ab
1088 3087 1193 3142 alio
1225 3103 1331 3143 non
1367 3089 1529 3144 habet
1566 3100 1622 3143 ut
1664 3089 1755 3155 sit,
1857 3103 1921 3143 ex
1959 3089 2077 3158 ipso
2105 3089 2346 3158 Origene
2373 3089 2645 3153 defensio,
2677 3090 2772 3158 qui
2804 3092 3010 3145 diserte
3041 3093 3200 3146 docet
3236 3103 3367 3148 tom.
3402 3110 3438 3147 ll

182 3185 362 3242 nempe
390 3182 653 3245 tanquam
680 3191 816 3245 cpus
843 3217 858 3239 .
893 3193 990 3234 seu
1030 3194 1118 3234 res
1160 3178 1299 3234 facta
1323 3221 1338 3245 ,
1376 3181 1461 3235 vel
1493 3191 1750 3250 tanquam
1780 3241 1786 3252 Α

1866 3175 2124 3240 inlatum,
2174 3192 2322 3231 nunt.
2373 3175 2427 3240 6,
2470 3177 2629 3247 μόνον
2675 3178 2766 3231 τὸν
2803 3183 3060 3252 μονογενῆ
3096 3180 3254 3251 φύσει
3313 3182 3441 3236 Υἰὸν

183 3280 261 3320 res
280 3275 465 3322 creata
502 3284 520 3324 :
559 3277 614 3322 et
659 3269 920 3341 γενητὸς,
959 3272 1050 3341 qui
1098 3273 1167 3325 ab
1207 3273 1316 3327 alio
1348 3274 1512 3328 habet
1551 3282 1609 3327 ut
1657 3266 1786 3338 sit,‘

1866 3266 2098 3338 ἀρχῆθεν
2128 3267 2417 3338 τυγχάνειν
2436 3285 2450 3299 ·
2480 3277 2535 3322 et
2553 3268 2647 3323 lib.
2673 3284 2743 3322 vn
2770 3269 2822 3322 in
2857 3268 3152 3336 Epistolam
3178 3274 3243 3325 ad
3266 3271 3442 3335 Rom,

183 3371 358 3425 nempe
383 3366 650 3429 tanquam
692 3375 782 3414 res
813 3362 994 3430 genita
1023 3370 1078 3416 et
1109 3361 1299 3418 Filius,
1338 3363 1432 3418 Sic
1464 3363 1747 3436 Origenes,
1863 3373 2013 3412 nutu.
2042 3358 2092 3418 I,
2136 3377 2155 3408 t
2199 3359 2353 3412 Sicut
2395 3360 2537 3413 cnim
2569 3354 2727 3413 multi
2759 3371 2885 3414 sunt
2930 3361 3021 3414 lilii
3065 3363 3181 3429 Dei,
3209 3376 3263 3417 ut
3295 3363 3444 3420 Scri-

181 3448 261 3515 qui
305 3448 536 3521 γενητὸν
558 3449 694 3503 Θεὸν
725 3451 1031 3522 appellasse
1056 3452 1252 3507 Filium
1285 3453 1666 3517 insimulatur,
1696 3464 1752 3508 et
1861 3460 2016 3516 ptura
2067 3451 2202 3506 dicit
2241 3470 2255 3506 :
2297 3451 2407 3521 ligo
2461 3453 2576 3507 dixi
2609 3469 2629 3510 :
2669 3452 2759 3506 Dii
2797 3455 2944 3517 estis,
2990 3463 3038 3507 et
3086 3455 3188 3523 ﬁlii
3237 3456 3443 3511 Επειεί

181 3541 261 3609 qui
289 3549 416 3596 tom.
453 3557 491 3596 ιι
517 3541 571 3596 in
600 3543 787 3610 Joan.,
821 3560 972 3598 num.
1004 3544 1057 3606 6,
1079 3544 1304 3600 credere
1344 3562 1403 3600 se
1431 3547 1566 3600 dixit
1594 3547 1752 3615 ἁγέν-
1859 3557 2037 3596 omnes
2063 3543 2135 3607 ”,
2172 3559 2311 3597 unus
2342 3554 2523 3598 tamen
2558 3555 2646 3599 est
2670 3555 2864 3598 natura
2891 3545 3063 3600 Filius
3088 3557 3146 3600 et
3185 3545 3443 3617 Uuigeui—

181 3650 324 3703 νητον
355 3635 694 3706 (legendum,
726 3636 812 3690 vel
842 3646 992 3692 certe
1036 3637 1442 3708 intelligendum
1465 3640 1749 3710 ἀγένητον)

1866 3645 1943 3688 lus
1967 3636 2032 3690 de
2059 3635 2236 3693 Patre.
2279 3656 2297 3688 ι

183 3725 331 3796 μηδὲν
361 3727 554 3799 ἕτερον
583 3727 678 3781 τοῦ
712 3728 926 3800 Πατρὸς
951 3723 1094 3780 εἶναι
1114 3767 1129 3792 ,
1165 3727 1269 3782 boc
1308 3738 1389 3780 est
1432 3744 1595 3781 unum
1644 3727 1750 3781 Pa-

1927 3729 2228 3786 Comtuode
2259 3744 2389 3784 vero
2420 3737 2717 3798 exponetur
2746 3729 2896 3784 locus
2933 3743 2963 3780 a
3020 3727 3252 3783 Diodoro
3302 3729 3442 3783 reci-

185 3827 304 3871 trem
333 3820 606 3889 principio
638 3835 860 3884 carere,
892 3835 990 3874 nec
1033 3820 1101 3875 ab
1149 3818 1254 3874 alio
1299 3819 1502 3873 habere
1551 3828 1610 3872 ιιι
1656 3819 1750 3882 sit,
1859 3831 2023 3882 tatus,
2049 3822 2138 3875 ubi
2172 3822 2263 3875 lux
2285 3836 2314 3874 a
2350 3821 2458 3875 Deo
2481 3821 2738 3890 producta
2764 3820 2960 3876 Genes.
2996 3837 3034 3886 ι,
3059 3821 3114 3887 5,
3139 3821 3302 3876 Filius
3321 3835 3442 3876 esse

183 3907 358 3965 Filium
389 3922 574 3966 tamen
612 3912 877 3984 ἀγένητον
923 3921 1079 3968 vocat
1133 3911 1227 3966 lib.
1283 3927 1334 3964 vt
1380 3920 1562 3964 contra
1586 3910 1750 3972 σεῖε..
1861 3913 2103 3974 dicitur,
2133 3911 2176 3965 si
2223 3912 2654 3980 respondeamus
2707 3912 2758 3964 id
2813 3912 3103 3982 allegorice
3148 3913 3212 3964 ad
3243 3911 3440 3966 Filium

184 4017 316 4057 num.
343 4005 432 4066 I7,
488 4003 624 4058 Οὔτε
655 4006 766 4076 γὰρ
795 4006 886 4057 τὸν
907 4004 1170 4074 ἀγένητον
1196 4006 1291 4058 καὶ
1309 4004 1491 4075 πάσης
1513 4005 1749 4076 γενητῆς

1866 4001 2176 4071 ahOrigene
2209 4001 2378 4056 fuisse
2407 4002 2658 4058 relatum.
2701 4001 2967 4069 Quoniam
2987 4005 3130 4057 enim
3160 4017 3438 4072 nunquam

184 4093 378 4160 φύσεως
419 4097 768 4168 πρωτότοκον
809 4099 930 4150 κατ’
967 4096 1123 4160 ἀξίαν
1163 4096 1358 4150 εἰδέναι
1394 4112 1480 4158 τις
1523 4095 1746 4149 δύναται

1866 4110 1964 4147 non
2005 4096 2139 4147 dicit
2167 4092 2331 4147 Pater
2366 4110 2380 4147 :
2421 4111 2440 4144 ι
2472 4093 2583 4162 Ego
2613 4093 2776 4149 hodie
2801 4094 2959 4163 genui
2993 4102 3045 4147 te
3076 4093 3120 4124 ³⁸
3147 4109 3162 4156 ;
3207 4112 3225 4144 ι
3256 4094 3438 4148 induci

179 4185 282 4249 dice
302 4189 571 4257 γεννήσας
601 4189 762 4243 αὐτὸν
792 4189 1004 4260 Πατήρ.
1028 4188 1140 4242 Illic
1171 4186 1436 4256 ἀγένητον
1463 4195 1620 4240 sonat
1641 4203 1746 4240 non

1866 4200 2067 4254 pioque
2097 4194 2275 4252 potest
2297 4199 2512 4254 semper
2537 4185 2754 4240 dicens:
2789 4185 3062 4254 Gignatur
3095 4185 3262 4239 Filius
3289 4202 3442 4238 meus

183 4271 386 4338 factum,
413 4291 522 4329 non
548 4286 805 4331 creatum.
844 4274 982 4329 Hinc
1040 4284 1221 4328 natam
1281 4273 1477 4340 opinor
1516 4273 1744 4340 primatu
1855 4278 1946 4343 qui
1982 4287 2066 4332 est
2111 4278 2204 4331 lux
2241 4292 2390 4332 vera.
2424 4276 2634 4332 Firtnat
2673 4277 2817 4332 banc
2851 4279 3257 4345 responsionem
3307 4293 3435 4340 vox,

182 4380 208 4414 e
259 4367 734 4422 criminationibus
801 4368 1065 4422 adversus
1129 4365 1417 4436 Origeuetn
1473 4363 1745 4425 conﬂatis,
1856 4370 2195 4441 γεννηθήτω,
2239 4372 2490 4442 gignatur
2521 4387 2540 4424 :
2571 4370 2652 4426 sic
2691 4370 2838 4424 enim
2875 4370 3069 4439 legitur
3118 4371 3168 4422 in
3209 4368 3438 4431 Catena,

183 4473 302 4526 quas
338 4459 654 4529 Pamphilus
701 4459 756 4514 in
800 4458 1059 4530 Apologia
1105 4465 1372 4512 recenset.
1427 4454 1614 4508 Prima
1653 4455 1746 4508 illa
1858 4478 1962 4517 non
1995 4472 2054 4515 ut
2082 4463 2259 4533 vulgo,
2289 4462 2596 4534 γενηθήτω,
2635 4461 2750 4526 fiat.
2786 4461 3010 4516 Penitus
3055 4477 3182 4516 vero
3215 4465 3266 4516 id
3305 4479 3439 4518 cuu-

243 4547 284 4580 "
312 4548 454 4603 PsaI.
491 4565 677 4610 Lxxxt.
713 4550 765 4603 6.
843 4550 887 4581 ³³
927 4548 1071 4606 Psal.
1113 4564 1174 4612 tt,
1210 4548 1262 4602 7.

1778 3230 1820 3287 C

247 4663 350 4736 (I2)
406 4665 495 4720 Ila
541 4664 874 4734 Epiphanius
917 4665 1052 4736 vocis
1087 4662 1339 4734 γενητὸς
1411 4679 1586 4736 usum,
1631 4673 1739 4718 etc.
1774 4667 1786 4722 l

1866 4663 2036 4727 ιπλῶς
2066 4664 2210 4736 ἀρχὴ
2229 4663 2339 4718 τῶν
2367 4664 2537 4718 ὄντων
2566 4665 2594 4716 ὁ
2621 4664 2774 4728 Θεὸς.
2810 4682 2830 4716 ι
2867 4662 2982 4736 Non
3023 4661 3259 4736 absurde
3310 4660 3433 4729 quis

186 4731 421 4807 Displicet
465 4731 767 4804 Epiphanio
817 4746 871 4790 et
917 4731 1246 4807 Hieronymo
1301 4736 1505 4804 genitus
1554 4734 1690 4807 Dens
1723 4750 1742 4787 :
1853 4731 2234 4807 universorum
2289 4737 2454 4807 I_)e_ttm
2517 4737 2850 4807 principium
2904 4735 3122 4807 dixerit,
3159 4731 3334 4807 palam
3366 4746 3436 4807 eo

187 4803 310 4855 idem
355 4822 477 4860 esse
511 4802 718 4859 velunt
759 4814 812 4858 et
857 4807 1058 4874 factum
1112 4802 1176 4858 ac
1222 4802 1457 4858 creatum
1483 4845 1498 4868 ,
1551 4803 1743 4858 saltem
1850 4806 2172 4873 procideus,
2201 4815 2260 4859 ut
2293 4805 2414 4858 Filii
2444 4802 2776 4874 principium
2811 4805 2880 4858 sit
2904 4803 3096 4867 Pater,
3133 4812 3187 4874 et
3223 4802 3432 4874 princi-

186 4876 309 4942 apud
343 4875 633 4943 Origenetn
657 4916 672 4940 ,
704 4876 773 4930 de
801 4871 954 4942 cujus
997 4876 1309 4929 Arianistuo
1347 4891 1451 4929 non
1494 4875 1737 4942 przeiudi-
1847 4871 1996 4942 pium
2021 4885 2395 4928 creaturarum
2425 4871 2669 4937 Creator,
2701 4892 2761 4929 ac
2781 4874 3080 4940 generatim
3109 4871 3432 4943 principium

187 4939 336 5016 cium,
356 4939 469 5000 sed—
495 4946 653 5016 plane
674 4939 936 5012 judicium
963 4946 1223 5016 fecerant.
1267 4944 1371 4998 Sed
1403 4939 1532 5016 illud
1579 4961 1742 5016 γενη-

1866 4946 2054 4997 :utium
2086 4945 2246 5016 Deus.
2283 4962 2302 4994 ι
2339 4944 2541 5016 Eodem
2567 4960 2728 4998 sensu
2747 4939 2905 5016 docet
2927 4953 3058 4995 tom.
3087 4957 3146 5001 tt,
3171 4939 3428 5016 nutu.23.

185 5011 284 5080 τὸν,
320 5031 438 5068 cum
481 5011 547 5071 de
585 5011 721 5070 Filio
751 5017 954 5071 dicitur
975 5018 1040 5069 ab
1064 5014 1326 5084 Origene,
1376 5014 1461 5068 vel
1498 5011 1740 5082 genera-
1851 5016 2050 5068 multas
2080 5015 2171 5068 Dei
2207 5015 2570 5082 proprietates
2599 5015 2851 5082 cognosci
2885 5028 2992 5066 non
3041 5025 3199 5079 posse
3232 5011 3430 5084 {bubu-

188 5078 277 5156 tim'
307 5087 580 5156 signiﬁcat
602 5088 650 5140 id
678 5088 821 5154 quod
844 5089 1002 5140 habet
1030 5078 1359 5156 aliqu-uilﬂsui
1389 5078 1736 5153 principium,
1851 5099 2008 5156 mau_a
2034 5078 2256 5156 natura,
2292 5078 2431 5138 forte
2461 5085 2624 5138 etiam
2648 5078 2748 5156 nec
2771 5085 2838 5136 ab
2862 5084 2984 5156 aliis
3016 5078 3213 5156 printer
3231 5078 3427 5156 filium

187 5149 259 5206 vel
290 5149 462 5210 verum
496 5149 900 5226 generaiiouem
936 5149 1202 5226 designat.
1240 5149 1535 5226 Utriusque
1568 5149 1735 5226 iuter-
1849 5151 2214 5226 ct_Spiritum_
2263 5162 2524 5226 sanctum
2567 5154 2763 5226 genitis
2802 5149 3175 5226 “rebus,;rdlat
3226 5149 3282 5203 δὲ
3337 5149 3432 5202 καὶ

1468 5224 1587 5276 ima:
1622 5225 1738 5292 qui-
1849 5220 2053 5294 ἑτέροις
2079 5223 2230 5294 παρὰ
2261 5223 2495 5294 Χριστὸν
2550 5220 2647 5278 καὶ
2692 5222 2750 5275 τὸ
2798 5221 2961 5294 ἅγιον
3000 5220 3240 5294 Πνεῦμα
3269 5235 3431 5290 γενη-

1846 5291 1976 5357 τοῖς.
2009 5291 2352 5363 Νιίιὶιίείιιιι·
2386 5305 2654 5364 repugnat
2681 5294 2888 5364 genitus
2925 5291 3186 5364 Deus,“
3231 5292 3301 5342 ita
3333 5306 3430 5341 ac-

1845 5367 2110 5432 cipiatur;
2143 5362 2346 5431 atquo
2374 5362 2546 5417 sensu
2577 5363 2909 5432 Epiphanius
2963 5373 3017 5414 et
3069 5362 3432 5432 Hieronymus

1846 5429 2142 5502 accipiunt,
2193 5429 2457 5502 nusquam
2488 5429 2634 5503 apud
2665 5429 2958 5497 Origenem
3013 5442 3288 5503 occurrit;
3323 5429 3430 5482 nisi

1847 5500 1988 5558 forte
2013 5503 2244 5558 velimus
2270 5500 2442 5573 ipsam
2472 5500 2654 5558 Patris
2676 5512 2925 5573 naturam
2952 5517 3037 5573 ex
3075 5500 3431 5573 nihilo_crea-

1849 5584 1955 5627 tam
1991 5577 2059 5629 ab
2088 5568 2322 5644 Origene
2347 5573 2670 5644 existimari.
2709 5572 2842 5644 Nam
2878 5571 3213 5644 voluntatem
3254 5568 3429 5622 Patris

1849 5645 1900 5698 iu
1951 5644 2091 5698 Filio
2121 5641 2292 5711 nasci,
2333 5643 2615 5715 γινόμενον
2665 5643 2724 5698 ὲν
2769 5641 2846 5712 τῷ
2873 5641 3020 5715 rid),
3056 5641 3339 5715 declarat,
3371 5647 3432 5715 ut

1849 5730 2012 5783 supra
2041 5716 2291 5770 vidimus.
2329 5711 2400 5762 4—-
2444 5711 2506 5768 D.
2557 5711 2827 5772 Prudent.’
2869 5711 3058 5766 ιιλω
3100 5712 3178 5770 De
3219 5711 3428 5765 dieinit.

1852 5784 2070 5855 Christi,
2102 5785 2191 5842 lib.
2227 5801 2299 5855 tv,
2331 5802 2452 5855 cap.
2488 5784 2578 5853 l5,
2606 5799 2758 5840 num.
2789 5786 2849 5838 1.

188 5225 764 5298 pretatiunis’exempla
790 5227 991 5298 passim
1026 5236 1365 5298 occurrunt;
1400 5225 1587 5298 prima:
1622 5225 1738 5298 qui-

187 5298 293 5347 dem
342 5310 462 5355 cum
515 5295 1003 5367 Origeites'solum
1055 5297 1268 5350 Patrem
1315 5295 1614 5367 ingenitum
1650 5297 1737 5345 th:—

189 5377 467 5432 iuonstrat,
495 5383 558 5422 ac
588 5366 788 5426 Filium
829 5382 949 5423 cutn
980 5367 1146 5422 rebus
1178 5366 1378 5418 creatis
1404 5367 1457 5418 in
1493 5379 1558 5417 eo
1587 5379 1725 5417 com-

188 5447 366 5498 parare
415 5455 519 5492 non
582 5440 814 5502 dubitat,
849 5449 979 5493 tutu.
1031 5453 1072 5492 ll
1130 5438 1183 5489 in
1228 5435 1415 5499 Joan.,
1478 5449 1624 5488 nutu.
1679 5438 1734 5496 ti,

187 5507 315 5567 quod
343 5524 368 5558 a
400 5505 558 5562 Patre
586 5510 859 5571 acceperit
903 5520 966 5563 ut
1013 5515 1179 5571 esset,
1220 5520 1346 5560 cum
1399 5507 1502 5558 hoc
1553 5516 1733 5556 tamen

188 5574 504 5644 discrimine,
535 5584 679 5650 quod
711 5574 881 5650 Filius
917 5579 985 5632 ab
1017 5589 1222 5634 aeterno
1256 5577 1492 5646 genitus,
1530 5575 1733 5650 lSl:B_l_tl

191 5651 415 5710 tempore
470 5646 688 5704 create.
755 5648 846 5703 Sic
896 5651 1060 5703 etiam
1125 5657 1256 5703 tom.
1324 5661 1362 5710 ι⁹
1437 5661 1588 5699 ιιιιηι.
1646 5646 1735 5707 I7,

191 5722 311 5786 μείς,
336 5716 432 5769 I9:
451 5719 563 5774 Οὐκ
594 5719 811 5782 ἀτόπως
839 5717 898 5773 δὲ
923 5719 1017 5773 καὶ
1046 5719 1134 5770 τὸν
1158 5719 1266 5771 τῶν
1299 5717 1436 5771 ὅλων
1459 5715 1593 5768 Θεὸν
1623 5717 1740 5786 ἐρεῖ

190 5795 264 5861 τις
292 5785 480 5861 ᾁρχὴν,
502 5791 684 5860 σαφῶς
707 5790 1028 5861 προπίπτων
1048 5791 1129 5861 ὅτι
1152 5789 1293 5859 ἀρχὴ
1319 5786 1450 5861 rio?)
1473 5787 1502 5838 ὁ
1519 5785 1738 5861 *Πατήρ

195 5853 274 5905 καὶ
463 5853 958 5933 δημίουργήμάτων
993 5862 1022 5913 ὁ
1061 5853 1414 5929 δημιοῦργὸς,
1448 5857 1541 5913 καὶ
1563 5853 1741 5922 ἁπαξ-

491 5959 764 6020 ΡΔτιιοιι.
805 5960 925 6020 Gn.
958 5958 1164 6020 XVII.

3033 5947 3114 6005 ‘25
