3878 6514
224 400 309 459 ist
1058 355 1628 493 ontcsNtANonuu
1667 397 1774 454 un

1886 441 1898 465 ,
1933 399 2088 456 CAP.
2131 399 2196 466 ll,
2237 397 2515 466 QUIEST.
2557 397 2619 452 ll.
2707 399 2714 404 ’

3345 397 3447 450 782

225 534 350 580 nent,
365 514 505 585 quod
519 513 614 570 ille
636 514 1090 584 sitprimogenitus
1107 516 1274 570 omnis
1294 525 1565 582 creatum,
1581 526 1629 570 et
1644 517 1777 586 quod

1890 525 1948 568 ιιι
1995 523 2137 571 esset
2173 513 2364 580 Filius,
2401 513 2494 569 sed
2541 523 2757 582 semper
2803 509 2924 574 fuit,
2973 513 3164 572 etest,
3213 506 3354 560 sicut
3398 519 3450 560 et

223 624 318 680 pra:
339 607 544 660 naturis
581 605 811 676 reliquis
837 606 904 661 sit
930 604 1278 676 τελειωτάτη,
1313 616 1371 658 ut
1407 606 1642 673 loquitur
1661 606 1777 660 Cle-

226 715 358 754 mens
397 697 807 753 Alexandrinus
837 697 928 752 lih.
971 713 1042 752 vtt
1086 697 1310 752 Strom.:
1333 697 1442 750 Kal.
1477 697 1776 767 ἁγιωτάτῃ,

227 790 305 844 καὶ
330 788 668 860 κυριωτάτη,
703 789 798 843 καὶ
826 788 1294 860 ἡγεμονικωτάτη,
1314 789 1780 858 καὶβασιλικωτά-

227 899 299 952 τη.
332 879 510 950 ήΥίοῦ
537 881 706 948 φύπς
739 882 774 952 ἡ
795 881 872 952 τῷ
911 881 1054 951 μόνῳ
1082 880 1481 952 παντοκράτορι
1523 898 1782 953 προσεχε-

227 970 394 1040 στάτη.
433 987 453 1020 ι
489 967 923 1034 Perfectissima,
955 983 1009 1024 et
1035 971 1401 1036 sanctissima,
1448 981 1501 1024 et
1549 973 1781 1028 maxime

225 1062 509 1125 dominans,
533 1068 592 1114 et
623 1061 864 1115 maxime
902 1062 1249 1131 imperatoria
1281 1077 1346 1116 ac
1371 1063 1512 1131 regia
1531 1062 1652 1118 Filii
1685 1079 1781 1117 na-

225 1164 348 1217 tura,
366 1168 483 1222 quae
506 1153 609 1208 soli
645 1153 1015 1224 Omnipotenti
1042 1155 1496 1224 propinquissima
1518 1164 1616 1211 est.
1634 1176 1653 1208 ι
1675 1156 1778 1211 Sed

227 1259 391 1314 parum
423 1244 657 1299 interest
686 1261 790 1314 qua
822 1260 950 1300 voce
977 1246 1316 1324 Filiiortum
1350 1261 1379 1300 a
1419 1245 1577 1302 Patre
1611 1247 1779 1318 signi-

228 1335 465 1398 ﬁcaverit,
494 1336 614 1388 sive
641 1333 861 1388 κτιστόν
889 1335 1184 1404 appellans.
1239 1337 1352 1392 sive
1379 1337 1620 1407 ποιητόν,
1667 1337 1781 1390 sive

226 1426 480 1495 γεννητόν,
509 1425 805 1481 dummodo
831 1428 896 1483 de
924 1442 980 1481 re
1020 1435 1247 1480 constet.
1279 1425 1622 1481 Manifestum
1656 1427 1782 1482 hinc

225 1525 292 1570 est
317 1518 474 1569 etiam
501 1531 612 1583 quo
635 1532 798 1572 sensu
822 1519 1022 1572 dixerit
1042 1526 1170 1572 tom.
1207 1533 1243 1572 tt
1266 1519 1320 1573 in
1343 1517 1531 1584 Jaan.,
1557 1499 1704 1572 num.
1723 1520 1776 1584 2,

225 1606 396 1661 Filium
437 1623 469 1661 e
505 1607 795 1662 divinitate
848 1608 1024 1663 Patris
1079 1609 1413 1664 divinitatem
1461 1625 1614 1664 suam
1649 1612 1777 1664 hau-

227 1701 315 1751 rire
349 1708 399 1752 et
446 1699 699 1762 trahere,
733 1699 842 1752 ἀπὸ
868 1697 961 1751 τοῦ
997 1696 1133 1751 Θεοῦ
1175 1699 1473 1768 ἀρύσαντα,
1525 1711 1600 1762 et,
1643 1699 1780 1752 σπά-

226 1807 371 1844 σαντα
395 1790 493 1860 τῆς
530 1790 790 1862 θεότητος
815 1791 894 1854 εἰς
921 1790 1134 1857 ἑαυτὸν,
1196 1793 1294 1846 hoc
1327 1801 1432 1856 est,
1481 1792 1779 1860 portionem

1881 604 2062 659 Pater.
2100 623 2118 653 ι
2152 602 2514 671 Quamobrem
2554 598 2876 654 Athanasius
2932 596 2984 667 in
3034 596 3170 649 libro
3225 594 3299 648 De
3355 595 3448 648 de-

1880 691 2033 745 cretis
2078 689 2316 744 Nicaeum
2361 689 2549 758 synodi
2597 687 2674 741 sic
2701 686 2779 740 ait
2814 702 2829 740 :
2868 685 3002 756 Περὶ
3032 684 3089 738 δὲ
3134 682 3228 737 τοῦ
3269 683 3453 746 ἁῖδίως

1882 782 2116 833 συνεῖναι
2141 780 2230 834 τὸν
2259 780 2428 849 Λόγον
2453 778 2530 849 τῷ
2555 777 2838 849 Πατρί.....
2878 776 3076 843 ἐξέστω
3113 776 3273 829 πάλιν
3310 777 3453 845 ὑμᾶς

1879 871 2106 926 ἀκοῦσαι
2133 873 2226 926 καὶ
2254 870 2403 941 παρὰ
2434 869 2525 923 τοῦ
2575 869 2858 937 φιλοπόνου
2892 867 3194 938 Ὠριγένους
3228 864 3245 895 ·’
3265 875 3319 921 et
3353 866 3466 920 So-'

1880 974 2077 1029 crates,
2109 964 2200 1018 lib.
2232 978 2331 1025 vit,
2371 975 2490 1030 cap.
2529 961 2593 1026 6,
2638 969 2920 1029 postquam
2980 958 3212 1012 lectitari
3263 957 3452 1012 solitos

1883 1055 2049 1112 fuisse
2076 1056 2209 1112 dixit
2242 1055 2519 1110 Platonem
2552 1069 2582 1108 a
2608 1052 2859 1120 Georgio,
2891 1049 3174 1120 Origenem
3217 1065 3246 1102 a
3269 1049 3452 1105 Timo-

1883 1149 2006 1204 theo
2030 1148 2248 1203 Arianis
2276 1147 2610 1218 presbyteris
2639 1164 2652 1199 :
2684 1143 2971 1214 Θαυμάσαι
3001 1137 3092 1195 οῦν
3121 1159 3232 1212 μοι,
3253 1141 3448 1210 inquit,

1881 1241 2056 1295 ἔπεισι
2100 1241 2217 1305 πῶς
2246 1231 2388 1294 οὗτοι
2427 1241 2475 1293 οἱ
2524 1238 2714 1310 ἄνδρες
2752 1239 2818 1309 τῇ
2853 1235 3141 1307 Ἀρειανῶν
3188 1233 3453 1306 θρησκείᾳ

1882 1332 2236 1404 παρέμειναν,
2272 1323 2348 1384 ὧν
2370 1331 2398 1382 6
2429 1331 2525 1402 μὲν
2555 1329 2645 1383 τόν
2674 1328 2933 1382 Πλάτωνα
2963 1328 3048 1380 ἀεὶ
3087 1323 3224 1396 μετὰ
3265 1327 3450 1394 χεῖρας

1881 1419 2024 1494 εἶχεν
2055 1440 2068 1453 ⁸
2093 1425 2121 1476 ό
2145 1423 2202 1476 δὲ
2222 1422 2313 1475 τὸν
2338 1421 2620 1493 Ὠριγένην
2635 1420 2891 1473 ἁνέπνεεν
2911 1437 2923 1450 ·
2941 1418 3061 1472 οὐδὲ
3090 1416 3198 1487 γὰρ
3227 1415 3452 1469 Πλάτων

1879 1515 1939 1567 τὸ
1958 1515 2207 1586 δεύτερον
2244 1514 2339 1567 καὶ
2366 1514 2425 1566 τὸ
2448 1512 2627 1585 τρίτον
2657 1513 2846 1576 αἴτιον,
2880 1510 2954 1574 ὡς
2981 1508 3142 1572 αὐτὸς
3167 1506 3452 1578 ὀνομάζειν

1881 1605 2090 1671 εἴωθεν,
2125 1605 2298 1676 ἀρχὴν
2334 1603 2618 1677 ὑπάρξεως
2652 1602 2927 1673 εἰληφέναι
2963 1601 3093 1670 φησί
3125 1616 3139 1630 ·
3175 1598 3268 1652 καὶ
3308 1599 3451 1669 Ὠρι-

1881 1699 2041 1769 γένης
2105 1699 2366 1752 συναῒδιον
2419 1697 2690 1767 πανταχοῦ
2759 1697 3007 1767 ὁμολογεί
3065 1695 3156 1748 τὸν
3197 1693 3323 1747 Υἱδν
3373 1691 3452 1763 τῷ

1882 1788 2077 1861 Πατρί.
2130 1789 2300 1843 Vertit
2328 1789 2658 1857 Epiphanius
2708 1787 3073 1844 Scholasticus
3109 1802 3119 1834 :
3154 1804 3172 1838 ι
3205 1785 3347 1856 Mihi,
3371 1795 3452 1839 ta-

223 1880 532 1942 divinitatis,
581 1861 692 1936 non
729 1883 1088 1937 divinitatem.
1126 1882 1415 1947 Praeterea,
1453 1886 1704 1954 quoniam
1736 1888 1779 1941 si
1814 1861 1852 1915 Β
1885 1897 2004 1933 men
2027 1881 2238 1934 Videtur
2260 1880 2600 1944 admirabile,
2625 1880 2891 1949 quomodo
2922 1879 3057 1933 tales
3095 1879 3196 1932 viri
3218 1878 3269 1931 in
3288 1877 3448 1931 Aria-

132 1996 143 2020 ι
223 1972 365 2026 solem
412 1983 689 2026 aeternum
724 1987 914 2041 ponas,
968 1973 1140 2026 lucem
1202 1984 1526 2027 coaeternam
1581 1990 1782 2044 ponere

223 2078 416 2117 necesse
437 2073 554 2125 est.
601 2063 808 2118 idcirco
830 2075 1158 2118 comternum
1195 2063 1332 2118 Filio
1370 2064 1582 2120 Patrem
1615 2081 1782 2130 agno-

219 2157 282 2209 vit
324 2165 443 2208 tom.
504 2156 618 2209 ιρὶη
657 2153 844 2216 10am.
894 2171 1041 2208 num.
1100 2156 1191 2209 5‘2.
1229 2155 1357 2208 Ὅτε
1407 2155 1464 2208 δὲ
1500 2157 1560 2209 τό
1593 2174 1606 2186 °
1654 2158 1784 2222 Υἱός

217 2241 495 2313 μουεῘσὺ,
511 2245 630 2311 ἐγὼ
649 2245 918 2314 σήμερον
936 2244 1266 2314 γεγέννηκά
1288 2262 1384 2310 σε,
1412 2246 1626 2315 λέγεται
1649 2248 1784 2318 πρὸς

220 2338 346 2392 αὐτόκ
377 2339 488 2391 ὑπὸ
515 2337 611 2392 τοῦ
639 2337 798 2403 Θεοῦ,
825 2331 868 2405 ᾧ
894 2335 978 2391 ἀεί
1015 2337 1132 2389 ἐστι
1167 2337 1227 2390 τὸ
1263 2339 1501 2408 σήμερον
1534 2355 1546 2368 ’
1577 2338 1675 2391 οὐκ
1705 2338 1782 2392 ἔνι

220 2431 308 2502 γὰρ
335 2431 546 2504 ἑσπέρα
576 2430 716 2485 Θεοῦ
744 2447 758 2460 ⁸
789 2429 900 2499 ἐγὼ
941 2430 998 2484 δὲ
1043 2430 1281 2502 ἠγοῦμαι
1316 2431 1396 2482 ὄτι
1429 2431 1549 2484 οὐδὲ
1577 2431 1779 2502 πρωΐα,

219 2523 311 2576 ἀλλ’
336 2524 362 2574 6
391 2522 890 2594 συμπαρεκτεινων
915 2525 982 2594 τῇ
1016 2523 1263 2593 ἀγενήτῳ
1298 2522 1392 2576 καὶ
1427 2506 1582 2592 ἆῖδίῳ
1616 2521 1778 2575 αὑτοῦ

219 2614 328 2682 ζωῇ,
345 2613 407 2665 ἶν’
433 2611 616 2675 οὕτως
637 2610 802 2676 εἴπω,
833 2611 1041 2681 χρόνος,
1081 2611 1260 2682 ἡμέρα
1296 2610 1442 2681 αὐτῷ
1463 2612 1577 2664 ἐστι
1608 2613 1780 2682 σήμε-

220 2721 312 2774 ρον,
337 2698 451 2776 ὲνῇ
488 2705 820 2774 γεγέννηται
846 2705 875 2756 ό
909 2704 1037 2768 Υἱός
1065 2721 1078 2733 ⁸
1111 2704 1284 2776 ἀρχῆς
1320 2705 1584 2772 γενέσεως
1618 2703 1779 2758 αὐτοῦ

217 2795 362 2860 οὕτως
396 2798 498 2868 οὐχ
548 2797 976 2869 εὑρισκομὲνης,
1024 2795 1098 2858 ὼς
1129 2795 1250 2848 οὐδὲ
1295 2795 1396 2864 τῆς
1445 2795 1656 2868 ἡμέρας
1684 2814 1697 2828 ’
1728 2807 1783 2851 et

219 2885 296 2940 lib.
325 2903 339 2942 ι
377 2889 536 2956 ’Περὶ
589 2887 823 2958 ἀρχῶν,
858 2903 978 2957 cap.
1017 2887 1073 2949 Ξ,
1109 2903 1258 2944 num.
1290 2886 1388 2940 1οε
1426 2905 1444 2938 ι
1474 2887 1576 2941 Per
1605 2888 1780 2941 Evan-

219 2980 389 3048 gelium
419 2980 664 3035 docetur
693 2980 824 3049 quia
851 2978 1027 3032 omnia
1056 2994 1149 3047 per
1192 2979 1361 3046 ipsum
1398 2977 1538 3046 facta
1567 2988 1708 3042 sunt,
1732 2987 1781 3032 et

218 3074 308 3124 sine
336 3074 442 3140 ipso
473 3071 684 3140 factum
716 3081 790 3126 est
826 3069 956 3124 nihil
998 3071 1067 3102 ³⁸⁸
1103 3087 1118 3122 :
1169 3077 1225 3126 et
1256 3070 1517 3141 intelligat
1543 3085 1609 3125 ex
1656 3071 1780 3133 hoc,

218 3161 320 3230 quia
359 3178 464 3217 non
529 3171 716 3232 potest
776 3148 1048 3231 antiquior
1115 3174 1240 3216 esse
1313 3160 1368 3214 in
1446 3161 1555 3214 Deo
1605 3161 1850 3250 omni-C

217 3257 423 3321 potentis
451 3253 776 3324 appellatio,
813 3268 976 3323 quam
1033 3252 1213 3307 Patris
1241 3269 1254 3306 :
1290 3267 1388 3322 per
1417 3251 1609 3306 Filium
1635 3253 1780 3306 enim

215 3347 538 3415 omnipotens
589 3354 680 3401 est
743 3343 933 3409 Pater;
995 3362 1014 3395 ι
1081 3352 1138 3398 et
1193 3344 1374 3412 capite
1428 3345 1674 3414 sequenti
1716 3345 1783 3398 de

216 3436 264 3491 S.
301 3438 572 3493 Trinitate
613 3437 846 3508 loquens
895 3437 970 3491 ait
1005 3453 1152 3491 num.
1187 3436 1220 3490 4
1254 3454 1268 3491 :
1304 3456 1321 3488 ι
1367 3436 1440 3491 Ea
1487 3436 1556 3491 de
1587 3437 1782 3505 quibus

219 3527 492 3598 loquimur,
529 3538 776 3585 tractatu
828 3529 1048 3599 quidem
1100 3528 1368 3584 sermonis
1413 3527 1783 3598 temporaliter

214 3624 570 3689 nominantur,
630 3631 824 3676 natura
873 3629 1054 3676 autem
1089 3622 1170 3678 sui
1219 3636 1436 3678 omnem
1485 3620 1783 3690 intelligen-

214 3713 320 3766 tiam
349 3728 555 3769 sensus
595 3711 916 3780 temporalis
957 3713 1258 3777 excedunt;
1309 3728 1328 3762 ι
1373 3719 1429 3766 et
1475 3710 1567 3764 lib.
1615 3725 1687 3775 tv,
1725 3711 1780 3764 in

213 3803 626 3874 Anacephalwosi
648 3843 666 3868 ,
703 3818 856 3859 num.
890 3803 960 3859 28
996 3819 1010 3857 ς
1047 3821 1067 3855 ι
1108 3801 1282 3872 Supra
1337 3817 1496 3856 omne
1545 3810 1778 3871 tempus,

213 3904 259 3947 et
279 3910 428 3960 supra
470 3895 665 3949 omnia
719 3895 936 3959 saecula,
979 3904 1031 3949 et
1064 3910 1226 3964 supra
1256 3909 1470 3948 omnem
1504 3895 1777 3950 arternita-

216 3997 304 4041 tem
334 3987 694 4057 intelligenda
736 3994 863 4040 sunt
904 4000 968 4040 ea
993 4002 1114 4056 qua:
1142 3987 1206 4041 de
1240 3985 1418 4050 Patre,
1450 3997 1504 4042 et
1533 3987 1693 4052 Filio,
1727 3993 1781 4040 et

215 4076 396 4148 Spiritu
423 4086 624 4133 sancto
650 4077 926 4132 dicuntur.
951 4077 1080 4132 llaec
1106 4077 1249 4134 enim
1277 4078 1388 4132 sola
1423 4078 1664 4132 Trinitas
1695 4086 1781 4132 est

215 4186 315 4240 quze
337 4189 556 4229 omnem
591 4186 819 4227 sensum
865 4171 1251 4241 intelligentiae,
1291 4188 1396 4228 non
1435 4172 1605 4226 solum
1638 4182 1777 4225 tem-

215 4267 414 4332 poralis,
444 4280 644 4321 verum
670 4265 837 4319 etiam
859 4265 1130 4319 :nternalis
1152 4263 1386 4318 excedit.
1403 4262 1606 4319 Caetera
1624 4278 1773 4327 vero,

216 4373 317 4425 qua:
338 4369 458 4412 sunt
492 4369 656 4413 extra
693 4355 1041 4423 Trinitatem,
1087 4357 1140 4410 in
1175 4356 1386 4412 sazculis
1435 4364 1490 4411 et
1540 4357 1594 4410 in
1641 4366 1776 4411 tem-

217 4449 412 4514 poribus
447 4449 730 4502 metienda
775 4457 920 4503 sunt.
962 4465 982 4500 ι
1023 4447 1157 4514 Quae
1209 4447 1324 4502 loca
1361 4461 1482 4515 cap.
1520 4447 1588 4500 15
1609 4456 1663 4500 et
1706 4447 1773 4503 l9

1884 1986 2071 2023 norum
2095 1969 2208 2040 lege
2247 1971 2566 2036 manserint,
2599 1986 2825 2039 quorum
2859 1985 2994 2026 unus
3020 1969 3235 2040 quidem
3265 1967 3452 2024 Plato-

1884 2077 2004 2115 nem
2059 2076 2270 2121 semper
2306 2063 2539 2117 habebat
2587 2065 2639 2118 in
2685 2062 2972 2129 manibus,
3015 2063 3155 2118 alter
3209 2062 3452 2131 spirabat

1877 2152 2078 2225 jugiter
2121 2154 2408 2225 Origenem
2449 2173 2464 2209 :
2498 2171 2620 2211 cum
2654 2171 2920 2226 nusquam
2950 2155 3105 2210 Plato
3154 2155 3448 2210 secundam

1882 2247 1963 2299 vel
2004 2247 2214 2301 tertiam
2275 2263 2493 2303 causam
2564 2246 2726 2319 (sicut
2778 2248 2895 2317 ipse
2943 2246 3227 2302 nominare
3287 2244 3446 2315 solet)

1884 2339 2092 2392 initium
2119 2339 2477 2395 subsistentia:
2515 2349 2723 2394 asserat
2744 2340 3072 2408 percepisse,
3097 2347 3150 2394 et
3188 2337 3451 2408 Origenes

1881 2439 2206 2482 coaeternum
2237 2429 2435 2497 ubique
2457 2428 2694 2484 fateatur
2722 2428 2917 2484 Filium
2951 2427 3133 2493 Patri;
3158 2447 3176 2479 ι
3202 2426 3450 2483 etGuido

1882 2518 2131 2574 Elnensis
2157 2520 2208 2573 in
2240 2518 2460 2576 Summa
2506 2526 2570 2576 de
2619 2521 2955 2577 haeresu'bus:
2996 2539 3015 2574 ι
3058 2521 3342 2590 Origenes,
3371 2520 3452 2573 in-

1882 2612 2018 2679 quit,
2058 2629 2217 2682 super
2277 2610 2572 2684 Epistolnm
2619 2617 2686 2667 ad
2738 2613 2891 2666 Rom.
2931 2628 2947 2667 t
2997 2627 3102 2666 non
3125 2621 3209 2668 est
3231 2620 3453 2667 secutus

1881 2717 2122 2759 errorem
2171 2705 2287 2760 Arii
2319 2708 2385 2760 de
2425 2707 2742 2762 exsistentia
2775 2705 2898 2760 Filii
2939 2704 3029 2760 Dei
3066 2721 3082 2759 :
3113 2704 3276 2760 Arius
3303 2705 3450 2760 enim

1882 2795 2014 2850 dicit
2035 2798 2175 2864 quod
2203 2807 2320 2852 erat
2354 2807 2562 2869 tempus
2591 2800 2809 2868 quando
2839 2797 2932 2851 Dei
2971 2798 3142 2854 Filius
3169 2816 3275 2855 non
3309 2807 3450 2866 erat,

1882 2887 2023 2955 quod
2056 2887 2306 2956 reprobat
2355 2888 2619 2957 Origenes
2642 2891 2948 2961 dupliciter,
2977 2893 3152 2961 primo
3177 2905 3453 2960 exponens

1882 2978 2011 3034 illud
2036 2979 2190 3034 Rom.
2227 2995 2274 3044 ι,
2307 2978 2410 3044 Qui
2441 2979 2611 3048 [actus
2639 2992 2712 3035 est
2740 2999 2805 3036 ea:
2834 2983 3029 3037 semine
3060 2981 3226 3034 David
3267 2996 3452 3034 secun-

1881 3070 2006 3124 dum
2029 3087 2260 3135 carnem,
2287 3073 2420 3127 dicit
2444 3073 2524 3127 sic
2557 3089 2572 3128 :
2605 3072 2802 3127 Facms
2821 3083 2905 3129 est
2932 3083 3112 3126 autem
3146 3073 3264 3127 sine
3287 3071 3453 3126 dubio

1883 3161 1936 3216 id
1963 3164 2101 3232 quod
2133 3165 2283 3233 prius
2317 3180 2422 3225 non
2457 3175 2576 3221 erat
2609 3166 2905 3220 secundum
2955 3181 3172 3220 carnem
3207 3181 3221 3217 :
3259 3180 3452 3218 secun-

1885 3257 2009 3311 dutn
2051 3266 2228 3310 autem
2285 3258 2556 3326 spiritum,
2605 3258 2658 3312 id
2712 3268 2796 3312 est
2835 3259 3126 3313 secundum
3163 3257 3450 3322 Deitatem,

1883 3364 1987 3419 qua
2022 3347 2161 3402 Deus
2184 3357 2266 3404 est
2296 3349 2542 3418 spiritus,
2588 3349 2737 3419 prius
2765 3357 2905 3417 erat,
2935 3358 2988 3403 et
3031 3363 3138 3402 non
3159 3355 3277 3403 erat
3317 3357 3454 3402 tem-

1882 3455 1981 3510 pus
2005 3440 2223 3510 quando
2247 3456 2353 3495 non
2409 3449 2546 3494 erat.
2606 3438 2856 3496 Secundo
2905 3438 3160 3508 reprobat
3205 3452 3450 3493 errorem

1882 3531 1993 3585 Arii
2024 3545 2146 3585 cum
2181 3530 2258 3585 ait
2288 3549 2302 3585 :
2335 3530 2746 3596 Observandum
2775 3540 2857 3586 est
2885 3532 3030 3586 enim
3080 3531 3208 3600 quia
3233 3545 3338 3584 non
3369 3529 3453 3583 di-

1879 3624 1956 3675 cit
1996 3640 2011 3675 :
2050 3621 2156 3687 Qui
2213 3619 2617 3691 prcedestinatus
2659 3632 2734 3676 est
2787 3620 2956 3675 Filius
2997 3620 3095 3675 Dei
3158 3623 3213 3674 in
3265 3621 3454 3676 virtute

1881 3716 2422 3784 secundumﬁspiritum
2445 3713 2902 3783 sanctiﬁcationis,
2923 3715 3016 3770 sed
3043 3713 3087 3745 ³⁵
3119 3713 3253 3767 dicit
3294 3729 3308 3766 :
3345 3711 3452 3777 Qui

1881 3805 2173 3878 destinatus
2205 3815 2280 3858 est
2328 3804 2504 3859 Filius
2553 3805 2650 3861 Dei
2693 3807 2748 3860 in
2808 3807 3080 3860 virtute...
3142 3807 3454 3862 Destinatur

1880 3897 2023 3950 enim
2050 3896 2138 3950 ille
2173 3896 2264 3965 qui
2299 3907 2423 3952 est:
2459 3898 2876 3966 prmdestinatur
2905 3912 3033 3952 vero
3070 3896 3160 3950 ille
3183 3899 3272 3965 qui
3313 3913 3451 3954 non-

1880 3991 2006 4047 dum
2035 4000 2120 4046 est
2145 4030 2161 4059 ,
2192 3991 2333 4044 sicut
2360 3993 2425 4045 de
2455 3990 2538 4044 his
2572 3990 2702 4044 dicit
2733 3990 3023 4060 Apostolus
3054 4005 3068 4042 :
3095 3989 3237 4056 Quos
3276 3999 3470 4048 autem,

1877 4083 2156 4147 privarit)“,
2183 4081 2303 4136 illos
2329 4092 2377 4134 et
2416 4081 2804 4151 prwdestinavit
2835 4081 2900 4135 ³⁷.
2937 4081 3184 4136 Praesciri
3229 4097 3358 4152 ergo
3399 4094 3454 4136 et

1880 4173 2250 4244 praedestinari
2312 4183 2540 4243 possunt
2593 4173 2667 4228 illi
2715 4174 2805 4241 qui
2855 4174 3093 4227 nondum
3137 4183 3300 4240 sunt;
3365 4172 3454 4228 ille

1878 4275 2056 4321 autem
2085 4265 2307 4336 quiest,
2339 4275 2394 4321 et
2443 4280 2658 4334 semper
2697 4277 2802 4328 est,
2848 4281 2956 4320 non
2995 4265 3451 4343 Ipraedestinatur,

1877 4359 1970 4412 sed
2002 4358 2368 4414 destinatur...
2399 4358 2571 4416 Filius
2609 4369 2790 4414 autem
2827 4359 2921 4415 Dci
2980 4373 3194 4427 semper
3224 4357 3328 4412 fuit
3383 4358 3452 4410 ab

1877 4455 2098 4513 aeterno,
2141 4457 2198 4502 et
2235 4464 2340 4504 non
2373 4448 2472 4504 iuit
2501 4459 2709 4522 tempus
2740 4451 2954 4522 quando
2991 4465 3100 4504 non
3130 4449 3314 4504 fuerit.
3350 4446 3454 4502 Ubi

217 4549 419 4608 usurpat
463 4540 706 4608 scriptor
749 4537 930 4608 operis
968 4536 1047 4590 De
1082 4537 1277 4590 deitate
1320 4545 1371 4591 et
1410 4537 1776 4591 incarnatione
1808 4539 1852 4595 D
1882 4546 2026 4607 patet
2059 4539 2200 4609 quod
2228 4539 2489 4611 Origenes
2518 4557 2761 4598 errorem
2789 4542 2906 4597 Arii
2958 4541 3105 4597 clare
3155 4541 3395 4596 damnat.
3427 4557 3448 4592 ι

225 4626 379 4695 Verbi,
405 4632 552 4700 quod
585 4629 821 4684 habetur
846 4628 900 4683 in
921 4627 1069 4683 calce
1099 4629 1274 4698 quarti
1306 4628 1434 4681 tomi
1461 4629 1768 4698 Augustini.

219 4715 297 4773 llis
341 4721 573 4790 adjunge
625 4727 685 4772 et
736 4719 897 4773 istum
935 4732 966 4772 e
1007 4718 1103 4772 lib.
1144 4735 1160 4772 i
1199 4719 1255 4773 in
1298 4717 1471 4785 Epist.
1504 4721 1572 4772 ad
1595 4716 1769 4782 Rom.,

217 4823 319 4878 cap.
345 4813 395 4881 l,
421 4829 576 4866 num.
599 4811 636 4867 5
682 4830 694 4865 :
739 4830 758 4864 ι
789 4811 888 4878 Qui
925 4826 1196 4880 nunquam
1251 4813 1665 4882 praedestinatus
1694 4819 1775 4866 est

275 4965 332 4997 ³³⁸
357 4965 514 5023 Joan.
565 4982 606 5030 t,
663 4964 718 5019 3.
862 4965 908 4996 ³⁸
949 4965 1104 5024 Rom.
1135 4982 1173 5032 ι,
1209 4967 1264 5022 4.

221 5145 382 5205 iteret;
409 5137 498 5191 isti
528 5135 844 5205 vero,‘quia
875 5145 958 5190 est
985 5135 1146 5200 Deus,
1179 5133 1437 5205 Verbum,
1472 5132 1770 5202 Sapientia,

225 5203 428 5276 veritas,
468 5203 930 5276 splendor‘Patris
956 5215 1010 5260 et
1055 5204 1658 5276 imagoabsolutis‘sima
1687 5209 1770 5261 cui

221 5273 333 5327 nihil
379 5273 521 5331 desit
562 5275 705 5343 quod
745 5275 964 5344 quidem
1011 5277 1080 5329 sit
1127 5273 1189 5327 in'
1219 5274 1404 5328 Patre.
1429 5273 1567 5341 Quin
1609 5276 1770 5330 etiam

223 5357 308 5394 uon
329 5345 491 5400 solius
520 5344 706 5398 Patris
742 5343 1152 5412 omnipotentiae
1190 5343 1425 5398 consulit
1464 5345 1517 5398 in
1545 5346 1643 5397 hac
1675 5347 1769 5399 ab-

219 5415 362 5485 surda
395 5416 675 5485 opinione,
734 5413 826 5467 sed
875 5415 1044 5484 ipsius
1089 5415 1251 5485 etiam
1279 5413 1453 5485 _Fi|ii.
1501 5413 1770 5469 Metuebat

218 5482 342 5558 enim
366 5482 536 5558 ut'vel
567 5483 734 5558 Pater
764 5482 1140 5558 omnipo:en_s,_
1155 5483 1238 5536 vel
1277 5482 1448 5558 Filius
1481 5485 1770 5552 aporrhcea

220 5553 345 5624 illius
371 5555 776 5624 omnipotentiae
807 5567 1022 5622 semper
1071 5553 1235 5607 fuisse
1285 5554 1770 5624 demonstraretur,

219 5621 304 5673 nisi
353 5620 688 5678 exstitissent
714 5639 801 5677 res
827 5620 1023 5678 creata:
1051 5624 1104 5677 in
1145 5620 1453 5690 quasPater
1487 5632 1542 5677 et
1577 5621 1767 5688 Filius,

217 5691 391 5761 quibus
430 5709 594 5747 unam
636 5704 690 5746 et
725 5693 970 5746 eamdem
1018 5693 1462 5761 omnipotentiam
1507 5691 1770 5756 adhibuit,

217 5759 627 5817 dominarentur.
663 5762 788 5816 llaec
813 5762 988 5830 legere
1023 5771 1107 5816 est
1143 5759 1198 5815 in
1231 5763 1322 5816 lib.
1361 5777 1379 5815 ι
1418 5760 1496 5816 De
1523 5761 1767 5829 princip.,

218 5841 323 5895 cap.
352 5832 404 5897 3,
431 5849 581 5887 num.
616 5831 705 5887 10.
762 5833 1120 5898 Quamobrem
1176 5832 1289 5886 haec
1334 5833 1399 5888 de
1449 5830 1768 5886 mundorum

1879 4631 2130 4687 Pluribus
2164 4632 2214 4686 id
2245 4633 2475 4703 probare
2503 4635 2832 4704 superﬂuum
2849 4643 2952 4701 est,
2970 4633 3112 4705 quod
3141 4647 3208 4688 ex
3239 4633 3456 4704 gemino

1879 4723 2130 4794 Origenis
2157 4725 2274 4781 loco
2301 4727 2435 4782 satis
2467 4729 2719 4796 probavit
2761 4728 3097 4782 Athanasius
3130 4726 3183 4780 in
3217 4725 3450 4778 Decretis

1884 4811 2119 4869 Nicwnw
2174 4817 2384 4884 synodi.
2443 4815 2614 4889 Porro
2660 4832 2780 4884 qua:
2827 4819 2894 4872 de
2934 4817 3054 4872 Filii
3106 4820 3456 4887 generatione

1376 4967 1418 4999 ³⁷
1449 4965 1605 5021 Rom.
1675 4984 1791 5035 vttt,
1853 4969 1945 5023 29.

1882 5137 2222 5218 antiquitate,
2244 5149 2346 5218 aut
2378 5138 2423 5192 si
2453 5138 2886 5218 vim-aeternitate
2910 5137 3123 5218 Opinio,
3150 5139 3450 5218 nonmagis

1881 5209 2023 5260 laedit
2071 5208 2426 5262 aeternitatem
2454 5206 2574 5261 Filii
2603 5223 2766 5276 quam
2818 5206 3014 5261 Patris.
3057 5207 3195 5262 Hinc
3225 5206 3449 5262 llernio-

1879 5293 2041 5346 genes
2064 5278 2150 5343 qui
2176 5276 2350 5330 adhuc
2380 5278 2668 5346 absurdius
2697 5279 2975 5331 materiam
3010 5278 3305 5330 increatam
3348 5279 3450 5331 tin-

1878 5345 2055 5416 gebat,
2117 5347 2247 5399 nihil
2288 5347 2411 5401 novi
2466 5345 2533 5400 de
2583 5345 2719 5400 Filio
2771 5347 2885 5410 Dei,
2923 5346 3058 5400 teste
3092 5347 3446 5413 Tertulliano,

1878 5413 2182 5481 ell‘utierat;
2213 5430 2314 5485 nec
2334 5417 2746 5470 consecutiones
2771 5432 2906 5485 quas
2935 5432 2997 5469 ex
3033 5416 3150 5485 ejus
3177 5419 3449 5472 sententia

1880 5487 2070 5556 merito
2103 5485 2242 5556 eruit
2266 5483 2660 5556 iTertullianus‘,
2689 5483 2860 5556 magis
2886 5487 2937 5556 in
2962 5483 3176 5556 Filium,
3198 5501 3362 5555 quam
3393 5487 3445 5541 in

1877 5553 2089 5608 Patrem
2122 5554 2325 5620 injuriae
2355 5565 2500 5612 sunt.
2523 5582 2593 5595 —
2621 5554 2683 5608 D.
2716 5553 2876 5610 Prud.
2912 5555 3103 5610 Manen
3130 5553 3448 5614 De'ditrinit.

1878 5623 2091 5695 Christi,
2123 5623 2214 5695 lib.
2248 5639 2327 5695 tv,
2353 5625 2599 5695 cap.__li,
2645 5642 2791 5680 num.
2820 5625 2871 5679 5.
2892 5626 3023 5680 Vide
3063 5627 3283 5695 insuper
3321 5623 3447 5679 Bul-

1881 5693 1988 5746 lum
2042 5693 2251 5761 Defens.
2291 5693 2432 5761 ﬁdei
2465 5693 2699 5750 Nicaeum
2754 5698 2820 5752 de
2873 5695 2995 5750 Filii
3042 5695 3119 5768 τῷ
3171 5693 3444 5770 συναῑδίῳ,

1881 5778 1992 5820 can.
2013 5765 2069 5820 5.
2099 5779 2244 5819 num.
2274 5765 2328 5819 6.
3405 5776 3408 5778 ⁷

1875 5778 1992 5833 cap.
2013 5776 2069 5835 ο,
2099 5779 2244 5819 num.
2274 5776 2328 5819 ι).
3405 5776 3408 5778 ⁷
