3878 6522
371 429 474 486 733

368 546 625 609 diximus,
665 540 848 596 eadem
877 537 942 590 de
971 532 1208 605 Spiritus
1247 531 1420 586 sancti
1467 528 1814 600 proccssione
1855 527 1940 580 iu-
1972 530 2015 584 Α

367 634 652 706 telligenda
680 639 824 686 sunt.

438 725 517 781 Ne
545 715 668 795 quis
711 734 840 775 vero
875 731 976 770 nos
1021 714 1170 775 solis,
1210 709 1513 782 solarisque
1567 709 1706 765 radii
1754 723 1944 765 exem-

367 817 534 888 plum,
579 815 644 868 ad
696 809 1050 866 declarandos
1080 804 1335 875 Origenis
1372 818 1564 858 sensus
1606 801 1776 874 gratis
1805 796 1957 854 asci-'

367 910 510 964 visse
539 913 710 977 putet,
763 918 830 958 en
885 901 1058 971 ipsius
1117 900 1284 954 verba
1326 899 1474 952 hom.
1509 911 1561 950 Ix
1619 896 1676 948 in
1719 893 1942 958 Jerem.,

365 1015 512 1055 num.
535 999 570 1052 4
614 1014 627 1051 :
662 995 772 1066 (15)
814 993 940 1052 Ἐὰν
960 987 1051 1046 οὖν
1082 991 1361 1060 ἐπιστήσω
1391 1005 1474 1041 σοι
1523 987 1615 1040 ἐπὶ
1639 987 1732 1040 τοῦ
1766 985 1947 1055 Σωτῆ-

369 1106 494 1161 ρος,
536 1088 617 1141 ὅτι
676 1085 798 1157 οὐχ).
840 1085 1130 1156 ἐγέννησεν
1171 1083 1198 1135 6
1252 1079 1442 1152 Πατὴρ
1495 1079 1587 1132 τὸν
1647 1078 1796 1142 Υίόν,
1852 1077 1949 1130 καὶ

361 1178 632 1233 ἀπέλυσεν
666 1175 828 1232 αὑτὸν
865 1176 894 1228 6
939 1175 1130 1246 Πατὴρ
1171 1171 1280 1226 ἀπὸ
1317 1171 1415 1242 τῆς
1455 1169 1722 1239 γενέσεως
1757 1166 1946 1232 αὑτοῦ,

361 1270 477 1324 ἀλλ’
501 1269 590 1324 ἀεὶ
620 1269 784 1340 γεννᾷ
801 1267 962 1323 αὐτόν
980 1284 993 1298 ’
1013 1265 1350 1336 παραστήσω
1378 1262 1470 1315 καὶ
1497 1261 1588 1313 ἐπὶ
1614 1259 1706 1312 τοῦ
1739 1257 1948 1312 δικαίου

361 1363 742 1437 παραπλήσιον
775 1379 789 1392 ’
826 1360 1025 1432 ἴδωμεν
1067 1359 1124 1412 δὲ
1179 1357 1262 1420 τίς
1289 1355 1446 1427 ἡμῶν
1476 1356 1622 1406 ἐστιν
1663 1353 1691 1405 6
1734 1352 1946 1424 Σωτήρ.

372 1455 741 1526 Ἀπαύγασμα
772 1453 931 1524 δόξης
954 1467 968 1482 ·
995 1450 1056 1504 τὸ
1084 1447 1428 1518 ἀπαύγασμα
1453 1446 1610 1516 δόξης
1657 1445 1776 1516 οὐχὶ
1805 1444 1950 1511 ἅπαξ

359 1545 702 1616 γεγέννηται,
730 1542 824 1596 καὶ
849 1541 969 1612 οὐχὶ
994 1540 1249 1610 γεννᾶται
1274 1556 1288 1570 ο
1315 1538 1426 1591 ἀλλ’
1449 1537 1572 1591 ὅσον
1602 1537 1720 1589 ἐστὶ
1753 1535 1813 1588 τὸ
1835 1533 1950 1605 φῶς

361 1636 644 1710 ποιητικὸν
681 1633 774 1689 τοῦ
805 1631 1262 1703 ἀπαυγάσματος,
1301 1630 1394 1682 ὲπὶ
1421 1627 1673 1681 τοσοῦτον
1696 1628 1950 1696 γεννᾶται

359 1714 421 1785 τδ
451 1729 792 1799 ἀπαύγασμα
822 1727 921 1796 τῆς
956 1725 1117 1797 δόξης
1149 1723 1246 1776 τοῦ
1287 1721 1423 1776 Θεοῦ
1445 1739 1458 1753 ο
1485 1723 1514 1773 6
1566 1720 1755 1792 Σωτὴρ
1796 1717 1952 1790 ἡμῶν

363 1821 524 1890 σοφία
568 1819 684 1873 ἐστὶ
729 1816 823 1871 τοῦ
860 1814 993 1870 Θεοῦ
1034 1831 1048 1845 ο
1100 1813 1216 1866 ἐστὶ
1252 1813 1308 1866 δὲ
1339 1815 1372 1883 ἡ
1411 1811 1574 1880 σοφία
1613 1810 1952 1878 ἀπαύγασμα

1635 395 1694 470 ρ’,
1743 407 2055 466 nti-ams
2095 404 2324 461 tmarii

3518 384 3626 441 78:3

2046 521 2284 592 gignitur
2311 520 2379 574 ab
2413 517 2555 586 igne,
2589 523 2757 585 alque
2799 508 3142 573 dillunditur,
3170 513 3386 560 coaevus
3414 501 3490 592 illi
3516 513 3623 566 est,

2049 591 2102 668 et
2128 619 2276 668 esset
2305 616 2631 672 comternus,
2663 605 2707 660 si
2748 612 2892 658 esset
2925 600 3066 670 ignis
3101 607 3354 652 meritus.
3393 614 3411 646 ι
3440 591 3628 658 Itaque

2049 718 2116 758 eo
2143 698 2490 769 discrepabat
2515 698 2582 752 ab
2612 695 2847 765 Origene
2879 691 3064 753 Arius,
3107 689 3248 754 quod
3286 685 3383 739 hic
3426 682 3627 736 Filium

2051 795 2262 850 diceret
2283 807 2405 847 esse
2437 791 2638 845 factum
2665 787 2724 854 ἐξ
2755 787 2856 839 οὐκ
2886 781 3196 844 ὄντων,ιιοο
3222 789 3306 832 est
3332 793 3398 830 ea:
3435 775 3626 839 nihilo,

2051 895 2254 942 etcum
2293 893 2450 939 antea
2487 897 2594 940 non
2631 887 2778 935 esset
2825 895 2838 931 :
2886 876 2977 931 ille
3023 882 3265 943 paterna:
3311 867 3633 925 substantiae

2051 985 2354 1054 portionem
2401 989 2520 1031 esse
2547 981 2603 1028 et
2659 969 2929 1026 elﬁuvium
2981 967 3049 1020 ab
3074 973 3278 1020 aeterno
3307 973 3539 1016 manans
3576 966 3633 1012 et

2053 1048 2199 1132 Patri
2227 1079 2586 1127 coaeternum.
2621 1063 2739 1131 Quo
2768 1062 2818 1114 in
2842 1072 3037 1122 errore
3073 1063 3320 1110 versatos
3348 1066 3471 1107 esse
3502 1048 3633 1102 Psa-

2058 1168 2343 1240 thyrianos
2373 1159 2686 1220 haereticos,
2718 1152 2852 1209 Ario
2896 1157 3212 1221 prognatos,
3239 1155 3426 1200 narrat
3456 1141 3637 1198 Theo-

2054 1229 2278 1313 do'retus
2311 1253 2363 1307 in
2407 1250 2499 1304 lib.
2531 1263 2584 1302 Iv
2617 1245 2696 1300 De
2723 1245 2855 1298 liter.
2899 1239 3010 1310 fab.
3059 1237 3306 1306 Scriptor
3343 1234 3530 1302 operis
3558 1229 3637 1286 De

2054 1349 2246 1402 deitate
2287 1353 2337 1398 et
2384 1337 2746 1394 incarnatione
2785 1329 2967 1396 Verbi,
3004 1329 3073 1382 ad
3134 1323 3489 1385 Januarium,
3540 1321 3635 1391 qui

2059 1440 2124 1492 ad
2173 1436 2380 1493 calcem
2427 1431 2556 1485 tomi
2610 1425 2674 1482 IV
2722 1422 3007 1495 Augustini
3043 1419 3356 1490 reperitur,
3410 1426 3468 1468 et
3521 1413 3637 1468 fere

2057 1509 2308 1602 Origenis
2371 1523 2588 1581 laciniis
2658 1518 3042 1576 snﬂ'arcinatus
3111 1520 3243 1575 est,
3319 1507 3640 1561 auctoribus

2057 1599 2270 1678 Joanne
2313 1628 2369 1674 et
2417 1616 2587 1672 Paulo
2641 1609 2890 1683 generari
2924 1607 3158 1662 Verbum
3202 1601 3339 1657 dixit
3389 1614 3512 1667 cap.
3545 1599 3638 1664 it),

2057 1710 2511 1786 quemadmodum
2559 1706 2816 1778 splendor
2843 1717 2872 1754 a
2903 1701 3022 1754 luce
3048 1693 3416 1768 proliciscitur
3445 1709 3461 1747 :
3497 1707 3516 1740 α
3540 1688 3639 1743 Est

2061 1819 2314 1874 namque,
2351 1789 2550 1870 inquit,
2596 1798 2673 1852 ita
2705 1804 2906 1849 aeterna
2944 1805 3010 1846 ac
3042 1787 3376 1857 sempiterna
3410 1795 3640 1852 genera-

362 1873 539 1982 tpui'rb;
570 1911 742 1964 ἀϊδίου
770 1927 784 1939 ·
820 1910 870 1962 εί
896 1903 989 1961 οὖν
1021 1909 1050 1961 6
1096 1904 1286 1976 Σωτὴρ
1315 1873 1400 1958 ἀεὶ
1427 1873 1702 1975 γεννᾶται,
1742 1873 1837 1956 καὶ
1864 1873 1948 1954 διὰ

2056 1899 2148 1963 ιίο,
2179 1873 2318 1951 sicut
2352 1892 2610 1963 splendor
2641 1896 2934 1961 generatur
2965 1899 2994 1938 a
3033 1882 3194 1946 luce;
3238 1897 3258 1932 ι
3293 1887 3348 1932 et
3376 1891 3500 1944 cap.
3529 1873 3597 1929 i9
3617 1889 3636 1927 :

361 2005 519 2058 τοῦτο
568 2003 715 2073 λέγει
760 2019 776 2033 ·
824 1999 946 2069 Πρὸ
974 1998 1042 2052 δὲ
1073 1997 1316 2052 πάντων
1339 1995 1590 2061 ,Βουνῶν
1615 1993 1799 2066 γεννᾷ
1831 2011 1908 2063 με
1930 2009 1944 2024 ⁸

359 2097 483 2167 οὐχὶ
530 2095 586 2148 δέ
613 2112 626 2126 °
653 2094 774 2163 Πρὸ
804 2092 872 2146 δὲ
920 2091 1040 2146 τῶν
1069 2089 1310 2144 πάντων
1333 2086 1582 2152 βουνῶν
1630 2083 1952 2158 γεγέννηκέ

355 2206 434 2260 με
463 2205 480 2221 ο
514 2186 651 2242 ἀλλὰ
673 2185 786 2257 πρὸ
831 2185 1072 2238 πάντων
1093 2179 1341 2247 ﬂow-(Br
1384 2177 1566 2250 γεννᾷ
1584 2196 1682 2250 με,
1731 2178 1826 2233 καὶ
1865 2178 1950 2232 ἀεὶ

360 2281 615 2350 γεννᾶται
661 2282 690 2333 6
733 2278 924 2351 Σωτὴρ
960 2276 1066 2330 ὑπὸ
1103 2275 1196 2330 τοῦ
1227 2273 1462 2348 Πατρός.
1521 2269 1724 2327 Eadem
1781 2272 1951 2326 utitur

361 2368 722 2426 similitudine
815 2367 1182 2424 Tertullianus
1244 2366 1549 2438 Apologet.,
1631 2379 1751 2434 cap.
1801 2363 1869 2418 21
1931 2380 1944 2416 :

367 2479 388 2514 ι
428 2462 605 2517 Etiam
653 2476 778 2517 cum
809 2461 993 2516 radius
1038 2475 1106 2515 ex
1137 2459 1251 2514 sole
1303 2458 1625 2529 porrigitur,
1676 2456 1855 2524 portio
1881 2471 1948 2510 ex

361 2567 600 2609 summa.
629 2552 735 2609 Sed
765 2550 841 2606 sol
870 2551 979 2606 erit
1003 2550 1055 2604 in
1090 2549 1264 2614 radio,
1289 2549 1415 2618 quia
1449 2547 1580 2603 solis
1609 2557 1693 2602 est
1723 2545 1905 2600 radius
1929 2562 1944 2610 ;

361 2660 466 2700 nec
510 2653 798 2714 separatur
848 2642 1176 2705 substantia,
1228 2642 1321 2697 sed
1385 2639 1715 2695 extenditur.
1771 2638 1848 2693 lta
1883 2639 1949 2692 de

364 2735 569 2806 Spiritu
598 2736 856 2805 Spiritus,
894 2744 950 2793 et
980 2737 1047 2794 de
1098 2736 1209 2792 Deo
1231 2735 1393 2800 Deus,
1450 2742 1510 2788 ut
1543 2731 1724 2787 lumen
1767 2730 1834 2786 de
1869 2729 1951 2784 lu-

366 2829 510 2883 mine
537 2843 826 2884 accensum
854 2844 866 2877 :
896 2839 1079 2885 manet
1107 2829 1311 2900 integra
1334 2837 1388 2883 et
1409 2823 1678 2882 indefecta
1707 2823 1949 2879 materias

365 2919 587 2985 matrix,
619 2926 673 2973 et
715 2919 760 2974 si
813 2918 993 2988 plures
1047 2919 1174 2974 inde
1206 2918 1462 2973 traduces
1510 2913 1793 2987 qualitatis
1823 2928 1946 2967 mu-
2010 2964 2016 2974 ,

365 3008 555 3064 tueris.
587 3007 661 3061 lta
690 3019 746 3062 et
773 3011 916 3078 quod
949 3009 1013 3064 de
1045 3008 1154 3063 Deo
1191 3008 1491 3080 proiectum
1525 3016 1627 3070 est,
1660 3005 1804 3060 Deus
1839 3013 1943 3069 est,

363 3108 420 3154 et
446 3099 540 3154 Dei
571 3099 763 3164 Filius,
786 3109 840 3154 et
865 3117 1006 3157 unus
1031 3102 1211 3156 ambo.
1232 3119 1251 3154 ι
1296 3099 1508 3168 Quibus
1547 3100 1662 3154 haec
1689 3107 1947 3154 assonant

363 3203 396 3244 e
419 3188 560 3244 libro
590 3198 775 3244 contra
811 3186 1100 3254 Praxeam,
1139 3205 1263 3261 cap.
1304 3190 1374 3245 9:
1412 3208 1430 3242 ι
1460 3187 1624 3243 Pater
1660 3198 1772 3243 tota
1803 3191 1935 3242 sub-

362 3279 560 3332 stantia
588 3289 675 3333 est
705 3293 718 3329 :
748 3277 916 3333 Filius
970 3293 1103 3333 vero
1137 3259 1406 3333 derivatio
1460 3275 1625 3332 totius
1668 3285 1723 3329 et
1759 3275 1934 3344 portio
1971 3259 2013 3315 (ἶ

366 3367 506 3422 sicut
536 3369 652 3437 ipse
683 3369 970 3442 profitetur
997 3386 1011 3424 :
1037 3370 1177 3436 Quia
1201 3367 1368 3424 Pater
1388 3369 1562 3438 major
1583 3383 1665 3421 me
1693 3375 1768 3421 est
1799 3367 1887 3420 '7‘.
1921 3385 1939 3418 ι

365 3459 519 3515 Unde
541 3460 710 3532 liquet
733 3477 843 3532 quo
875 3475 1034 3516 sensu
1060 3461 1262 3516 dixerit
1288 3471 1476 3515 eontra
1512 3457 1707 3521 Prae”
1763 3473 1883 3527 cap.
1911 3457 1948 3511 2

362 3559 418 3602 et
449 3549 530 3605 4:
569 3569 587 3603 ι
623 3549 876 3615 Patrem,
924 3562 979 3606 et
1018 3550 1214 3606 Filium
1251 3559 1307 3605 et
1375 3548 1636 3620 Spiritum
1693 3561 1946 3605 sanctum

364 3641 526 3697 unius
563 3657 686 3698 esse
739 3643 1078 3709 substantiae,
1128 3652 1186 3697 et
1224 3643 1382 3698 unius
1431 3651 1626 3706 status,
1679 3649 1734 3696 et
1784 3641 1948 3694 unius

362 3734 670 3801 potestatis,
696 3743 751 3789 et
780 3732 975 3789 Filium
1008 3749 1112 3788 non
1141 3732 1358 3788 allunde
1391 3734 1658 3788 deducere
1679 3721 1760 3796 se,
1784 3747 1946 3802 quam

363 3832 431 3878 de
445 3824 748 3881 substantia
775 3824 972 3880 Patris.
1001 3843 1020 3876 ι
1042 3823 1373 3896 Augustinus
1407 3823 1522 3894 ipse
1545 3823 1948 3892 comparatione

364 3916 550 3972 eadem
568 3917 970 3988 generationem
985 3917 1145 3973 Verbi
1161 3916 1394 3987 explicat
1411 3917 1546 3971 ltbro
1563 3931 1612 3970 Vl
1633 3914 1713 3970 De
1731 3914 1948 3981 Trinit.,

365 4012 480 4080 ipso
499 4009 672 4077 initio,
693 4012 786 4067 sed
813 4026 918 4067 non
941 4011 1130 4067 eadem
1168 4010 1293 4064 inde
1313 4008 1550 4080 colligit:
1579 4026 1598 4061 ι
1633 4007 1754 4078 ipse
1769 4009 1948 4075 Arius,

364 4101 558 4172 inquit,
576 4103 776 4158 dixisse
793 4101 964 4158 fertur
984 4118 1000 4155 :
1017 4101 1074 4156 Si
1092 4100 1262 4155 Filius
1284 4110 1390 4166 est,
1409 4110 1566 4155 natus
1584 4110 1670 4155 est
1689 4117 1703 4154 :
1721 4101 1763 4168 si
1791 4112 1952 4157 natus

366 4202 471 4258 est,
502 4203 619 4248 erat
670 4204 882 4262 tempus
907 4191 1124 4263 quando
1157 4207 1266 4248 non
1307 4201 1426 4246 erat
1457 4191 1667 4257 Filius;
1723 4205 1830 4246 non
1862 4191 1949 4244 in-

367 4285 612 4356 telligens
632 4287 794 4341 etiam
829 4296 1012 4340 natum
1045 4299 1168 4340 esse
1225 4284 1335 4337 Deo
1368 4283 1757 4352 sempiternum
1799 4296 1944 4347 esse,

367 4386 424 4430 ut
465 4378 538 4432 sit
564 4387 866 4435 coaeternus
916 4377 1065 4434 Patri
1117 4375 1330 4431 Filius:
1362 4376 1503 4431 sicut
1549 4375 1809 4445 splendor
1855 4374 1947 4445 qui

2061 2009 2080 2041 ι
2118 1989 2224 2045 Sed
2263 1996 2317 2044 et
2369 1986 2610 2042 Joannes
2641 1981 2848 2036 indicat
2899 1975 3025 2045 quia
3062 1973 3203 2028 Deus
3229 1971 3324 2023 tua:
3367 1978 3444 2022 est
3479 1965 3548 2031 ⁸⁸,
3585 1974 3640 2018 et

2051 2083 2251 2138 Paulus
2282 2080 2531 2151 designat
2559 2076 2684 2147 quia
2713 2071 2884 2127 Filius
2919 2066 3176 2139 Splendor
3198 2065 3332 2118 lucis
3362 2072 3576 2116 αξιοι-ηαξ
3593 2057 3641 2089 ³⁹

2050 2177 2122 2233 sit
2164 2175 2326 2228 Deus.
2381 2171 2539 2227 Sicut
2588 2181 2720 2234 ergo
2765 2177 3038 2234 nunquam
3072 2161 3160 2213 lux
3202 2156 3322 2212 sine
3349 2152 3640 2222 splendore

2054 2281 2174 2324 esse
2203 2265 2402 2337 potuit,
2441 2263 2516 2316 ita
2545 2275 2648 2316 nec
2678 2256 2852 2313 Filius
2879 2253 3097 2324 quidem
3125 2249 3245 2305 sine
3272 2246 3436 2302 Patre
3481 2240 3640 2297 intel-

2049 2357 2138 2430 ligi
2171 2334 2370 2427 potest,
2423 2353 2513 2424 qui
2537 2361 2591 2408 et
2612 2350 2787 2421 figura
2817 2359 3060 2416 expressa
3087 2342 3399 2396 substantia:
3429 2336 3546 2406 ejus
3567 2334 3638 2401 δ’,

2051 2459 2104 2504 et
2153 2446 2418 2510 Verbum,
2473 2453 2529 2500 et
2591 2440 2871 2512 Sapientia
2900 2437 3118 2492 dicitur.
3153 2451 3173 2486 ›
3208 2430 3452 2499 Denique
3493 2443 3638 2498 sym-

2048 2538 2230 2596 bolum
2261 2537 2460 2591 Filium
2487 2546 2607 2590 esse
2636 2529 2880 2588 decernit
2932 2544 2951 2580 ι
2989 2525 3157 2580 Deum
3188 2521 3254 2578 de
3286 2521 3420 2586 Deo,
3455 2519 3636 2573 lumen

2048 2633 2116 2687 de
2152 2629 2376 2684 lumine.
2421 2646 2440 2679 ι
3631 2650 3633 2652 .

2119 2719 2285 2776 XXV.
2327 2719 2397 2773 At
2438 2731 2546 2772 non
2573 2715 2626 2770 in
2676 2713 2745 2770 iis
2775 2710 2969 2776 solum,
2997 2707 3090 2765 sed
3130 2705 3183 2761 in
3213 2704 3334 2759 aliis
3361 2703 3532 2758 etiam
3567 2697 3636 2756 ad

2047 2813 2252 2872 Christi
2283 2809 2720 2884 generationem,
2751 2813 2807 2860 et
2851 2801 3094 2873 Spiritus
3118 2797 3294 2854 sancti
3330 2794 3637 2867 processio-

2050 2920 2173 2961 nem
2219 2899 2648 2973 pertinentibus,
2677 2904 2735 2952 et
2776 2895 2866 2949 hic
2893 2907 3053 2963 quem
3084 2890 3206 2945 dico
3236 2885 3634 2949 Tertullianus,

2047 3004 2100 3050 et
2132 2991 2223 3047 alii
2257 2991 2501 3062 plerique
2552 3003 2617 3043 ex
2650 2980 3047 3054 antiquissimis
3101 2977 3441 3040 doctoribus,
3469 2987 3526 3030 et

2047 3097 2198 3138 cinna
2261 3079 2468 3152 synodo
2516 3073 2904 3150 anterioribus,
2981 3068 3230 3141 Origenis
3298 3066 3635 3135 impietatem

2049 3173 2226 3229 dicam
2254 3187 2321 3225 an
2349 3166 2673 3239 imperitiam
2715 3163 2800 3219 vel
2849 3168 3131 3231 aquarum
3158 3159 3244 3212 vel
3277 3165 3636 3228 superarunt.

2058 3264 2173 3335 (16)
2192 3262 2455 3328 JuStinus,
2477 3253 3207 3328 Athenagoras,'l‘heophilus
3234 3251 3634 3313 Antioelienus,

2055 3357 2339 3421 Tatianus,
2394 3355 2509 3424 ipse
2545 3350 2910 3407 'l‘ertullianus
2975 3356 3026 3401 et
3085 3345 3428 3407 Lactantius,
3467 3342 3634 3396 Deum

2054 3449 2313 3504 dixerunt
2341 3461 2462 3501 cum
2499 3444 2684 3498 mundi
2728 3439 3057 3496 creationem
3093 3436 3474 3497 meditaretur,
3509 3431 3638 3484 Ver-

2054 3539 2180 3593 bum
2214 3551 2371 3592 suum
2411 3531 2719 3606 protulisse,
2750 3544 2858 3601 quo
2877 3527 3198 3583 administro
3219 3525 3272 3578 in
3307 3536 3492 3577 rerum
3519 3534 3634 3574 mo-

2056 3633 2245 3688 titione
2278 3623 2884 3692 uteretur.Gregorium
2915 3631 3130 3690 quoque
3162 3614 3633 3681 Thaumaturgutu

2059 3724 2255 3780 Filium
2297 3721 2500 3775 dixisse
2533 3724 2782 3772 creatum
2819 3721 2874 3767 et
2924 3711 3130 3764 factum
3182 3706 3349 3760 tradit
3404 3703 3638 3758 Basilius

2055 3816 2216 3887 epist.
2253 3813 2344 3868 64.
2398 3811 2676 3881 Leguntur
2720 3817 2775 3862 et
2827 3806 2930 3860 ista
2970 3800 3210 3872 Dionysii
3256 3795 3633 3858 Alexandrini,

2057 3923 2177 3979 quae
2190 3915 2316 3963 sunt
2337 3903 2624 3973 singularis
2645 3899 2931 3957 vecordiae.
2952 3894 3147 3950 Filium
3163 3891 3258 3946 Dei
3282 3905 3406 3945 esse
3427 3887 3637 3958 ποίημα

2057 3999 2152 4052 καὶ
2174 3995 2420 4068 γενητὸν,
2469 3992 2619 4058 ξένον
2659 3988 2802 4044 κατὰ
2828 3985 3015 4041 οὐσίαν
3047 3983 3142 4038 τοῦ
3180 3982 3417 4054 “acpbe,
3447 3980 3636 4050 ὥσπερ

2060 4091 2208 4145 ἐστὶν
2264 4090 2293 4142 6
2333 4085 2576 4158 γεωργὸς
2645 4083 2780 4156 πρὸς
2829 4082 2926 4154 τὴν
2981 4077 3249 4150 ἄμπελον.
3317 4096 3338 4128 ι
3383 4075 3552 4146 Opus.
3583 4084 3636 4128 et

2059 4184 2284 4247 factum,
2310 4182 2545 4234 alienum
2573 4177 2747 4247 quoad
2780 4175 3139 4230 substantiam
3164 4188 3192 4224 a
3225 4171 3412 4236 Patre,
3447 4184 3636 4239 quem-

2057 4273 2346 4328 admodum
2397 4280 2484 4326 est
2520 4268 2754 4338 agricola
2795 4267 2866 4322 ad
2924 4266 3112 4322 vitem.
3150 4284 3169 4317 ι
3220 4265 3453 4318 Demqu
3513 4261 3637 4315 sab-

2049 4367 2169 4438 jicit
2199 4379 2214 4419 t
2240 4364 2352 4419 Καὶ
2388 4363 2498 4436 γὰρ
2524 4363 2600 4427 ὡς
2631 4362 2841 4432 ποίημα
2871 4359 2968 4424 ὢν,
3003 4359 3102 4412 οὐκ
3133 4353 3202 4429 ἦν
3227 4356 3358 4428 πρὶν
3391 4354 3633 4425 γένηται.

436 4530 503 4565 π’
525 4530 682 4588 Joan.
714 4547 827 4602 xiv,
855 4531 947 4588 28.
1021 4531 1067 4564 ³⁸
1089 4530 1244 4588 Joan.
1270 4532 1377 4600 3,5.
1453 4532 1499 4565 ”
1521 4530 1684 4588 Hebr.
1730 4548 1770 4598 ι,
1819 4532 1874 4586 5.
1948 4531 1995 4564 ⁸⁸
2031 4530 2159 4586 ibid.

436 4670 482 4738 (ί
495 4669 549 4736 5)
578 4667 720 4723 Ἐὰν
735 4662 1167 4738 οὗνὲπιστήσω
1182 4685 1281 4723 σοι
1297 4667 1396 4721 ἐπὶ
1412 4667 1520 4722 τοῦ
1537 4666 1825 4737 Σωτῆρος,
1848 4681 1948 4724 etc.

2063 4682 2158 4737 per
2187 4674 2240 4738 et
2265 4664 2540 4738 splendor.
2571 4661 2820 4738 Salvator
2841 4673 2982 4738 ergo
3020 4667 3204 4738 noster
3240 4657 3329 4738 qui
3359 4654 3637 4722 Sapientia

366 4737 648 4796 Eternani
679 4737 840 4793 Verbi
893 4756 921 4790 a
964 4737 1123 4793 l‘atre
1169 4741 1572 4809 generationem
1628 4741 1818 4793 statuit
1860 4741 1946 4794 hic

370 4812 663 4880 Origenes,
687 4825 786 4864 nec
830 4809 977 4862 aliud
1035 4810 1328 4879 quidquam
1380 4825 1446 4862 ex
1500 4810 1602 4864 hoc
1656 4810 1778 4865 loco
1825 4810 1946 4864 erui

368 4879 561 4950 pottist.
618 4879 718 4934 nisi
778 4880 1115 4948 splendorem
1149 4880 1337 4934 tandiu
1393 4884 1676 4944 exsistere,
1704 4881 1942 4950 quandiu

369 4954 454 5006 lux
485 4951 597 5019 ipsa
633 4950 868 5005 exsistit.
901 4951 1078 5002 Alium
1111 4953 1255 5005 enim
1283 4965 1501 5004 sensum
1547 4952 1655 5020 pati
1687 4969 1792 5005 non
1824 4967 1951 5018 pose

365 5020 641 5102 snguine
667 5021 830 5102 uerba
881 5036 895 5073 :
941 5021 1078 5102 ’ᾼλὶς
1113 5021 1382 5100 ὅσονηὲπὶ
1426 5021 1488 5073 τὸ
1529 5020 1643 5102 cpio;
1676 5020 1952 5102 ποιητικὴν

362 5090 454 5144 τοῦ
482 5090 935 5162 ἀπαυγάσματος,
977 5093 1071 5145 ἐπὶ
1104 5091 1355 5145 τοσοῦτον
1397 5095 1650 5162 γεννᾶται
1681 5092 1740 5144 τὸ
1775 5090 1954 5144 ἀπαύ-

363 5177 552 5234 γασμα
589 5161 1013 5234 τῆςγδόξηςίτοῦ
1062 5163 1217 5216 Θεοῦ.
1269 5184 1287 5213 ι
1325 5165 1572 5229 Quaudiu
1625 5165 1836 5216 exsistit
1865 5165 1953 5213 lux

362 5230 1172 5311 allicienssplendorishtaudiu
1220 5235 1457 5311 gignitur
1487 5233 1740 5311 splendor
1773 5234 1956 5302 gloriae

521 5321 541 5353 ι
572 5302 748 5356 Minus
777 5301 918 5384 belle
942 5301 1306 5384 Hieronymus
1323 5304 1405 5356 sit:
1442 5303 1676 5357 reddidit
1712 5319 1725 5355 :
1758 5301 1787 5384 «1⁷
1810 5303 1954 5384 Quo-

372 5372 689 5442 tiescunque
738 5382 916 5427 ortum
974 5372 1368 5427 fuerit’lumeu
1422 5388 1487 5426 ex
1537 5387 1645 5442 quo
1702 5372 1956 5441 splendor

365 5442 577 5522 oritur,
597 5443 766 5522 toties
792 5444 968 5498 oritur
997 5456 1048 5496 et
1077 5444 1333 5522 splendor
1373 5443 1591 5522 gloriae._
1616 5462 1648 5522 i_
1673 5442 1804 5522 lla-ﬁ
1841 5443 1952 5508 ipsa

363 5512 612 5592 llrigenis
657 5513 820 5592 verba
869 5523 1109 5592 repetere
1151 5511 1719 5592 videtur"Pamphilus
1758 5511 1958 5580 Martyr

365 5582 725 5663 iri-Apologia
759 5597 876 5648 sua,
921 5599 1044 5650 cap.
1079 5585 1113 5637 5
1145 5600 1160 5635 :
1192 5602 1224 5663 ξ
1246 5583 1556 5663 Videamus
1579 5597 1724 5660 ergo,
1763 5585 1954 5663 inquit,

363 5652 487 5719 quis
517 5653 586 5704 sit
634 5652 883 5706 Salvator
941 5665 1146 5708 noster.
1186 5653 1468 5718 Splendor,
1506 5653 1724 5715 dicitur,
1769 5652 1955 5719 gloria

366 5718 554 5791 (Hebr.
600 5737 639 5784 ι,
665 5722 742 5792 5).
793 5723 845 5776 id
882 5733 964 5775 est
997 5733 1210 5776 mter-na:
1241 5728 1372 5773 turis
1413 5722 1666 5792 splendor
1700 5739 1713 5774 :
1755 5718 1808 5773 et
1835 5737 1954 5775 cer-

368 5805 480 5843 tum
524 5799 608 5843 est
655 5791 797 5859 quod
845 5793 1100 5859 splendor
1145 5807 1210 5844 ex
1263 5792 1463 5842 lumine
1518 5791 1949 5857 inseparabiliter

369 5872 777 5938 generatur,_;t
806 5860 976 5913 donec
1017 5870 1330 5928 permaneat
1365 5860 1476 5926 lux,
1501 5868 1783 5929 permanet
1810 5875 1949 5915 sem-

2054 4727 2136 4790 est
2169 4727 2466 4806 (Sapientia
2501 4743 2678 4806 autem
2721 4731 2810 4784 Dei
2832 4731 2954 4806 ipsa
2986 4737 3086 4806 _esl
3125 4727 3380 4795 splendor
3424 4739 3638 4780 aeternae

2055 4799 2232 4875 lucis),
2271 4799 2709 4875 inseparabiliter
2734 4812 2804 4875 et_
2829 4799 3193 4875 indesinenter
3237 4805 3531 4875 generatur
3573 4810 3638 4850 ex

2054 4867 2230 4933 Patre.
2264 4875 2356 4928 Sic
2380 4867 2600 4928 enimet
2634 4873 2746 4940 ipsa
2774 4873 2842 4924 de
2876 4883 2934 4922 se
2966 4868 3239 4937 Sapientia
3266 4883 3376 4940 per:
3391 4867 3639 4919 Salomo-

2057 4964 2176 5002 nem
2208 4947 2340 5000 dicit
2368 4963 2382 4998 :
2417 4944 2550 4997 Ante
2578 4935 2751 4996 oni-nes
2782 4941 2940 4993 colles
2963 4935 3176 5007 generat
3200 4953 3279 4989 me
3314 4935 3501 5006 (Prov.
3526 4952 3637 5000 rut,

2055 5015 2146 5088 25)
2177 5034 2191 5080 ;
2227 5032 2331 5070 non
2361 5015 2506 5069 enim
2537 5013 2672 5088 dixit
2705 5028 2719 5064 :
2753 5012 2886 5088 Ante
2918 5008 3296 5088 attines-colles
3329 5007 3511 5087 genuit
3539 5024 3635 5070 me,

2057 5079 2151 5142 sed
2182 5079 2409 5158 generat
2440 5099 2541 5138 me.
2576 5083 2630 5137 In
2656 5099 2764 5152 quo
2796 5079 3159 5148 signiﬁcantia
3189 5079 3639 5145 sempiternitatis

2056 5168 2152 5212 est.
2182 5179 2198 5207 ι

2133 5227 2247 5298 (it?)
2304 5225 2569 5285 Justinus.
2623 5223 3034 5298 Athenagorast
3070 5217 3384 5298 _Theopltilu_s
3410 5217 3635 5298 "Antias

2060 5289 2272 5354 (heims.
2300 5307 2405 5350 t-lc.
2425 5297 2542 5362 Qun
2572 5309 2732 5348 sensu
2759 5293 2977 5362 intelligi
3003 5292 3197 5362 debeat
3217 5293 3361 5362 quod
3390 5289 3635 5362 dixerunt

2061 5370 2135 5421 illi
2159 5370 2366 5436 antiqui
2399 5357 2666 5427 doctores,
2692 5377 2827 5436 quos
2851 5357 2952 5416 hic'
2968 5375 3022 5416 et
3052 5358 3190 5436 intra
3221 5361 3359 5412 citat
3391 5357 3632 5436 liuetius,

2061 5437 2254 5503 Deum,
2291 5427 2410 5491 cum
2442 5436 2625 5488 mundi
2653 5427 2982 5486 creationem
3009 5430 3385 5503 meditaretur.
3408 5427 3632 5503 verbum

2057 5523 2211 5561 Sltltttl
2242 5496 2558 5578 protulisse,
2601 5504 2723 5578 fuse
2761 5500 3262 5578 expon_it_domnus
3312 5496 3633 5578 Prudentius

2057 5569 2312 5633 Mat-au'in
2332 5593 2428 5630 suo
2444 5576 2516 5629 Ile
2532 5575 2804 5628 divinitate
2821 5569 3014 5624 Christi
3033 5572 3166 5622 libro
3182 5585 3253 5628 ιν,
3273 5584 3398 5634 cap.
3413 5569 3466 5629 4,
3488 5583 3628 5620 nutu.

2056 5649 2124 5714 5;
2150 5664 2267 5716 cap.
2303 5649 2359 5710 ti,
2408 5663 2552 5699 lllllll.
2586 5644 2619 5698 5
2661 5653 2715 5698 et
2744 5658 2888 5716 seq.;
2921 5659 3036 5716 cap;
3063 5641 3116 5703 7,
3146 5655 3294 5693 ιιυιιι.
3322 5638 3390 5700 2;
3434 5640 3630 5716 capztf,

2061 5708 2352 5772 mimea
2401 5717 2475 5778 ις
2541 5731 2662 5784 cap.
2700 5715 2794 5784 712,
2826 5708 3044 5784 iiumfﬁ
3067 5721 3118 5763 et
3161 5723 3334 5784 scq.;_
3397 5722 3520 5777 cap.
3539 5708 3628 5784 29..

2059 5803 2206 5840 num.
2254 5789 2287 5841 4
2332 5799 2383 5837 υι
2412 5776 2477 5850 5,
2539 5776 2658 5854 cap.
2683 5783 2776 5849 ‘53,
2812 5799 2956 5838 num.
2983 5782 3058 5846 6;
3127 5776 3366 5849 cap.24,
3405 5776 3626 5832 nonut.

2059 5860 2226 5923 Quem
2258 5858 2395 5911 vide.

2108 5874 2226 5912 uctn
2258 5858 2395 5911 vide.
