3898 6548
284 424 394 490 13‘.

1085 434 1659 493 ORIGENIANORUM
1703 434 1809 488 LIB
1875 434 1936 499 ll,
1977 434 2127 490 CAP.
2172 435 2234 497 ll,
2260 434 2556 501 fQU/ES'I'.
2598 434 2659 490 ιι.

2075 324 2115 335 *υ
2148 335 2155 339 .

3414 428 3551 511 ’Ζεϐέ-

270 578 291 613 ι
329 559 537 614 Etenim
553 568 737 629 utpote
766 560 853 627 qui
880 550 951 613 sit
973 558 1131 627 opus.
1156 550 1266 613 non
1298 556 1416 612 erat
1452 566 1739 626 antequam
1764 554 1841 608 la-
1871 560 1913 614 Α
1944 556 2085 624 quod
2103 555 2208 614 duo
2231 556 2319 611 illa
2341 555 2640 624 seraphim.
2661 566 2780 622 qua:
2805 552 2858 606 in
2882 550 3018 631 Isaia
3043 552 3545 631 senisalisdescri-r

267 665 389 706 etus
408 662 570 704 esset.
595 670 612 701 ι
640 650 1038 719 Theoguostum
1063 649 1224 704 etiam
1246 647 1677 702 Alexandrinum
1722 645 1841 700 Ori-

264 747 419 813 gen's
450 742 710 795 asseclam
750 742 885 797 libro
936 737 1336 812 Hypotyposeon
1380 741 1615 797 secundo
1638 740 1841 793 dixisse

268 844 462 887 narrat
490 830 716 886 Photius
748 833 937 887 Filium
963 848 1083 888 esse
1113 842 1351 886 creatum
1383 829 1837 901 quamvisipsius,

262 939 320 980 et
351 926 586 995 Dionysii
618 941 833 995 quoque
856 926 1203 979 Alexandrini
1239 927 1564 978 auctoritate
1594 926 1659 975 ad
1687 924 1842 976 Aria-

264 1032 367 1070 nos
397 1017 752 1069 confutandus
780 1017 1113 1069 Athanasius
1140 1031 1270 1069 usus
1297 1015 1386 1068 sit.
1446 1014 1596 1080 Quod
1638 1013 1840 1083 allego-

262 1110 376 1163 rice
406 1109 607 1161 dictum
656 1109 1015 1161 indicavimus
1046 1108 1113 1162 ab
1140 1106 1395 1178 Origene,
1457 1116 1567 1160 tum
1598 1122 1627 1165 a
1679 1104 1841 1159 Patre

259 1208 586 1268 productum
638 1197 855 1261 Filium,
908 1200 1122 1268 quando
1159 1198 1329 1267 jussit
1371 1197 1738 1260 'lleri‘lucem,
1788 1197 1838 1251 id

260 1291 420 1359 plane
469 1302 521 1345 et
555 1302 736 1359 aperte
768 1290 900 1344 dixit
929 1289 1291 1344 Tertullianus
1323 1290 1516 1343 contra
1553 1289 1837 1353 Prameam,

256 1395 382 1450 cap.
423 1381 503 1434 ὗε
554 1398 575 1432 ι
623 1379 775 1435 'I‘uuc
828 1381 943 1449 ipse
994 1383 1172 1435 sermo
1225 1380 1461 1451 speciem
1492 1391 1546 1435 et
1587 1390 1836 1436 ornatum

258 1486 422 1522 suum
475 1469 661 1535 sumit,
706 1484 898 1523 sonum
951 1478 1007 1524 et
1039 1484 1259 1534 vocem,»
1304 1486 1425 1526 cum
1470 1471 1609 1525 dixit
1651 1470 1790 1525 Deus
1820 1487 1857 1524 :.

266 1559 513 1615 Fiat/tta:
538 1561 601 1614 ".
642 1582 661 1613 s
714 1561 819 1615 Sed
854 1561 997 1631 quod
1034 1561 1086 1617 iu
1118 1561 1335 1616 homine
1369 1563 1569 1616 horum
1628 1570 1837 1630 tempo-

258 1671 382 1708 rum
415 1656 629 1722 aequali,
654 1656 849 1723 quibus
882 1655 1119 1710 nondum
1150 1656 1475 1723 quaestiones
1504 1655 1608 1710 illae
1629 1654 1841 1711 fuerant

257 1747 556 1813 ventilstzc,
576 1748 950 1816 excipiendum
967 1759 1051 1803 est
1079 1750 1257 1803 minus
1283 1763 1497 1811 severe,
1525 1749 1859 1817 neutiqtnim.

258 1840 315 1891 id
349 1839 474 1891 ferri
523 1849 704 1906 potest
745 1839 799 1893 iu
835 1838 1181 1908 Ruperto.sic
1212 1839 1481 1907 loquente
1526 1838 1655 1894 libJ
1681 1838 1836 1893 Com-

256 1937 422 1981 ment.
457 1925 509 1982 in
544 1925 712 1982 Cenes
739 1971 758 1994 ,
811 1944 928 1999 cap.
959 1945 991 1983 κ
1036 1948 1050 1985 :

257 2032 472 2080 natum,
525 2029 579 2071 et
640 2022 819 2091 (nimia
872 2018 1245 2088 potentialiter
1286 2017 1573 2073 continens
1607 2016 1839 2073 Verbum

252 2120 391 2163 tunc
416 2110 576 2173 Pater
609 2111 895 2171 actualiter
938 2110 1241 2180 generavit,
1272 2172 1275 2175 _
1307 2112 1523 2178 quando
1548 2110 1745 2165 cmlum
1787 2119 1853 2169 et.

251 2210 463 2253 terram
491 2200 721 2263 creavit,
757 2201 975 2269 quando
1003 2201 1179 2255 lucem
1208 2208 1489 2265 et.c:etera
1520 2200 1842 2256 fecit..Eru-

248 2289 418 2342 ctavit
458 2304 585 2359 ergo
610 2306 701 2343 cor
724 2290 915 2345 Patris
941 2290 1161 2345 Verbum
1187 2294 1377 2345 bonum
1401 2292 1445 2323 δ’
1472 2300 1526 2346 et
1554 2276 1627 2359 ea;
1670 2303 1839 2360 utero,

251 2384 312 2434 id
354 2393 439 2435 est
490 2383 556 2436 de
582 2398 694 2437 sum
739 2383 1056 2451 substantiae
1086 2395 1319 2449 secreto,
1365 2394 1489 2438 ante
1535 2382 1840 2453 Luciferum

248 2474 443 2544 genuit
472 2475 601 2529 illud
632 2476 697 2539 δ’,
722 2476 936 2545 quando
965 2476 1104 2531 dixit
1133 2497 1147 2533 :
1177 2477 1303 2541 Fiet
1326 2477 1441 2541 lux.
1470 2496 1493 2533 ι

326 2564 520 2623 XXVI.
559 2566 652 2620 Est
696 2568 836 2634 apud
883 2567 1173 2638 Origeuem
1226 2568 1377 2624 hom.
1424 2568 1451 2622 1
1498 2569 1552 2622 in
1604 2567 1843 2632 Isaiam,

246 2675 408 2712 num.
444 2658 501 2722 2,
533 2660 640 2712 duo
666 2659 940 2729 seraphin)
972 2661 1167 2729 quibus
1201 2660 1397 2729 solium
1437 2660 1533 2715 Dei
1580 2662 1839 2731 stipatum

246 2750 458 2804 vidisse
504 2765 565 2805 se
612 2751 804 2804 scribit
864 2751 1127 2819 propheta
1158 2752 1226 2818 “,
1262 2767 1332 2815 ea
1366 2767 1491 2817 esse
1538 2753 1843 2820 Christum,

242 2851 308 2895 et
360 2840 623 2909 Spiritum
668 2845 941 2915 sanctum.
998 2841 1143 2899 Idem
1180 2844 1426 2901 .iteratur
1492 2845 1655 2901 lih.-t
1698 2844 1839 2912 Περὶ

241 2932 478 3005 ἀρχῶν,
501 2950 621 3003 cap.
646 2934 700 3001 5,
730 2951 882 2990 num.
908 2934 961 3001 3,
988 2936 1079 2990 ubi
1101 2946 1157 2991 et
1184 2946 1465 2991 auctorem
1487 2936 1840 3007 expositionis

245 3028 416 3097 hujus
479 3027 764 3081 Hebrzeum
830 3030 1148 3099 magistrum
1212 3030 1437 3097 laudat,
1500 3039 1558 3085 et
1612 3030 1706 3086 lib.
1764 3044 1837 3093 tv,

246 3120 523 3188 num.26.
563 3120 713 3175 Unde
772 3122 1057 3189 Antipater
1101 3121 1400 3176 Bostrenus
1450 3122 1737 3191 episcopus
1784 3120 1838 3175 in

248 3215 719 3283 Disputatianibus
767 3216 1019 3269 adversus
1057 3215 1337 3285 Origenem
1398 3232 1417 3269 :
1472 3217 1612 3288 Περὶ
1658 3216 1843 3286 μέντοι

242 3306 361 3359 τῶν
392 3308 676 3378 χερουῶμ,
703 3308 735 3379 ἢ
761 3308 869 3361 τῶν
892 3309 1131 3378 σεραφὶμ
1163 3309 1312 3362 οὐδὲν
1336 3309 1611 3380 δυνάμεθα
1640 3310 1843 3377 λέγειν,

243 3398 339 3453 διὰ
393 3399 455 3451 τὸ
506 3400 695 3469 μαθεῖν
742 3400 833 3455 τὸν
878 3401 1199 3470 συγγραφέα
1229 3401 1378 3472 παρὰ
1417 3401 1514 3455 τοῦ
1566 3402 1844 3471 Ἐϐραίου,

241 3492 402 3557 ὅστις
430 3492 523 3544 καί
545 3494 690 3546 ἐστιν
713 3495 741 3545 ὁ
776 3496 903 3565 παρ’
937 3494 1100 3560 αῷτοῦ
1142 3495 1537 3565 σημαινόμενος
1574 3495 1845 3566 Ἐϐραῖος,

242 3583 333 3643 ὅτι
349 3584 381 3634 ὁ
403 3582 530 3646 Υἱὸς
555 3583 718 3643 καὶτὸ
735 3584 959 3655 Πνεῦμα
983 3585 1136 3652 ἅγιον
1169 3586 1512 3656 σημαίνεται.
1534 3604 1553 3637 t
1573 3587 1756 3656 Itaque
1779 3587 1847 3641 de

244 3673 570 3728 cherubinis
632 3684 688 3727 et
732 3675 1043 3744 seraphinis
1095 3675 1232 3729 nihil
1293 3691 1597 3744 possumus.
1640 3677 1845 3743 dicere,

243 3764 398 3832 quod
458 3764 706 3818 didicerit
748 3766 980 3834 scriptor
1014 3763 1315 3837 (Origenes)
1370 3768 1435 3821 ab
1468 3766 1716 3832 Hebrteo,
1752 3769 1844 3839 qui

243 3857 473 3925 quidem
509 3858 625 3927 ipse
655 3869 737 3913 est
774 3859 1087 3930 designatus
1116 3861 1185 3913 ab
1211 3876 1275 3914 eo
1319 3860 1597 3925 Hebrzeus,
1626 3862 1845 3926 Filium.

244 3961 301 4003 et
332 3948 599 4017 Spiritum
628 3960 876 4005 sanctum
910 3967 1005 4021 per
1031 3967 1126 4006 eos
1158 3952 1475 4023 signiﬁcari.
1510 3971 1531 4004 ι
1569 3954 1846 4009 Habentur

243 4053 434 4098 autem
458 4040 563 4095 illae
592 4042 872 4111 Antipatri
927 4042 1315 4111 Disputationes
1349 4044 1400 4097 in
1430 4043 1644 4113 Eclagis
1670 4044 1839 4100 Joan-

247 4134 338 4185 nis
373 4129 715 4192 Damasceni,
770 4145 890 4198 qua:
942 4131 1181 4185 nondum
1215 4133 1374 4197 edita:
1412 4134 1464 4185 in
1508 4132 1839 4187 Bibliotheca

247 4222 685 4289 (Ilaromoutana
748 4221 1039 4278 Societatis
1116 4222 1249 4278 Jesu
1305 4232 1620 4279 servantur.
1668 4224 1840 4283 Verba

250 4315 375 4382 ipsa
416 4312 514 4368 dat
540 4313 876 4377 Justiuianus
914 4315 967 4369 in
1022 4314 1169 4370 calce
1221 4316 1453 4385 epistola:
1495 4316 1564 4368 ad
1605 4313 1839 4369 Menam.

249 4404 590 4473 llieronymo
626 4404 738 4476 (17)
791 4405 1132 4459 stomachum
1184 4406 1258 4459 ita
1301 4405 1469 4459 movit
1526 4405 1643 4460 haec
1676 4406 1843 4460 inter-

248 4495 515 4565 pretatio,
545 4504 603 4548 ut
642 4496 862 4565 impiam
912 4511 1033 4567 eam
1071 4505 1125 4549 et
1160 4495 1532 4550 detestandam
1584 4496 1836 4567 appellet.

1109 1947 1127 1981 ι
1164 1928 1303 1984 Vere
1339 1928 1482 1984 enim
1540 1929 1657 1984 sine
1705 1943 1835 1985 voce
1869 1915 1910 1968 Β

1869 3258 1917 3319 C

1941 644 2163 711 buntur,
2193 645 2482 709 clamantia
2517 646 2582 699 ad
2621 644 2874 709 invicem,
2896 655 2951 700 et
2980 644 3249 715 dicentia:
3269 645 3521 716 Sanctus,

1940 747 2185 801 sanctus,
2211 751 2459 800 sanctus,
2494 736 2751 792 Dominus
2778 737 2921 803 Deus
2954 736 3193 792 Sabaoth
3216 738 3282 801 ⁸⁵,
3301 738 3522 807 deﬂui-

1941 829 2121 896 geuito
2140 829 2276 887 Filio
2305 829 2398 884 Dei
2425 839 2478 881 et
2500 829 2702 899 Spiritu
2725 840 2916 883 sancto
2937 841 3123 895 essent
3149 830 3517 900 intelligenda.

1940 920 2050 976 Nos
2084 935 2211 975 vero
2248 930 2499 991 putamus
2528 922 2690 989 etiam
2725 921 2861 987 illud,
2883 921 3126 990 quodin
3154 923 3378 991 Cantica
3413 922 3549 976 Ha-,

1940 1016 2109 1071 baeuc
2134 1016 2332 1073 dictum
2359 1014 2502 1069 est“
2526 1034 2539 1069 :
2562 1014 2622 1079 In
2644 1016 2812 1068 medio
2836 1015 2916 1069 vel
2944 1014 3164 1068 duorum
3188 1017 3520 1089 animalium,

1942 1109 2023 1163 vel
2052 1108 2277 1160 duarum
2322 1108 2569 1170 vitatum
2603 1106 2960 1175 cognosceris;
2996 1107 3061 1177 de
3099 1106 3318 1179 Christo
3363 1117 3419 1162 et
3454 1110 3553 1163 de.

1946 1200 2153 1269 Spiritu
2187 1206 2375 1254 sancto
2398 1198 2584 1252 sentiri
2608 1197 2824 1253 debere.
2864 1186 2887 1249 ι’
2910 1196 3104 1267 Omnis
3130 1198 3273 1252 enim
3295 1199 3549 1275 scientia,

1943 1292 2008 1344 de
2044 1289 2225 1355 Patre,
2261 1288 2531 1351 revelaute
2571 1288 2730 1353 Filio,
2763 1290 2813 1361 in
2859 1289 3060 1359 Spiritu
3102 1298 3545 1364 sancto‘cognos

1941 1383 2129 1445 scitur,
2160 1392 2219 1435 ut
2243 1382 2405 1436 ambo
2436 1382 2550 1435 hate
2592 1397 2710 1451 qua:
2758 1383 3053 1438 secundum
3090 1384 3404 1457 prophetam
3441 1384 3521 1438 vel

1942 1476 2272 1540 animantia,
2307 1477 2390 1531 vel
2432 1475 2557 1532 vitae
2603 1476 2877 1540 dicuntur,
2937 1490 3100 1530 causa
3142 1476 3384 1539 scientia:
3425 1475 3519 1530 Dei

1943 1567 2117 1623 Patris
2139 1568 2479 1627 exsistant.,i
2516 1568 2778 1629 Similiter
2807 1567 2971 1636 impia
3018 1576 3074 1622 et
3119 1568 3234 1621 haec
3261 1567 3529 1637 interpre-

1944 1660 2097 1726 tatio,
2122 1670 2241 1728 qua:
2273 1660 2429 1713 olivze
2452 1662 2569 1714 dum
2609 1659 2917 1723 candelabri
2948 1660 3131 1725 aurei,
3160 1660 3301 1729 quod
3326 1661 3543 1714 vidisse.

1941 1767 2001 1806 se
2035 1763 2220 1806 narrat
2250 1750 2547 1807 Zacharias
2576 1768 2695 1821 cap.
2727 1768 2813 1817 IV,
2836 1752 3007 1808 Filius
3033 1760 3086 1807 et
3130 1752 3363 1819 Spiritus
3398 1767 3547 1818 san-7

1942 1855 2063 1900 ctus
2116 1854 2490 1915 exponuntur;
2524 1846 2696 1901 media
2739 1861 2868 1902 vero
2912 1845 3138 1915 lampas,
3182 1846 3323 1900 Deus
3363 1844 3521 1900 Pater

1944 1944 2119 2013 (citius
2170 1942 2236 1997 ad
2270 1942 2526 1996 dextram
2557 1948 2610 1993 et
2657 1938 2931 1997 sinistram
2983 1953 3103 1999 esse
3149 1937 3419 2001 Christum
3466 1947 3522 1993 et

1945 2033 2206 2104 Spiritum
2252 2040 2503 2087 sanctum
2535 2048 2642 2088 non
2676 2032 2792 2087 sine
2839 2030 3173 2100 blasphemia
3214 2030 3319 2084 dici
3346 2045 3545 2098 posse

1944 2124 2018 2178 ait
2053 2122 2414 2193 Hieronymus
2461 2123 2516 2177 in
2548 2120 2710 2175 Zach.
2746 2122 2819 2192 tv)
2853 2123 2986 2175 rami
3018 2122 3132 2175 sive
3172 2119 3336 2189 spicae
3356 2119 3525 2182 oliva-

1945 2227 2087 2276 rum,
2124 2211 2425 2266 incarnatio
2446 2210 2673 2274 Christi,
2700 2222 2754 2265 et
2784 2210 3078 2267 similitudo
3109 2210 3371 2265 columbae
3400 2209 3525 2280 Spi-

1945 2300 2084 2358 ritus
2101 2299 2294 2354 sancti.
2331 2300 2426 2359 Sin
2452 2311 2517 2357 ut
2541 2300 2795 2355 Davidem
2822 2300 3024 2359 Christi
3071 2308 3251 2370 typum
3296 2315 3437 2366 esse,
3468 2310 3539 2355 et.

1942 2403 2002 2447 ut
2046 2391 2326 2457 animalia,
2357 2392 2439 2447 vel
2483 2392 2649 2457 vitas,
2678 2393 2760 2447 vel
2784 2392 2967 2452 olivas
2992 2392 3323 2458 candelabri,
3361 2393 3439 2447 sic
3470 2403 3527 2447 et

1942 2483 2280 2551 seraphimos
2306 2481 2455 2551 Isaias
2484 2483 2780 2551 anagogice
2807 2482 3007 2543 Christi
3030 2490 3086 2551 et
3120 2482 3355 2552 Spiritus
3391 2497 3541 2551 εεηο,

1945 2576 2019 2630 cti
2068 2575 2315 2646 symbola
2362 2589 2481 2629 esse
2519 2574 2687 2630 voluit
2731 2574 3012 2643 Origenes,
3044 2583 3102 2633 ut
3149 2584 3304 2630 certe
3331 2574 3539 2640 voluit,

1945 2680 2096 2725 vana!
2124 2676 2251 2729 sunt
2279 2664 2593 2736 Hieronymi
2618 2666 2854 2736 querelae
2876 2706 2891 2720 .
2912 2666 3128 2725 Clarius
3168 2667 3218 2721 id
3251 2666 3416 2721 etiam
3447 2679 3527 2722 se-

1944 2756 2162 2827 quentia
2203 2756 2954 2826 demonstrant,-in_quibus
2992 2771 3088 2828 per
3150 2758 3263 2823 hac
3308 2758 3473 2827 verba
3505 2773 3527 2810 ι

1948 2866 1966 2898 ι
2007 2846 2168 2903 Plena
2223 2855 2311 2901 est
2360 2830 2549 2901 omnis
2585 2856 2731 2901 terra
2776 2847 2945 2916 gloria
2985 2844 3134 2919 ejus,
3178 2865 3198 2899 ι
3230 2847 3520 2919 adventum

1941 2936 2143 2993 Christi
2171 2936 2465 3005 signiﬁcari
2497 2936 2688 2990 scribit
2712 2934 2991 3006 Origenes,
3024 2945 3229 3011 certum
3254 2945 3336 2989 est
3375 2936 3521 2991 enim

1941 3044 2064 3084 eum
2097 3028 2252 3099 cujus
2288 3027 2471 3099 gloria:
2495 3028 2649 3098 plena
2676 3028 2783 3083 illic
2811 3043 2934 3083 esse
2954 3028 3152 3082 dicitur
3190 3036 3355 3092 terra,
3380 3028 3524 3081 hunc

1942 3121 2114 3189 ipsum
2144 3134 2266 3175 esse
2295 3120 2580 3175 Dominum
2608 3120 2773 3173 Deum
2804 3118 3040 3175 Sabaoth
3066 3134 3082 3183 ;
3119 3117 3391 3173 Christum
3425 3132 3524 3170 au-

1948 3222 2055 3265 tem
2094 3227 2217 3267 eum
2245 3225 2367 3267 esse
2399 3210 2553 3281 cujus
2579 3211 2749 3281 gloria
2778 3212 2933 3281 plena
2964 3219 3047 3265 est
3077 3209 3521 3277 terra,0rigenes

1947 3302 2178 3356 censuit.
2217 3300 2494 3355 Christum
2533 3301 2697 3370 igitur
2722 3299 3143 3369 crediditipsuin
3191 3313 3313 3353 esse
3342 3298 3523 3351 Domi-

1945 3408 2071 3447 num
2121 3392 2291 3447 Deum
2334 3390 2595 3447 Sabaoth.
2639 3392 2751 3447 Hoc
2790 3392 2834 3448 si
2875 3392 2973 3456 sit,
3010 3391 3226 3446 Christo
3254 3391 3353 3460 ipsi
3399 3390 3526 3446 asti-

1946 3484 2075 3539 tisse
2114 3484 2471 3553 seraphimos,
2506 3499 2611 3538 non
2639 3500 2804 3538 unum
2827 3500 2893 3540 ex
2927 3484 3029 3538 illis
3050 3483 3325 3538 Christum
3354 3480 3525 3538 fuisse

1943 3574 2207 3644 Origenes
2244 3574 2659 3628 existimaverit.
2697 3574 2974 3630 Incassum
3013 3573 3176 3645 igitur
3201 3574 3352 3643 lingit
3382 3572 3526 3644 Πυγ-

1945 3681 2036 3720 mo
2053 3665 2477 3721 Alberstatensis
2503 3667 2555 3720 in
2585 3666 2725 3720 libro
2748 3665 2824 3719 De
2857 3682 3030 3720 rerum
3054 3665 3524 3720 ecclesiasticarum

1942 3760 2228 3823 memoria,
2269 3758 2612 3830 Origenianis
2650 3759 2762 3814 haec
2803 3774 2923 3815 esse
2966 3758 3219 3827 operibus
3254 3758 3457 3813 inserta
3489 3775 3521 3812 a

1945 3852 2224 3907 malevolis
2255 3869 2270 3918 ;
2304 3852 2388 3907 vel
2420 3854 2464 3907 si
2508 3854 2796 3924 Origencm
2832 3864 3111 3907 auctorem
3152 3853 3352 3907 habent
3373 3894 3387 3919 ,
3421 3854 3525 3905 du-

1948 3946 2193 3999 bitantcr
2229 3945 2396 4001 fuisse
2421 3947 2716 4017 proposita.

2016 4036 2230 4092 XXVII.
2264 4037 2491 4094 Photius
2524 4039 2646 4095 cod.
2681 4056 2798 4106 vm,
2837 4054 3053 4095 errores
3084 4039 3323 4094 referens
3355 4037 3522 4091 libro-

1946 4145 2065 4182 rum
2098 4130 2238 4198 Περὶ
2264 4129 2487 4198 ἀρχῶν,
2517 4132 2615 4186 hos
2664 4133 2740 4185 ait
2788 4132 2923 4186 libro
2983 4133 3159 4202 primo
3199 4131 3464 4186 contineri
3506 4149 3520 4185 :

1943 4220 2159 4289 Διήκειν
2195 4220 2293 4289 μὲν
2329 4221 2420 4274 τὸν
2454 4221 2671 4292 Πατέρα
2697 4221 2784 4274 διὰ
2819 4221 3035 4276 πάντων
3070 4222 3178 4275 τῶν
3212 4221 3400 4286 ὄντων,
3433 4220 3524 4273 τὸν

1943 4311 1998 4364 δὲ
2033 4311 2156 4364 Υἰὸν
2182 4311 2343 4382 μέχρι
2374 4312 2484 4365 τῶν
2513 4311 2746 4381 λογικῶν
2784 4314 2981 4385 μόνων,
3012 4314 3073 4368 τὸ
3097 4313 3153 4367 δὲ
3180 4313 3399 4385 Πνεῦμα
3426 4313 3522 4384 μέ-

1943 4422 2033 4475 χρι
2055 4405 2229 4475 μόνων
2256 4405 2363 4458 τῶν
2397 4406 2775 4477 σεσωσμένων.
2799 4426 2815 4459 t
2845 4407 3145 4463 Pervadere
3176 4406 3390 4477 quidem
3418 4405 3522 4460 Pa-

1947 4508 2082 4551 trem
2106 4513 2440 4568 quzecunque
2479 4509 2625 4562 sunt,
2661 4497 2858 4552 Filium
2888 4513 3015 4554 vero
3042 4512 3129 4554 res
3150 4499 3409 4554 duntaxat
3432 4513 3523 4551 ra-

251 4587 427 4657 impia
461 4600 594 4656 ergo
625 4601 689 4640 ea
716 4601 955 4661 quoque
980 4595 1085 4654 est,
1119 4598 1176 4642 et
1211 4587 1524 4642 detestanda
1572 4590 1840 4659 inlerpre-
1874 4612 1920 4667 ι)
1953 4586 2110 4639 tionis
2139 4585 2455 4655 participes,
2484 4586 2750 4654 Spiritum
2794 4596 2975 4639 autem
3020 4595 3271 4640 sanctum
3301 4598 3363 4638 ea
3403 4592 3524 4637 tan—

252 4680 389 4731 tatio
440 4677 677 4754 humilia:
735 4679 1014 4749 sequentis
1076 4694 1227 4734 num.
1283 4680 1336 4745 l,
1402 4696 1507 4749 qua
1584 4682 1838 4741 Itavidem

246 4768 535 4842 Christum
581 4784 705 4829 esse
766 4770 945 4825 docet.
983 4770 1150 4838 Impia
1202 4770 1367 4825 etiam
1404 4787 1466 4825 ea
1516 4788 1678 4839 quam
1706 4773 1840 4827 Iib.t

248 4859 395 4927 Περὶ
428 4858 653 4937 ἀρχῶν,
686 4876 806 4929 cap.
835 4863 890 4926 ὅ,
919 4877 1070 4917 num.
1108 4863 1162 4925 5,
1199 4862 1473 4917 damnata:
1529 4865 1595 4918 ab
1651 4862 1840 4918 Hieru-

250 4967 422 5022 nymo
446 4956 727 5008 sententiae
752 4955 1051 5023 suhjunxit.
1071 4954 1221 5009 Talis
1253 4965 1482 5023 utraque
1505 4966 1587 5007 est
1612 4974 1623 5009 :
1648 4955 1839 5025 Ἔλεγε

245 5044 308 5096 δὲ
337 5046 367 5097 ὁ
412 5044 669 5122 Ἐϐραίκ
693 5046 759 5098 τὰ
786 5046 941 5117 ὲντῴ
974 5046 1174 5118 Ἡσαΐᾳ
1197 5046 1291 5099 δύο
1331 5046 1573 5116 σεραφὶμ
1615 5046 1841 5109 ὲξαπτέ-

253 5150 395 5205 ρυγα
432 5137 739 5205 κεκραγότα
788 5136 974 5207 ἓτερον
1010 5138 1147 5208 πρὸς
1186 5137 1393 5208 ἕτερον,
1432 5138 1524 5189 καὶ
1572 5136 1795 5204 λέγοντα
1821 5154 1837 5168 ·

251 5209 483 5296 ἑΑγιος,
537 5228 923 5297 ἅγιος,,ᾶγιος
956 5230 1172 5296 Κύριος
1220 5227 1485 5290 Σαϐαὼθ,
1525 5227 1615 5280 τὸν
1670 5230 1840 5281 Μονο-

248 5320 383 5390 γενῆ
415 5315 554 5372 εἶναι
575 5319 669 5371 τοῦ
693 5319 827 5371 Θεοῦ
865 5322 959 5372 καὶ
988 5320 1050 5371 τὸ
1081 5319 1303 5390 Πνεῦμα
1333 5320 1393 5371 τὸ
1433 5318 1606 5386 ἆγιον.
1646 5321 1837 5389 Ἡμεῖς

248 5411 307 5463 δὲ
335 5409 562 5479 οἰόμεθα
596 5411 676 5463 ὅτι
700 5411 795 5463 καὶ
824 5413 881 5463 ἐν
906 5413 971 5480 τῇ
1008 5411 1115 5481 ᾠδῇ
1151 5410 1503 5480 Ἀμϐακούμ’
1547 5410 1642 5463 Ἐν
1667 5412 1835 5479 μέσῳ

249 5504 360 5556 δύο
411 5503 569 5563 ζώων
622 5504 972 5573 γνωσθήσῃ.
1027 5505 1155 5573 περὶ
1223 5502 1458 5573 Χριστοῦ
1514 5504 1607 5556 καὶ
1684 5502 1837 5570 ἁγίου

251 5593 598 5665 Πνεύματος.
643 5613 662 5644 ‹
700 5593 923 5649 Dicebat
958 5605 1140 5648 autem
1184 5604 1234 5648 et
1286 5593 1542 5648 Hebraeus
1580 5596 1839 5663 magister

324 5710 367 5739 ⁸³
425 5709 620 5763 Cenes.
664 5725 702 5773 ι,
742 5708 800 5763 '5.

892 5709 935 5739 δ’
968 5708 1112 5763 Psal.
1143 5724 1286 5775 xciv,
1316 5708 1371 5763 εὶ.
1426 5709 1470 5739 ⁸³
1503 5709 1643 5763 Psal.
1668 5726 1779 5777 (:tx,
1810 5712 1864 5766 '5.

1952 4689 2060 4731 tmn
2092 4693 2213 4747 qua:
2266 4676 2495 4731 salutem
2539 4679 2732 4747 adepta
2774 4686 2917 4732 sunt.
2962 4697 2979 4731 ι
3016 4677 3215 4732 Codice
3264 4691 3395 4731 vero
3432 4690 3521 4732 cvr

1946 4780 2137 4823 narrat
2196 4768 2599 4839 Theognostum
2648 4770 3077 4824 Alexandrinum
3135 4768 3384 4837 Origenis
3428 4771 3524 4821 ιιο-

1944 4874 2123 4933 gmala
2172 4874 2603 4933 propugnantem
2640 4862 2780 4916 libro
2827 4862 3239 4933 Ilypotyposeou
3282 4858 3519 4916 secundo

1944 4958 2144 5012 dixisse
2170 4956 2362 5009 Filium
2396 4955 2504 5009 τῶν
2532 4955 2764 5025 λογικῶν
2791 4956 2965 5026 μόνων
2994 4955 3301 5007 ἐπιστατεῖν
3324 4968 3337 4982 ο
3368 4969 3387 5002 ι
3416 4950 3523 5005 Ra-

1947 5051 2093 5104 tione
2146 5049 2412 5103 duntaxat
2459 5048 2700 5118 praeditis
2740 5050 2901 5101 rebus
2940 5059 3191 5116 praeesse.
3220 5062 3240 5093 ›
3279 5041 3519 5095 Athana-

1940 5141 2052 5195 sius
2091 5139 2145 5193 in
2197 5138 2337 5192 libro
2379 5152 2540 5207 quem
2571 5136 2791 5207 scripsit
2839 5136 2895 5189 in
2938 5133 3130 5188 Manli.
3176 5148 3288 5195 xu,
3320 5130 3413 5193 52,
3452 5130 3519 5182 ad

1938 5232 2128 5287 Novati
2162 5231 2415 5286 hzeresim
2450 5231 2567 5286 haec
2600 5230 2862 5283 accedere
2909 5230 3085 5291 docet,
3120 5224 3520 5293 Origeuemque

1936 5330 1989 5372 et
2024 5319 2142 5385 ejus
2181 5327 2509 5373 sectatorem
2545 5317 2949 5387 'I'heognostum
3000 5315 3257 5385 explodit.
3306 5314 3523 5367 Aniaris

1935 5410 2100 5463 etiam
2142 5407 2373 5463 defricat
2404 5410 2577 5478 ipsum
2610 5408 2873 5463 conviciis
2907 5406 3241 5476 TheOphilus
3269 5407 3320 5460 in
3356 5422 3372 5459 ι
3414 5404 3523 5461 Pa-

1947 5502 2136 5567 schali,
2169 5512 2225 5556 et
2256 5502 2466 5557 ratione
2485 5516 2548 5556 ac
2584 5501 2908 5556 auctoritate
2947 5511 3251 5555 commenta
3277 5502 3364 5555 illa
3390 5515 3522 5556 con-

1947 5595 2117 5649 vellit.
2171 5596 2301 5660 Qua
2352 5603 2409 5649 et
2456 5593 2646 5649 leviter
2696 5594 3012 5663 perstringit
3057 5592 3416 5663 Hieronymus
3461 5592 3525 5650 in

1944 5712 1988 5741 “
2022 5710 2122 5764 lsa.
2176 5725 2249 5776 Vt,
2279 5709 2333 5762 ‘2.
2446 5708 2490 5741 "
2526 5710 2681 5776 ibid.,
2716 5708 2767 5765 ’5.
2845 5709 2888 5742 ⁸⁸
2911 5707 3110 5778 Hahae.
3136 5726 3217 5777 ιιι,
3246 5708 3301 5766 2.

284 5838 285 5841 Ἴ
329 5872 439 5941 (l7)
472 5869 718 5937 Iliorum,
768 5871 860 5927 lib.
914 5872 971 5924 in
1020 5869 1246 5938 Isaiam,
1307 5882 1363 5928 st
1409 5872 1567 5942 epist.
1612 5873 1708 5943 ‘63,
1760 5876 1829 5927 ad
1870 5873 2078 5929 Pomm.
2117 5882 2164 5927 st
2202 5870 2399 5926 Ocean.
