3878 6526
392 398 496 454 7R7

1672 397 1734 452 P.
1777 395 2095 452 DANIELIS
2133 395 2375 452 IIUETII

3559 397 3658 451 788

389 524 542 590 epist.
567 520 636 572 ad
667 518 803 574 Avit.
835 515 959 572 Suis
1000 530 1128 570 vero
1170 517 1342 588 ipsius
1382 518 1562 573 verbis
1601 521 1850 590 coarguit
1883 519 1979 575 .ln-
2009 531 2052 581 Α
2085 534 2181 588 pro
2223 517 2400 586 impiis
2423 517 2534 586 jam
2566 513 2910 584 interpellat,
2943 513 3039 570 sed
3065 523 3164 586 p’ro
3203 518 3422 574 sanctis.
3471 538 3490 570 ›
3529 519 3662 587 Qni-

388 613 658 668 stinianus
711 611 775 663 ad
823 610 1027 664 ealcem
1084 609 1317 679 epistola:
1367 611 1436 664 ad
1484 611 1718 677 Menam,
1779 612 1905 666 talia
1947 627 1978 667 e

388 699 511 756 libr.
550 717 572 753 r
596 701 732 766 Περὶ
754 697 985 767 ἀρχῶν,
1020 714 1138 768 cap.
1173 701 1226 766 5,
1267 717 1416 755 num.
1445 701 1498 766 5,
1534 716 1976 771 repraesentans:

389 794 513 847 Ὅτι
544 795 572 844 ό
604 793 703 862 μὲν
727 792 860 854 Θεὸς
894 791 987 844 καὶ
1033 793 1219 866 Πατὴρ
1249 794 1487 866 συνέχων
1525 795 1594 850 τὰ
1623 795 1798 849 πάντα
1843 796 1978 864 eos-

386 903 467 939 νει
499 887 579 949 εἵς
603 885 834 938 ἕκαστον
882 885 990 938 τῶν
1028 886 1217 947 ὄντων,
1243 867 1254 879 ’
1265 887 1582 958 μεταδιδοὺς
1624 889 1836 958 ἑκάστῳ
1868 888 1976 941 ἀπὸ

384 976 477 1031 τοῦ
525 977 651 1030 ἰδίου
688 977 748 1030 τὸ
775 974 911 1031 εἶναι
941 995 953 1010 ο
978 979 1054 1034 ὢν
1097 981 1205 1051 γάρ
1245 982 1391 1034 ἐστιν
1418 999 1431 1011 ο
1471 982 1706 1036 ἐλάττων
1740 980 1796 1033 δὲ
1840 981 1974 1048 πρὸς

383 1071 474 1123 τὸν
530 1071 749 1142 Πατέρα
789 1073 818 1124 ὁ
856 1071 983 1136 Υἱὸς
1032 1073 1248 1142 φθάνων
1295 1075 1389 1126 ἐπὶ
1442 1075 1576 1144 μόνα
1620 1073 1690 1126 τὰ
1735 1073 1928 1141 λογικά
1955 1090 1969 1106 ο

384 1161 632 1234 δεύτερος
663 1165 772 1235 γάρ
803 1166 917 1217 ἐστι
946 1165 1036 1218 τοῦ
1065 1165 1276 1234 Πατρός
1297 1183 1310 1196 δ
1338 1166 1416 1219 ἔτι
1444 1166 1499 1218 δὲ
1519 1161 1679 1238 ἦττον
1711 1165 1772 1218 τὸ
1806 1167 1974 1218 Πνεῦ-

387 1269 462 1322 μα
511 1253 574 1306 τὸ
613 1253 767 1322 ἅγιον
815 1254 909 1306 ἐπὶ
946 1255 1144 1325 μόνους
1188 1257 1316 1318 τοὺς
1351 1255 1536 1324 ἁγίους
1578 1256 1966 1325 διικνούμενον.

385 1347 546 1399 Ὥστε
581 1347 722 1400 κατὰ
747 1347 903 1401 τοῦτο
931 1349 1131 1418 μείζων
1157 1351 1188 1419 ἡ
1213 1348 1440 1419 δύναμις
1472 1347 1564 1400 τοῦ
1585 1348 1798 1418 Πατρὸς
1820 1346 1972 1418 παρὰ

380 1435 471 1487 τὸν
500 1436 624 1489 Υίὸν
657 1438 751 1490 καὶ
783 1436 854 1490 ’τὸ
892 1438 1116 1508 Πνεῦμα
1167 1438 1228 1490 τὸ
1269 1438 1423 1506 ἅγιον
1443 1454 1456 1467 ·
1489 1436 1690 1489 πλείων
1717 1437 1773 1490 δὲ
1799 1439 1832 1507 ἠ
1874 1437 1968 1490 τοῦ

381 1525 512 1579 Υίοῦ
545 1527 696 1598 παρὰ
715 1529 775 1580 τὸ
798 1529 1023 1599 Πνεῦμα
1041 1529 1100 1582 τὸ
1126 1529 1280 1597 ἆγιον
1295 1546 1307 1559 ·
1341 1529 1436 1582 καὶ
1457 1528 1618 1583 πάλιν
1641 1528 1970 1599 διαφέρουσα

383 1615 586 1686 μᾶλλον
602 1617 696 1669 τοῦ
725 1618 879 1686 ἁγίου
911 1619 1226 1689 Πνεύματος
1254 1621 1288 1690 ἡ
1313 1619 1542 1690 δύναμις
1567 1620 1718 1692 παρὰ
1745 1619 1813 1671 τὰ
1834 1618 1968 1674 ἄλλα

379 1707 533 1770 ἀγια.
567 1725 587 1760 ι
645 1707 799 1774 Quod
845 1709 986 1765 Deus
1022 1710 1240 1780 quidem
1289 1719 1342 1765 et
1375 1709 1537 1765 Pater
1570 1711 1751 1764 omnia
1787 1711 1966 1764 conti-

379 1817 516 1854 Iit-ns
552 1803 619 1854 ad
651 1805 1076 1872 unumquodque
1129 1803 1336 1858 entium
1377 1802 1656 1872 pervenit,
1684 1817 1806 1856 esse
1845 1802 1962 1857 uni-

2082 613 2180 668 bus
2224 611 2474 665 omnibus
2516 609 2566 665 id
2614 611 2712 666 sibi
2751 610 2884 676 vult,
2915 609 3126 666 Patrem
3165 611 3218 666 in
3265 615 3514 670 omnibus
3543 631 3664 684 quae

2079 714 2204 758 sunt
2237 701 2470 772 cperari,
2493 701 2617 769 quia
2662 703 2826 757 totius
2864 701 3164 773 όντότητος,
3191 703 3304 758 sive
3331 705 3664 763 essiSIentiaa

2080 793 2180 864 (sic
2213 794 2356 846 enim
2412 793 2552 864 loqui
2587 793 2769 864 liceat)
2800 795 3119 865 principium
3150 805 3236 851 est
3266 811 3281 859 ;
3323 794 3540 862 Filium,
3569 799 3662 866 qui

2078 894 2132 937 et
2160 883 2336 953 λόγος,
2366 885 2468 939 hoc
2499 895 2580 940 est
2603 885 2754 955 juxta
2788 884 3038 956 Origeuis
3065 887 3479 957 expositionem,
3499 890 3666 954 ratio,

2075 977 2128 1030 iu
2184 977 2252 1031 iis
2287 977 2460 1032 solmn
2495 992 2617 1047 quae
2653 978 2866 1032 ratione
2900 979 3118 1048 praedita
3163 989 3319 1045 sunt,
3353 983 3464 1036 vim
3503 999 3666 1038 suam

2072 1069 2341 1141 experiri;
2395 1071 2660 1141 Spiritus,
2692 1075 2786 1141 qui
2840 1086 2868 1124 a
2913 1074 3200 1129 sanctitate
3246 1076 3523 1146 proprium
3555 1077 3666 1133 sibi

2073 1176 2368 1230 cognomen
2405 1162 2592 1228 habet,
2617 1164 2724 1218 vim
2755 1163 3083 1237 ἁγιαστικὴν
3116 1168 3182 1222 ad
3214 1178 3433 1224 sanctos
3463 1170 3663 1226 dunta-

2073 1266 2165 1306 χιιι
2200 1255 2490 1321 pertinere.

2144 1339 2374 1397 XXVIII.
2403 1343 2515 1414 (I8)
2544 1343 2735 1413 Atque-
2757 1344 2873 1400 haec
2897 1345 3189 1418 ἀποτόμως
3217 1346 3287 1401 ita
3314 1349 3541 1419 'sumpta
3570 1351 3664 1406 vix

2069 1449 2152 1494 est
2213 1447 2270 1490 ut
2329 1439 2807 1506 reprehensionem
2862 1440 3138 1512 eIIugiant.
3177 1443 3249 1495 At
3295 1443 3341 1498 si
3406 1445 3535 1514 quis
3593 1447 3666 1502 ad

2070 1539 2306 1584 mentem
2335 1530 2518 1599 potius
2545 1529 2798 1605 Origeuis
2826 1551 2990 1605 quam
3020 1539 3087 1592 ad
3131 1542 3294 1594 verba
3340 1542 3662 1606 attenderit,

2069 1621 2224 1676 aliter
2252 1623 2468 1677 sentiet.
2491 1621 2752 1690 Quamvis
2791 1626 2937 1681 enim
2969 1643 3074 1682 una
3098 1630 3400 1699 eademque
3429 1633 3542 1688 sint
3569 1649 3665 1688 sa-

2068 1726 2178 1767 cra;
2208 1710 2494 1770 Trinitatis
2539 1724 2802 1772 extranea
2835 1732 3028 1787 Opera,
3065 1730 3120 1776 et
3166 1722 3431 1794 quidquid
3464 1723 3580 1794 agit
3607 1725 3664 1780 in

2069 1806 2233 1861 rebus
2275 1809 2520 1864 externis
2570 1807 2772 1876 Pater,
2817 1811 2921 1868 huc
2973 1823 3097 1885 agat
3127 1825 3180 1870 et
3218 1816 3425 1884 Filius,
3466 1818 3575 1874 hoc
3610 1829 3666 1874 et

378 1894 574 1962 utique
619 1893 937 1960 impertiens
976 1897 1042 1948 de
1082 1911 1181 1950 suo
1205 1937 1221 1962 ,
1260 1897 1373 1963 ipse
1409 1895 1558 1950 enim
1586 1904 1667 1949 est
1697 1896 1788 1964 qui
1834 1903 1918 1950 est
1949 1912 1963 1950 :
1999 1878 2041 1938 Β
2077 1895 2316 1968 Spiritus
2342 1911 2594 1969 sanctus;
2619 1906 2868 1974 quaedam
2897 1913 3078 1962 tamen
3103 1907 3249 1962 Patri
3281 1910 3555 1981 assignari
3575 1925 3665 1965 so-

377 1979 523 2054 quod
564 2001 698 2041 vero
728 1986 906 2040 minor
955 1987 1116 2042 Patre
1151 1987 1323 2041 Filius
1366 1987 1433 2042 ad
1474 1986 1587 2042 sola
1623 1986 1968 2042 rationabilis

375 2078 648 2146 pervenit,
680 2089 764 2132 est
794 2078 939 2132 enim
985 2079 1256 2133 secundus
1298 2094 1326 2131 a
1363 2077 1562 2145 Patre,
1591 2077 1768 2132 adhuc
1805 2079 1970 2132 etiam

377 2165 562 2218 minor
595 2173 682 2219 est
715 2163 952 2232 Spiritus
979 2174 1204 2221 sanctus
1233 2168 1301 2222 ad
1335 2167 1481 2223 solos
1517 2175 1738 2222 sanctos
1778 2182 1971 2238 perve-

379 2257 558 2310 nicns.
593 2254 671 2309 Ita
702 2272 769 2310 ex
802 2257 906 2312 hoc
927 2257 1100 2326 major
1125 2270 1210 2313 est
1239 2269 1480 2327 potestas
1505 2258 1685 2314 Patris
1703 2275 1811 2329 pra:
1833 2260 1970 2315 Filio

377 2356 432 2400 ut
453 2346 659 2416 Spirittt
683 2359 894 2413 sancto,
923 2349 1265 2420 ampliorque
1288 2349 1408 2404 Filii
1439 2365 1551 2420 prae
1590 2349 1794 2418 Spiritu
1837 2366 1967 2404 san-

376 2447 498 2504 cto;
525 2454 586 2495 ac
611 2456 824 2495 rursum
856 2445 1204 2511 prmstautior
1235 2444 1409 2498 sancti
1450 2443 1686 2514 Spiritus
1731 2454 1970 2515 potestas

375 2545 488 2600 pra:
531 2532 657 2586 aliis
687 2534 901 2588 entibus
936 2535 1163 2592 sanctis.
1191 2554 1210 2586 ι
1237 2535 1313 2588 Ex
1345 2536 1448 2590 hoc
1493 2536 1744 2605 dogmate
1781 2547 1966 2605 aptum

375 2638 459 2680 est
495 2627 624 2682 illud
655 2644 685 2682 e
721 2639 851 2683 tom.
888 2645 928 2684 ιι
971 2627 1328 2684 Commentar.
1358 2631 1411 2683 in
1435 2628 1789 2700 Mattlt.,pag.
1820 2629 1919 2684 Ml
1946 2646 1961 2684 :

373 2713 472 2783 Εἷς
489 2719 546 2773 δὲ
573 2719 775 2790 ποιμὴν
791 2720 898 2774 τῶν
919 2720 1153 2789 λογικῶν
1171 2723 1198 2774 ό
1214 2722 1383 2790 Λόγος
1399 2738 1414 2751 ·
1433 2731 1488 2776 et
1513 2721 1654 2775 istud
1679 2736 1710 2775 e
1737 2731 1866 2775 tom.
1885 2737 1962 2786 st,

374 2826 497 2881 pag.
531 2811 636 2867 506
663 2831 676 2866 :
705 2813 857 2883 Τάχα
888 2813 946 2866 δὲ
975 2814 1069 2867 καὶ
1099 2813 1207 2867 τῶν
1234 2813 1409 2883 λόγων
1455 2812 1630 2886 Ἰησοῦ
1679 2814 1784 2867 εἰσί
1819 2830 1964 2876 τινες

371 2902 526 2976 ἄρτοι
551 2903 647 2969 οὒς
678 2908 790 2969 τοῖς
819 2906 1222 2979 λογικωτέροις,
1244 2908 1319 2972 ὼς
1357 2909 1587 2973 τέκνοις,
1616 2907 1790 2975 ἔξεστι
1832 2907 1965 2961 6:66-

371 3012 459 3048 ναι
494 2996 676 3067 μόνοι·
711 3001 926 3067 etquod
960 2999 1121 3057 docet
1151 3009 1280 3053 tom.
1318 3015 1368 3053 vt
1407 3001 1461 3053 in
1484 2999 1956 3069 Joan..pag.107,

369 3087 648 3143 Christum
677 3104 797 3145 esse
839 3091 1230 3162 αὐτοαλήθειαν
1262 3091 1362 3163 τὴν
1391 3090 1647 3162 οὑσιώδη,
1687 3093 1781 3146 καὶ
1808 3111 1959 3164 πρω-

367 3179 596 3234 τότυπον
624 3180 722 3250 τῆς
763 3181 820 3233 ἐν
847 3184 968 3245 ταῖς
998 3181 1240 3252 λογικαῖς
1271 3181 1468 3252 ψυχαῖς
1494 3182 1750 3254 ἀληθείας
1772 3199 1786 3212 ’
1815 3193 1865 3236 el
1905 3183 1954 3236 id

367 3286 582 3340 quoque
615 3287 647 3326 e
687 3282 817 3327 tom.
856 3286 1027 3338 χχιιι,
1064 3289 1115 3342 p.
1158 3273 1262 3327 450
1293 3290 1307 3328 :
1333 3275 1501 3347 Ὄλης
1547 3276 1645 3346 μὲν
1672 3273 1765 3329 οὖν
1805 3271 1956 3346 οἶμαι

365 3361 467 3432 τῆς
493 3363 650 3430 δόξης
668 3364 764 3418 τοῦ
797 3365 931 3418 Θεοῦ
963 3365 1129 3420 αὑτοῦ
1158 3367 1498 3437 ἀπαύγασμα
1527 3363 1666 3421 εἶναι
1687 3368 1778 3421 τὸν
1805 3368 1954 3432 res»,

367 3453 511 3507 κατὰ
539 3454 628 3508 τὸν
656 3457 882 3511 εἰπόντα
906 3456 1118 3511 Παῦλον
1144 3475 1157 3487 ·
1197 3460 1302 3525 Ὃς
1333 3459 1418 3513 ὧν
1448 3461 1815 3531 ἀπαύγασμα
1847 3459 1958 3528 τῆς

365 3545 552 3614 δόξης
584 3564 599 3578 ο
650 3547 876 3616 φθάνειν
931 3549 1180 3620 μέντοιγε
1218 3551 1326 3605 ἀπὸ
1371 3552 1466 3605 τοῦ
1522 3554 1958 3627 ἁπανγάσματος

362 3637 556 3691 τούτου
583 3639 683 3710 τῆς
716 3640 842 3712 ὅλης
867 3640 1026 3713 δόξης
1065 3642 1266 3713 μερικὰ
1298 3644 1706 3716 ἀπαυγάσματα
1737 3647 1828 3700 ἐπὶ
1858 3647 1956 3720 τὴν

363 3727 555 3802 λοιπὴν
583 3729 806 3804 λογικὴν
839 3735 1014 3787 κτίσιν
1034 3751 1049 3764 ·
1080 3745 1134 3791 et
1162 3737 1306 3804 quod
1339 3737 1415 3789 ait
1453 3747 1583 3790 tom.
1637 3754 1653 3792 ι
1687 3739 1738 3791 in
1765 3739 1953 3804 Joan.,

362 3837 517 3876 num.
551 3823 640 3889 29,
675 3827 948 3881 Christum
1006 3837 1235 3882 eatenus
1288 3827 1464 3883 lucem
1500 3844 1655 3895 esse,
1690 3841 1956 3900 quatenus

363 3925 574 3970 mentes
602 3919 831 3972 rationis
865 3920 1158 3990 participes
1189 3921 1448 3976 illustrat.
1502 3923 1678 3991 Atque
1721 3924 1848 3977 item
1900 3924 1958 3977 il-

361 4003 453 4059 lud
471 4010 612 4075 quod
643 4009 694 4062 in
722 4009 890 4077 tIIspl
913 4010 1136 4080 ἀρχῶν,
1151 4029 1271 4082 cap.
1297 4015 1352 4078 5,
1399 4030 1546 4067 Ιιιιη).
1573 4015 1625 4076 5,
1658 4015 1957 4070 Ruﬁnianus

360 4096 826 4166 interpretationis
851 4103 1065 4170 reperio
1091 4121 1104 4157 :
1130 4123 1148 4156 ι
1178 4104 1234 4158 In
1270 4105 1373 4160 illis
1402 4105 1532 4161 solis
1567 4106 1806 4161 arbitror
1837 4123 1957 4162 esse

306 4199 316 4210 '
360 4203 496 4258 opus
531 4189 766 4262 Spiritus
816 4196 1018 4258 sancti.
1049 4197 1140 4264 qui
1172 4197 1287 4266 jam
1332 4213 1390 4252 se
1437 4199 1504 4250 ad
1552 4198 1772 4253 meliora
1822 4214 1954 4254 cou-

358 4291 599 4348 vertunt,
633 4293 687 4339 et
735 4301 831 4356 per
865 4287 978 4344 vias
1022 4287 1148 4343 Jcsu
1189 4289 1392 4343 Christi
1448 4291 1734 4354 incedunt,
1778 4293 1952 4358 idest,

361 4380 488 4424 sunt
536 4373 586 4426 in
620 4375 775 4430 bonis
812 4379 1057 4444 actibus,
1091 4389 1146 4433 et
1194 4380 1247 4433 in
1291 4379 1403 4434 Deo
1450 4393 1790 4448 permanent.
1838 4403 1855 4434 ι
1893 4383 1960 4439 Et

357 4463 521 4543 paulo
548 4464 772 4521 inferius
808 4482 824 4520 :
861 4487 880 4520 ι
919 4469 1031 4524 iloc
1081 4485 1212 4540 ergo
1243 4481 1403 4540 pacto
1455 4474 1703 4542 operatio
1729 4475 1956 4543 (virtutis

2073 1990 2206 2056 lent,
2227 1991 2334 2047 alia
2364 1992 2523 2059 Filio,
2551 1997 2656 2052 alia
2685 1999 2911 2069 Spiritui
2949 2011 3158 2056 sancto.
3189 1999 3664 2068 Quemadmodum

2068 2098 2198 2155 ergo
2217 2083 2360 2141 Patri
2385 2088 2542 2159 vulgo
2560 2092 2878 2146 attribuitur
2897 2094 3107 2149 creatio
3129 2111 3329 2162 rerum,
3350 2096 3476 2151 licet
3498 2097 3667 2153 trium

2071 2192 2321 2248 peraque
2350 2196 2707 2250 personarum
2763 2185 2861 2251 sit;
2907 2185 2983 2241 ita
3016 2186 3184 2251 Filio,
3209 2188 3301 2256 qui
3344 2199 3433 2244 est
3462 2189 3664 2258 Λόγοςς

2070 2268 2311 2323 omnium
2359 2270 2593 2340 λογικῶν
2622 2290 2809 2330 curam
2840 2275 3102 2348 Origenes
3154 2281 3419 2345 ascribit;
3456 2285 3668 2337 sancti-

2070 2360 2272 2415 tudinis
2325 2375 2454 2417 vero
2503 2363 2856 2420 collationem
2901 2368 3101 2422 addicit
3157 2368 3388 2438 Spiritui
3443 2381 3662 2435 sancto.

2063 2448 2216 2517 juxta
2249 2448 2406 2506 Rom.
2437 2467 2487 2518 ι,
2522 2451 2579 2519 4,
2608 2463 2664 2508 et
2704 2453 2750 2509 II
2789 2455 2988 2512 Thess.
3021 2474 3057 2513 ιι
3080 2498 3094 2521 .
3129 2459 3228 2520 15.
3259 2463 3513 2529 quamvis
3562 2463 3667 2518 toti

2071 2537 2322 2595 Trinitati
2361 2543 2644 2601 debeatur.
2692 2545 2967 2618 Scriptum
3011 2549 3128 2604 estl
3162 2549 3304 2606 Petr.
3339 2569 3380 2618 ι,
3411 2552 3481 2607 2:
3513 2571 3534 2604 ι
3561 2553 3660 2610 Se-

2070 2637 2303 2692 cundum
2337 2641 2732 2707 praescientiam
2778 2644 2872 2699 Dei
2926 2646 3124 2713 Patris,
3171 2648 3224 2702 in
3263 2650 3666 2708 sanctiﬁcatio-

2068 2743 2190 2782 nem
2231 2728 2486 2798 Spiritus,
2519 2731 2572 2787 in
2628 2735 2993 2792 obedientiam
3045 2750 3101 2794 et
3128 2741 3502 2809 aspersionem
3533 2758 3665 2800 sau-

2065 2820 2243 2886 guinis
2283 2819 2409 2876 Jesu
2459 2823 2682 2880 Christi.
2723 2845 2742 2878 ›
2783 2826 3124 2888 Ριοιιιεοίοιιιὶιι
3171 2832 3345 2898 Patri,
3378 2839 3664 2891 sanctitu-

2063 2909 2206 2964 dinis
2233 2910 2434 2968 inlusio
2484 2913 2714 2986 Spiritui
2751 2929 2945 2975 sancto
2984 2921 3257 2978 tribuitur.
3300 2923 3394 2981 Sic
3421 2928 3668 2984 sensisse

2063 3000 2349 3071 Origenem
2380 3018 2448 3059 ex
2483 3007 2551 3063 iis
2591 3007 2717 3064 licet
2761 3011 3076 3068 existimare
3107 3030 3227 3085 quae
3271 3029 3491 3074 exstant
3527 3021 3622 3075 lib.
3644 3041 3662 3078 r

2061 3093 2442 3166 Περὶάρχῶν,
2466 3113 2581 3169 cap.
2615 3100 2670 3166 5,
2697 3117 2846 3156 num.
2871 3103 2903 3157 7
2933 3121 2949 3158 :
2987 3125 3006 3159 ι
3033 3105 3202 3163 Porro
3233 3119 3416 3166 autem
3455 3113 3507 3168 in
3539 3112 3665 3168 Tri-

2063 3187 2231 3243 nitate
2288 3190 2425 3245 nihil
2474 3192 2649 3263 majus
2705 3195 2952 3252 minusve
3011 3200 3300 3256 dicendum
3358 3213 3481 3270 est,
3534 3220 3663 3260 cum

2061 3278 2219 3334 unius
2272 3281 2571 3340 divinitatis
2613 3285 2734 3344 fons
2771 3289 2953 3345 Verbo
2979 3305 3042 3346 ac
3080 3293 3291 3348 ratione
3335 3311 3432 3350 sua
3467 3307 3655 3353 teneat

2061 3373 2349 3439 universa;
2381 3374 2590 3446 Spiritu
2621 3395 2750 3436 vero
2776 3385 2889 3438 oris
2911 3384 2996 3438 sui
3028 3400 3151 3455 qua:
3173 3386 3338 3456 digna
3371 3399 3502 3444 sunt
3526 3405 3664 3446 san-

2059 3465 2392 3522 ctiﬁcatione
2437 3472 2781 3539 sanctilicet,
2827 3475 2969 3530 sicut
3019 3478 3070 3530 in
3119 3476 3339 3534 Psalmo
3387 3481 3665 3550 scriptum

2056 3566 2142 3611 est
2179 3576 2190 3611 :
2238 3557 2407 3612 Verbo
2440 3558 2653 3616 Domini
2680 3564 2794 3618 εαξίὶ
2819 3566 3022 3634 firmati
3051 3577 3212 3633 sunt,
3240 3579 3289 3623 et
3318 3571 3514 3638 spiritu
3545 3575 3661 3627 oris

2057 3646 2171 3714 eius
2210 3651 2378 3704 omnis
2415 3655 2576 3707 uirtus
2622 3671 2806 3708 eorum
2832 3655 2901 3710 ⁸⁸.
2940 3656 3036 3712 Est
3074 3661 3238 3714 etiam
3280 3662 3536 3729 quaedam
3567 3664 3658 3718 in-

2058 3741 2301 3808 operatio
2346 3741 2440 3796 Dei
2485 3741 2670 3800 Patris
2717 3747 2988 3816 prmeipua
3032 3761 3230 3820 preter
3271 3752 3458 3819 illam,
3493 3769 3660 3823 quam

2057 3832 2312 3888 omnibus
2347 3842 2407 3888 ut
2445 3845 2633 3890 essent
2663 3839 2988 3894 naturaliter
3027 3843 3298 3910 praestitit.
3334 3845 3434 3902 Est
3469 3858 3527 3902 et
3554 3848 3662 3903 Do-

2059 3923 2188 3977 mini
2218 3922 2344 3979 .lesu
2369 3922 2570 3981 Christi
2597 3929 2929 3999 praecipuum
2960 3934 3232 4002 quoddam
3260 3935 3659 4010 ministerium,

2061 4016 2113 4070 in
2158 4031 2250 4072 eos
2295 4017 2492 4087 quibus
2528 4021 2849 4076 naturaliter
2881 4034 2942 4078 ut
2977 4025 3329 4083 rationabiles
3365 4030 3504 4094 sint,
3535 4047 3666 4088 co;-

2058 4107 2199 4173 fert,
2229 4123 2325 4178 per
2361 4111 2503 4179 quod
2536 4111 2604 4165 ad
2637 4112 2754 4168 hazc
2798 4129 2919 4184 qua:
2952 4125 3111 4182 sunt,
3138 4130 3434 4187 praestatur
3468 4125 3550 4179 eis
3599 4136 3661 4180 ut

2060 4200 2196 4254 bene
2236 4203 2369 4256 sint.
2405 4202 2498 4257 Est
2536 4213 2590 4258 et
2624 4206 2726 4260 alia
2765 4223 2981 4278 quoque
3006 4211 3169 4266 etiam
3207 4211 3448 4282 Spiritus
3477 4221 3658 4274 sancti

2058 4295 2230 4360 gratia
2258 4308 2378 4363 quae
2411 4296 2588 4366 dignis
2613 4308 2923 4368 prmstatur,
2959 4303 3264 4361 ministrata
3305 4309 3530 4377 quidem
3559 4327 3661 4381 per

2057 4383 2354 4454 Christum,
2399 4389 2678 4460 inoperata
2723 4403 2902 4448 autem
2935 4410 2962 4448 a
2997 4395 3156 4452 Patre
3187 4403 3491 4458 secundum
3543 4420 3660 4460 me-

2061 4475 2224 4530 ritum
2265 4493 2452 4532 eorum
2507 4481 2598 4550 qui
2643 4497 2870 4549 capaces
2906 4485 3230 4544 eﬂlciuntur.
3277 4490 3434 4558 Quod
3478 4497 3658 4550 mani-

359 4553 456 4608 Ιὶεί
485 4539 664 4611 Patris
695 4567 750 4611 et
774 4558 898 4613 Filii
933 4539 1225 4616 indiscrete
1250 4539 1438 4630 super
1468 4539 1684 4618 omnem
1729 4539 1956 4634 proten-
1991 4571 2034 4626 ι)
2063 4566 2352 4626 festissime
2394 4573 2596 4629 indicat
2625 4577 2900 4644 apostolus
2933 4580 3152 4646 Paulus,
3183 4598 3346 4639 unam
3371 4588 3657 4644 eamdem-

358 4648 510 4702 ditur
542 4659 896 4718 creaturam;
952 4651 1190 4720 Spiritus
1243 4655 1416 4710 sancti
1474 4670 1605 4711 vero
1658 4657 1954 4730 participa-

358 4737 564 4791 tionem
598 4754 627 4792 a
658 4742 865 4796 sanctis
903 4744 1281 4799 tantummodo
1328 4744 1516 4800 haberi
1554 4746 1881 4805 invenimus.
1925 4769 1944 4803 ›

356 4826 426 4884 Et
451 4829 545 4884 lib.
577 4846 648 4884 vn
675 4834 730 4887 in
758 4833 928 4903 Epist.
956 4836 1026 4889 ad
1057 4834 1232 4901 Rom.,
1262 4852 1409 4891 num.
1435 4837 1469 4891 6
1501 4853 1519 4891 :
1553 4859 1571 4890 ‹
1610 4839 1838 4896 Tantum
1866 4854 1951 4898 est

357 4924 494 4990 quod
524 4923 610 4978 ille
628 4923 1030 4998 (Christus)pro
1062 4929 1241 5000 impiis
1272 4937 1520 4985 mortuus
1550 4941 1657 4999 est;
1689 4933 1767 4987 sic
1799 4936 1943 4988 enim

354 5023 408 5064 et
461 5012 577 5080 ipse
630 5014 828 5071 Paulus
875 5020 1142 5085 ostendit,
1181 5035 1304 5075 cum
1357 5021 1490 5076 dicit
1529 5040 1541 5076 :
1577 5023 1763 5077 Adhuc
1805 5027 1944 5078 enim

353 5099 617 5171 Christus,
643 5121 761 5161 cum
793 5108 994 5176 inﬁrmi
1032 5127 1285 5179 essemus,
1308 5112 1597 5166 secundum
1623 5124 1823 5179 tempus
1848 5134 1943 5186 pro

353 5193 532 5262 impiis
567 5208 806 5255 mortuus
827 5211 904 5256 est
928 5202 1012 5257 δτι
1049 5217 1270 5261 sanctus
1317 5215 1498 5261 autem
1549 5207 1787 5277 Spiritus
1834 5224 1940 5263 non

424 5333 468 5366 ⁵⁷
499 5335 654 5393 Rom.
689 5355 739 5404 ν,
772 5341 824 5395 6.
902 5345 948 5377 “
971 5345 1116 5403 Psal.
1144 5363 1319 5413 χχχιι,
1359 5347 1412 5404 6.
1489 5350 1534 5383 ⁸⁹
1560 5351 1577 5406 I
1601 5349 1730 5405 Cor.
1766 5366 1864 5417 xu,
1893 5350 2014 5405 4-7.

425 5459 538 5541 (1.8)
579 5462 746 5541 ﬁtque
766 5466 883 5541 luce
908 5469 1219 5539 ἀποτομως
1252 5475 1328 5524 ita
1356 5485 1584 5541 sumpta,
1608 5475 1697 5528 vix
1719 5485 1816 5540 est,
1841 5483 1947 5529 etc.

357 5524 558 5607 Sinsine
590 5524 751 5587 Patre
785 5524 1133 5593 rationabilia
1165 5524 1941 5607 atFiliovilluminari;sancta

357 5597 616 5684 αβριισίιυ
678 5610 1232 5684 sancto__san_ctiticari
1274 5613 1480 5684 diceret
1512 5597 1794 5684 Origenes,
1822 5597 1943 5668 Vme-

359 5667 465 5720 rito
497 5667 554 5751 in
591 5682 832 5751 sanctam
861 5675 1185 5751 Trinitatem
1213 5681 1511 5751 injuriosus
1534 5667 1832 5749 vidueretu'r,
1859 5667 1943 5737 at-

358 5751 464 5816 que
497 5739 876 5819 haudscioan
915 5747 1088 5819 ipsum
1117 5750 1168 5802 in
1218 5739 1433 5805 Patrem
1473 5739 1940 5819 ἱιιῙυιίοείοι.’8εειΙ

360 5805 417 5861 iu
443 5821 510 5860 co
539 5807 679 5864 nulla
715 5811 871 5882 hujus
912 5805 1114 5872 e'rror‘ts
1165 5821 1399 5890 suspicio
1426 5805 1944 5889 resi'det,‘ael’atris

2061 4675 2168 4731 que
2192 4663 2446 4718 virtutem
2478 4666 2764 4726 Trinitatis
2796 4687 3073 4742 exponens
3100 4675 3154 4729 in
3211 4691 3277 4730 eo
3318 4694 3445 4734 cum
3484 4681 3653 4736 dicit:

2061 4751 2352 4809 Divisiones
2392 4767 2514 4812 sunt
2551 4761 2834 4830 donorum,
2869 4767 3007 4820 idem
3056 4779 3230 4821 autem
3273 4767 3511 4836 Spiritus
3545 4787 3564 4826 :
3602 4786 3654 4828 et

2058 4845 2337 4903 divisiones
2382 4863 2504 4905 sunt
2544 4854 2991 4925 ministeriorum,
3038 4861 3179 4916 idem
3231 4873 3415 4919 autem
3463 4868 3656 4924 Domi-

2055 4951 2153 4989 nus
2185 4949 2205 4987 :
2239 4948 2286 4991 et
2336 4939 2619 4998 divisiones
2668 4949 3030 5014 operationum
3087 4963 3231 5020 sunt,
3281 4958 3424 5012 idem
3469 4970 3654 5016 autem

2052 5025 2196 5081 Deus
2217 5030 2308 5098 qui
2337 5043 2584 5099 operatur
2614 5040 2793 5094 omnia
2824 5041 2882 5096 in
2922 5044 3183 5100 omnibus.
3217 5044 3520 5121 Unicuique
3548 5071 3653 5107 au-

2053 5127 2156 5172 tem
2204 5125 2366 5174 datur
2413 5126 2774 5194 manifestatio
2823 5130 3060 5201 Spiritus
3091 5141 3381 5193 secundum
3416 5143 3472 5194 id
3506 5145 3652 5214 quod

2051 5209 2260 5277 expedit
2306 5209 2376 5266 ".
2425 5212 2505 5267 Ex
2536 5232 2645 5286 quo
2677 5219 3122 5280 manifestissime
3154 5227 3475 5297 designatur
3504 5209 3649 5304 quod

2063 5474 2314 5558 virtutem
2345 5478 2398 5558 in
2426 5479 2526 5558 hoc
2557 5491 2763 5558 tantum
2793 5485 2992 5538 virtute
3019 5485 3138 5540 Filii
3167 5496 3224 5542 et
3251 5488 3491 5558 Spiritus
3523 5505 3645 5545 ma-

2051 5544 2225 5624 jorem
2252 5548 2384 5624 dicit
2415 5560 2468 5602 et
2514 5550 2676 5624 latius
2707 5566 3006 5620 parentem,
3041 5559 3182 5624 quod
3213 5544 3341 5612 cum
3397 5544 3644 5616 rationa-

2053 5615 2231 5696 hiliaa
2271 5615 2723 5696 Filio-rationem,
2757 5635 2940 5696 sancta
2981 5615 3244 5696 aSpiritu
3289 5615 3642 5684 sanctitatem

2052 5685 2341 5760 aceipianl,
2373 5687 2541 5743 Filius
2587 5709 2614 5744 a
2664 5685 2842 5748 Patre.
2881 5685 3117 5760 Spiritus
3147 5713 3175 5750 a
3220 5697 3384 5753 Patre
3418 5711 3475 5756 et
3501 5701 3644 5755 Filio

2049 5757 2229 5807 Olllllla
2258 5761 2660 5826 acceperint.—-
2692 5764 2748 5816 υ.
2787 5757 3127 5820 Prudentius.
3162 5767 3358 5824 Manu
3379 5769 3460 5826 De
3501 5771 3644 5826 diri—

2051 5826 2212 5880 nitute
2244 5828 2462 5896 Christi,
2491 5832 2582 5887 lib.
2619 5849 2691 5898 tv,
2721 5850 2838 5903 cap.
2870 5835 2953 5902 lli,
2985 5853 3130 5892 num.
3156 5839 3210 5891 τὶ.
