3878 6518
219 414 303 472 ιεθ

997 406 1569 465 οιιιςΕΝιΑΝοιιυιι
1607 405 1734 460 LlB.
1780 402 1843 470 ll,
1885 405 2038 462 CAP.
2082 406 2144 475 ll,
2181 407 2463 475 QUASST.
2509 409 2575 464 ll.

3353 412 3485 468 790-

217 520 438 586 nulla'est
461 530 513 582 in
546 515 820 582 Trinitate
844 527 1120 593 discretio,
1145 529 1238 584 sed
1277 530 1381 584 hoc
1408 529 1550 599 quod
1577 529 1774 582 donum
1805 532 1850 589 Α
1881 527 1995 595 prie
2022 529 2275 584 vocamus
2307 529 2524 584 nomine
2565 527 2878 598 Sapientiae,
2914 544 3038 584 cum
3065 529 3137 585 sit
3166 529 3452 585 universa-

216 623 421 693 Spiritus
442 621 670 682 dicitur,
716 619 1091 674 manifestatur
1136 637 1232 691 per
1260 621 1478 684 Filium,
1501 630 1555 675 et
1585 621 1773 690 inope-

217 725 342 768 mtur
367 726 458 780 per
488 710 660 764 Deum
694 709 1134 765 Patrem.0mnia
1153 719 1331 764 autem
1361 718 1610 779 operatur
1637 722 1770 759 unus

214 822 344 878 atque
368 807 500 858 idem
538 786 804 874 Spiritus,
836 804 1068 858 dividens
1095 804 1374 870 unicuique
1397 810 1550 871 prout
1587 799 1718 854 vult.
1747 814 1766 849 ι

214 899 330 965 Quin
353 898 512 950 etiam
560 895 936 950 sanctimoniae
969 893 1310 949 collationem
1348 891 1486 946 idem
1529 889 1665 944 Pilio
1691 904 1778 944 as-

215 990 394 1061 signat;
426 987 715 1058 sapientite
750 1001 878 1042 vero
909 1001 974 1039 ac
1018 984 1262 1040 scientia:
1292 983 1520 1053 gratiam
1550 979 1773 1051 Spiritui

214 1095 372 1142 sancto
395 1081 582 1135 itidem
610 1087 668 1132 ut
702 1077 840 1133 Filio
861 1085 1132 1145 acceptam
1167 1074 1354 1129 refert.
1389 1092 1407 1126 ι
1440 1071 1611 1133 Unde,
1645 1091 1662 1123 ι
1697 1073 1778 1124 in-

213 1175 325 1247 quit,
349 1171 477 1226 ibid.
510 1184 664 1224 num.
684 1169 738 1233 8,
761 1185 779 1219 ι
805 1167 1102 1238 inoperatio
1127 1165 1327 1230 Patris,
1353 1180 1472 1234 quae
1501 1177 1619 1217 esse
1644 1176 1778 1231 prae-

213 1275 302 1322 stat
339 1263 612 1326 omnibus,
656 1259 856 1316 clarior
905 1273 970 1313 ac
1007 1255 1440 1327 magnificentior
1481 1255 1772 1316 invenitur,

212 1374 311 1414 cum
353 1354 725 1424 unusquisque
769 1366 864 1420 per
911 1350 1378 1420 participationem
1418 1347 1656 1410 Christi,
1698 1360 1777 1399 se-

211 1452 415 1507 cundum
447 1447 500 1500 id
530 1445 680 1515 quod
713 1443 977 1512 sapientia
1010 1452 1114 1508 est,
1145 1453 1198 1498 et
1226 1441 1518 1496 secundum
1553 1438 1604 1492 id
1639 1437 1779 1507 quod

211 1542 404 1601 scientia
431 1552 540 1606 est,
577 1550 633 1594 et
657 1537 1024 1594 sanctiﬁcatio
1052 1545 1161 1602 est,
1189 1537 1424 1606 proficit,
1446 1546 1500 1590 et
1529 1535 1583 1590 in
1620 1537 1778 1592 altio-

210 1653 280 1692 res
304 1634 640 1706 profectuum
671 1631 872 1702 gradus
895 1629 1062 1706 venit,
1081 1638 1134 1683 et
1154 1645 1249 1700 per
1273 1630 1375 1683 hoc
1398 1629 1538 1698 quod
1567 1629 1780 1698 partici-

208 1705 396 1796 patione
432 1722 616 1779 sancti
664 1721 898 1792 Spiritus
928 1705 1099 1775 factus
1136 1727 1219 1776 est
1247 1719 1368 1788 quis
1406 1719 1590 1788 purior
1620 1727 1780 1788 atque

208 1818 459 1883 sincerior,
475 1814 708 1870 eﬂ’ectus
728 1814 921 1884 dignus
942 1813 1129 1882 recipit
1149 1812 1426 1881 sapientiae
1455 1826 1516 1864 ac
1537 1811 1778 1864 scientiae

208 1911 427 1984 gratiam.
470 1927 488 1960 ι
522 1905 748 1976 Repetit
788 1905 893 1959 ista
939 1917 1058 1972 cap.
1101 1902 1196 1970 18,
1245 1912 1441 1956 auctor
1482 1900 1644 1954 libelli
1701 1899 1776 1954 De

207 2004 373 2056 deitate
405 2011 454 2054 et
495 1999 872 2051 incarnatione
908 1993 1084 2062 Verbi,
1117 1993 1184 2048 ad
1217 1991 1665 2060 Januarium,qui
1710 1992 1776 2044 ad

205 2095 380 2150 calcem
445 2089 699 2146 tomi-lV
763 2087 1054 2158 Augustini
1097 2085 1458 2140 subnectitur.
1515 2082 1645 2148 Qute
1711 2099 1778 2138 ne

205 2189 304 2259 quis
334 2202 361 2240 a
397 2184 604 2239 Rufino
635 2183 935 2250 interprete
972 2179 1024 2233 in
1056 2175 1306 2248 Origeuis
1348 2175 1576 2244 gratiam
1608 2176 1778 2229 conli-

206 2293 274 2334 cta
305 2287 473 2349 putet,
509 2275 754 2331 similem
790 2273 1147 2342 adjungemus
1194 2269 1371 2322 locum
1399 2283 1429 2322 e
1473 2277 1604 2320 tom.
1646 2281 1684 2319 ιι
1724 2268 1777 2319 in

203 2372 374 2436 10am,
407 2384 564 2424 num.
611 2367 645 2422 6
685 2386 698 2421 ε
735 2360 810 2421 Ob
853 2364 1027 2436 (Υἱοῦ)
1066 2361 1286 2434 χρῄζειν
1337 2361 1482 2414 ἔοικε
1521 2361 1582 2414 τὸ
1625 2361 1778 2428 ἅγιον

203 2464 419 2533 Πνεῦμα,
452 2459 843 2520 διακονοῦντος
895 2455 1058 2510 αὐτοῦ
1078 2459 1144 2526 τῇ
1175 2455 1466 2508 ὑποστάσει
1485 2494 1498 2514 ,
1531 2454 1592 2506 οὐ
1620 2453 1779 2524 μόνον

203 2556 268 2618 εἰς
297 2555 352 2608 τὸ
377 2549 539 2617 εἶναι,
568 2551 710 2604 ἀλλὰ
759 2551 852 2603 καὶ
896 2549 1056 2618 σοφὸν
1092 2543 1252 2612 εἶναι,
1281 2547 1377 2600 καὶ
1408 2545 1643 2615 λογικὸν,
1685 2544 1779 2598 καὶ

203 2652 400 2712 δίκαιον,
423 2649 522 2701 καὶ
546 2648 664 2698 πᾶν
691 2643 976 2697 ὁτιποτοῦν
1004 2640 1108 2712 χρὴ
1137 2641 1270 2694 αὐτὸ
1297 2640 1438 2692 νοεῖν
1466 2636 1777 2708 τυγχάνειν,

203 2741 319 2796 κατὰ
343 2739 584 2813 μετοχὴν
612 2737 725 2790 τῶν
763 2733 1176 2808 προειρημένων
1212 2734 1342 2803 ἡμῖν
1371 2728 1608 2802 Χριστοῦ
1657 2730 1779 2781 ὲπι-
1840 2749 1845 2755 ε

202 2836 333 2888 votti
351 2853 362 2864 '
382 2830 541 2905 οἶμαι
577 2832 638 2884 δὲ
666 2830 726 2884 τὸ
749 2831 902 2899 ἆγιον
930 2827 1151 2898 Πνεῦμα
1181 2825 1298 2898 τὴν,
1330 2825 1396 2877 ἶν’
1421 2823 1593 2886 οὕτως
1618 2823 1778 2886 εἴπω,

203 2926 311 2999 ὕλην
344 2927 453 2980 τῶν
503 2925 625 2978 ἀπὸ
667 2921 806 2976 Θεοῦ
861 2919 1212 2992 χαρισμάτων
1265 2915 1523 2987 παρέχειν
1549 2916 1661 2977 τοῖς
1712 2915 1778 2967 δι’

202 3020 312 3072 αὐτὸ
339 3019 431 3071 καὶ
473 3017 585 3089 τὴν
625 3014 862 3087 μετοχὴν
888 3011 1052 3066 αὑτοῦ
1103 3008 1534 3081 χρηματίζουσιν
1581 3005 1778 3074 ἁγίοις,

200 3113 281 3184 τῆς
326 3109 634 3182 εἰρημένης
669 3107 804 3177 ῦλης
854 3104 962 3157 τῶν
991 3102 1344 3174 χαρισμάτων
1386 3097 1781 3171 ἐνεργουμένης

205 3206 284 3275 μὲν
303 3205 404 3259 ἀπὸ
431 3199 534 3256 τοῦ
558 3200 722 3264 Θεοῦ,
740 3195 1159 3266 διακονουμένης
1190 3194 1247 3246 δὲ
1274 3193 1378 3246 ὑπὸ
1399 3190 1492 3244 τοῦ
1521 3187 1782 3261 Χριστοῦ,
1814 3222 1855 3278 C

202 3296 496 3367 ὑφεστώσης
512 3295 576 3347 δὲ
600 3290 743 3346 κατὰ
759 3291 820 3343 τὸ
838 3289 987 3357 ἅγιον
1001 3286 1245 3357 Πνεῦμα·
1263 3285 1356 3337 καὶ
1372 3285 1513 3337 κινεῖ
1534 3299 1599 3353 με
1624 3283 1704 3344 εἰς
1725 3280 1786 3333 τὸ

199 3388 327 3442 ταῦθ’
340 3388 512 3451 οὕτως
536 3385 688 3456 ἔχειν
707 3379 995 3435 ὑπολαϐεῖν
1023 3376 1234 3440 Παῦλος
1262 3379 1389 3446 περὶ
1420 3373 1781 3445 χαρισμάτων

199 3483 318 3537 οὕτω
343 3499 445 3535 που
491 3478 750 3551 γράφων·
787 3472 1108 3541 Διαιρέσεις
1137 3469 1204 3524 δὲ
1238 3468 1620 3539 χαρισμάτων
1642 3466 1785 3534 εἰσὶ,

199 3573 252 3626 τὸ
279 3573 324 3625 δ’
341 3571 488 3626 αὐτὸ
511 3565 795 3635 Πνεῦμα·
826 3562 922 3616 καὶ
951 3559 1269 3628 διαιρέσεις
1300 3555 1615 3611 διακονιῶν
1644 3555 1784 3619 εἰσὶ,

200 3666 280 3718 καὶ
307 3668 336 3718 ό
370 3661 563 3727 αὐτὸς
600 3658 820 3724 Κύριος
856 3671 870 3684 ·
890 3652 988 3706 καὶ
1026 3650 1344 3720 διαιρέσεις
1374 3646 1789 3718 ἐνεργημάτων

198 3757 317 3821 εἰσὶ,
342 3757 442 3810 καὶ
467 3758 503 3809 ό
541 3752 735 3817 αὐτός
773 3749 906 3802 ἐστι
954 3745 1099 3812 Θεὸς
1130 3747 1162 3799 ό
1190 3741 1450 3813 ἐνεργῶν
1474 3741 1547 3795 τὰ
1587 3741 1785 3795 πάντα

199 3850 256 3900 ἐν
281 3846 486 3901 πᾶσιν.
539 3842 754 3910 Purgat
778 3847 832 3892 et
864 3836 993 3892 illud
1022 3833 1310 3905 Origenein
1350 3834 1494 3903 quod
1534 3833 1585 3884 in
1613 3830 1784 3900 prima

198 3941 296 4009 ejus
325 3943 376 3993 in
406 3939 629 3995 Isaiam
662 3933 897 3990 homelia
923 3930 1121 3999 legitur
1151 3941 1304 3981 num.
1329 3924 1364 3978 4
1390 3943 1402 3979 :
1425 3943 1444 3974 ι
1468 3923 1712 3992 Denique
1729 3930 1787 3976 ut

200 4032 437 4087 unitatem
462 4027 704 4085 Deitatis
731 4025 785 4080 in
815 4022 1087 4078 Trinitate
1115 4030 1439 4087 cognoscas,
1455 4015 1604 4069 solus
1625 4013 1784 4068 Chri-

198 4134 296 4180 stus
326 4124 376 4178 in
408 4119 678 4192 praesenti
710 4117 943 4172 lectione
980 4127 1124 4168 nunc
1155 4119 1380 4181 peccata
1422 4105 1651 4162 dimittit
1683 4121 1698 4169 ;
1727 4112 1784 4157 et

200 4223 357 4268 tamen
408 4221 634 4268 certum
692 4215 777 4262 est
821 4221 852 4259 a
907 4202 1174 4258 Trinitate
1224 4206 1450 4268 peccata
1499 4195 1718 4248 dimitti.
1756 4213 1776 4246 ι

198 4303 379 4376 Pargat
411 4315 466 4361 et
495 4299 834 4358 Paschasius
854 4296 1132 4360 diaconus,
1154 4292 1247 4346 lib.
1267 4307 1285 4344 1
1310 4288 1388 4343 De
1413 4288 1618 4356 Spiritu
1655 4302 1783 4339 san-

199 4405 268 4450 cto
295 4397 433 4469 (l9),
465 4410 594 4464 cap.
627 4391 685 4455 9,
705 4387 956 4458 Origenis
984 4384 1086 4439 sibi
1127 4379 1450 4438 sententiam
1479 4389 1777 4445 usurpans:

203 4505 219 4538 ι
247 4465 514 4556 Quantum
543 4486 600 4539 in
625 4479 928 4550 Scripturis
958 4475 1183 4540 sanctis,
1214 4473 1421 4541 inquit,
1453 4465 1779 4522 manifestis.

199 4582 317 4637 sime
354 4576 817 4652 deprehenditur,
844 4573 946 4626 alia
977 4569 1140 4623 Pater
1168 4567 1282 4635 ipse
1314 4579 1409 4635 per
1429 4577 1509 4626 se,
1527 4559 1630 4613 alia
1658 4573 1781 4628 spe-

197 4676 393 4732 cialiter
413 4691 513 4746 per
543 4671 771 4735 Filium,
803 4669 905 4722 alia
940 4681 1035 4735 per
1063 4662 1330 4733 Spiritum
1358 4666 1630 4717 sanctum,
1657 4652 1783 4705 licet

198 4771 287 4823 sub
327 4742 620 4838 privilegio
651 4760 908 4833 potentiae
953 4754 1276 4815 communis,
1318 4759 1596 4818 operatur.
1643 4742 1783 4809 Quia

198 4877 384 4926 tamus,
417 4861 487 4914 ad
537 4857 758 4910 Patrem
809 4850 1024 4922 proprio
1072 4845 1263 4901 referri
1306 4843 1556 4904 videtur;
1586 4839 1779 4907 inquo,

199 4954 323 5007 sicut
363 4949 666 5020 Apostolus
696 4943 892 4998 dicit“
928 4958 941 4994 :
984 4939 1238 5000 Vivimus,
1284 4949 1578 4996 movemur,
1615 4941 1660 4983 et
1695 4945 1782 4981 διι-

200 5059 321 5097 mus.
355 5019 511 5110 Quod
562 5052 700 5093 vero
749 5034 992 5096 rationis,
1023 5040 1079 5084 et
1115 5027 1416 5097 sapientiae,
1457 5031 1512 5078 et
1551 5019 1775 5090 iustitia:

199 5150 416 5205 capaces
441 5147 654 5197 sumus,
672 5128 751 5183 i!li
777 5125 1084 5197 specialiter
1100 5121 1190 5192 qui
1210 5127 1294 5174 est
1312 5118 1454 5171 ratio
1479 5124 1533 5168 et
1563 5114 1773 5182 sapien-

202 5199 286 5291 tia,
315 5238 371 5281 et
393 5225 632 5295 iustitia,
672 5222 726 5276 id
757 5227 844 5273 est
878 5215 1012 5272 Filio
1053 5215 1364 5282 deputatur.
1399 5199 1552 5275 Quod
1591 5214 1771 5258 autem

200 5318 364 5372 vocati
396 5293 815 5386 regeneramur,
851 5305 1090 5362 innovati
1121 5301 1546 5358 sanetilicamur,
1571 5309 1665 5362 per
1696 5293 1774 5348 di-

200 5407 310 5459 vina
335 5384 544 5476 eloquia
579 5414 834 5474 personae
860 5397 1093 5467 Spiritus
1119 5392 1290 5446 sancti
1318 5389 1593 5446 evidenter
1613 5384 1784 5439 ascri-

201 5500 350 5556 hitur.
383 5519 404 5552 ι
435 5475 708 5554 Prteclare
741 5503 796 5548 et
835 5491 899 5545 ad
950 5504 1061 5543 rem
1099 5483 1433 5553 Augusﬁnus
1464 5479 1560 5534 lib.
1597 5492 1662 5530 xv
1707 5475 1780 5527 De

203 5585 410 5654 Trinit.,
449 5606 572 5658 cap.
607 5585 713 5639 i'i:
749 5601 767 5634 ι
805 5581 956 5636 Sicut
995 5578 1213 5632 unicum
1258 5572 1352 5626 Dei
1396 5569 1628 5624 Verbum
1655 5581 1781 5636 pro-

261 5706 306 5737 ⁸⁸
333 5704 351 5757 l
381 5704 506 5760 Cor.
539 5720 643 5766 xu,
683 5699 772 5752 ll.
846 5697 887 5727 “
912 5695 1034 5748 Act.
1061 5705 1194 5753 xvu,
1224 5689 1316 5744 ‘28.

264 5819 374 5882 ιιει)
409 5817 563 5879 Tom.
611 5811 678 5866 Vl
720 5809 856 5882 Bibl:
891 5806 1042 5882 Petr-
1351 5870 1389 5882 ..
1484 5867 1496 5882 .
1571 5881 1577 5882 ,

263 5867 374 5957 {ait}
414 5867 905 5951 interimas-mp
932 5877 1168 5947 δέησιν,
1209 5881 1315 5930 etc.
1351 5870 1426 5925 Ex
1484 5867 1586 5924 hoc
1632 5867 1782 5919 testi-

1881 616 2004 671 liter
2037 629 2087 672 et
2131 617 2361 690 Spiritus
2399 632 2652 685 sanctus,
2683 630 2736 674 et
2770 619 2930 674 Pater
2975 620 3087 689 ipsa
3139 618 3478 689 Sapientia;.

1879 710 1954 764 ita
1989 711 2222 780 Spiritus
2278 721 2500 768 sanctus
2548 714 2793 791 proprie_
2819 724 3162 784 nuncupatur
3192 714 3473 768 vocabulo.

1832 793 1850 805 ’
1880 804 2182 869 eharitatis,
2207 821 2328 860 cum
2359 807 2430 860 sit
2457 806 2840 864 universaliter
2868 808 3109 863 cbaritas
3140 816 3195 862 et
3223 806 3384 862 Pater
3405 816 3469 862 et'

1879 894 2066 950 Filius.
2110 914 2128 947 ι

1953 1010 2074 1064 Pari
2114 1010 2271 1064 modo
2318 1009 2621 1080 excipimus
2651 1010 2968 1080 petitionem
2998 1011 3223 1067 alteram
3247 1051 3260 1074 ,
3294 1026 3460 1079 supe-

1880 1105 2042 1160 rioris
2062 1103 2221 1171 hujus
2247 1101 2479 1158 amnem.
2522 1105 2782 1171 Queritur
2810 1106 3142 1160 Athanasius
3177 1108 3230 1158 in
3264 1104 3458 1159 Matth.

1880 1212 1980 1262 xu,
2004 1195 2094 1262 '59.,
2131 1205 2348 1265 putasse
2389 1195 2678 1268 Origenem
2710 1207 2930 1265 peccata
2962 1199 3014 1251 in
3053 1198 3311 1267 Spiritum
3335 1211 3462 1251 san-

1881 1295 2025 1342 ctum
2084 1301 2146 1340 ea
2201 1302 2323 1343 esse
2367 1303 2486 1357 qua:
2527 1299 2647 1358 post
2697 1288 3021 1358 baptismum
3083 1290 3459 1342 admittuntur.

1881 1379 2083 1450 Nempe
2117 1396 2238 1436 cum
2267 1382 2322 1436 in
2353 1381 2560 1436 sanctis
2590 1389 2646 1436 et
2679 1380 3006 1436 Christianis
3045 1380 3216 1436 solum
3249 1379 3467 1447 operari

1882 1471 2142 1542 Spiritum
2185 1481 2434 1528 sanctum
2480 1473 2718 1534 dixerit,
2767 1473 3013 1541 sequitur
3064 1487 3184 1524 cum
3238 1479 3464 1540 peccant

1883 1565 2005 1632 ipsi,
2040 1572 2266 1632 peccato
2309 1564 2544 1632 ipsorum
2594 1578 2712 1617 eam
2750 1564 3018 1632 praecipue
3048 1561 3246 1616 oﬂ'eudi
3281 1560 3464 1614 Trini-

1883 1657 2008 1709 tatis
2042 1669 2329 1723 personam
2355 1670 2475 1723 quae
2496 1656 2548 1709 in
2569 1655 2635 1708 iis
2657 1664 2939 1723 operatur,
2970 1652 3233 1723 Spiritum
3265 1666 3466 1720 nempe

1881 1756 2148 1801 sanctum.
2180 1745 2294 1800 Non
2340 1746 2565 1800 multum
2617 1747 2739 1800 inde
2787 1745 3075 1800 abludebat
3106 1745 3463 1807 Novatiauus,

1810 1874 1850 1928 Β
1889 1835 2266 1890 remissionem
2319 1846 2666 1906 peccatorum
2725 1837 2890 1905 lapsis
2952 1837 3170 1890 concedi
3225 1850 3460 1906 negans,

1878 1931 2020 2001 quod
2047 1930 2484 1984 Christianorum
2516 1930 2756 1998 peccatis
2792 1925 2994 1982 offendi
3031 1927 3290 1997 Spiritum
3335 1942 3463 1981 san-

1879 2029 2023 2075 ctum
2076 2021 2302 2087 diceret,
2336 2021 2492 2088 cujus
2530 2019 2860 2073 offensiones
2901 2033 3000 2072 nec
3044 2018 3095 2071 in
3137 2019 3236 2071 hoc
3269 2017 3466 2071 saecqu

1880 2126 1978 2165 nec
2012 2111 2065 2164 in
2091 2109 2272 2164 futuro
2308 2111 2509 2164 remitti
2541 2109 2790 2165 Christus
2815 2109 3018 2163 docuit.
3051 2109 3157 2164 Sed
3203 2111 3465 2177 quemad-

1880 2201 2093 2255 modum
2130 2201 2184 2254 in
2215 2199 2540 2254 Christianis
2569 2200 2782 2268 operari
2815 2200 3047 2253 credidit
3068 2199 3328 2268 Origenes
3359 2208 3473 2252 tres

1880 2293 2167 2348 Trinitatis
2193 2306 2490 2363 personas,
2527 2291 2744 2346 etiamsi
2789 2291 3035 2359 operatio
3088 2290 3201 2344 haec
3239 2288 3467 2358 Spiritui

1881 2395 2070 2440 sancto
2102 2385 2316 2454 proprie
2342 2383 2504 2438 tribui
2540 2384 2749 2448 soleat;
2775 2385 2849 2436 ita
2877 2382 3310 2436 Christianorum
3339 2395 3466 2449 pec-

1880 2477 2014 2531 catis
2048 2483 2170 2545 post
2209 2476 2536 2545 baptismum
2578 2475 2831 2529 admissis
2876 2474 2991 2526 laedi
3038 2474 3256 2540 proprie
3290 2471 3465 2541 ipsum

1881 2571 2038 2636 dixit,
2063 2570 2311 2638 quamvis
2338 2567 2536 2622 Filium
2585 2580 2803 2637 quoque
2828 2575 2884 2620 et
2920 2565 3134 2618 Patrem
3160 2563 3353 2619 iisdem
3386 2563 3469 2618 of~

1881 2659 2026 2716 fendi
2057 2660 2129 2716 sit
2157 2659 2480 2715 arbitratus.

1948 2793 2145 2849 XXIX.
2181 2793 2313 2848 Illud
2350 2801 2614 2863 praeterea
2643 2792 2698 2845 in
2748 2789 2979 2860 Origene
2999 2785 3270 2856 culpatum
3301 2784 3470 2837 fuirse

1881 2895 2270 2944 commemorat
2301 2899 2601 2954 anonymus
2632 2881 2722 2936 ille
2750 2896 2910 2950 quem
2946 2893 3043 2949 pro
3073 2893 3139 2931 eo
3166 2876 3470 2943 Apologiam

1881 2977 2164 3047 scripsisse
2211 2974 2374 3028 tradit
2411 2973 2634 3026 Photius
2687 2972 2811 3026 cod.
2847 2983 2997 3024 cxvii
3023 3006 3038 3032 ,
3073 2966 3218 3036 quod
3272 2964 3466 3018 Filium

1883 3071 2197 3138 neutiquam
2245 3067 2606 3122 invocandum
2639 3078 2763 3119 esse
2805 3057 3262 3131 pronuntiaverit.
3308 3054 3469 3108 Mini-

1890 3178 1974 3219 me
2008 3161 2223 3232 quidem
2253 3159 2517 3214 orandum
2548 3171 2670 3211 cum
2712 3155 2872 3208 Patre
2905 3152 3125 3214 Filium,
3158 3165 3263 3203 non
3288 3157 3469 3200 autem

1890 3253 2209 3324 simpliciter
2245 3265 2351 3306 non
2390 3247 2651 3304 orandum
2680 3245 2918 3300 sensisse
2953 3243 3242 3310 Origenem
3286 3245 3473 3292 narrat

1888 3346 2220 3418 Augustinus
2267 3345 2398 3398 liter.
2449 3356 2607 3404 xuu,
2654 3338 2721 3394 ad
2772 3333 3222 3402 Quodvultdeum,
3271 3338 3325 3384 et
3373 3343 3470 3382 cur

1889 3440 1961 3495 ita
1992 3439 2224 3495 senserit
2255 3449 2476 3491 causam
2513 3431 2672 3486 affert
2709 3448 2766 3485 ει
2797 3429 2936 3482 Dicit
2967 3436 3248 3496 praeterea,
3277 3420 3468 3490 inquit,

1889 3533 2002 3603 ipse
2036 3531 2330 3600 Origenes,
2361 3527 2502 3596 quod
2540 3521 2711 3577 Filius
2764 3519 2857 3573 Dei
2913 3516 3115 3572 sanctis
3161 3511 3472 3567 hominibus

1887 3602 2257 3694 comparatus,
2284 3621 2485 3675 veritas
2506 3619 2617 3684 sit;
2648 3602 2792 3668 Patri
2823 3610 3051 3666 collatus
3087 3604 3427 3660 mendacium
3449 3617 3474 3666 ε

1886 3728 1942 3772 et
1966 3693 2226 3784 quantum
2269 3713 2476 3767 distant
2519 3706 2746 3778 apostoli
2779 3702 3019 3763 Christo,
3043 3708 3252 3753 tantum
3295 3693 3470 3748 Filius

1887 3805 2056 3860 Patri.
2089 3803 2243 3859 Unde
2277 3816 2375 3856 nec
2403 3800 2642 3855 orandus
2677 3805 2761 3851 est
2798 3793 2966 3846 Filius
2995 3805 3117 3844 cum
3145 3785 3469 3852 Patre,quia

1887 3913 1992 3952 non
2018 3904 2207 3949 auctor
2231 3903 2315 3948 est
2347 3889 2791 3961 indulgentlarum
2839 3884 3180 3955 petitionum,
3217 3879 3310 3934 sed
3339 3893 3470 3946 sup-

1885 3989 2130 4058 plicator.
2178 4005 2196 4037 »
2235 3985 2530 4051 Utramque
2581 3979 2983 4034 accusationem
3021 3971 3345 4041 complexus
3389 3975 3475 4023 est

1885 4076 2213 4145 Theophilus
2261 4071 2661 4128 Alexandrinus
2697 4067 2892 4120 Pasch.
2931 4079 3006 4128 ιι,
3044 4061 3136 4116 ubi
3185 4059 3472 4129 Origenem

1883 4169 1960 4221 ait
1997 4180 2186 4220 ausum
2217 4177 2338 4218 esse
2365 4161 2564 4222 dicere,
2605 4177 2624 4210 ι
2663 4155 2778 4209 Non
2806 4168 2927 4209 esse
2953 4151 3218 4207 orandum
3248 4147 3470 4210 Filium,

1884 4273 2060 4327 neque
2081 4271 2202 4312 cum
2231 4253 2369 4309 Filio
2391 4251 2636 4317 Patrem;
2660 4269 2679 4302 ι
2713 4262 2832 4317 quae
2853 4244 3069 4315 quidem
3099 4241 3328 4295 absurda
3366 4247 3472 4304 est,

1881 4359 1936 4405 et
1967 4363 2150 4403 secum
2190 4359 2435 4416 pugnans
2465 4338 2815 4409 conquestio;
2846 4352 2970 4391 nam
3008 4335 3052 4390 si
3078 4332 3275 4387 Filium
3326 4329 3472 4384 orari

1882 4449 2031 4496 vetat
2053 4440 2339 4508 Origenes,
2376 4449 2472 4489 cur
2517 4431 2775 4486 vetuisset
2802 4428 3016 4482 Patrem
3048 4424 3195 4480 orari
3226 4437 3348 4476 ctttn
3381 4419 3472 4475 Fi-

1811 4559 1862 4620 ι)
1888 4535 1981 4599 lio,
2010 4533 2101 4602 qui
2136 4531 2446 4598 neutiquam
2478 4526 2716 4581 orandus
2741 4529 2825 4578 est
2849 4520 2872 4574 ?

1964 4645 2216 4701 Profecto
2242 4644 2287 4698 si
2338 4641 2479 4696 dicta
2530 4636 2780 4707 superius
2805 4634 2872 4689 de
2903 4629 3101 4686 violata
3150 4626 3217 4681 ab
3243 4623 3476 4693 Origene

1890 4739 2015 4795 Filii
2046 4737 2329 4805 majestate
2351 4731 2717 4794 recordemur,
2734 4726 2862 4797 quid
2896 4724 2962 4779 de
2991 4723 3107 4790 ejus
3134 4717 3476 4773 invocatione

1887 4831 2097 4901 opinari
2116 4828 2386 4890 debuerit,
2403 4825 2561 4880 facile
2581 4818 3057 4890 deprehendeinus.
3078 4813 3212 4866 Cum
3235 4808 3376 4864 enim
3407 4805 3475 4858 ad

1887 4925 2007 4994 ejus
2023 4922 2336 4992 dignitatem
2369 4931 2527 4985 quem
2549 4915 2801 4984 precibus
2827 4905 3230 4974 compellamus,
3259 4911 3474 4994 accom-

1888 4987 2105 5070 modata
2140 5026 2262 5066 esse
2297 5007 2489 5063 debeat
2513 5005 2686 5060 oratio
2723 5012 2931 5064 nostra,
2954 4991 3228 5051 humiliori
3255 4987 3469 5041 Patrem

1882 5105 2259 5161 obsecratione
2296 5099 2659 5153 venerandum
2697 5107 2818 5148 esse
2856 5103 3016 5158 quam
3057 5084 3252 5139 Filium
3287 5080 3468 5132 dicere

1882 5191 2068 5247 debuit
2103 5188 2390 5258 Origenes,
2423 5187 2469 5240 si
2503 5183 2761 5240 doctrina:
2799 5193 2910 5232 suae
2951 5171 3339 5230 connexionem
3381 5182 3469 5220 re-

1883 5284 2060 5337 tinere
2099 5257 2291 5335 voluit.
2331 5277 2516 5344 Neque
2566 5272 2872 5340 conjectura
2922 5273 3104 5320 nostra
3161 5275 3258 5314 nos
3307 5257 3467 5314 fallit.

1891 5376 2176 5447 genuinam
2208 5375 2351 5428 enim
2384 5372 2550 5424 fuisse
2591 5367 2731 5422 lianc
2759 5363 2876 5432 ejus
2920 5354 3248 5414 sententiam
3291 5349 3472 5404 decla-

1892 5440 2015 5526 rant
2046 5469 2167 5522 libri
2192 5479 2370 5520 contra
2403 5462 2881 5527 Celsum,quorum
2915 5451 3105 5519 quinto
3136 5460 3286 5500 num.
3323 5440 3357 5495 4
3389 5442 3470 5494 sic

1892 5562 2105 5619 disserit
2133 5579 2146 5614 :
2175 5561 2360 5612 Πᾶσιν
2391 5556 2488 5626 μὲν
2521 5555 2629 5624 γὰρ
2657 5549 2847 5619 ,δέησιν
2875 5543 3012 5616 (20),
3037 5541 3131 5594 καὶ
3159 5532 3476 5610 προσευχὴν

1884 5786 2085 5846 ιιιοιιὶο,
2118 5791 2169 5836 et
2201 5780 2322 5834 aliis
2367 5776 2507 5832 infra
2548 5767 3469 5846 adductis,pet-Spictitimessepu:

2242 5831 2379 5904 Filii,
2402 5847 2735 5916 tuajestatcm
2781 5831 2860 5896 ab'
2889 5831 3122 5907 Origene
3172 5831 3383 5893 violari,
3411 5838 3474 5881 ut
