  <div class='ocr_page' id='page_1' title='image "/cluster/home/n/w/nwhite01/storage/ocr_20150623/17/hvd.32044051719607/409.png"; bbox 0 0 3916 6534; ppageno 0'>
   <div class='ocr_carea' id='block_1_1' title="bbox 456 445 564 503">
    <p class='ocr_par' dir='ltr' id='par_1_1' title="bbox 456 445 564 503">
     <span class='ocr_line' id='line_1_1' title="bbox 456 445 564 503; baseline 0.009 -2"><span class='ocrx_word' id='word_1_1' title='bbox 456 445 564 503; x_wconf 80' lang='lat'><strong>795</strong></span> 
     </span>
    </p>
   </div>
   <div class='ocr_carea' id='block_1_2' title="bbox 1729 434 2419 495">
    <p class='ocr_par' dir='ltr' id='par_1_2' title="bbox 1729 434 2419 495">
     <span class='ocr_line' id='line_1_2' title="bbox 1729 434 2419 495; baseline -0.006 -1"><span class='ocrx_word' id='word_1_2' title='bbox 1729 440 1787 495; x_wconf 90' lang='lat' dir='ltr'><strong>P.</strong></span> <span class='ocrx_word' id='word_1_3' title='bbox 1826 434 2143 493; x_wconf 73' lang='lat' dir='ltr'><strong>DANIELIS</strong></span> <span class='ocrx_word' id='word_1_4' title='bbox 2182 434 2419 492; x_wconf 74' lang='lat' dir='ltr'><strong>liUETll</strong></span> 
     </span>
    </p>
   </div>
   <div class='ocr_carea' id='block_1_3' title="bbox 3622 443 3731 500">
    <p class='ocr_par' dir='ltr' id='par_1_3' title="bbox 3622 443 3731 500">
     <span class='ocr_line' id='line_1_3' title="bbox 3622 443 3731 500; baseline 0.028 -3"><span class='ocrx_word' id='word_1_5' title='bbox 3622 443 3731 500; x_wconf 85' lang='lat'><strong>796</strong></span> 
     </span>
    </p>
   </div>
   <div class='ocr_carea' id='block_1_4' title="bbox 456 552 2041 630">
    <p class='ocr_par' dir='ltr' id='par_1_4' title="bbox 456 554 2040 630">
     <span class='ocr_line' id='line_1_4' title="bbox 456 554 2040 630; baseline -0.006 -14"><span class='ocrx_word' id='word_1_6' title='bbox 456 563 610 619; x_wconf 85' lang='grc' dir='ltr'>κόνα.</span> <span class='ocrx_word' id='word_1_7' title='bbox 636 564 755 626; x_wconf 88' lang='grc' dir='ltr'>ταῖς</span> <span class='ocrx_word' id='word_1_8' title='bbox 791 560 932 614; x_wconf 87' lang='grc' dir='ltr'>κατὰ</span> <span class='ocrx_word' id='word_1_9' title='bbox 970 561 1030 614; x_wconf 77' lang='grc' dir='ltr'>τὸ</span> <span class='ocrx_word' id='word_1_10' title='bbox 1082 559 1306 614; x_wconf 71' lang='grc' dir='ltr'>δυνατὸν</span> <span class='ocrx_word' id='word_1_11' title='bbox 1336 560 1469 630; x_wconf 78' lang='grc' dir='ltr'><strong>ἡμῖν</strong></span> <span class='ocrx_word' id='word_1_12' title='bbox 1499 556 1728 620; x_wconf 78' lang='grc' dir='ltr'><strong>ἱκεσίαις</strong></span> <span class='ocrx_word' id='word_1_13' title='bbox 1758 557 1853 611; x_wconf 71' lang='lat' dir='ltr'><strong>sui.</strong></span> <span class='ocrx_word' id='word_1_14' title='bbox 1879 554 2040 621; x_wconf 67' lang='lat' dir='ltr'><strong>agat.-</strong></span> 
     </span>
    </p>
   </div>
   <div class='ocr_carea' id='block_1_5' title="bbox 2152 552 3732 630">
    <p class='ocr_par' dir='ltr' id='par_1_5' title="bbox 2152 552 3732 625">
     <span class='ocr_line' id='line_1_5' title="bbox 2152 552 3732 625; baseline 0.003 -17"><span class='ocrx_word' id='word_1_15' title='bbox 2152 554 2267 608; x_wconf 85' lang='lat' dir='ltr'><strong>dem</strong></span> <span class='ocrx_word' id='word_1_16' title='bbox 2293 571 2307 609; x_wconf 86' lang='lat'><strong>:</strong></span> <span class='ocrx_word' id='word_1_17' title='bbox 2345 570 2363 604; x_wconf 84' lang='grc' dir='ltr'><strong>ι</strong></span> <span class='ocrx_word' id='word_1_18' title='bbox 2395 552 2531 620; x_wconf 87' lang='lat' dir='ltr'><strong>Quia</strong></span> <span class='ocrx_word' id='word_1_19' title='bbox 2557 552 2723 625; x_wconf 78' lang='lat' dir='ltr'><strong>igitur</strong></span> <span class='ocrx_word' id='word_1_20' title='bbox 2756 553 3010 611; x_wconf 76' lang='lat' dir='ltr'><strong>Salvator</strong></span> <span class='ocrx_word' id='word_1_21' title='bbox 3038 553 3315 612; x_wconf 76' lang='lat' dir='ltr'><strong>Creatoris</strong></span> <span class='ocrx_word' id='word_1_22' title='bbox 3343 564 3429 612; x_wconf 89' lang='lat' dir='ltr'><strong>est</strong></span> <span class='ocrx_word' id='word_1_23' title='bbox 3458 555 3653 623; x_wconf 86' lang='lat' dir='ltr'><strong>Filius,</strong></span> <span class='ocrx_word' id='word_1_24' title='bbox 3675 559 3732 612; x_wconf 87' lang='lat' dir='ltr'><strong>in</strong></span> 
     </span>
    </p>
   </div>
   <div class='ocr_carea' id='block_1_6' title="bbox 458 650 2037 724">
    <p class='ocr_par' dir='ltr' id='par_1_6' title="bbox 458 650 2037 724">
     <span class='ocr_line' id='line_1_6' title="bbox 458 650 2037 724; baseline -0.004 -15"><span class='ocrx_word' id='word_1_25' title='bbox 458 672 577 709; x_wconf 79' lang='grc' dir='ltr'>σεσι</span> <span class='ocrx_word' id='word_1_26' title='bbox 605 656 852 724; x_wconf 82' lang='grc' dir='ltr'>σέϐομεν,</span> <span class='ocrx_word' id='word_1_27' title='bbox 880 654 1248 724; x_wconf 74' lang='grc' dir='ltr'><strong>προσάγοντες</strong></span> <span class='ocrx_word' id='word_1_28' title='bbox 1263 652 1341 723; x_wconf 77' lang='grc' dir='ltr'>τῷ</span> <span class='ocrx_word' id='word_1_29' title='bbox 1370 651 1490 723; x_wconf 90' lang='grc' dir='ltr'>Θεῷ</span> <span class='ocrx_word' id='word_1_30' title='bbox 1516 651 1624 705; x_wconf 85' lang='grc' dir='ltr'><strong>τῶν</strong></span> <span class='ocrx_word' id='word_1_31' title='bbox 1648 650 1784 705; x_wconf 82' lang='grc' dir='ltr'>ὅλων</span> <span class='ocrx_word' id='word_1_32' title='bbox 1822 650 1922 714; x_wconf 73' lang='grc' dir='ltr'><strong>τὰς</strong></span> <span class='ocrx_word' id='word_1_33' title='bbox 1955 651 2037 703; x_wconf 82' lang='grc' dir='ltr'>εὐ-</span> 
     </span>
    </p>
   </div>
   <div class='ocr_carea' id='block_1_7' title="bbox 457 737 2035 818">
    <p class='ocr_par' dir='ltr' id='par_1_7' title="bbox 457 737 2035 818">
     <span class='ocr_line' id='line_1_7' title="bbox 457 737 2035 818; baseline -0.003 -19"><span class='ocrx_word' id='word_1_34' title='bbox 457 749 557 818; x_wconf 71' lang='grc' dir='ltr'>χὰς</span> <span class='ocrx_word' id='word_1_35' title='bbox 584 746 670 798; x_wconf 73' lang='grc' dir='ltr'>διὰ</span> <span class='ocrx_word' id='word_1_36' title='bbox 699 744 792 798; x_wconf 90' lang='grc' dir='ltr'><strong>τοῦ</strong></span> <span class='ocrx_word' id='word_1_37' title='bbox 820 744 1154 812; x_wconf 83' lang='grc' dir='ltr'>Μονογενοῦς</span> <span class='ocrx_word' id='word_1_38' title='bbox 1180 737 1405 811; x_wconf 75' lang='grc' dir='ltr'>αὑτοῦῷ</span> <span class='ocrx_word' id='word_1_39' title='bbox 1427 743 1640 815; x_wconf 84' lang='grc' dir='ltr'>πρῶτον</span> <span class='ocrx_word' id='word_1_40' title='bbox 1657 743 2035 814; x_wconf 79' lang='grc' dir='ltr'>προσφέρομεν</span> 
     </span>
    </p>
   </div>
   <div class='ocr_carea' id='block_1_8' title="bbox 456 835 2038 906">
    <p class='ocr_par' dir='ltr' id='par_1_8' title="bbox 456 835 2038 906">
     <span class='ocr_line' id='line_1_8' title="bbox 456 835 2038 906; baseline -0.003 -14"><span class='ocrx_word' id='word_1_41' title='bbox 456 837 650 899; x_wconf 79' lang='grc' dir='ltr'>αὑτὰς,</span> <span class='ocrx_word' id='word_1_42' title='bbox 677 835 951 900; x_wconf 78' lang='grc' dir='ltr'>ἀξιοῦντες</span> <span class='ocrx_word' id='word_1_43' title='bbox 967 836 1151 899; x_wconf 79' lang='grc' dir='ltr'>αὐτὸν,</span> <span class='ocrx_word' id='word_1_44' title='bbox 1180 836 1402 906; x_wconf 76' lang='grc' dir='ltr'><strong>ἱλασμὸν</strong></span> <span class='ocrx_word' id='word_1_45' title='bbox 1425 836 1554 889; x_wconf 75' lang='grc' dir='ltr'>ὄντα</span> <span class='ocrx_word' id='word_1_46' title='bbox 1581 837 1709 906; x_wconf 69' lang='grc' dir='ltr'>περὶ</span> <span class='ocrx_word' id='word_1_47' title='bbox 1735 835 1842 888; x_wconf 82' lang='grc' dir='ltr'><strong>τῶν</strong></span> <span class='ocrx_word' id='word_1_48' title='bbox 1859 837 2038 906; x_wconf 81' lang='grc' dir='ltr'>ἁμαρ-</span> 
     </span>
    </p>
   </div>
   <div class='ocr_carea' id='block_1_9' title="bbox 456 927 2037 1001">
    <p class='ocr_par' dir='ltr' id='par_1_9' title="bbox 456 927 2037 1001">
     <span class='ocr_line' id='line_1_9' title="bbox 456 927 2037 1001; baseline -0.003 -18"><span class='ocrx_word' id='word_1_49' title='bbox 456 930 586 983; x_wconf 82' lang='grc' dir='ltr'>τιῶν</span> <span class='ocrx_word' id='word_1_50' title='bbox 608 928 785 999; x_wconf 82' lang='grc' dir='ltr'>ἡμῶν,</span> <span class='ocrx_word' id='word_1_51' title='bbox 814 932 1185 1001; x_wconf 81' lang='grc' dir='ltr'><strong>προσαγαγεῖν</strong></span> <span class='ocrx_word' id='word_1_52' title='bbox 1214 931 1289 993; x_wconf 80' lang='grc' dir='ltr'>ὡς</span> <span class='ocrx_word' id='word_1_53' title='bbox 1309 930 1570 1001; x_wconf 79' lang='grc' dir='ltr'>ἀρχιερέα</span> <span class='ocrx_word' id='word_1_54' title='bbox 1603 930 1702 993; x_wconf 76' lang='grc' dir='ltr'><strong>τὰς</strong></span> <span class='ocrx_word' id='word_1_55' title='bbox 1732 928 1915 998; x_wconf 80' lang='grc' dir='ltr'>εὐχὰς,</span> <span class='ocrx_word' id='word_1_56' title='bbox 1943 927 2037 981; x_wconf 66' lang='grc' dir='ltr'><strong>κα)⁴</strong></span> 
     </span>
    </p>
   </div>
   <div class='ocr_carea' id='block_1_10' title="bbox 454 1020 2033 1093">
    <p class='ocr_par' dir='ltr' id='par_1_10' title="bbox 454 1020 2033 1093">
     <span class='ocr_line' id='line_1_10' title="bbox 454 1020 2033 1093; baseline -0.002 -18"><span class='ocrx_word' id='word_1_57' title='bbox 454 1022 555 1085; x_wconf 82' lang='grc' dir='ltr'>τὰς</span> <span class='ocrx_word' id='word_1_58' title='bbox 586 1021 797 1085; x_wconf 83' lang='grc' dir='ltr'>Θυσίας,</span> <span class='ocrx_word' id='word_1_59' title='bbox 820 1024 1024 1085; x_wconf 76' lang='grc' dir='ltr'>καὶτὰς</span> <span class='ocrx_word' id='word_1_60' title='bbox 1054 1023 1323 1088; x_wconf 74' lang='grc' dir='ltr'>ἐντεύξεις</span> <span class='ocrx_word' id='word_1_61' title='bbox 1346 1023 1502 1093; x_wconf 82' lang='grc' dir='ltr'>ἡμῶν</span> <span class='ocrx_word' id='word_1_62' title='bbox 1521 1022 1600 1093; x_wconf 84' lang='grc' dir='ltr'>τῷ</span> <span class='ocrx_word' id='word_1_63' title='bbox 1616 1023 1707 1074; x_wconf 69' lang='grc' dir='ltr'>ἐπὶ</span> <span class='ocrx_word' id='word_1_64' title='bbox 1736 1023 1869 1074; x_wconf 78' lang='grc' dir='ltr'>πᾶσι</span> <span class='ocrx_word' id='word_1_65' title='bbox 1896 1020 2033 1090; x_wconf 81' lang='grc' dir='ltr'>Θεῷ·</span> 
     </span>
    </p>
   </div>
   <div class='ocr_carea' id='block_1_11' title="bbox 456 1112 2039 1187">
    <p class='ocr_par' dir='ltr' id='par_1_11' title="bbox 456 1112 2039 1187">
     <span class='ocr_line' id='line_1_11' title="bbox 456 1112 2039 1187; baseline -0.004 -15"><span class='ocrx_word' id='word_1_66' title='bbox 456 1128 508 1172; x_wconf 87' lang='lat' dir='ltr'><strong>et</strong></span> <span class='ocrx_word' id='word_1_67' title='bbox 543 1115 788 1178; x_wconf 81' lang='lat' dir='ltr'><strong>inferius,</strong></span> <span class='ocrx_word' id='word_1_68' title='bbox 816 1134 965 1171; x_wconf 90' lang='lat' dir='ltr'><strong>num.</strong></span> <span class='ocrx_word' id='word_1_69' title='bbox 999 1115 1069 1169; x_wconf 77' lang='lat'><strong>26</strong></span> <span class='ocrx_word' id='word_1_70' title='bbox 1098 1135 1110 1169; x_wconf 91' lang='lat'><strong>:</strong></span> <span class='ocrx_word' id='word_1_71' title='bbox 1140 1116 1302 1187; x_wconf 85' lang='grc' dir='ltr'><strong>Μόνῳ</strong></span> <span class='ocrx_word' id='word_1_72' title='bbox 1332 1116 1442 1187; x_wconf 80' lang='grc' dir='ltr'><strong>γὰρ</strong></span> <span class='ocrx_word' id='word_1_73' title='bbox 1460 1115 1825 1185; x_wconf 82' lang='grc' dir='ltr'>προσευκτέον</span> <span class='ocrx_word' id='word_1_74' title='bbox 1850 1113 1929 1184; x_wconf 79' lang='grc' dir='ltr'>τῷ</span> <span class='ocrx_word' id='word_1_75' title='bbox 1944 1112 2039 1165; x_wconf 76' lang='grc' dir='ltr'><strong>ἐπὶ</strong></span> 
     </span>
    </p>
   </div>
   <div class='ocr_carea' id='block_1_12' title="bbox 456 1203 2040 1279">
    <p class='ocr_par' dir='ltr' id='par_1_12' title="bbox 456 1203 2040 1279">
     <span class='ocr_line' id='line_1_12' title="bbox 456 1203 2040 1279; baseline -0.004 -18"><span class='ocrx_word' id='word_1_76' title='bbox 456 1209 566 1261; x_wconf 81' lang='grc' dir='ltr'>πᾶν</span> <span class='ocrx_word' id='word_1_77' title='bbox 585 1208 722 1279; x_wconf 77' lang='grc' dir='ltr'>Θεῷ,</span> <span class='ocrx_word' id='word_1_78' title='bbox 756 1208 848 1262; x_wconf 68' lang='grc' dir='ltr'><strong>καὶ</strong></span> <span class='ocrx_word' id='word_1_79' title='bbox 871 1207 1231 1279; x_wconf 83' lang='grc' dir='ltr'>προσευκτέον</span> <span class='ocrx_word' id='word_1_80' title='bbox 1257 1222 1319 1274; x_wconf 90' lang='grc' dir='ltr'><strong>γε</strong></span> <span class='ocrx_word' id='word_1_81' title='bbox 1336 1205 1413 1276; x_wconf 81' lang='grc' dir='ltr'>τῷ</span> <span class='ocrx_word' id='word_1_82' title='bbox 1436 1206 1749 1271; x_wconf 85' lang='grc' dir='ltr'>Μονογενεῖ,</span> <span class='ocrx_word' id='word_1_83' title='bbox 1772 1203 1866 1256; x_wconf 72' lang='grc' dir='ltr'><strong>καὶ</strong></span> <span class='ocrx_word' id='word_1_84' title='bbox 1889 1220 2040 1274; x_wconf 83' lang='grc' dir='ltr'>πρω-</span> 
     </span>
    </p>
   </div>
   <div class='ocr_carea' id='block_1_13' title="bbox 456 1295 2040 1372">
    <p class='ocr_par' dir='ltr' id='par_1_13' title="bbox 456 1295 2040 1372">
     <span class='ocr_line' id='line_1_13' title="bbox 456 1295 2040 1372; baseline -0.004 -18"><span class='ocrx_word' id='word_1_85' title='bbox 456 1301 662 1371; x_wconf 83' lang='grc' dir='ltr'>τοτόκῳ</span> <span class='ocrx_word' id='word_1_86' title='bbox 694 1302 873 1372; x_wconf 82' lang='grc' dir='ltr'>πάσης</span> <span class='ocrx_word' id='word_1_87' title='bbox 896 1299 1149 1364; x_wconf 81' lang='grc' dir='ltr'>κτίσεως,</span> <span class='ocrx_word' id='word_1_88' title='bbox 1178 1298 1334 1368; x_wconf 84' lang='grc' dir='ltr'><strong>Λόγῳ</strong></span> <span class='ocrx_word' id='word_1_89' title='bbox 1358 1298 1516 1361; x_wconf 86' lang='grc' dir='ltr'>Θεοῦ,</span> <span class='ocrx_word' id='word_1_90' title='bbox 1542 1296 1639 1349; x_wconf 76' lang='grc' dir='ltr'><strong>καὶ</strong></span> <span class='ocrx_word' id='word_1_91' title='bbox 1668 1296 1925 1360; x_wconf 78' lang='grc' dir='ltr'>ἀξιωτέον</span> <span class='ocrx_word' id='word_1_92' title='bbox 1949 1295 2040 1348; x_wconf 79' lang='grc' dir='ltr'><strong>αὑ-</strong></span> 
     </span>
    </p>
   </div>
   <div class='ocr_carea' id='block_1_14' title="bbox 454 1387 2041 1463">
    <p class='ocr_par' dir='ltr' id='par_1_14' title="bbox 454 1387 2041 1463">
     <span class='ocr_line' id='line_1_14' title="bbox 454 1387 2041 1463; baseline -0.004 -18"><span class='ocrx_word' id='word_1_93' title='bbox 454 1392 566 1457; x_wconf 86' lang='grc' dir='ltr'>τὸν,</span> <span class='ocrx_word' id='word_1_94' title='bbox 591 1393 666 1455; x_wconf 83' lang='grc' dir='ltr'>ὡς</span> <span class='ocrx_word' id='word_1_95' title='bbox 695 1391 973 1463; x_wconf 81' lang='grc' dir='ltr'>ἀρχιερέα,</span> <span class='ocrx_word' id='word_1_96' title='bbox 1000 1389 1100 1460; x_wconf 84' lang='grc' dir='ltr'><strong>τὴν</strong></span> <span class='ocrx_word' id='word_1_97' title='bbox 1125 1392 1211 1443; x_wconf 78' lang='grc' dir='ltr'><strong>ἐπ’</strong></span> <span class='ocrx_word' id='word_1_98' title='bbox 1242 1390 1403 1443; x_wconf 76' lang='grc' dir='ltr'>αὐτὸν</span> <span class='ocrx_word' id='word_1_99' title='bbox 1443 1388 1727 1456; x_wconf 77' lang='grc' dir='ltr'>φθάσασαν</span> <span class='ocrx_word' id='word_1_100' title='bbox 1753 1387 1911 1458; x_wconf 84' lang='grc' dir='ltr'>ἡμῶν</span> <span class='ocrx_word' id='word_1_101' title='bbox 1952 1387 2041 1439; x_wconf 81' lang='grc' dir='ltr'>εὑ-</span> 
     </span>
    </p>
   </div>
   <div class='ocr_carea' id='block_1_15' title="bbox 454 1478 2036 1555">
    <p class='ocr_par' dir='ltr' id='par_1_15' title="bbox 454 1478 2036 1555">
     <span class='ocr_line' id='line_1_15' title="bbox 454 1478 2036 1555; baseline -0.004 -17"><span class='ocrx_word' id='word_1_102' title='bbox 454 1484 557 1555; x_wconf 83' lang='grc' dir='ltr'>χὴν</span> <span class='ocrx_word' id='word_1_103' title='bbox 588 1484 878 1554; x_wconf 84' lang='grc' dir='ltr'>ἀναφέρειν</span> <span class='ocrx_word' id='word_1_104' title='bbox 907 1484 999 1535; x_wconf 73' lang='grc' dir='ltr'><strong>ἐπὶ</strong></span> <span class='ocrx_word' id='word_1_105' title='bbox 1042 1482 1131 1535; x_wconf 79' lang='grc' dir='ltr'>τὸν</span> <span class='ocrx_word' id='word_1_106' title='bbox 1164 1481 1295 1533; x_wconf 77' lang='grc' dir='ltr'>Θεὸν</span> <span class='ocrx_word' id='word_1_107' title='bbox 1322 1480 1509 1542; x_wconf 75' lang='grc' dir='ltr'>αὑτοῦ,</span> <span class='ocrx_word' id='word_1_108' title='bbox 1544 1480 1641 1533; x_wconf 68' lang='grc' dir='ltr'><strong>καὶ</strong></span> <span class='ocrx_word' id='word_1_109' title='bbox 1682 1478 1812 1532; x_wconf 81' lang='grc' dir='ltr'>Θεὸν</span> <span class='ocrx_word' id='word_1_110' title='bbox 1857 1478 2036 1549; x_wconf 81' lang='grc' dir='ltr'>ἡμῶν.</span> 
     </span>
    </p>
   </div>
   <div class='ocr_carea' id='block_1_16' title="bbox 454 1571 2038 1645">
    <p class='ocr_par' dir='ltr' id='par_1_16' title="bbox 454 1571 2038 1645">
     <span class='ocr_line' id='line_1_16' title="bbox 454 1571 2038 1645; baseline -0.004 -16"><span class='ocrx_word' id='word_1_111' title='bbox 454 1576 760 1645; x_wconf 79' lang='lat' dir='ltr'><strong>Aliquando</strong></span> <span class='ocrx_word' id='word_1_112' title='bbox 792 1588 971 1630; x_wconf 85' lang='lat' dir='ltr'><strong>tamen</strong></span> <span class='ocrx_word' id='word_1_113' title='bbox 1008 1577 1073 1629; x_wconf 89' lang='lat' dir='ltr'><strong>ad</strong></span> <span class='ocrx_word' id='word_1_114' title='bbox 1104 1573 1338 1629; x_wconf 87' lang='lat' dir='ltr'><strong>Verbum</strong></span> <span class='ocrx_word' id='word_1_115' title='bbox 1370 1589 1559 1642; x_wconf 86' lang='lat' dir='ltr'><strong>preces</strong></span> <span class='ocrx_word' id='word_1_116' title='bbox 1590 1571 1813 1643; x_wconf 89' lang='lat' dir='ltr'><strong>allegari</strong></span> <span class='ocrx_word' id='word_1_117' title='bbox 1840 1585 2038 1626; x_wconf 89' lang='lat' dir='ltr'><strong>conce-</strong></span> 
     </span>
    </p>
   </div>
   <div class='ocr_carea' id='block_1_17' title="bbox 457 1667 2038 1739">
    <p class='ocr_par' dir='ltr' id='par_1_17' title="bbox 457 1667 2038 1739">
     <span class='ocr_line' id='line_1_17' title="bbox 457 1667 2038 1739; baseline -0.001 -17"><span class='ocrx_word' id='word_1_118' title='bbox 457 1669 559 1734; x_wconf 87' lang='lat' dir='ltr'><strong>dit,</strong></span> <span class='ocrx_word' id='word_1_119' title='bbox 592 1686 696 1723; x_wconf 91' lang='lat' dir='ltr'><strong>non</strong></span> <span class='ocrx_word' id='word_1_120' title='bbox 726 1670 882 1739; x_wconf 89' lang='lat' dir='ltr'><strong>quasi</strong></span> <span class='ocrx_word' id='word_1_121' title='bbox 914 1670 1024 1725; x_wconf 85' lang='lat' dir='ltr'><strong>Deo</strong></span> <span class='ocrx_word' id='word_1_122' title='bbox 1054 1669 1200 1723; x_wconf 87' lang='lat' dir='ltr'><strong>Patri</strong></span> <span class='ocrx_word' id='word_1_123' title='bbox 1233 1668 1559 1732; x_wconf 66' lang='lat' dir='ltr'><strong>offerendas,</strong></span> <span class='ocrx_word' id='word_1_124' title='bbox 1604 1668 1698 1725; x_wconf 87' lang='lat' dir='ltr'><strong>sed</strong></span> <span class='ocrx_word' id='word_1_125' title='bbox 1735 1669 1887 1737; x_wconf 89' lang='lat' dir='ltr'><strong>quasi</strong></span> <span class='ocrx_word' id='word_1_126' title='bbox 1917 1667 2038 1722; x_wconf 85' lang='lat' dir='ltr'><strong>Filii</strong></span> 
     </span>
    </p>
   </div>
   <div class='ocr_carea' id='block_1_18' title="bbox 458 1761 2040 1833">
    <p class='ocr_par' dir='ltr' id='par_1_18' title="bbox 458 1761 2040 1833">
     <span class='ocr_line' id='line_1_18' title="bbox 458 1761 2040 1833; baseline -0.002 -17"><span class='ocrx_word' id='word_1_127' title='bbox 458 1762 627 1830; x_wconf 87' lang='lat' dir='ltr'><strong>ipsius</strong></span> <span class='ocrx_word' id='word_1_128' title='bbox 657 1764 937 1833; x_wconf 87' lang='lat' dir='ltr'><strong>proprias;</strong></span> <span class='ocrx_word' id='word_1_129' title='bbox 974 1778 1074 1818; x_wconf 92' lang='lat' dir='ltr'><strong>nec</strong></span> <span class='ocrx_word' id='word_1_130' title='bbox 1128 1771 1387 1831; x_wconf 85' lang='lat' dir='ltr'><strong>tanquam</strong></span> <span class='ocrx_word' id='word_1_131' title='bbox 1419 1762 1484 1816; x_wconf 93' lang='lat' dir='ltr'><strong>ad</strong></span> <span class='ocrx_word' id='word_1_132' title='bbox 1521 1761 1768 1832; x_wconf 85' lang='grc' dir='ltr'><strong>μεσίτην,</strong></span> <span class='ocrx_word' id='word_1_133' title='bbox 1796 1761 1888 1814; x_wconf 87' lang='lat' dir='ltr'><strong>scd</strong></span> <span class='ocrx_word' id='word_1_134' title='bbox 1919 1770 2040 1814; x_wconf 89' lang='lat' dir='ltr'><strong>tan-</strong></span> 
     </span>
    </p>
   </div>
   <div class='ocr_carea' id='block_1_19' title="bbox 458 1854 2036 1925">
    <p class='ocr_par' dir='ltr' id='par_1_19' title="bbox 458 1854 2036 1925">
     <span class='ocr_line' id='line_1_19' title="bbox 458 1854 2036 1925; baseline -0.001 -18"><span class='ocrx_word' id='word_1_135' title='bbox 458 1870 621 1922; x_wconf 84' lang='lat' dir='ltr'><strong>quam</strong></span> <span class='ocrx_word' id='word_1_136' title='bbox 652 1856 717 1908; x_wconf 86' lang='lat' dir='ltr'><strong>ad</strong></span> <span class='ocrx_word' id='word_1_137' title='bbox 750 1856 924 1925; x_wconf 88' lang='lat' dir='ltr'><strong>ipsum</strong></span> <span class='ocrx_word' id='word_1_138' title='bbox 977 1855 1115 1910; x_wconf 92' lang='lat' dir='ltr'><strong>bona</strong></span> <span class='ocrx_word' id='word_1_139' title='bbox 1153 1869 1249 1924; x_wconf 91' lang='lat' dir='ltr'><strong>per</strong></span> <span class='ocrx_word' id='word_1_140' title='bbox 1276 1869 1336 1909; x_wconf 88' lang='lat' dir='ltr'><strong>se</strong></span> <span class='ocrx_word' id='word_1_141' title='bbox 1376 1855 1686 1910; x_wconf 90' lang='lat' dir='ltr'><strong>hominibus</strong></span> <span class='ocrx_word' id='word_1_142' title='bbox 1719 1854 1903 1924; x_wconf 82' lang='lat' dir='ltr'><strong>largiri</strong></span> <span class='ocrx_word' id='word_1_143' title='bbox 1942 1868 2036 1905; x_wconf 80' lang='lat' dir='ltr'><strong>va—</strong></span> 
     </span>
    </p>
   </div>
   <div class='ocr_carea' id='block_1_20' title="bbox 455 1945 2038 2019">
    <p class='ocr_par' dir='ltr' id='par_1_20' title="bbox 455 1945 2038 2019">
     <span class='ocr_line' id='line_1_20' title="bbox 455 1945 2038 2019; baseline 0.001 -21"><span class='ocrx_word' id='word_1_144' title='bbox 455 1945 677 2000; x_wconf 85' lang='lat' dir='ltr'><strong>lentem.</strong></span> <span class='ocrx_word' id='word_1_145' title='bbox 717 1946 789 1999; x_wconf 86' lang='lat' dir='ltr'><strong>Ita</strong></span> <span class='ocrx_word' id='word_1_146' title='bbox 816 1947 905 1999; x_wconf 92' lang='lat' dir='ltr'><strong>lih.</strong></span> <span class='ocrx_word' id='word_1_147' title='bbox 936 1962 987 2011; x_wconf 79' lang='grc' dir='ltr'><strong>ν,</strong></span> <span class='ocrx_word' id='word_1_148' title='bbox 1027 1963 1175 1999; x_wconf 84' lang='grc' dir='ltr'>ιιυιιι.</span> <span class='ocrx_word' id='word_1_149' title='bbox 1212 1947 1267 2000; x_wconf 81' lang='grc' dir='ltr'>Η</span> <span class='ocrx_word' id='word_1_150' title='bbox 1303 1964 1315 1999; x_wconf 90' lang='lat'>:</span> <span class='ocrx_word' id='word_1_151' title='bbox 1369 1946 1488 2000; x_wconf 85' lang='grc' dir='ltr'>Κᾶν</span> <span class='ocrx_word' id='word_1_152' title='bbox 1526 1947 1599 2017; x_wconf 81' lang='grc' dir='ltr'><strong>μὴ</strong></span> <span class='ocrx_word' id='word_1_153' title='bbox 1628 1946 1947 2019; x_wconf 84' lang='grc' dir='ltr'>τηλικοῦτος</span> <span class='ocrx_word' id='word_1_154' title='bbox 1980 1946 2038 1999; x_wconf 84' lang='grc' dir='ltr'><strong>δέ</strong></span> 
     </span>
    </p>
   </div>
   <div class='ocr_carea' id='block_1_21' title="bbox 455 2032 2037 2107">
    <p class='ocr_par' dir='ltr' id='par_1_21' title="bbox 455 2032 2037 2107">
     <span class='ocr_line' id='line_1_21' title="bbox 455 2032 2037 2107; baseline -0.002 -18"><span class='ocrx_word' id='word_1_155' title='bbox 455 2052 539 2097; x_wconf 86' lang='grc' dir='ltr'><strong>τις</strong></span> <span class='ocrx_word' id='word_1_156' title='bbox 564 2032 619 2105; x_wconf 82' lang='grc' dir='ltr'>ᾗ,</span> <span class='ocrx_word' id='word_1_157' title='bbox 643 2036 793 2088; x_wconf 79' lang='grc' dir='ltr'>οὐδὲν</span> <span class='ocrx_word' id='word_1_158' title='bbox 811 2032 969 2107; x_wconf 81' lang='grc' dir='ltr'>ἦττον</span> <span class='ocrx_word' id='word_1_159' title='bbox 987 2036 1079 2088; x_wconf 79' lang='grc' dir='ltr'><strong>καὶ</strong></span> <span class='ocrx_word' id='word_1_160' title='bbox 1104 2037 1131 2087; x_wconf 86' lang='grc' dir='ltr'>ὁ</span> <span class='ocrx_word' id='word_1_161' title='bbox 1150 2034 1391 2099; x_wconf 87' lang='grc' dir='ltr'>τοιοῦτος</span> <span class='ocrx_word' id='word_1_162' title='bbox 1412 2035 1652 2104; x_wconf 74' lang='grc' dir='ltr'>εὐχέσθω</span> <span class='ocrx_word' id='word_1_163' title='bbox 1672 2034 1749 2105; x_wconf 78' lang='grc' dir='ltr'>τῷ</span> <span class='ocrx_word' id='word_1_164' title='bbox 1772 2035 1928 2104; x_wconf 82' lang='grc' dir='ltr'><strong>Λόγῳ</strong></span> <span class='ocrx_word' id='word_1_165' title='bbox 1942 2033 2037 2088; x_wconf 82' lang='grc' dir='ltr'><strong>τοῦ</strong></span> 
     </span>
    </p>
   </div>
   <div class='ocr_carea' id='block_1_22' title="bbox 457 2122 2040 2196">
    <p class='ocr_par' dir='ltr' id='par_1_22' title="bbox 457 2122 2040 2196">
     <span class='ocr_line' id='line_1_22' title="bbox 457 2122 2040 2196; baseline 0 -21"><span class='ocrx_word' id='word_1_166' title='bbox 457 2123 593 2176; x_wconf 90' lang='grc' dir='ltr'>Θεοῦ</span> <span class='ocrx_word' id='word_1_167' title='bbox 622 2124 905 2194; x_wconf 82' lang='grc' dir='ltr'>δυναμένῳ</span> <span class='ocrx_word' id='word_1_168' title='bbox 930 2124 1090 2177; x_wconf 81' lang='grc' dir='ltr'>αὐτὸν</span> <span class='ocrx_word' id='word_1_169' title='bbox 1134 2122 1406 2186; x_wconf 81' lang='grc' dir='ltr'>ἰάσασθαι,</span> <span class='ocrx_word' id='word_1_170' title='bbox 1431 2125 1527 2178; x_wconf 71' lang='grc' dir='ltr'><strong>καὶ</strong></span> <span class='ocrx_word' id='word_1_171' title='bbox 1554 2124 1733 2196; x_wconf 78' lang='grc' dir='ltr'>πολλῷ</span> <span class='ocrx_word' id='word_1_172' title='bbox 1778 2124 1937 2177; x_wconf 84' lang='grc' dir='ltr'>πλέον</span> <span class='ocrx_word' id='word_1_173' title='bbox 1962 2125 2040 2196; x_wconf 80' lang='grc' dir='ltr'><strong>τῷ</strong></span> 
     </span>
    </p>
   </div>
   <div class='ocr_carea' id='block_1_23' title="bbox 455 2216 2038 2288">
    <p class='ocr_par' dir='ltr' id='par_1_23' title="bbox 455 2216 2038 2288">
     <span class='ocr_line' id='line_1_23' title="bbox 455 2216 2038 2288; baseline 0.001 -19"><span class='ocrx_word' id='word_1_174' title='bbox 455 2216 633 2287; x_wconf 79' lang='grc' dir='ltr'>Πατρὶ</span> <span class='ocrx_word' id='word_1_175' title='bbox 667 2217 852 2280; x_wconf 73' lang='grc' dir='ltr'>αὑτοῦ,</span> <span class='ocrx_word' id='word_1_176' title='bbox 904 2218 979 2281; x_wconf 83' lang='grc' dir='ltr'>ὡς</span> <span class='ocrx_word' id='word_1_177' title='bbox 1021 2218 1115 2271; x_wconf 70' lang='grc' dir='ltr'>καὶ</span> <span class='ocrx_word' id='word_1_178' title='bbox 1148 2222 1259 2282; x_wconf 81' lang='grc' dir='ltr'>τοῖς</span> <span class='ocrx_word' id='word_1_179' title='bbox 1294 2218 1558 2288; x_wconf 85' lang='grc' dir='ltr'>πρότερον</span> <span class='ocrx_word' id='word_1_180' title='bbox 1594 2218 1823 2283; x_wconf 88' lang='grc' dir='ltr'>δικαίοις</span> <span class='ocrx_word' id='word_1_181' title='bbox 1868 2219 2038 2286; x_wconf 79' lang='grc' dir='ltr'>ἐξαπ-</span> 
     </span>
    </p>
   </div>
   <div class='ocr_carea' id='block_1_24' title="bbox 454 2308 2040 2379">
    <p class='ocr_par' dir='ltr' id='par_1_24' title="bbox 454 2308 2040 2379">
     <span class='ocr_line' id='line_1_24' title="bbox 454 2308 2040 2379; baseline 0.003 -18"><span class='ocrx_word' id='word_1_182' title='bbox 454 2308 665 2363; x_wconf 82' lang='grc' dir='ltr'>έστειλε</span> <span class='ocrx_word' id='word_1_183' title='bbox 689 2310 777 2362; x_wconf 81' lang='grc' dir='ltr'><strong>τὸν</strong></span> <span class='ocrx_word' id='word_1_184' title='bbox 808 2310 978 2379; x_wconf 83' lang='grc' dir='ltr'>Λόγον</span> <span class='ocrx_word' id='word_1_185' title='bbox 1016 2312 1232 2377; x_wconf 78' lang='grc' dir='ltr'>ἑαυτοῦ,</span> <span class='ocrx_word' id='word_1_186' title='bbox 1265 2311 1358 2363; x_wconf 77' lang='grc' dir='ltr'><strong>καὶ</strong></span> <span class='ocrx_word' id='word_1_187' title='bbox 1393 2310 1581 2364; x_wconf 84' lang='grc' dir='ltr'>ίάσατο</span> <span class='ocrx_word' id='word_1_188' title='bbox 1620 2311 1835 2375; x_wconf 80' lang='grc' dir='ltr'>αὐτούς.</span> <span class='ocrx_word' id='word_1_189' title='bbox 1876 2311 2040 2365; x_wconf 82' lang='lat' dir='ltr'><strong>Multo</strong></span> 
     </span>
    </p>
   </div>
   <div class='ocr_carea' id='block_1_25' title="bbox 458 2401 2037 2471">
    <p class='ocr_par' dir='ltr' id='par_1_25' title="bbox 458 2401 2037 2471">
     <span class='ocr_line' id='line_1_25' title="bbox 458 2401 2037 2471; baseline 0.003 -19"><span class='ocrx_word' id='word_1_190' title='bbox 458 2402 631 2470; x_wconf 85' lang='lat' dir='ltr'><strong>magis</strong></span> <span class='ocrx_word' id='word_1_191' title='bbox 667 2402 842 2470; x_wconf 81' lang='lat' dir='ltr'><strong>rogari</strong></span> <span class='ocrx_word' id='word_1_192' title='bbox 867 2402 1020 2471; x_wconf 85' lang='lat' dir='ltr'><strong>jubet</strong></span> <span class='ocrx_word' id='word_1_193' title='bbox 1056 2401 1272 2456; x_wconf 87' lang='lat' dir='ltr'><strong>Patrem</strong></span> <span class='ocrx_word' id='word_1_194' title='bbox 1316 2419 1478 2471; x_wconf 83' lang='lat' dir='ltr'><strong>quam</strong></span> <span class='ocrx_word' id='word_1_195' title='bbox 1508 2403 1724 2467; x_wconf 84' lang='lat' dir='ltr'><strong>Filium,</strong></span> <span class='ocrx_word' id='word_1_196' title='bbox 1774 2414 1827 2456; x_wconf 92' lang='lat' dir='ltr'><strong>et</strong></span> <span class='ocrx_word' id='word_1_197' title='bbox 1859 2404 2037 2457; x_wconf 89' lang='lat' dir='ltr'><strong>inten-</strong></span> 
     </span>
    </p>
   </div>
   <div class='ocr_carea' id='block_1_26' title="bbox 458 2490 2041 2563">
    <p class='ocr_par' dir='ltr' id='par_1_26' title="bbox 458 2490 2041 2563">
     <span class='ocr_line' id='line_1_26' title="bbox 458 2490 2041 2563; baseline 0.002 -19"><span class='ocrx_word' id='word_1_198' title='bbox 458 2492 584 2545; x_wconf 91' lang='lat' dir='ltr'><strong>tiori</strong></span> <span class='ocrx_word' id='word_1_199' title='bbox 617 2506 679 2543; x_wconf 92' lang='lat' dir='ltr'><strong>ac</strong></span> <span class='ocrx_word' id='word_1_200' title='bbox 704 2490 977 2544; x_wconf 87' lang='lat' dir='ltr'><strong>lmmiliori</strong></span> <span class='ocrx_word' id='word_1_201' title='bbox 1006 2492 1271 2545; x_wconf 89' lang='lat' dir='ltr'><strong>oratione.</strong></span> <span class='ocrx_word' id='word_1_202' title='bbox 1314 2494 1491 2563; x_wconf 85' lang='lat' dir='ltr'><strong>Atque</strong></span> <span class='ocrx_word' id='word_1_203' title='bbox 1519 2493 1572 2547; x_wconf 89' lang='lat' dir='ltr'><strong>id</strong></span> <span class='ocrx_word' id='word_1_204' title='bbox 1604 2493 1707 2547; x_wconf 88' lang='lat' dir='ltr'><strong>sibi</strong></span> <span class='ocrx_word' id='word_1_205' title='bbox 1731 2492 1920 2547; x_wconf 91' lang='lat' dir='ltr'><strong>volunt</strong></span> <span class='ocrx_word' id='word_1_206' title='bbox 1942 2492 2041 2547; x_wconf 90' lang='lat' dir='ltr'><strong>Pa-</strong></span> 
     </span>
    </p>
   </div>
   <div class='ocr_carea' id='block_1_27' title="bbox 456 2582 2035 2647">
    <p class='ocr_par' dir='ltr' id='par_1_27' title="bbox 456 2582 2035 2647">
     <span class='ocr_line' id='line_1_27' title="bbox 456 2582 2035 2647; baseline 0.002 -11"><span class='ocrx_word' id='word_1_207' title='bbox 456 2592 591 2647; x_wconf 88' lang='lat' dir='ltr'><strong>tres,</strong></span> <span class='ocrx_word' id='word_1_208' title='bbox 625 2598 746 2635; x_wconf 91' lang='lat' dir='ltr'><strong>cum</strong></span> <span class='ocrx_word' id='word_1_209' title='bbox 783 2582 1019 2636; x_wconf 90' lang='lat' dir='ltr'><strong>clamant</strong></span> <span class='ocrx_word' id='word_1_210' title='bbox 1043 2583 1245 2638; x_wconf 83' lang='lat' dir='ltr'><strong>dixisse</strong></span> <span class='ocrx_word' id='word_1_211' title='bbox 1274 2583 1422 2638; x_wconf 88' lang='lat' dir='ltr'><strong>illum</strong></span> <span class='ocrx_word' id='word_1_212' title='bbox 1459 2600 1567 2639; x_wconf 91' lang='lat' dir='ltr'><strong>non</strong></span> <span class='ocrx_word' id='word_1_213' title='bbox 1613 2600 1734 2640; x_wconf 89' lang='lat' dir='ltr'><strong>esse</strong></span> <span class='ocrx_word' id='word_1_214' title='bbox 1768 2585 2035 2639; x_wconf 87' lang='lat' dir='ltr'><strong>orandum</strong></span> 
     </span>
    </p>
   </div>
   <div class='ocr_carea' id='block_1_28' title="bbox 456 2671 2038 2736">
    <p class='ocr_par' dir='ltr' id='par_1_28' title="bbox 456 2671 2038 2736">
     <span class='ocr_line' id='line_1_28' title="bbox 456 2671 2038 2736; baseline 0.002 -10"><span class='ocrx_word' id='word_1_215' title='bbox 456 2686 579 2726; x_wconf 91' lang='lat' dir='ltr'><strong>cum</strong></span> <span class='ocrx_word' id='word_1_216' title='bbox 607 2671 770 2725; x_wconf 85' lang='lat' dir='ltr'><strong>Patre</strong></span> <span class='ocrx_word' id='word_1_217' title='bbox 800 2671 1033 2736; x_wconf 83' lang='lat' dir='ltr'><strong>Filium;</strong></span> <span class='ocrx_word' id='word_1_218' title='bbox 1068 2673 1168 2727; x_wconf 92' lang='lat' dir='ltr'><strong>hoc</strong></span> <span class='ocrx_word' id='word_1_219' title='bbox 1203 2683 1307 2736; x_wconf 84' lang='lat' dir='ltr'><strong>est,</strong></span> <span class='ocrx_word' id='word_1_220' title='bbox 1346 2688 1453 2729; x_wconf 90' lang='lat' dir='ltr'><strong>non</strong></span> <span class='ocrx_word' id='word_1_221' title='bbox 1497 2688 1618 2729; x_wconf 90' lang='lat' dir='ltr'><strong>esse</strong></span> <span class='ocrx_word' id='word_1_222' title='bbox 1649 2676 1915 2728; x_wconf 88' lang='lat' dir='ltr'><strong>orandum</strong></span> <span class='ocrx_word' id='word_1_223' title='bbox 1947 2674 2038 2729; x_wconf 87' lang='lat' dir='ltr'><strong>iti-</strong></span> 
     </span>
    </p>
   </div>
   <div class='ocr_carea' id='block_1_29' title="bbox 456 2760 2041 2820">
    <p class='ocr_par' dir='ltr' id='par_1_29' title="bbox 456 2760 2041 2820">
     <span class='ocr_line' id='line_1_29' title="bbox 456 2760 2041 2820; baseline 0.003 -5"><span class='ocrx_word' id='word_1_224' title='bbox 456 2761 579 2815; x_wconf 87' lang='lat' dir='ltr'><strong>dem</strong></span> <span class='ocrx_word' id='word_1_225' title='bbox 615 2770 674 2815; x_wconf 91' lang='lat' dir='ltr'><strong>ut</strong></span> <span class='ocrx_word' id='word_1_226' title='bbox 712 2760 926 2817; x_wconf 83' lang='lat' dir='ltr'><strong>Patrem</strong></span> <span class='ocrx_word' id='word_1_227' title='bbox 976 2761 1195 2815; x_wconf 87' lang='lat' dir='ltr'><strong>Filium.</strong></span> <span class='ocrx_word' id='word_1_228' title='bbox 1236 2762 1388 2819; x_wconf 86' lang='lat' dir='ltr'><strong>Nunc</strong></span> <span class='ocrx_word' id='word_1_229' title='bbox 1431 2765 1609 2820; x_wconf 79' lang='lat' dir='ltr'><strong>facilis</strong></span> <span class='ocrx_word' id='word_1_230' title='bbox 1640 2775 1724 2819; x_wconf 92' lang='lat' dir='ltr'><strong>est</strong></span> <span class='ocrx_word' id='word_1_231' title='bbox 1751 2776 2041 2820; x_wconf 80' lang='lat' dir='ltr'><strong>sexcento-</strong></span> 
     </span>
    </p>
   </div>
   <div class='ocr_carea' id='block_1_30' title="bbox 458 2853 2040 2925">
    <p class='ocr_par' dir='ltr' id='par_1_30' title="bbox 458 2853 2040 2925">
     <span class='ocr_line' id='line_1_30' title="bbox 458 2853 2040 2925; baseline 0.004 -20"><span class='ocrx_word' id='word_1_232' title='bbox 458 2866 577 2905; x_wconf 88' lang='lat' dir='ltr'><strong>rum</strong></span> <span class='ocrx_word' id='word_1_233' title='bbox 610 2853 851 2908; x_wconf 90' lang='lat' dir='ltr'><strong>locorum</strong></span> <span class='ocrx_word' id='word_1_234' title='bbox 880 2853 1205 2917; x_wconf 89' lang='lat' dir='ltr'><strong>intellectus,</strong></span> <span class='ocrx_word' id='word_1_235' title='bbox 1238 2856 1291 2909; x_wconf 90' lang='lat' dir='ltr'><strong>in</strong></span> <span class='ocrx_word' id='word_1_236' title='bbox 1333 2856 1531 2925; x_wconf 82' lang='lat' dir='ltr'><strong>quibus</strong></span> <span class='ocrx_word' id='word_1_237' title='bbox 1555 2857 1773 2911; x_wconf 84' lang='lat' dir='ltr'><strong>Patrem</strong></span> <span class='ocrx_word' id='word_1_238' title='bbox 1801 2873 1924 2911; x_wconf 91' lang='lat' dir='ltr'><strong>eum</strong></span> <span class='ocrx_word' id='word_1_239' title='bbox 1948 2857 2040 2912; x_wconf 88' lang='lat' dir='ltr'><strong>Fi-</strong></span> 
     </span>
    </p>
   </div>
   <div class='ocr_carea' id='block_1_31' title="bbox 459 2942 2043 3019">
    <p class='ocr_par' dir='ltr' id='par_1_31' title="bbox 459 2942 2043 3019">
     <span class='ocr_line' id='line_1_31' title="bbox 459 2942 2043 3019; baseline 0.004 -23"><span class='ocrx_word' id='word_1_240' title='bbox 459 2942 533 2996; x_wconf 89' lang='lat' dir='ltr'><strong>lio</strong></span> <span class='ocrx_word' id='word_1_241' title='bbox 562 2943 704 2997; x_wconf 90' lang='lat' dir='ltr'><strong>nulla</strong></span> <span class='ocrx_word' id='word_1_242' title='bbox 738 2946 1070 3013; x_wconf 79' lang='lat' dir='ltr'><strong>precationis</strong></span> <span class='ocrx_word' id='word_1_243' title='bbox 1105 2947 1347 3001; x_wconf 89' lang='lat' dir='ltr'><strong>adhibita</strong></span> <span class='ocrx_word' id='word_1_244' title='bbox 1396 2948 1749 3003; x_wconf 88' lang='lat' dir='ltr'><strong>distinctione</strong></span> <span class='ocrx_word' id='word_1_245' title='bbox 1789 2949 2043 3019; x_wconf 79' lang='lat' dir='ltr'><strong>interpel-</strong></span> 
     </span>
    </p>
   </div>
   <div class='ocr_carea' id='block_1_32' title="bbox 458 3034 2033 3105">
    <p class='ocr_par' dir='ltr' id='par_1_32' title="bbox 458 3034 2033 3105">
     <span class='ocr_line' id='line_1_32' title="bbox 458 3034 2033 3105; baseline 0.004 -17"><span class='ocrx_word' id='word_1_246' title='bbox 458 3034 571 3089; x_wconf 88' lang='lat' dir='ltr'><strong>lat:</strong></span> <span class='ocrx_word' id='word_1_247' title='bbox 604 3038 779 3105; x_wconf 84' lang='lat' dir='ltr'><strong>qualis</strong></span> <span class='ocrx_word' id='word_1_248' title='bbox 805 3037 892 3092; x_wconf 91' lang='lat' dir='ltr'><strong>ille</strong></span> <span class='ocrx_word' id='word_1_249' title='bbox 917 3048 999 3091; x_wconf 91' lang='lat' dir='ltr'><strong>est</strong></span> <span class='ocrx_word' id='word_1_250' title='bbox 1029 3053 1095 3092; x_wconf 81' lang='lat' dir='ltr'><strong>ex</strong></span> <span class='ocrx_word' id='word_1_251' title='bbox 1137 3038 1322 3092; x_wconf 85' lang='grc' dir='ltr'>ιιοιιιὶΙ.</span> <span class='ocrx_word' id='word_1_252' title='bbox 1349 3039 1384 3093; x_wconf 73' lang='grc'><strong>4</strong></span> <span class='ocrx_word' id='word_1_253' title='bbox 1436 3040 1489 3093; x_wconf 87' lang='lat' dir='ltr'><strong>in</strong></span> <span class='ocrx_word' id='word_1_254' title='bbox 1521 3039 1743 3104; x_wconf 83' lang='lat' dir='ltr'><strong>Jerem.,</strong></span> <span class='ocrx_word' id='word_1_255' title='bbox 1774 3056 1926 3095; x_wconf 81' lang='lat' dir='ltr'><strong>num.</strong></span> <span class='ocrx_word' id='word_1_256' title='bbox 1958 3041 1990 3095; x_wconf 88' lang='lat'><strong><em>6</em></strong></span> <span class='ocrx_word' id='word_1_257' title='bbox 2019 3060 2033 3095; x_wconf 91' lang='lat'><strong>:</strong></span> 
     </span>
    </p>
   </div>
   <div class='ocr_carea' id='block_1_33' title="bbox 463 3127 2038 3201">
    <p class='ocr_par' dir='ltr' id='par_1_33' title="bbox 463 3127 2038 3201">
     <span class='ocr_line' id='line_1_33' title="bbox 463 3127 2038 3201; baseline 0.006 -22"><span class='ocrx_word' id='word_1_258' title='bbox 463 3146 481 3179; x_wconf 79' lang='grc' dir='ltr'><strong>ι</strong></span> <span class='ocrx_word' id='word_1_259' title='bbox 512 3127 645 3185; x_wconf 81' lang='lat' dir='ltr'><strong>Cum</strong></span> <span class='ocrx_word' id='word_1_260' title='bbox 680 3139 860 3183; x_wconf 88' lang='lat' dir='ltr'><strong>autem</strong></span> <span class='ocrx_word' id='word_1_261' title='bbox 916 3130 1197 3201; x_wconf 90' lang='lat' dir='ltr'><strong>plenitudo</strong></span> <span class='ocrx_word' id='word_1_262' title='bbox 1232 3132 1471 3200; x_wconf 84' lang='lat' dir='ltr'><strong>gentium</strong></span> <span class='ocrx_word' id='word_1_263' title='bbox 1533 3133 1805 3187; x_wconf 89' lang='lat' dir='ltr'><strong>introierit</strong></span> <span class='ocrx_word' id='word_1_264' title='bbox 1832 3173 1846 3197; x_wconf 91' lang='lat'><strong>,</strong></span> <span class='ocrx_word' id='word_1_265' title='bbox 1910 3144 2038 3190; x_wconf 92' lang='lat' dir='ltr'><strong>tunc</strong></span> 
     </span>
    </p>
   </div>
   <div class='ocr_carea' id='block_1_34' title="bbox 456 3222 2040 3295">
    <p class='ocr_par' dir='ltr' id='par_1_34' title="bbox 456 3222 2040 3295">
     <span class='ocr_line' id='line_1_34' title="bbox 456 3222 2040 3295; baseline 0.003 -20"><span class='ocrx_word' id='word_1_266' title='bbox 456 3223 636 3276; x_wconf 89' lang='lat' dir='ltr'><strong>omnis</strong></span> <span class='ocrx_word' id='word_1_267' title='bbox 668 3222 831 3277; x_wconf 83' lang='lat' dir='ltr'><strong>Israel</strong></span> <span class='ocrx_word' id='word_1_268' title='bbox 872 3222 1055 3278; x_wconf 84' lang='lat' dir='ltr'><strong>salvus</strong></span> <span class='ocrx_word' id='word_1_269' title='bbox 1088 3224 1192 3278; x_wconf 86' lang='lat' dir='ltr'><strong>erit</strong></span> <span class='ocrx_word' id='word_1_270' title='bbox 1220 3225 1287 3291; x_wconf 79' lang='grc'><strong>⁸⁸,</strong></span> <span class='ocrx_word' id='word_1_271' title='bbox 1323 3235 1372 3278; x_wconf 88' lang='lat' dir='ltr'><strong>et</strong></span> <span class='ocrx_word' id='word_1_272' title='bbox 1392 3225 1482 3294; x_wconf 82' lang='lat' dir='ltr'><strong>ﬁet</strong></span> <span class='ocrx_word' id='word_1_273' title='bbox 1518 3242 1654 3279; x_wconf 85' lang='lat' dir='ltr'><strong>unus</strong></span> <span class='ocrx_word' id='word_1_274' title='bbox 1680 3240 1807 3295; x_wconf 67' lang='lat' dir='ltr'><strong>grex</strong></span> <span class='ocrx_word' id='word_1_275' title='bbox 1828 3235 1877 3279; x_wconf 81' lang='lat' dir='ltr'><strong>et</strong></span> <span class='ocrx_word' id='word_1_276' title='bbox 1906 3243 2040 3280; x_wconf 85' lang='lat' dir='ltr'><strong>unus</strong></span> 
     </span>
    </p>
   </div>
   <div class='ocr_carea' id='block_1_35' title="bbox 2138 644 3730 717">
    <p class='ocr_par' dir='ltr' id='par_1_35' title="bbox 2138 644 3730 717">
     <span class='ocr_line' id='line_1_35' title="bbox 2138 644 3730 717; baseline 0.001 -17"><span class='ocrx_word' id='word_1_277' title='bbox 2138 661 2425 700; x_wconf 89' lang='lat' dir='ltr'><strong>commune</strong></span> <span class='ocrx_word' id='word_1_278' title='bbox 2462 645 2675 699; x_wconf 83' lang='lat' dir='ltr'><strong>Patrem</strong></span> <span class='ocrx_word' id='word_1_279' title='bbox 2710 644 3017 717; x_wconf 87' lang='lat' dir='ltr'><strong>Filiumqne</strong></span> <span class='ocrx_word' id='word_1_280' title='bbox 3063 647 3368 711; x_wconf 89' lang='lat' dir='ltr'><strong>laudemus,</strong></span> <span class='ocrx_word' id='word_1_281' title='bbox 3424 647 3585 715; x_wconf 87' lang='lat' dir='ltr'><strong>cujus</strong></span> <span class='ocrx_word' id='word_1_282' title='bbox 3618 648 3730 712; x_wconf 76' lang='lat' dir='ltr'><strong>lex,</strong></span> 
     </span>
    </p>
   </div>
   <div class='ocr_carea' id='block_1_36' title="bbox 2139 736 3730 805">
    <p class='ocr_par' dir='ltr' id='par_1_36' title="bbox 2139 736 3730 805">
     <span class='ocr_line' id='line_1_36' title="bbox 2139 736 3730 805; baseline 0.001 -15"><span class='ocrx_word' id='word_1_283' title='bbox 2139 737 2293 802; x_wconf 87' lang='lat' dir='ltr'><strong>cujus</strong></span> <span class='ocrx_word' id='word_1_284' title='bbox 2321 747 2377 790; x_wconf 90' lang='lat' dir='ltr'><strong>et</strong></span> <span class='ocrx_word' id='word_1_285' title='bbox 2408 736 2664 805; x_wconf 82' lang='lat' dir='ltr'><strong>templum</strong></span> <span class='ocrx_word' id='word_1_286' title='bbox 2692 748 2810 804; x_wconf 88' lang='lat' dir='ltr'><strong>est;</strong></span> <span class='ocrx_word' id='word_1_287' title='bbox 2844 756 2862 789; x_wconf 74' lang='grc' dir='ltr'><strong>ι</strong></span> <span class='ocrx_word' id='word_1_288' title='bbox 2898 748 2953 792; x_wconf 88' lang='lat' dir='ltr'><strong>et</strong></span> <span class='ocrx_word' id='word_1_289' title='bbox 2977 738 3169 792; x_wconf 89' lang='lat' dir='ltr'><strong>homil.</strong></span> <span class='ocrx_word' id='word_1_290' title='bbox 3201 739 3268 793; x_wconf 79' lang='lat'><strong>‘57</strong></span> <span class='ocrx_word' id='word_1_291' title='bbox 3330 739 3384 792; x_wconf 92' lang='lat' dir='ltr'><strong>in</strong></span> <span class='ocrx_word' id='word_1_292' title='bbox 3422 738 3681 793; x_wconf 87' lang='lat' dir='ltr'><strong>eumdem</strong></span> <span class='ocrx_word' id='word_1_293' title='bbox 3715 757 3730 792; x_wconf 91' lang='lat'>:</span> 
     </span>
    </p>
   </div>
   <div class='ocr_carea' id='block_1_37' title="bbox 2145 826 3736 898">
    <p class='ocr_par' dir='ltr' id='par_1_37' title="bbox 2145 826 3736 898">
     <span class='ocr_line' id='line_1_37' title="bbox 2145 826 3736 898; baseline 0.003 -20"><span class='ocrx_word' id='word_1_294' title='bbox 2145 845 2164 878; x_wconf 76' lang='grc' dir='ltr'><strong>ι</strong></span> <span class='ocrx_word' id='word_1_295' title='bbox 2206 826 2499 897; x_wconf 88' lang='lat' dir='ltr'><strong>Propterea</strong></span> <span class='ocrx_word' id='word_1_296' title='bbox 2520 827 2728 881; x_wconf 91' lang='lat' dir='ltr'><strong>Domini</strong></span> <span class='ocrx_word' id='word_1_297' title='bbox 2773 828 3204 883; x_wconf 90' lang='lat' dir='ltr'><strong>misericordiam</strong></span> <span class='ocrx_word' id='word_1_298' title='bbox 3235 831 3618 898; x_wconf 87' lang='lat' dir='ltr'><strong>deprecemur,</strong></span> <span class='ocrx_word' id='word_1_299' title='bbox 3665 844 3736 882; x_wconf 90' lang='lat' dir='ltr'><strong>ne</strong></span> 
     </span>
    </p>
   </div>
   <div class='ocr_carea' id='block_1_38' title="bbox 2140 919 3738 990">
    <p class='ocr_par' dir='ltr' id='par_1_38' title="bbox 2140 919 3738 990">
     <span class='ocr_line' id='line_1_38' title="bbox 2140 919 3738 990; baseline 0.001 -16"><span class='ocrx_word' id='word_1_300' title='bbox 2140 920 2295 975; x_wconf 91' lang='lat' dir='ltr'><strong>nobis</strong></span> <span class='ocrx_word' id='word_1_301' title='bbox 2331 920 2636 975; x_wconf 90' lang='lat' dir='ltr'><strong>tacentibus</strong></span> <span class='ocrx_word' id='word_1_302' title='bbox 2669 919 2878 990; x_wconf 86' lang='lat' dir='ltr'><strong>lapides</strong></span> <span class='ocrx_word' id='word_1_303' title='bbox 2903 921 3206 986; x_wconf 88' lang='lat' dir='ltr'><strong>clamitent,</strong></span> <span class='ocrx_word' id='word_1_304' title='bbox 3237 921 3332 976; x_wconf 86' lang='lat' dir='ltr'><strong>sed</strong></span> <span class='ocrx_word' id='word_1_305' title='bbox 3354 920 3653 990; x_wconf 88' lang='lat' dir='ltr'><strong>loquamur</strong></span> <span class='ocrx_word' id='word_1_306' title='bbox 3680 930 3738 976; x_wconf 89' lang='lat' dir='ltr'><strong>et</strong></span> 
     </span>
    </p>
   </div>
   <div class='ocr_carea' id='block_1_39' title="bbox 2140 1014 3730 1085">
    <p class='ocr_par' dir='ltr' id='par_1_39' title="bbox 2140 1014 3730 1085">
     <span class='ocr_line' id='line_1_39' title="bbox 2140 1014 3730 1085; baseline 0.001 -18"><span class='ocrx_word' id='word_1_307' title='bbox 2140 1014 2421 1069; x_wconf 79' lang='lat' dir='ltr'><strong>laudemus</strong></span> <span class='ocrx_word' id='word_1_308' title='bbox 2441 1015 2608 1070; x_wconf 90' lang='lat' dir='ltr'><strong>Deum</strong></span> <span class='ocrx_word' id='word_1_309' title='bbox 2636 1016 2687 1070; x_wconf 93' lang='lat' dir='ltr'><strong>in</strong></span> <span class='ocrx_word' id='word_1_310' title='bbox 2721 1016 2903 1082; x_wconf 89' lang='lat' dir='ltr'><strong>Patre,</strong></span> <span class='ocrx_word' id='word_1_311' title='bbox 2926 1028 2980 1071; x_wconf 88' lang='lat' dir='ltr'><strong>et</strong></span> <span class='ocrx_word' id='word_1_312' title='bbox 2998 1015 3153 1081; x_wconf 83' lang='lat' dir='ltr'><strong>Filio,</strong></span> <span class='ocrx_word' id='word_1_313' title='bbox 3174 1025 3230 1071; x_wconf 91' lang='lat' dir='ltr'><strong>et</strong></span> <span class='ocrx_word' id='word_1_314' title='bbox 3249 1016 3457 1085; x_wconf 89' lang='lat' dir='ltr'><strong>Spiritu</strong></span> <span class='ocrx_word' id='word_1_315' title='bbox 3478 1027 3693 1072; x_wconf 87' lang='lat' dir='ltr'><strong>sancto.</strong></span> <span class='ocrx_word' id='word_1_316' title='bbox 3710 1037 3730 1069; x_wconf 72' lang='grc' dir='ltr'><strong>ι</strong></span> 
     </span>
    </p>
   </div>
   <div class='ocr_carea' id='block_1_40' title="bbox 2139 1108 3738 1180">
    <p class='ocr_par' dir='ltr' id='par_1_40' title="bbox 2139 1108 3738 1180">
     <span class='ocr_line' id='line_1_40' title="bbox 2139 1108 3738 1180; baseline 0.001 -16"><span class='ocrx_word' id='word_1_317' title='bbox 2139 1108 2296 1164; x_wconf 91' lang='lat' dir='ltr'><strong>Orari</strong></span> <span class='ocrx_word' id='word_1_318' title='bbox 2332 1109 2551 1177; x_wconf 90' lang='lat' dir='ltr'><strong>quidem</strong></span> <span class='ocrx_word' id='word_1_319' title='bbox 2578 1110 2793 1165; x_wconf 89' lang='lat' dir='ltr'><strong>Patrem</strong></span> <span class='ocrx_word' id='word_1_320' title='bbox 2824 1109 2979 1179; x_wconf 86' lang='lat' dir='ltr'><strong>jubet</strong></span> <span class='ocrx_word' id='word_1_321' title='bbox 3011 1122 3066 1167; x_wconf 88' lang='lat' dir='ltr'><strong>et</strong></span> <span class='ocrx_word' id='word_1_322' title='bbox 3110 1110 3330 1180; x_wconf 88' lang='lat' dir='ltr'><strong>Filium,</strong></span> <span class='ocrx_word' id='word_1_323' title='bbox 3364 1111 3462 1168; x_wconf 87' lang='lat' dir='ltr'><strong>sed</strong></span> <span class='ocrx_word' id='word_1_324' title='bbox 3503 1112 3738 1168; x_wconf 88' lang='lat' dir='ltr'><strong>diverso</strong></span> 
     </span>
    </p>
   </div>
   <div class='ocr_carea' id='block_1_41' title="bbox 2140 1200 2651 1270">
    <p class='ocr_par' dir='ltr' id='par_1_41' title="bbox 2140 1200 2651 1270">
     <span class='ocr_line' id='line_1_41' title="bbox 2140 1200 2651 1270; baseline 0 -16"><span class='ocrx_word' id='word_1_325' title='bbox 2140 1214 2338 1270; x_wconf 89' lang='lat' dir='ltr'><strong>genere</strong></span> <span class='ocrx_word' id='word_1_326' title='bbox 2367 1200 2651 1254; x_wconf 88' lang='lat' dir='ltr'><strong>orationis.</strong></span> 
     </span>
    </p>
   </div>
   <div class='ocr_carea' id='block_1_42' title="bbox 2214 1289 3733 1362">
    <p class='ocr_par' dir='ltr' id='par_1_42' title="bbox 2214 1289 3733 1362">
     <span class='ocr_line' id='line_1_42' title="bbox 2214 1289 3733 1362; baseline 0 -19"><span class='ocrx_word' id='word_1_327' title='bbox 2214 1289 2382 1344; x_wconf 81' lang='lat' dir='ltr'><strong>XXX.</strong></span> <span class='ocrx_word' id='word_1_328' title='bbox 2410 1289 2754 1346; x_wconf 90' lang='lat' dir='ltr'><strong>Postremum</strong></span> <span class='ocrx_word' id='word_1_329' title='bbox 2782 1291 2886 1348; x_wconf 89' lang='lat' dir='ltr'><strong>hoc</strong></span> <span class='ocrx_word' id='word_1_330' title='bbox 2915 1292 3275 1362; x_wconf 89' lang='lat' dir='ltr'><strong>objiciendum</strong></span> <span class='ocrx_word' id='word_1_331' title='bbox 3304 1293 3458 1347; x_wconf 86' lang='lat' dir='ltr'><strong>venit</strong></span> <span class='ocrx_word' id='word_1_332' title='bbox 3480 1291 3733 1361; x_wconf 76' lang='lat' dir='ltr'><strong>Origeni,</strong></span> 
     </span>
    </p>
   </div>
   <div class='ocr_carea' id='block_1_43' title="bbox 2142 1383 3737 1456">
    <p class='ocr_par' dir='ltr' id='par_1_43' title="bbox 2142 1383 3737 1456">
     <span class='ocr_line' id='line_1_43' title="bbox 2142 1383 3737 1456; baseline -0.001 -18"><span class='ocrx_word' id='word_1_333' title='bbox 2142 1384 2422 1453; x_wconf 88' lang='lat' dir='ltr'><strong>opinatum</strong></span> <span class='ocrx_word' id='word_1_334' title='bbox 2445 1400 2570 1439; x_wconf 90' lang='lat' dir='ltr'><strong>eum</strong></span> <span class='ocrx_word' id='word_1_335' title='bbox 2617 1384 2837 1439; x_wconf 82' lang='lat' dir='ltr'><strong>humani</strong></span> <span class='ocrx_word' id='word_1_336' title='bbox 2891 1386 3319 1455; x_wconf 87' lang='lat' dir='ltr'><strong>redemptionem</strong></span> <span class='ocrx_word' id='word_1_337' title='bbox 3349 1386 3577 1456; x_wconf 79' lang='lat' dir='ltr'><strong>generis</strong></span> <span class='ocrx_word' id='word_1_338' title='bbox 3608 1383 3737 1453; x_wconf 87' lang='lat' dir='ltr'><strong>Spi-</strong></span> 
     </span>
    </p>
   </div>
   <div class='ocr_carea' id='block_1_44' title="bbox 2143 1474 3738 1546">
    <p class='ocr_par' dir='ltr' id='par_1_44' title="bbox 2143 1474 3738 1546">
     <span class='ocr_line' id='line_1_44' title="bbox 2143 1474 3738 1546; baseline -0.001 -17"><span class='ocrx_word' id='word_1_339' title='bbox 2143 1474 2308 1529; x_wconf 86' lang='lat' dir='ltr'><strong>ritum</strong></span> <span class='ocrx_word' id='word_1_340' title='bbox 2334 1485 2584 1530; x_wconf 79' lang='lat' dir='ltr'><strong>sanctum</strong></span> <span class='ocrx_word' id='word_1_341' title='bbox 2610 1476 2952 1546; x_wconf 91' lang='lat' dir='ltr'><strong>potissimum</strong></span> <span class='ocrx_word' id='word_1_342' title='bbox 2985 1476 3264 1543; x_wconf 88' lang='lat' dir='ltr'><strong>decuisse;</strong></span> <span class='ocrx_word' id='word_1_343' title='bbox 3316 1487 3485 1545; x_wconf 85' lang='lat' dir='ltr'><strong>atque</strong></span> <span class='ocrx_word' id='word_1_344' title='bbox 3529 1476 3583 1529; x_wconf 91' lang='lat' dir='ltr'><strong>id</strong></span> <span class='ocrx_word' id='word_1_345' title='bbox 3615 1493 3738 1528; x_wconf 89' lang='lat' dir='ltr'><strong>mu-</strong></span> 
     </span>
    </p>
   </div>
   <div class='ocr_carea' id='block_1_45' title="bbox 2142 1567 3737 1639">
    <p class='ocr_par' dir='ltr' id='par_1_45' title="bbox 2142 1567 3737 1639">
     <span class='ocr_line' id='line_1_45' title="bbox 2142 1567 3737 1639; baseline 0.002 -19"><span class='ocrx_word' id='word_1_346' title='bbox 2142 1581 2243 1620; x_wconf 87' lang='lat' dir='ltr'><strong>nus</strong></span> <span class='ocrx_word' id='word_1_347' title='bbox 2277 1582 2399 1620; x_wconf 87' lang='lat' dir='ltr'><strong>cum</strong></span> <span class='ocrx_word' id='word_1_348' title='bbox 2426 1568 2579 1622; x_wconf 90' lang='lat' dir='ltr'><strong>obire</strong></span> <span class='ocrx_word' id='word_1_349' title='bbox 2612 1583 2674 1624; x_wconf 91' lang='lat' dir='ltr'><strong>ac</strong></span> <span class='ocrx_word' id='word_1_350' title='bbox 2709 1569 2983 1623; x_wconf 86' lang='lat' dir='ltr'><strong>sustinere</strong></span> <span class='ocrx_word' id='word_1_351' title='bbox 3012 1570 3326 1639; x_wconf 87' lang='lat' dir='ltr'><strong>neutiquam</strong></span> <span class='ocrx_word' id='word_1_352' title='bbox 3351 1579 3567 1639; x_wconf 48' lang='lat' dir='ltr'><strong>posset,</strong></span> <span class='ocrx_word' id='word_1_353' title='bbox 3596 1567 3737 1623; x_wconf 85' lang='lat' dir='ltr'><strong>Filio</strong></span> 
     </span>
    </p>
   </div>
   <div class='ocr_carea' id='block_1_46' title="bbox 2142 1657 3735 1731">
    <p class='ocr_par' dir='ltr' id='par_1_46' title="bbox 2142 1657 3735 1731">
     <span class='ocr_line' id='line_1_46' title="bbox 2142 1657 3735 1731; baseline 0.002 -21"><span class='ocrx_word' id='word_1_354' title='bbox 2142 1657 2487 1726; x_wconf 89' lang='lat' dir='ltr'><strong>imposuisse,</strong></span> <span class='ocrx_word' id='word_1_355' title='bbox 2524 1669 2713 1728; x_wconf 87' lang='lat' dir='ltr'><strong>utpote</strong></span> <span class='ocrx_word' id='word_1_356' title='bbox 2763 1660 2855 1730; x_wconf 94' lang='lat' dir='ltr'><strong>qui</strong></span> <span class='ocrx_word' id='word_1_357' title='bbox 2915 1677 3056 1716; x_wconf 92' lang='lat' dir='ltr'><strong>unus</strong></span> <span class='ocrx_word' id='word_1_358' title='bbox 3106 1674 3255 1716; x_wconf 87' lang='lat' dir='ltr'><strong>recte</strong></span> <span class='ocrx_word' id='word_1_359' title='bbox 3281 1664 3468 1731; x_wconf 91' lang='lat' dir='ltr'><strong>quiret</strong></span> <span class='ocrx_word' id='word_1_360' title='bbox 3502 1662 3735 1729; x_wconf 85' lang='lat' dir='ltr'><strong>provin-</strong></span> 
     </span>
    </p>
   </div>
   <div class='ocr_carea' id='block_1_47' title="bbox 2142 1749 3739 1806">
    <p class='ocr_par' dir='ltr' id='par_1_47' title="bbox 2142 1749 3739 1806">
     <span class='ocr_line' id='line_1_47' title="bbox 2142 1749 3739 1806; baseline 0.002 -3"><span class='ocrx_word' id='word_1_361' title='bbox 2142 1749 2279 1803; x_wconf 90' lang='lat' dir='ltr'><strong>ciam</strong></span> <span class='ocrx_word' id='word_1_362' title='bbox 2333 1753 2473 1805; x_wconf 91' lang='lat' dir='ltr'><strong>hanc</strong></span> <span class='ocrx_word' id='word_1_363' title='bbox 2514 1751 2921 1806; x_wconf 90' lang='lat' dir='ltr'><strong>administrare.</strong></span> <span class='ocrx_word' id='word_1_364' title='bbox 2947 1751 3161 1806; x_wconf 89' lang='lat' dir='ltr'><strong>Prostat</strong></span> <span class='ocrx_word' id='word_1_365' title='bbox 3197 1762 3571 1806; x_wconf 86' lang='lat' dir='ltr'><strong>commentum</strong></span> <span class='ocrx_word' id='word_1_366' title='bbox 3605 1751 3739 1806; x_wconf 73' lang='lat' dir='ltr'><strong>iilud</strong></span> 
     </span>
    </p>
   </div>
   <div class='ocr_carea' id='block_1_48' title="bbox 2145 1840 3739 1911">
    <p class='ocr_par' dir='ltr' id='par_1_48' title="bbox 2145 1840 3739 1911">
     <span class='ocr_line' id='line_1_48' title="bbox 2145 1840 3739 1911; baseline -0.001 -18"><span class='ocrx_word' id='word_1_367' title='bbox 2145 1850 2274 1895; x_wconf 91' lang='lat' dir='ltr'><strong>tom.</strong></span> <span class='ocrx_word' id='word_1_368' title='bbox 2325 1854 2363 1895; x_wconf 83' lang='lat' dir='ltr'><strong>tt</strong></span> <span class='ocrx_word' id='word_1_369' title='bbox 2390 1881 2405 1905; x_wconf 93' lang='lat'><strong>,</strong></span> <span class='ocrx_word' id='word_1_370' title='bbox 2442 1841 2495 1895; x_wconf 86' lang='lat' dir='ltr'><strong>in</strong></span> <span class='ocrx_word' id='word_1_371' title='bbox 2543 1840 2729 1905; x_wconf 80' lang='lat' dir='ltr'><strong>Joan.,</strong></span> <span class='ocrx_word' id='word_1_372' title='bbox 2765 1857 2914 1895; x_wconf 90' lang='lat' dir='ltr'><strong>num.</strong></span> <span class='ocrx_word' id='word_1_373' title='bbox 2951 1840 2984 1895; x_wconf 86' lang='lat'><strong><em>6</em></strong></span> <span class='ocrx_word' id='word_1_374' title='bbox 3014 1840 3125 1911; x_wconf 73' lang='lat'><strong>(21)</strong></span> <span class='ocrx_word' id='word_1_375' title='bbox 3162 1859 3175 1895; x_wconf 88' lang='lat'><strong>:</strong></span> <span class='ocrx_word' id='word_1_376' title='bbox 3210 1842 3280 1894; x_wconf 88' lang='grc' dir='ltr'>Ἦ</span> <span class='ocrx_word' id='word_1_377' title='bbox 3308 1840 3453 1911; x_wconf 83' lang='grc' dir='ltr'>τάχα</span> <span class='ocrx_word' id='word_1_378' title='bbox 3488 1840 3611 1892; x_wconf 73' lang='grc' dir='ltr'>ἐστὶ</span> <span class='ocrx_word' id='word_1_379' title='bbox 3638 1840 3739 1892; x_wconf 72' lang='grc' dir='ltr'><strong>καὶ</strong></span> 
     </span>
    </p>
   </div>
   <div class='ocr_carea' id='block_1_49' title="bbox 2068 1911 3739 2004">
    <p class='ocr_par' dir='ltr' id='par_1_49' title="bbox 2068 1911 3739 2004">
     <span class='ocr_line' id='line_1_49' title="bbox 2068 1911 3739 2004; baseline 0.001 -21"><span class='ocrx_word' id='word_1_380' title='bbox 2068 1911 2110 1966; x_wconf 82' lang='grc' dir='ltr'><strong>Β</strong></span> <span class='ocrx_word' id='word_1_381' title='bbox 2137 1930 2295 1984; x_wconf 84' lang='grc' dir='ltr'>τοῦτο</span> <span class='ocrx_word' id='word_1_382' title='bbox 2338 1934 2535 1995; x_wconf 82' lang='grc' dir='ltr'>εἰπεῖν,</span> <span class='ocrx_word' id='word_1_383' title='bbox 2562 1933 2643 1986; x_wconf 87' lang='grc' dir='ltr'>ὃτι</span> <span class='ocrx_word' id='word_1_384' title='bbox 2676 1932 2847 1985; x_wconf 79' lang='grc' dir='ltr'>ἐδεῖτο</span> <span class='ocrx_word' id='word_1_385' title='bbox 2873 1934 2906 2004; x_wconf 79' lang='grc' dir='ltr'>ἡ</span> <span class='ocrx_word' id='word_1_386' title='bbox 2941 1934 3115 1997; x_wconf 79' lang='grc' dir='ltr'>κτίσις</span> <span class='ocrx_word' id='word_1_387' title='bbox 3138 1934 3277 2004; x_wconf 80' lang='grc' dir='ltr'>ὑπὲρ</span> <span class='ocrx_word' id='word_1_388' title='bbox 3315 1932 3408 1985; x_wconf 87' lang='grc' dir='ltr'><strong>τοῦ</strong></span> <span class='ocrx_word' id='word_1_389' title='bbox 3434 1931 3739 2003; x_wconf 78' lang='grc' dir='ltr'><strong>ὲλευθερω⁴</strong></span> 
     </span>
    </p>
   </div>
   <div class='ocr_carea' id='block_1_50' title="bbox 2140 2022 3739 2097">
    <p class='ocr_par' dir='ltr' id='par_1_50' title="bbox 2140 2022 3739 2097">
     <span class='ocr_line' id='line_1_50' title="bbox 2140 2022 3739 2097; baseline 0 -22"><span class='ocrx_word' id='word_1_390' title='bbox 2140 2022 2296 2095; x_wconf 80' lang='grc' dir='ltr'>θῆναι</span> <span class='ocrx_word' id='word_1_391' title='bbox 2326 2026 2434 2078; x_wconf 80' lang='grc' dir='ltr'><strong>ἀπὸ</strong></span> <span class='ocrx_word' id='word_1_392' title='bbox 2450 2026 2547 2094; x_wconf 84' lang='grc' dir='ltr'>τῆς</span> <span class='ocrx_word' id='word_1_393' title='bbox 2579 2025 2824 2089; x_wconf 84' lang='grc' dir='ltr'>δουλείας</span> <span class='ocrx_word' id='word_1_394' title='bbox 2854 2026 2953 2097; x_wconf 81' lang='grc' dir='ltr'><strong>τῆς</strong></span> <span class='ocrx_word' id='word_1_395' title='bbox 2979 2026 3204 2097; x_wconf 80' lang='grc' dir='ltr'>φθορᾶς,</span> <span class='ocrx_word' id='word_1_396' title='bbox 3230 2026 3365 2079; x_wconf 80' lang='grc' dir='ltr'>ἀλλὰ</span> <span class='ocrx_word' id='word_1_397' title='bbox 3398 2024 3499 2078; x_wconf 75' lang='grc' dir='ltr'>καὶ</span> <span class='ocrx_word' id='word_1_398' title='bbox 3528 2024 3592 2077; x_wconf 81' lang='grc' dir='ltr'>τὸ</span> <span class='ocrx_word' id='word_1_399' title='bbox 3624 2023 3739 2075; x_wconf 81' lang='grc' dir='ltr'><strong>τῶν</strong></span> 
     </span>
    </p>
   </div>
   <div class='ocr_carea' id='block_1_51' title="bbox 2138 2110 3741 2187">
    <p class='ocr_par' dir='ltr' id='par_1_51' title="bbox 2138 2110 3741 2187">
     <span class='ocr_line' id='line_1_51' title="bbox 2138 2110 3741 2187; baseline -0.001 -20"><span class='ocrx_word' id='word_1_400' title='bbox 2138 2114 2441 2187; x_wconf 80' lang='grc' dir='ltr'>ἀνθρώπων</span> <span class='ocrx_word' id='word_1_401' title='bbox 2457 2116 2634 2184; x_wconf 83' lang='grc' dir='ltr'>γένος,</span> <span class='ocrx_word' id='word_1_402' title='bbox 2665 2116 2941 2187; x_wconf 85' lang='grc' dir='ltr'>μακαρίας</span> <span class='ocrx_word' id='word_1_403' title='bbox 2972 2116 3067 2170; x_wconf 73' lang='grc' dir='ltr'><strong>καὶ</strong></span> <span class='ocrx_word' id='word_1_404' title='bbox 3096 2116 3245 2180; x_wconf 86' lang='grc' dir='ltr'>θείας</span> <span class='ocrx_word' id='word_1_405' title='bbox 3266 2116 3558 2185; x_wconf 81' lang='grc' dir='ltr'>δυνάμεως</span> <span class='ocrx_word' id='word_1_406' title='bbox 3588 2110 3741 2168; x_wconf 68' lang='grc' dir='ltr'>ἔναν-</span> 
     </span>
    </p>
   </div>
   <div class='ocr_carea' id='block_1_52' title="bbox 2140 2204 3740 2279">
    <p class='ocr_par' dir='ltr' id='par_1_52' title="bbox 2140 2204 3740 2279">
     <span class='ocr_line' id='line_1_52' title="bbox 2140 2204 3740 2279; baseline 0 -22"><span class='ocrx_word' id='word_1_407' title='bbox 2140 2204 2489 2277; x_wconf 79' lang='grc' dir='ltr'>θρωπούσης,</span> <span class='ocrx_word' id='word_1_408' title='bbox 2516 2208 2638 2277; x_wconf 74' lang='grc' dir='ltr'>ἣτις</span> <span class='ocrx_word' id='word_1_409' title='bbox 2668 2205 3023 2279; x_wconf 74' lang='grc' dir='ltr'>διορθώσεται</span> <span class='ocrx_word' id='word_1_410' title='bbox 3050 2208 3142 2260; x_wconf 73' lang='grc' dir='ltr'><strong>καὶ</strong></span> <span class='ocrx_word' id='word_1_411' title='bbox 3160 2207 3230 2260; x_wconf 87' lang='grc' dir='ltr'><strong>τὰ</strong></span> <span class='ocrx_word' id='word_1_412' title='bbox 3253 2207 3345 2260; x_wconf 77' lang='grc' dir='ltr'>ἐπὶ</span> <span class='ocrx_word' id='word_1_413' title='bbox 3372 2206 3475 2277; x_wconf 76' lang='grc' dir='ltr'>τῆς</span> <span class='ocrx_word' id='word_1_414' title='bbox 3499 2206 3624 2275; x_wconf 80' lang='grc' dir='ltr'>γῆς.</span> <span class='ocrx_word' id='word_1_415' title='bbox 3644 2206 3740 2257; x_wconf 76' lang='grc' dir='ltr'><strong>καί</strong></span> 
     </span>
    </p>
   </div>
   <div class='ocr_carea' id='block_1_53' title="bbox 2138 2295 3739 2371">
    <p class='ocr_par' dir='ltr' id='par_1_53' title="bbox 2138 2295 3739 2371">
     <span class='ocr_line' id='line_1_53' title="bbox 2138 2295 3739 2371; baseline 0 -22"><span class='ocrx_word' id='word_1_416' title='bbox 2138 2296 2378 2370; x_wconf 74' lang='grc' dir='ltr'>ὡσπερεὶ</span> <span class='ocrx_word' id='word_1_417' title='bbox 2404 2298 2672 2352; x_wconf 73' lang='grc' dir='ltr'>ἐπέϐαλλε</span> <span class='ocrx_word' id='word_1_418' title='bbox 2703 2316 2820 2363; x_wconf 86' lang='grc' dir='ltr'><strong>πως</strong></span> <span class='ocrx_word' id='word_1_419' title='bbox 2854 2300 2931 2370; x_wconf 80' lang='grc' dir='ltr'><strong>τῷ</strong></span> <span class='ocrx_word' id='word_1_420' title='bbox 2972 2300 3111 2371; x_wconf 82' lang='grc' dir='ltr'>ἁγίῳ</span> <span class='ocrx_word' id='word_1_421' title='bbox 3153 2298 3431 2368; x_wconf 77' lang='grc' dir='ltr'>Πνεῦματι</span> <span class='ocrx_word' id='word_1_422' title='bbox 3462 2300 3497 2369; x_wconf 76' lang='grc' dir='ltr'>ἡ</span> <span class='ocrx_word' id='word_1_423' title='bbox 3534 2295 3739 2366; x_wconf 79' lang='grc' dir='ltr'>πρᾶξις</span> 
     </span>
    </p>
   </div>
   <div class='ocr_carea' id='block_1_54' title="bbox 2141 2387 3740 2461">
    <p class='ocr_par' dir='ltr' id='par_1_54' title="bbox 2141 2387 3740 2461">
     <span class='ocr_line' id='line_1_54' title="bbox 2141 2387 3740 2461; baseline -0.001 -20"><span class='ocrx_word' id='word_1_424' title='bbox 2141 2388 2301 2460; x_wconf 75' lang='grc' dir='ltr'>αὕτη,</span> <span class='ocrx_word' id='word_1_425' title='bbox 2321 2391 2513 2461; x_wconf 76' lang='grc' dir='ltr'>ἥντινα</span> <span class='ocrx_word' id='word_1_426' title='bbox 2535 2390 2829 2461; x_wconf 84' lang='grc' dir='ltr'>ὑπομένειν</span> <span class='ocrx_word' id='word_1_427' title='bbox 2856 2392 2917 2444; x_wconf 82' lang='grc' dir='ltr'><strong>οὑ</strong></span> <span class='ocrx_word' id='word_1_428' title='bbox 2940 2391 3234 2461; x_wconf 85' lang='grc' dir='ltr'>δυνάμενον</span> <span class='ocrx_word' id='word_1_429' title='bbox 3251 2388 3623 2459; x_wconf 75' lang='grc' dir='ltr'>προϐάλλεται</span> <span class='ocrx_word' id='word_1_430' title='bbox 3644 2387 3740 2440; x_wconf 74' lang='grc' dir='ltr'><strong>τὸν</strong></span> 
     </span>
    </p>
   </div>
   <div class='ocr_carea' id='block_1_55' title="bbox 2140 2477 3733 2553">
    <p class='ocr_par' dir='ltr' id='par_1_55' title="bbox 2140 2477 3733 2553">
     <span class='ocr_line' id='line_1_55' title="bbox 2140 2477 3733 2553; baseline -0.001 -22"><span class='ocrx_word' id='word_1_431' title='bbox 2140 2479 2386 2550; x_wconf 78' lang='grc' dir='ltr'>Σωτῆρα,</span> <span class='ocrx_word' id='word_1_432' title='bbox 2416 2479 2491 2544; x_wconf 85' lang='grc' dir='ltr'>ὡς</span> <span class='ocrx_word' id='word_1_433' title='bbox 2530 2480 2590 2533; x_wconf 84' lang='grc' dir='ltr'><strong>τὸ</strong></span> <span class='ocrx_word' id='word_1_434' title='bbox 2614 2480 2932 2553; x_wconf 82' lang='grc' dir='ltr'>τηλικοῦτον</span> <span class='ocrx_word' id='word_1_435' title='bbox 2964 2477 3123 2534; x_wconf 80' lang='grc' dir='ltr'>ἆθλον</span> <span class='ocrx_word' id='word_1_436' title='bbox 3167 2481 3326 2551; x_wconf 82' lang='grc' dir='ltr'>μόνον</span> <span class='ocrx_word' id='word_1_437' title='bbox 3360 2482 3610 2548; x_wconf 76' lang='grc' dir='ltr'>ἐνεγκεῖν</span> <span class='ocrx_word' id='word_1_438' title='bbox 3640 2477 3733 2530; x_wconf 85' lang='grc' dir='ltr'>δυ-</span> 
     </span>
    </p>
   </div>
   <div class='ocr_carea' id='block_1_56' title="bbox 2140 2569 3737 2641">
    <p class='ocr_par' dir='ltr' id='par_1_56' title="bbox 2140 2569 3737 2641">
     <span class='ocr_line' id='line_1_56' title="bbox 2140 2569 3737 2641; baseline -0.002 -18"><span class='ocrx_word' id='word_1_439' title='bbox 2140 2571 2389 2641; x_wconf 82' lang='grc' dir='ltr'>νάμενον.</span> <span class='ocrx_word' id='word_1_440' title='bbox 2415 2570 2615 2627; x_wconf 85' lang='lat' dir='ltr'><strong>COntra</strong></span> <span class='ocrx_word' id='word_1_441' title='bbox 2643 2586 2763 2626; x_wconf 81' lang='lat' dir='ltr'><strong>eam</strong></span> <span class='ocrx_word' id='word_1_442' title='bbox 2784 2572 3095 2641; x_wconf 88' lang='lat' dir='ltr'><strong>opinionem</strong></span> <span class='ocrx_word' id='word_1_443' title='bbox 3119 2580 3457 2640; x_wconf 83' lang='lat' dir='ltr'><strong>consurgunt</strong></span> <span class='ocrx_word' id='word_1_444' title='bbox 3486 2569 3737 2622; x_wconf 79' lang='lat' dir='ltr'><strong>universi</strong></span> 
     </span>
    </p>
   </div>
   <div class='ocr_carea' id='block_1_57' title="bbox 2140 2657 3741 2731">
    <p class='ocr_par' dir='ltr' id='par_1_57' title="bbox 2140 2657 3741 2731">
     <span class='ocr_line' id='line_1_57' title="bbox 2140 2657 3741 2731; baseline 0 -19"><span class='ocrx_word' id='word_1_445' title='bbox 2140 2657 2352 2721; x_wconf 91' lang='lat' dir='ltr'><strong>Patres,</strong></span> <span class='ocrx_word' id='word_1_446' title='bbox 2390 2668 2443 2713; x_wconf 91' lang='lat' dir='ltr'><strong>et</strong></span> <span class='ocrx_word' id='word_1_447' title='bbox 2476 2675 2587 2729; x_wconf 69' lang='lat' dir='ltr'><strong>pra:</strong></span> <span class='ocrx_word' id='word_1_448' title='bbox 2614 2661 2842 2731; x_wconf 81' lang='lat' dir='ltr'><strong>reliquis</strong></span> <span class='ocrx_word' id='word_1_449' title='bbox 2863 2660 3145 2715; x_wconf 85' lang='lat' dir='ltr'><strong>Trinitatis</strong></span> <span class='ocrx_word' id='word_1_450' title='bbox 3171 2669 3373 2715; x_wconf 67' lang='lat' dir='ltr'><strong>sancta:</strong></span> <span class='ocrx_word' id='word_1_451' title='bbox 3402 2660 3652 2727; x_wconf 87' lang='lat' dir='ltr'><strong>personis</strong></span> <span class='ocrx_word' id='word_1_452' title='bbox 3685 2660 3741 2712; x_wconf 89' lang='lat' dir='ltr'><strong>id</strong></span> 
     </span>
    </p>
   </div>
   <div class='ocr_carea' id='block_1_58' title="bbox 2140 2749 3739 2820">
    <p class='ocr_par' dir='ltr' id='par_1_58' title="bbox 2140 2749 3739 2820">
     <span class='ocr_line' id='line_1_58' title="bbox 2140 2749 3739 2820; baseline -0.003 -17"><span class='ocrx_word' id='word_1_453' title='bbox 2140 2751 2319 2818; x_wconf 87' lang='lat' dir='ltr'><strong>operis</strong></span> <span class='ocrx_word' id='word_1_454' title='bbox 2342 2749 2479 2805; x_wconf 85' lang='lat' dir='ltr'><strong>Filio</strong></span> <span class='ocrx_word' id='word_1_455' title='bbox 2518 2750 2790 2820; x_wconf 74' lang='lat' dir='ltr'><strong>prtecipue</strong></span> <span class='ocrx_word' id='word_1_456' title='bbox 2820 2749 3134 2804; x_wconf 85' lang='lat' dir='ltr'><strong>convenisse</strong></span> <span class='ocrx_word' id='word_1_457' title='bbox 3163 2750 3572 2811; x_wconf 90' lang='lat' dir='ltr'><strong>demonstrant,</strong></span> <span class='ocrx_word' id='word_1_458' title='bbox 3600 2762 3739 2801; x_wconf 72' lang='lat' dir='ltr'><strong>cau~</strong></span> 
     </span>
    </p>
   </div>
   <div class='ocr_carea' id='block_1_59' title="bbox 2142 2837 3741 2909">
    <p class='ocr_par' dir='ltr' id='par_1_59' title="bbox 2142 2837 3741 2909">
     <span class='ocr_line' id='line_1_59' title="bbox 2142 2837 3741 2909; baseline -0.004 -14"><span class='ocrx_word' id='word_1_459' title='bbox 2142 2855 2340 2909; x_wconf 90' lang='lat' dir='ltr'><strong>sasque</strong></span> <span class='ocrx_word' id='word_1_460' title='bbox 2366 2838 2530 2907; x_wconf 81' lang='lat' dir='ltr'><strong>huius</strong></span> <span class='ocrx_word' id='word_1_461' title='bbox 2569 2839 2799 2893; x_wconf 90' lang='lat' dir='ltr'><strong>reddunt</strong></span> <span class='ocrx_word' id='word_1_462' title='bbox 2854 2837 3180 2905; x_wconf 86' lang='lat' dir='ltr'><strong>multiplices</strong></span> <span class='ocrx_word' id='word_1_463' title='bbox 3218 2849 3274 2892; x_wconf 90' lang='lat' dir='ltr'><strong>et</strong></span> <span class='ocrx_word' id='word_1_464' title='bbox 3327 2838 3561 2899; x_wconf 87' lang='lat' dir='ltr'><strong>validas,</strong></span> <span class='ocrx_word' id='word_1_465' title='bbox 3596 2851 3741 2906; x_wconf 82' lang='lat' dir='ltr'><strong>qua-</strong></span> 
     </span>
    </p>
   </div>
   <div class='ocr_carea' id='block_1_60' title="bbox 2142 2930 3739 3000">
    <p class='ocr_par' dir='ltr' id='par_1_60' title="bbox 2142 2930 3739 3000">
     <span class='ocr_line' id='line_1_60' title="bbox 2142 2930 3739 3000; baseline -0.002 -14"><span class='ocrx_word' id='word_1_466' title='bbox 2142 2946 2261 2986; x_wconf 90' lang='lat' dir='ltr'><strong>rum</strong></span> <span class='ocrx_word' id='word_1_467' title='bbox 2296 2932 2383 2987; x_wconf 93' lang='lat' dir='ltr'><strong>hie</strong></span> <span class='ocrx_word' id='word_1_468' title='bbox 2414 2931 2724 3000; x_wconf 80' lang='lat' dir='ltr'><strong>explicandi</strong></span> <span class='ocrx_word' id='word_1_469' title='bbox 2757 2930 2907 2986; x_wconf 88' lang='lat' dir='ltr'><strong>locus</strong></span> <span class='ocrx_word' id='word_1_470' title='bbox 2936 2946 3042 2985; x_wconf 92' lang='lat' dir='ltr'><strong>non</strong></span> <span class='ocrx_word' id='word_1_471' title='bbox 3079 2940 3183 2985; x_wconf 85' lang='lat' dir='ltr'><strong>est.</strong></span> <span class='ocrx_word' id='word_1_472' title='bbox 3211 2930 3428 2985; x_wconf 88' lang='lat' dir='ltr'><strong>Patrem</strong></span> <span class='ocrx_word' id='word_1_473' title='bbox 3460 2940 3644 2985; x_wconf 87' lang='lat' dir='ltr'><strong>tamen</strong></span> <span class='ocrx_word' id='word_1_474' title='bbox 3669 2944 3739 2983; x_wconf 91' lang='lat' dir='ltr'><strong>ac</strong></span> 
     </span>
    </p>
   </div>
   <div class='ocr_carea' id='block_1_61' title="bbox 2146 3021 3736 3093">
    <p class='ocr_par' dir='ltr' id='par_1_61' title="bbox 2146 3021 3736 3093">
     <span class='ocr_line' id='line_1_61' title="bbox 2146 3021 3736 3093; baseline -0.001 -17"><span class='ocrx_word' id='word_1_475' title='bbox 2146 3022 2409 3093; x_wconf 87' lang='lat' dir='ltr'><strong>Spiritum</strong></span> <span class='ocrx_word' id='word_1_476' title='bbox 2437 3033 2685 3077; x_wconf 86' lang='lat' dir='ltr'><strong>sanctum</strong></span> <span class='ocrx_word' id='word_1_477' title='bbox 2721 3021 2912 3078; x_wconf 85' lang='lat' dir='ltr'><strong>eodem</strong></span> <span class='ocrx_word' id='word_1_478' title='bbox 2942 3022 3121 3078; x_wconf 87' lang='lat' dir='ltr'><strong>olIicio</strong></span> <span class='ocrx_word' id='word_1_479' title='bbox 3151 3023 3297 3077; x_wconf 89' lang='lat' dir='ltr'><strong>haud</strong></span> <span class='ocrx_word' id='word_1_480' title='bbox 3330 3038 3494 3077; x_wconf 84' lang='lat' dir='ltr'><strong>secus</strong></span> <span class='ocrx_word' id='word_1_481' title='bbox 3531 3037 3594 3077; x_wconf 88' lang='lat' dir='ltr'><strong>ac</strong></span> <span class='ocrx_word' id='word_1_482' title='bbox 3633 3022 3736 3075; x_wconf 81' lang='lat' dir='ltr'><strong>Fi—</strong></span> 
     </span>
    </p>
   </div>
   <div class='ocr_carea' id='block_1_62' title="bbox 2141 3113 3739 3185">
    <p class='ocr_par' dir='ltr' id='par_1_62' title="bbox 2141 3113 3739 3185">
     <span class='ocr_line' id='line_1_62' title="bbox 2141 3113 3739 3185; baseline -0.002 -15"><span class='ocrx_word' id='word_1_483' title='bbox 2141 3116 2273 3171; x_wconf 72' lang='lat' dir='ltr'><strong>lium</strong></span> <span class='ocrx_word' id='word_1_484' title='bbox 2310 3114 2525 3185; x_wconf 89' lang='lat' dir='ltr'><strong>defungi</strong></span> <span class='ocrx_word' id='word_1_485' title='bbox 2551 3116 2791 3185; x_wconf 91' lang='lat' dir='ltr'><strong>potuisse</strong></span> <span class='ocrx_word' id='word_1_486' title='bbox 2812 3116 3114 3171; x_wconf 90' lang='lat' dir='ltr'><strong>communis</strong></span> <span class='ocrx_word' id='word_1_487' title='bbox 3144 3126 3223 3169; x_wconf 86' lang='lat' dir='ltr'><strong>est</strong></span> <span class='ocrx_word' id='word_1_488' title='bbox 3259 3114 3314 3169; x_wconf 66' lang='lat' dir='ltr'><strong>Ea</strong></span> <span class='ocrx_word' id='word_1_489' title='bbox 3334 3114 3519 3169; x_wconf 69' lang='lat' dir='ltr'><strong>clesiaa</strong></span> <span class='ocrx_word' id='word_1_490' title='bbox 3541 3113 3739 3169; x_wconf 87' lang='lat' dir='ltr'><strong>catho-</strong></span> 
     </span>
    </p>
   </div>
   <div class='ocr_carea' id='block_1_63' title="bbox 2144 3202 3737 3275">
    <p class='ocr_par' dir='ltr' id='par_1_63' title="bbox 2144 3202 3737 3275">
     <span class='ocr_line' id='line_1_63' title="bbox 2144 3202 3737 3275; baseline -0.003 -14"><span class='ocrx_word' id='word_1_491' title='bbox 2144 3206 2263 3261; x_wconf 74' lang='lat' dir='ltr'><strong>lica:</strong></span> <span class='ocrx_word' id='word_1_492' title='bbox 2300 3205 2571 3271; x_wconf 89' lang='lat' dir='ltr'><strong>doctrina,</strong></span> <span class='ocrx_word' id='word_1_493' title='bbox 2601 3220 2834 3275; x_wconf 88' lang='lat' dir='ltr'><strong>eamque</strong></span> <span class='ocrx_word' id='word_1_494' title='bbox 2866 3213 3047 3260; x_wconf 92' lang='lat' dir='ltr'><strong>tuetur</strong></span> <span class='ocrx_word' id='word_1_495' title='bbox 3070 3202 3311 3258; x_wconf 86' lang='lat' dir='ltr'><strong>Thomas</strong></span> <span class='ocrx_word' id='word_1_496' title='bbox 3348 3213 3496 3273; x_wconf 90' lang='lat' dir='ltr'><strong>part.</strong></span> <span class='ocrx_word' id='word_1_497' title='bbox 3550 3217 3633 3267; x_wconf 91' lang='grc' dir='ltr'>ιιι,</span> <span class='ocrx_word' id='word_1_498' title='bbox 3674 3218 3737 3270; x_wconf 83' lang='grc' dir='ltr'>ιι.</span> 
     </span>
    </p>
   </div>
   <div class='ocr_carea' id='block_1_64' title="bbox 460 3270 2041 3386">
    <p class='ocr_par' dir='ltr' id='par_1_64' title="bbox 460 3270 2039 3386">
     <span class='ocr_line' id='line_1_64' title="bbox 461 3270 2039 3295; baseline 0.002 -18"><span class='ocrx_word' id='word_1_499' title='bbox 461 3270 635 3276; x_wconf 74' lang='lat'><strong>-.------</strong></span> <span class='ocrx_word' id='word_1_500' title='bbox 668 3270 831 3277; x_wconf 53' lang='grc' dir='ltr'><strong>ω---</strong></span> <span class='ocrx_word' id='word_1_501' title='bbox 872 3270 1055 3278; x_wconf 77' lang='lat'><strong>__--_-</strong></span> <span class='ocrx_word' id='word_1_502' title='bbox 1091 3270 1192 3278; x_wconf 84' lang='grc'><strong>-..-</strong></span> <span class='ocrx_word' id='word_1_503' title='bbox 1273 3270 1287 3291; x_wconf 88' lang='grc'><strong>,</strong></span> <span class='ocrx_word' id='word_1_504' title='bbox 1324 3270 1367 3278; x_wconf 81' lang='grc'><strong>,-</strong></span> <span class='ocrx_word' id='word_1_505' title='bbox 1392 3270 1480 3294; x_wconf 79' lang='grc'><strong>,--.</strong></span> <span class='ocrx_word' id='word_1_506' title='bbox 1520 3270 1653 3279; x_wconf 55' lang='grc' dir='ltr'><strong>πη-</strong></span> <span class='ocrx_word' id='word_1_507' title='bbox 1680 3270 1872 3295; x_wconf 61' lang='grc' dir='ltr'><strong>τη--.</strong></span> <span class='ocrx_word' id='word_1_508' title='bbox 1907 3270 2039 3280; x_wconf 73' lang='grc'><strong>..-.--</strong></span> 
     </span>
     <span class='ocr_line' id='line_1_65' title="bbox 460 3315 2039 3386; baseline 0.004 -21"><span class='ocrx_word' id='word_1_509' title='bbox 460 3325 646 3383; x_wconf 75' lang='lat' dir='ltr'><strong>pastor</strong></span> <span class='ocrx_word' id='word_1_510' title='bbox 672 3315 740 3379; x_wconf 84' lang='grc'>⁸³,</span> <span class='ocrx_word' id='word_1_511' title='bbox 772 3316 972 3369; x_wconf 88' lang='lat' dir='ltr'><strong>docens</strong></span> <span class='ocrx_word' id='word_1_512' title='bbox 1010 3316 1062 3369; x_wconf 92' lang='lat' dir='ltr'><strong>in</strong></span> <span class='ocrx_word' id='word_1_513' title='bbox 1100 3330 1391 3371; x_wconf 89' lang='lat' dir='ltr'><strong>commune</strong></span> <span class='ocrx_word' id='word_1_514' title='bbox 1444 3316 1701 3386; x_wconf 88' lang='lat' dir='ltr'><strong>populum</strong></span> <span class='ocrx_word' id='word_1_515' title='bbox 1735 3332 1890 3371; x_wconf 90' lang='lat' dir='ltr'><strong>suum</strong></span> <span class='ocrx_word' id='word_1_516' title='bbox 1924 3332 2039 3371; x_wconf 87' lang='lat' dir='ltr'><strong>ma-</strong></span> 
     </span>
    </p>
   </div>
   <div class='ocr_carea' id='block_1_65' title="bbox 2152 3270 3736 3386">
    <p class='ocr_par' dir='ltr' id='par_1_65' title="bbox 2152 3270 3736 3365">
     <span class='ocr_line' id='line_1_66' title="bbox 2152 3270 3736 3365; baseline -0.003 -12"><span class='ocrx_word' id='word_1_517' title='bbox 2152 3298 2206 3363; x_wconf 81' lang='grc'>5,</span> <span class='ocrx_word' id='word_1_518' title='bbox 2234 3314 2287 3353; x_wconf 91' lang='lat' dir='ltr'><strong>a.</strong></span> <span class='ocrx_word' id='word_1_519' title='bbox 2318 3297 2371 3352; x_wconf 79' lang='grc'><strong>5.</strong></span> <span class='ocrx_word' id='word_1_520' title='bbox 2410 3270 2578 3352; x_wconf 85' lang='lat' dir='ltr'><strong>Favet</strong></span> <span class='ocrx_word' id='word_1_521' title='bbox 2610 3270 2964 3351; x_wconf 79' lang='lat' dir='ltr'><strong>nihilominus</strong></span> <span class='ocrx_word' id='word_1_522' title='bbox 2992 3295 3209 3365; x_wconf 79' lang='lat' dir='ltr'><strong>Origeni</strong></span> <span class='ocrx_word' id='word_1_523' title='bbox 3253 3270 3566 3359; x_wconf 81' lang='lat' dir='ltr'><strong>Anselmus,</strong></span> <span class='ocrx_word' id='word_1_524' title='bbox 3594 3295 3687 3364; x_wconf 92' lang='lat' dir='ltr'><strong>qni</strong></span> <span class='ocrx_word' id='word_1_525' title='bbox 3720 3337 3736 3359; x_wconf 94' lang='lat'><strong>,</strong></span> 
     </span>
    </p>
   </div>
   <div class='ocr_carea' id='block_1_66' title="bbox 457 3407 2034 3477">
    <p class='ocr_par' dir='ltr' id='par_1_66' title="bbox 457 3407 2034 3477">
     <span class='ocr_line' id='line_1_67' title="bbox 457 3407 2034 3477; baseline 0.001 -17"><span class='ocrx_word' id='word_1_526' title='bbox 457 3408 651 3477; x_wconf 85' lang='lat' dir='ltr'><strong>gnitica</strong></span> <span class='ocrx_word' id='word_1_527' title='bbox 661 3422 716 3462; x_wconf 93' lang='lat' dir='ltr'><strong>re</strong></span> <span class='ocrx_word' id='word_1_528' title='bbox 730 3408 1155 3477; x_wconf 87' lang='lat' dir='ltr'><strong>omnipotentem</strong></span> <span class='ocrx_word' id='word_1_529' title='bbox 1173 3407 1456 3463; x_wconf 90' lang='lat' dir='ltr'><strong>Dominum</strong></span> <span class='ocrx_word' id='word_1_530' title='bbox 1478 3423 1602 3462; x_wconf 91' lang='lat' dir='ltr'><strong>cum</strong></span> <span class='ocrx_word' id='word_1_531' title='bbox 1620 3408 1838 3463; x_wconf 87' lang='lat' dir='ltr'><strong>Christo</strong></span> <span class='ocrx_word' id='word_1_532' title='bbox 1852 3408 2002 3475; x_wconf 78' lang='lat' dir='ltr'><strong>Jesn;</strong></span> <span class='ocrx_word' id='word_1_533' title='bbox 2017 3428 2034 3461; x_wconf 76' lang='grc' dir='ltr'><strong>ι</strong></span> 
     </span>
    </p>
   </div>
   <div class='ocr_carea' id='block_1_67' title="bbox 458 3497 2038 3565">
    <p class='ocr_par' dir='ltr' id='par_1_67' title="bbox 458 3497 2038 3565">
     <span class='ocr_line' id='line_1_68' title="bbox 458 3497 2038 3565; baseline 0.003 -14"><span class='ocrx_word' id='word_1_534' title='bbox 458 3505 512 3551; x_wconf 86' lang='lat' dir='ltr'><strong>et</strong></span> <span class='ocrx_word' id='word_1_535' title='bbox 538 3500 623 3552; x_wconf 91' lang='lat' dir='ltr'><strong>ille</strong></span> <span class='ocrx_word' id='word_1_536' title='bbox 650 3512 717 3552; x_wconf 81' lang='lat' dir='ltr'><strong>ex</strong></span> <span class='ocrx_word' id='word_1_537' title='bbox 762 3498 949 3553; x_wconf 88' lang='lat' dir='ltr'><strong>homil.</strong></span> <span class='ocrx_word' id='word_1_538' title='bbox 991 3500 1058 3553; x_wconf 74' lang='grc'><strong>12</strong></span> <span class='ocrx_word' id='word_1_539' title='bbox 1094 3500 1149 3551; x_wconf 85' lang='lat' dir='ltr'><strong>in</strong></span> <span class='ocrx_word' id='word_1_540' title='bbox 1192 3497 1412 3565; x_wconf 74' lang='lat' dir='ltr'><strong>Ezech.,</strong></span> <span class='ocrx_word' id='word_1_541' title='bbox 1450 3516 1597 3553; x_wconf 90' lang='lat' dir='ltr'><strong>num.</strong></span> <span class='ocrx_word' id='word_1_542' title='bbox 1627 3499 1661 3553; x_wconf 89' lang='lat'><strong>5</strong></span> <span class='ocrx_word' id='word_1_543' title='bbox 1695 3518 1708 3554; x_wconf 89' lang='lat'><strong>:</strong></span> <span class='ocrx_word' id='word_1_544' title='bbox 1752 3518 1770 3551; x_wconf 83' lang='grc' dir='ltr'><strong>ι</strong></span> <span class='ocrx_word' id='word_1_545' title='bbox 1803 3499 1871 3554; x_wconf 93' lang='lat' dir='ltr'><strong>Ut</strong></span> <span class='ocrx_word' id='word_1_546' title='bbox 1896 3517 2038 3555; x_wconf 90' lang='lat' dir='ltr'><strong>nun-</strong></span> 
     </span>
    </p>
   </div>
   <div class='ocr_carea' id='block_1_68' title="bbox 458 3593 2038 3663">
    <p class='ocr_par' dir='ltr' id='par_1_68' title="bbox 458 3593 2038 3663">
     <span class='ocr_line' id='line_1_69' title="bbox 458 3593 2038 3663; baseline 0.006 -22"><span class='ocrx_word' id='word_1_547' title='bbox 458 3606 622 3659; x_wconf 89' lang='lat' dir='ltr'><strong>quam</strong></span> <span class='ocrx_word' id='word_1_548' title='bbox 663 3594 731 3645; x_wconf 89' lang='lat' dir='ltr'><strong>ad</strong></span> <span class='ocrx_word' id='word_1_549' title='bbox 784 3593 994 3645; x_wconf 84' lang='lat' dir='ltr'><strong>radices</strong></span> <span class='ocrx_word' id='word_1_550' title='bbox 1052 3601 1266 3646; x_wconf 78' lang='lat' dir='ltr'><strong>nostras</strong></span> <span class='ocrx_word' id='word_1_551' title='bbox 1299 3602 1535 3661; x_wconf 89' lang='lat' dir='ltr'><strong>ponatur</strong></span> <span class='ocrx_word' id='word_1_552' title='bbox 1579 3594 1805 3657; x_wconf 88' lang='lat' dir='ltr'><strong>securis,</strong></span> <span class='ocrx_word' id='word_1_553' title='bbox 1835 3608 1954 3663; x_wconf 68' lang='lat' dir='ltr'><strong>qua:</strong></span> <span class='ocrx_word' id='word_1_554' title='bbox 1986 3597 2038 3651; x_wconf 90' lang='lat' dir='ltr'><strong>in</strong></span> 
     </span>
    </p>
   </div>
   <div class='ocr_carea' id='block_1_69' title="bbox 460 3681 2038 3752">
    <p class='ocr_par' dir='ltr' id='par_1_69' title="bbox 460 3681 2038 3752">
     <span class='ocr_line' id='line_1_70' title="bbox 460 3681 2038 3752; baseline 0.004 -18"><span class='ocrx_word' id='word_1_555' title='bbox 460 3681 753 3752; x_wconf 82' lang='lat' dir='ltr'><strong>Evangelio</strong></span> <span class='ocrx_word' id='word_1_556' title='bbox 805 3684 1156 3752; x_wconf 63' lang='lat' dir='ltr'><strong>praedicatur,</strong></span> <span class='ocrx_word' id='word_1_557' title='bbox 1213 3684 1476 3739; x_wconf 88' lang='lat' dir='ltr'><strong>attentius</strong></span> <span class='ocrx_word' id='word_1_558' title='bbox 1526 3682 1711 3740; x_wconf 82' lang='lat' dir='ltr'><strong>Jesnm</strong></span> <span class='ocrx_word' id='word_1_559' title='bbox 1760 3685 2038 3741; x_wconf 88' lang='lat' dir='ltr'><strong>Christum</strong></span> 
     </span>
    </p>
   </div>
   <div class='ocr_carea' id='block_1_70' title="bbox 462 3773 2041 3845">
    <p class='ocr_par' dir='ltr' id='par_1_70' title="bbox 462 3773 2041 3845">
     <span class='ocr_line' id='line_1_71' title="bbox 462 3773 2041 3845; baseline 0.004 -18"><span class='ocrx_word' id='word_1_560' title='bbox 462 3774 751 3827; x_wconf 88' lang='lat' dir='ltr'><strong>Dominum</strong></span> <span class='ocrx_word' id='word_1_561' title='bbox 783 3784 1027 3827; x_wconf 88' lang='lat' dir='ltr'><strong>nostrmn</strong></span> <span class='ocrx_word' id='word_1_562' title='bbox 1078 3790 1200 3827; x_wconf 90' lang='lat' dir='ltr'><strong>cum</strong></span> <span class='ocrx_word' id='word_1_563' title='bbox 1248 3773 1407 3829; x_wconf 83' lang='lat' dir='ltr'><strong>Patre</strong></span> <span class='ocrx_word' id='word_1_564' title='bbox 1441 3790 1538 3830; x_wconf 90' lang='lat' dir='ltr'><strong>suo</strong></span> <span class='ocrx_word' id='word_1_565' title='bbox 1578 3790 1898 3845; x_wconf 82' lang='lat' dir='ltr'><strong>precemur;</strong></span> <span class='ocrx_word' id='word_1_566' title='bbox 1934 3797 1953 3829; x_wconf 86' lang='grc'><strong>›</strong></span> <span class='ocrx_word' id='word_1_567' title='bbox 1984 3789 2041 3833; x_wconf 90' lang='lat' dir='ltr'><strong>et</strong></span> 
     </span>
    </p>
   </div>
   <div class='ocr_carea' id='block_1_71' title="bbox 461 3861 2039 3939">
    <p class='ocr_par' dir='ltr' id='par_1_71' title="bbox 461 3861 2039 3939">
     <span class='ocr_line' id='line_1_72' title="bbox 461 3861 2039 3939; baseline 0.005 -23"><span class='ocrx_word' id='word_1_568' title='bbox 461 3861 549 3916; x_wconf 94' lang='lat' dir='ltr'><strong>hic</strong></span> <span class='ocrx_word' id='word_1_569' title='bbox 571 3877 635 3917; x_wconf 78' lang='lat' dir='ltr'><strong>ex</strong></span> <span class='ocrx_word' id='word_1_570' title='bbox 666 3861 851 3917; x_wconf 89' lang='lat' dir='ltr'><strong>homil.</strong></span> <span class='ocrx_word' id='word_1_571' title='bbox 888 3863 956 3917; x_wconf 86' lang='grc'><strong>15</strong></span> <span class='ocrx_word' id='word_1_572' title='bbox 989 3864 1041 3916; x_wconf 85' lang='lat' dir='ltr'><strong>in</strong></span> <span class='ocrx_word' id='word_1_573' title='bbox 1068 3863 1193 3916; x_wconf 90' lang='lat' dir='ltr'><strong>Luc.</strong></span> <span class='ocrx_word' id='word_1_574' title='bbox 1224 3879 1289 3939; x_wconf 62' lang='grc' dir='ltr'>τι</span> <span class='ocrx_word' id='word_1_575' title='bbox 1320 3863 1393 3920; x_wconf 89' lang='lat' dir='ltr'><strong>Ut</strong></span> <span class='ocrx_word' id='word_1_576' title='bbox 1428 3864 1594 3933; x_wconf 84' lang='lat' dir='ltr'><strong>igitur</strong></span> <span class='ocrx_word' id='word_1_577' title='bbox 1626 3874 1679 3918; x_wconf 90' lang='lat' dir='ltr'><strong>et</strong></span> <span class='ocrx_word' id='word_1_578' title='bbox 1704 3880 1802 3920; x_wconf 91' lang='lat' dir='ltr'><strong>nos</strong></span> <span class='ocrx_word' id='word_1_579' title='bbox 1832 3876 2039 3924; x_wconf 89' lang='lat' dir='ltr'><strong>stantes</strong></span> 
     </span>
    </p>
   </div>
   <div class='ocr_carea' id='block_1_72' title="bbox 462 3956 2038 4029">
    <p class='ocr_par' dir='ltr' id='par_1_72' title="bbox 462 3956 2038 4029">
     <span class='ocr_line' id='line_1_73' title="bbox 462 3956 2038 4029; baseline 0.004 -20"><span class='ocrx_word' id='word_1_580' title='bbox 462 3956 516 4009; x_wconf 92' lang='lat' dir='ltr'><strong>in</strong></span> <span class='ocrx_word' id='word_1_581' title='bbox 547 3957 771 4024; x_wconf 90' lang='lat' dir='ltr'><strong>templo,</strong></span> <span class='ocrx_word' id='word_1_582' title='bbox 800 3967 854 4011; x_wconf 92' lang='lat' dir='ltr'><strong>et</strong></span> <span class='ocrx_word' id='word_1_583' title='bbox 898 3967 1141 4011; x_wconf 90' lang='lat' dir='ltr'><strong>tenentes</strong></span> <span class='ocrx_word' id='word_1_584' title='bbox 1168 3957 1259 4011; x_wconf 92' lang='lat' dir='ltr'><strong>Dei</strong></span> <span class='ocrx_word' id='word_1_585' title='bbox 1289 3956 1510 4023; x_wconf 86' lang='lat' dir='ltr'><strong>Filium,</strong></span> <span class='ocrx_word' id='word_1_586' title='bbox 1557 3956 2038 4029; x_wconf 79' lang='lat' dir='ltr'><strong>amplexantesqne</strong></span> 
     </span>
    </p>
   </div>
   <div class='ocr_carea' id='block_1_73' title="bbox 462 4047 2026 4119">
    <p class='ocr_par' dir='ltr' id='par_1_73' title="bbox 462 4047 2026 4119">
     <span class='ocr_line' id='line_1_74' title="bbox 462 4047 2026 4119; baseline 0.003 -18"><span class='ocrx_word' id='word_1_587' title='bbox 462 4063 607 4114; x_wconf 90' lang='lat' dir='ltr'><strong>eum,</strong></span> <span class='ocrx_word' id='word_1_588' title='bbox 640 4048 787 4119; x_wconf 85' lang='lat' dir='ltr'><strong>digni</strong></span> <span class='ocrx_word' id='word_1_589' title='bbox 816 4048 1135 4103; x_wconf 70' lang='lat' dir='ltr'><strong>remissione</strong></span> <span class='ocrx_word' id='word_1_590' title='bbox 1163 4057 1217 4101; x_wconf 88' lang='lat' dir='ltr'><strong>et</strong></span> <span class='ocrx_word' id='word_1_591' title='bbox 1237 4047 1576 4118; x_wconf 82' lang='lat' dir='ltr'><strong>profectione</strong></span> <span class='ocrx_word' id='word_1_592' title='bbox 1602 4049 1669 4102; x_wconf 89' lang='lat' dir='ltr'><strong>ad</strong></span> <span class='ocrx_word' id='word_1_593' title='bbox 1706 4049 1930 4104; x_wconf 88' lang='lat' dir='ltr'><strong>meliora</strong></span> <span class='ocrx_word' id='word_1_594' title='bbox 1962 4052 2026 4105; x_wconf 88' lang='lat' dir='ltr'><strong>si-</strong></span> 
     </span>
    </p>
   </div>
   <div class='ocr_carea' id='block_1_74' title="bbox 464 4140 2037 4213">
    <p class='ocr_par' dir='ltr' id='par_1_74' title="bbox 464 4140 2037 4213">
     <span class='ocr_line' id='line_1_75' title="bbox 464 4140 2037 4213; baseline 0.002 -19"><span class='ocrx_word' id='word_1_595' title='bbox 464 4156 604 4207; x_wconf 87' lang='lat' dir='ltr'><strong>mus,</strong></span> <span class='ocrx_word' id='word_1_596' title='bbox 636 4143 1291 4210; x_wconf 88' lang='lat' dir='ltr'><strong>oremusomnipotentem</strong></span> <span class='ocrx_word' id='word_1_597' title='bbox 1322 4140 1515 4208; x_wconf 90' lang='lat' dir='ltr'><strong>Deum,</strong></span> <span class='ocrx_word' id='word_1_598' title='bbox 1534 4158 1753 4197; x_wconf 89' lang='lat' dir='ltr'><strong>oremus</strong></span> <span class='ocrx_word' id='word_1_599' title='bbox 1780 4152 1833 4197; x_wconf 89' lang='lat' dir='ltr'><strong>et</strong></span> <span class='ocrx_word' id='word_1_600' title='bbox 1862 4145 2037 4213; x_wconf 89' lang='lat' dir='ltr'><strong>ipsum</strong></span> 
     </span>
    </p>
   </div>
   <div class='ocr_carea' id='block_1_75' title="bbox 465 4232 2041 4304">
    <p class='ocr_par' dir='ltr' id='par_1_75' title="bbox 465 4232 2041 4304">
     <span class='ocr_line' id='line_1_76' title="bbox 465 4232 2041 4304; baseline 0.003 -19"><span class='ocrx_word' id='word_1_601' title='bbox 465 4235 744 4302; x_wconf 81' lang='lat' dir='ltr'><strong>parvulum</strong></span> <span class='ocrx_word' id='word_1_602' title='bbox 773 4232 979 4294; x_wconf 81' lang='lat' dir='ltr'><strong>Jesnm,</strong></span> <span class='ocrx_word' id='word_1_603' title='bbox 1013 4249 1175 4303; x_wconf 89' lang='lat' dir='ltr'><strong>quem</strong></span> <span class='ocrx_word' id='word_1_604' title='bbox 1216 4234 1416 4304; x_wconf 90' lang='lat' dir='ltr'><strong>alloqui</strong></span> <span class='ocrx_word' id='word_1_605' title='bbox 1452 4244 1507 4288; x_wconf 90' lang='lat' dir='ltr'><strong>et</strong></span> <span class='ocrx_word' id='word_1_606' title='bbox 1548 4245 1732 4289; x_wconf 87' lang='lat' dir='ltr'><strong>tenere</strong></span> <span class='ocrx_word' id='word_1_607' title='bbox 1765 4236 2041 4291; x_wconf 66' lang='lat' dir='ltr'><strong>desidera—</strong></span> 
     </span>
    </p>
   </div>
   <div class='ocr_carea' id='block_1_76' title="bbox 466 4325 2044 4392">
    <p class='ocr_par' dir='ltr' id='par_1_76' title="bbox 466 4325 2044 4392">
     <span class='ocr_line' id='line_1_77' title="bbox 466 4325 2044 4392; baseline 0.002 -14"><span class='ocrx_word' id='word_1_608' title='bbox 466 4341 585 4379; x_wconf 89' lang='lat' dir='ltr'><strong>mus</strong></span> <span class='ocrx_word' id='word_1_609' title='bbox 608 4326 659 4379; x_wconf 90' lang='lat' dir='ltr'><strong>in</strong></span> <span class='ocrx_word' id='word_1_610' title='bbox 691 4325 962 4392; x_wconf 83' lang='lat' dir='ltr'><strong>brachiis;</strong></span> <span class='ocrx_word' id='word_1_611' title='bbox 996 4344 1014 4377; x_wconf 75' lang='grc' dir='ltr'><strong>ο</strong></span> <span class='ocrx_word' id='word_1_612' title='bbox 1042 4336 1096 4379; x_wconf 89' lang='lat' dir='ltr'><strong>et</strong></span> <span class='ocrx_word' id='word_1_613' title='bbox 1119 4326 1257 4380; x_wconf 87' lang='lat' dir='ltr'><strong>alter</strong></span> <span class='ocrx_word' id='word_1_614' title='bbox 1286 4326 1386 4379; x_wconf 90' lang='lat' dir='ltr'><strong>iste</strong></span> <span class='ocrx_word' id='word_1_615' title='bbox 1418 4326 1688 4381; x_wconf 79' lang='lat' dir='ltr'><strong>exhomil.</strong></span> <span class='ocrx_word' id='word_1_616' title='bbox 1711 4326 1777 4380; x_wconf 86' lang='grc'><strong>18</strong></span> <span class='ocrx_word' id='word_1_617' title='bbox 1809 4326 1861 4380; x_wconf 93' lang='lat' dir='ltr'><strong>in</strong></span> <span class='ocrx_word' id='word_1_618' title='bbox 1894 4342 2044 4381; x_wconf 86' lang='lat' dir='ltr'><strong>eum-</strong></span> 
     </span>
    </p>
   </div>
   <div class='ocr_carea' id='block_1_77' title="bbox 543 4439 1642 4508">
    <p class='ocr_par' dir='ltr' id='par_1_77' title="bbox 543 4439 1642 4508">
     <span class='ocr_line' id='line_1_78' title="bbox 543 4439 1642 4508; baseline -0.001 -13"><span class='ocrx_word' id='word_1_619' title='bbox 543 4441 589 4481; x_wconf 73' lang='grc' dir='ltr'><strong>⁸ι</strong></span> <span class='ocrx_word' id='word_1_620' title='bbox 614 4441 769 4497; x_wconf 79' lang='lat' dir='ltr'><strong>Rom.</strong></span> <span class='ocrx_word' id='word_1_621' title='bbox 801 4458 879 4508; x_wconf 74' lang='grc' dir='ltr'>χι,</span> <span class='ocrx_word' id='word_1_622' title='bbox 910 4441 1001 4505; x_wconf 73' lang='grc'><strong>25,</strong></span> <span class='ocrx_word' id='word_1_623' title='bbox 1039 4440 1128 4497; x_wconf 75' lang='grc'><strong>96.</strong></span> <span class='ocrx_word' id='word_1_624' title='bbox 1208 4440 1256 4472; x_wconf 86' lang='grc'><strong>⁵³</strong></span> <span class='ocrx_word' id='word_1_625' title='bbox 1283 4439 1439 4495; x_wconf 84' lang='lat' dir='ltr'><strong>Joan.</strong></span> <span class='ocrx_word' id='word_1_626' title='bbox 1469 4457 1522 4506; x_wconf 72' lang='grc' dir='ltr'>ι,</span> <span class='ocrx_word' id='word_1_627' title='bbox 1553 4440 1642 4494; x_wconf 86' lang='grc'><strong>16.</strong></span> 
     </span>
    </p>
   </div>
   <div class='ocr_carea' id='block_1_78' title="bbox 2150 3388 3737 3460">
    <p class='ocr_par' dir='ltr' id='par_1_78' title="bbox 2150 3388 3737 3460">
     <span class='ocr_line' id='line_1_79' title="bbox 2150 3388 3737 3460; baseline -0.004 -14"><span class='ocrx_word' id='word_1_628' title='bbox 2150 3392 2255 3447; x_wconf 87' lang='lat' dir='ltr'><strong>alio</strong></span> <span class='ocrx_word' id='word_1_629' title='bbox 2314 3390 2547 3447; x_wconf 88' lang='lat' dir='ltr'><strong>fortasse</strong></span> <span class='ocrx_word' id='word_1_630' title='bbox 2594 3406 2889 3460; x_wconf 83' lang='lat' dir='ltr'><strong>persuasus</strong></span> <span class='ocrx_word' id='word_1_631' title='bbox 2922 3398 3240 3460; x_wconf 84' lang='lat' dir='ltr'><strong>argumento</strong></span> <span class='ocrx_word' id='word_1_632' title='bbox 3301 3404 3408 3442; x_wconf 88' lang='lat' dir='ltr'><strong>non</strong></span> <span class='ocrx_word' id='word_1_633' title='bbox 3441 3388 3603 3441; x_wconf 81' lang='lat' dir='ltr'><strong>aliam</strong></span> <span class='ocrx_word' id='word_1_634' title='bbox 3635 3403 3737 3455; x_wconf 80' lang='lat' dir='ltr'><strong>pu-</strong></span> 
     </span>
    </p>
   </div>
   <div class='ocr_carea' id='block_1_79' title="bbox 2150 3480 3738 3551">
    <p class='ocr_par' dir='ltr' id='par_1_79' title="bbox 2150 3480 3738 3551">
     <span class='ocr_line' id='line_1_80' title="bbox 2150 3480 3738 3551; baseline -0.004 -15"><span class='ocrx_word' id='word_1_635' title='bbox 2150 3483 2319 3538; x_wconf 82' lang='lat' dir='ltr'><strong>tuisse</strong></span> <span class='ocrx_word' id='word_1_636' title='bbox 2358 3482 2510 3538; x_wconf 90' lang='lat' dir='ltr'><strong>carni</strong></span> <span class='ocrx_word' id='word_1_637' title='bbox 2547 3497 2658 3536; x_wconf 62' lang='lat' dir='ltr'><strong>sua:</strong></span> <span class='ocrx_word' id='word_1_638' title='bbox 2702 3482 2951 3536; x_wconf 63' lang='lat' dir='ltr'><strong>humanae</strong></span> <span class='ocrx_word' id='word_1_639' title='bbox 2983 3480 3179 3551; x_wconf 90' lang='lat' dir='ltr'><strong>illigari</strong></span> <span class='ocrx_word' id='word_1_640' title='bbox 3246 3494 3538 3548; x_wconf 91' lang='lat' dir='ltr'><strong>personam</strong></span> <span class='ocrx_word' id='word_1_641' title='bbox 3570 3495 3738 3548; x_wconf 80' lang='lat' dir='ltr'><strong>quant</strong></span> 
     </span>
    </p>
   </div>
   <div class='ocr_carea' id='block_1_80' title="bbox 2149 3568 3740 3642">
    <p class='ocr_par' dir='ltr' id='par_1_80' title="bbox 2149 3568 3740 3642">
     <span class='ocr_line' id='line_1_81' title="bbox 2149 3568 3740 3642; baseline -0.004 -15"><span class='ocrx_word' id='word_1_642' title='bbox 2149 3573 2343 3628; x_wconf 77' lang='lat' dir='ltr'><strong>Filium</strong></span> <span class='ocrx_word' id='word_1_643' title='bbox 2374 3574 2512 3628; x_wconf 82' lang='lat' dir='ltr'><strong>dixit</strong></span> <span class='ocrx_word' id='word_1_644' title='bbox 2534 3574 2585 3628; x_wconf 92' lang='lat' dir='ltr'><strong>in</strong></span> <span class='ocrx_word' id='word_1_645' title='bbox 2611 3589 2678 3629; x_wconf 89' lang='lat' dir='ltr'><strong>eo</strong></span> <span class='ocrx_word' id='word_1_646' title='bbox 2707 3587 2892 3642; x_wconf 90' lang='lat' dir='ltr'><strong>opere,</strong></span> <span class='ocrx_word' id='word_1_647' title='bbox 2914 3572 3001 3627; x_wconf 91' lang='lat' dir='ltr'><strong>cui</strong></span> <span class='ocrx_word' id='word_1_648' title='bbox 3025 3571 3238 3626; x_wconf 89' lang='lat' dir='ltr'><strong>titulum</strong></span> <span class='ocrx_word' id='word_1_649' title='bbox 3275 3570 3427 3634; x_wconf 87' lang='lat' dir='ltr'><strong>fecit,</strong></span> <span class='ocrx_word' id='word_1_650' title='bbox 3450 3569 3563 3624; x_wconf 87' lang='lat' dir='ltr'><strong>Cur</strong></span> <span class='ocrx_word' id='word_1_651' title='bbox 3596 3568 3740 3622; x_wconf 77' lang='lat' dir='ltr'><strong>Deus</strong></span> 
     </span>
    </p>
   </div>
   <div class='ocr_carea' id='block_1_81' title="bbox 2148 3660 3735 3732">
    <p class='ocr_par' dir='ltr' id='par_1_81' title="bbox 2148 3660 3735 3732">
     <span class='ocr_line' id='line_1_82' title="bbox 2148 3660 3735 3732; baseline -0.004 -17"><span class='ocrx_word' id='word_1_652' title='bbox 2148 3665 2321 3717; x_wconf 86' lang='lat' dir='ltr'><strong>homo.</strong></span> <span class='ocrx_word' id='word_1_653' title='bbox 2362 3682 2381 3716; x_wconf 84' lang='lat' dir='ltr'><strong>t</strong></span> <span class='ocrx_word' id='word_1_654' title='bbox 2420 3662 2686 3729; x_wconf 89' lang='lat' dir='ltr'><strong>Quoniam</strong></span> <span class='ocrx_word' id='word_1_655' title='bbox 2726 3678 2877 3732; x_wconf 81' lang='lat' dir='ltr'><strong>ergo,</strong></span> <span class='ocrx_word' id='word_1_656' title='bbox 2928 3660 3125 3732; x_wconf 91' lang='lat' dir='ltr'><strong>inquit,</strong></span> <span class='ocrx_word' id='word_1_657' title='bbox 3179 3660 3461 3729; x_wconf 86' lang='lat' dir='ltr'><strong>quodlibet</strong></span> <span class='ocrx_word' id='word_1_658' title='bbox 3506 3675 3735 3728; x_wconf 86' lang='lat' dir='ltr'><strong>parvum</strong></span> 
     </span>
    </p>
   </div>
   <div class='ocr_carea' id='block_1_82' title="bbox 2146 3750 3733 3821">
    <p class='ocr_par' dir='ltr' id='par_1_82' title="bbox 2146 3750 3733 3821">
     <span class='ocr_line' id='line_1_83' title="bbox 2146 3750 3733 3821; baseline -0.003 -13"><span class='ocrx_word' id='word_1_659' title='bbox 2146 3753 2536 3809; x_wconf 87' lang='lat' dir='ltr'><strong>inconveniens</strong></span> <span class='ocrx_word' id='word_1_660' title='bbox 2570 3754 2622 3807; x_wconf 91' lang='lat' dir='ltr'><strong>in</strong></span> <span class='ocrx_word' id='word_1_661' title='bbox 2665 3753 2774 3808; x_wconf 88' lang='lat' dir='ltr'><strong>Deo</strong></span> <span class='ocrx_word' id='word_1_662' title='bbox 2794 3762 2878 3808; x_wconf 87' lang='lat' dir='ltr'><strong>est</strong></span> <span class='ocrx_word' id='word_1_663' title='bbox 2904 3750 3261 3821; x_wconf 89' lang='lat' dir='ltr'><strong>impossibile,</strong></span> <span class='ocrx_word' id='word_1_664' title='bbox 3286 3767 3391 3805; x_wconf 92' lang='lat' dir='ltr'><strong>non</strong></span> <span class='ocrx_word' id='word_1_665' title='bbox 3417 3751 3600 3806; x_wconf 88' lang='lat' dir='ltr'><strong>debuit</strong></span> <span class='ocrx_word' id='word_1_666' title='bbox 3622 3751 3733 3804; x_wconf 85' lang='lat' dir='ltr'><strong>alia</strong></span> 
     </span>
    </p>
   </div>
   <div class='ocr_carea' id='block_1_83' title="bbox 2145 3843 3192 3915">
    <p class='ocr_par' dir='ltr' id='par_1_83' title="bbox 2145 3843 3192 3915">
     <span class='ocr_line' id='line_1_84' title="bbox 2145 3843 3192 3915; baseline -0.006 -15"><span class='ocrx_word' id='word_1_667' title='bbox 2145 3860 2377 3915; x_wconf 86' lang='lat' dir='ltr'><strong>persona</strong></span> <span class='ocrx_word' id='word_1_668' title='bbox 2412 3845 2711 3909; x_wconf 87' lang='lat' dir='ltr'><strong>incarnari,</strong></span> <span class='ocrx_word' id='word_1_669' title='bbox 2748 3860 2912 3914; x_wconf 85' lang='lat' dir='ltr'><strong>quam</strong></span> <span class='ocrx_word' id='word_1_670' title='bbox 2949 3843 3142 3897; x_wconf 84' lang='lat' dir='ltr'><strong>Filius.</strong></span> <span class='ocrx_word' id='word_1_671' title='bbox 3174 3862 3192 3894; x_wconf 74' lang='grc' dir='ltr'><strong>ι</strong></span> 
     </span>
    </p>
   </div>
   <div class='ocr_carea' id='block_1_84' title="bbox 2708 3934 3160 4003">
    <p class='ocr_par' dir='ltr' id='par_1_84' title="bbox 2708 3934 3160 4003">
     <span class='ocr_line' id='line_1_85' title="bbox 2708 3934 3160 4003; baseline -0.007 -12"><span class='ocrx_word' id='word_1_672' title='bbox 2708 3935 3035 4003; x_wconf 71' lang='lat' dir='ltr'><strong>QU/ESTIO</strong></span> <span class='ocrx_word' id='word_1_673' title='bbox 3074 3934 3160 3988; x_wconf 83' lang='grc' dir='ltr'>ιιι.</span> 
     </span>
    </p>
   </div>
   <div class='ocr_carea' id='block_1_85' title="bbox 2178 4040 3706 4091">
    <p class='ocr_par' dir='ltr' id='par_1_85' title="bbox 2178 4040 3706 4091">
     <span class='ocr_line' id='line_1_86' title="bbox 2178 4040 3706 4091; baseline 0.001 -12"><span class='ocrx_word' id='word_1_674' title='bbox 2178 4040 2244 4080; x_wconf 84' lang='lat' dir='ltr'><strong>DE</strong></span> <span class='ocrx_word' id='word_1_675' title='bbox 2276 4041 2524 4091; x_wconf 77' lang='lat' dir='ltr'><strong>cuntsro,</strong></span> <span class='ocrx_word' id='word_1_676' title='bbox 2558 4042 2787 4091; x_wconf 71' lang='lat' dir='ltr'><strong>uosque</strong></span> <span class='ocrx_word' id='word_1_677' title='bbox 2833 4042 3226 4081; x_wconf 73' lang='lat' dir='ltr'><strong>INCARNATlONE</strong></span> <span class='ocrx_word' id='word_1_678' title='bbox 3248 4068 3260 4089; x_wconf 90' lang='lat'><strong>,</strong></span> <span class='ocrx_word' id='word_1_679' title='bbox 3288 4043 3358 4080; x_wconf 73' lang='grc' dir='ltr'><strong>ετ</strong></span> <span class='ocrx_word' id='word_1_680' title='bbox 3390 4040 3706 4082; x_wconf 65' lang='lat' dir='ltr'><strong>mcoxoma.</strong></span> 
     </span>
    </p>
   </div>
   <div class='ocr_carea' id='block_1_86' title="bbox 2148 4120 3738 4189">
    <p class='ocr_par' dir='ltr' id='par_1_86' title="bbox 2148 4120 3738 4189">
     <span class='ocr_line' id='line_1_87' title="bbox 2148 4120 3738 4189; baseline -0.003 -14"><span class='ocrx_word' id='word_1_681' title='bbox 2148 4120 2187 4175; x_wconf 89' lang='grc'><strong>1.</strong></span> <span class='ocrx_word' id='word_1_682' title='bbox 2229 4120 2474 4175; x_wconf 79' lang='lat' dir='ltr'><strong>Plurima</strong></span> <span class='ocrx_word' id='word_1_683' title='bbox 2510 4122 2574 4174; x_wconf 59' lang='lat' dir='ltr'><strong>de</strong></span> <span class='ocrx_word' id='word_1_684' title='bbox 2596 4120 2805 4175; x_wconf 80' lang='lat' dir='ltr'><strong>Christo</strong></span> <span class='ocrx_word' id='word_1_685' title='bbox 2844 4124 3039 4174; x_wconf 85' lang='lat' dir='ltr'><strong>absona</strong></span> <span class='ocrx_word' id='word_1_686' title='bbox 3069 4120 3320 4189; x_wconf 83' lang='lat' dir='ltr'><strong>Origenes</strong></span> <span class='ocrx_word' id='word_1_687' title='bbox 3355 4121 3599 4189; x_wconf 69' lang='lat' dir='ltr'><strong>opinatus</strong></span> <span class='ocrx_word' id='word_1_688' title='bbox 3632 4130 3738 4171; x_wconf 71' lang='lat' dir='ltr'><strong>est.</strong></span> 
     </span>
    </p>
   </div>
   <div class='ocr_carea' id='block_1_87' title="bbox 2219 4188 3741 4259">
    <p class='ocr_par' dir='ltr' id='par_1_87' title="bbox 2219 4188 3741 4259">
     <span class='ocr_line' id='line_1_88' title="bbox 2219 4188 3741 4259; baseline -0.005 -13"><span class='ocrx_word' id='word_1_689' title='bbox 2219 4192 2280 4246; x_wconf 93' lang='lat' dir='ltr'><strong>ll.</strong></span> <span class='ocrx_word' id='word_1_690' title='bbox 2310 4190 2497 4245; x_wconf 83' lang='lat' dir='ltr'><strong>Utrum</strong></span> <span class='ocrx_word' id='word_1_691' title='bbox 2529 4192 2795 4245; x_wconf 80' lang='lat' dir='ltr'><strong>Christum</strong></span> <span class='ocrx_word' id='word_1_692' title='bbox 2821 4192 3237 4245; x_wconf 71' lang='lat' dir='ltr'><strong>substantialiter</strong></span> <span class='ocrx_word' id='word_1_693' title='bbox 3271 4196 3323 4243; x_wconf 83' lang='lat' dir='ltr'><strong>in</strong></span> <span class='ocrx_word' id='word_1_694' title='bbox 3367 4188 3579 4259; x_wconf 64' lang='lat' dir='ltr'><strong>Moyse,</strong></span> <span class='ocrx_word' id='word_1_695' title='bbox 3609 4204 3741 4254; x_wconf 82' lang='lat' dir='ltr'><strong>pro-</strong></span> 
     </span>
    </p>
   </div>
   <div class='ocr_carea' id='block_1_88' title="bbox 2220 4257 3736 4331">
    <p class='ocr_par' dir='ltr' id='par_1_88' title="bbox 2220 4257 3736 4331">
     <span class='ocr_line' id='line_1_89' title="bbox 2220 4257 3736 4331; baseline -0.003 -18"><span class='ocrx_word' id='word_1_696' title='bbox 2220 4263 2387 4331; x_wconf 80' lang='lat' dir='ltr'><strong>phetis</strong></span> <span class='ocrx_word' id='word_1_697' title='bbox 2430 4273 2479 4315; x_wconf 83' lang='lat' dir='ltr'><strong>et</strong></span> <span class='ocrx_word' id='word_1_698' title='bbox 2531 4263 2734 4330; x_wconf 83' lang='lat' dir='ltr'><strong>angelis</strong></span> <span class='ocrx_word' id='word_1_699' title='bbox 2784 4261 3020 4329; x_wconf 79' lang='lat' dir='ltr'><strong>adfuisse</strong></span> <span class='ocrx_word' id='word_1_700' title='bbox 3060 4260 3299 4313; x_wconf 80' lang='lat' dir='ltr'><strong>senserit.</strong></span> <span class='ocrx_word' id='word_1_701' title='bbox 3350 4260 3436 4313; x_wconf 87' lang='lat' dir='ltr'><strong>lli.</strong></span> <span class='ocrx_word' id='word_1_702' title='bbox 3466 4257 3477 4259; x_wconf 59' lang='grc'>⁷</span> <span class='ocrx_word' id='word_1_703' title='bbox 3505 4257 3736 4331; x_wconf 78' lang='lat' dir='ltr'><strong>Patrum</strong></span> 
     </span>
    </p>
   </div>
   <div class='ocr_carea' id='block_1_89' title="bbox 2226 4329 3740 4400">
    <p class='ocr_par' dir='ltr' id='par_1_89' title="bbox 2226 4329 3740 4400">
     <span class='ocr_line' id='line_1_90' title="bbox 2226 4329 3740 4400; baseline -0.003 -17"><span class='ocrx_word' id='word_1_704' title='bbox 2226 4333 2511 4386; x_wconf 85' lang='lat' dir='ltr'><strong>multorum</strong></span> <span class='ocrx_word' id='word_1_705' title='bbox 2551 4329 2767 4385; x_wconf 73' lang='lat' dir='ltr'><strong>assensu</strong></span> <span class='ocrx_word' id='word_1_706' title='bbox 2792 4341 2841 4385; x_wconf 91' lang='lat' dir='ltr'><strong>et</strong></span> <span class='ocrx_word' id='word_1_707' title='bbox 2876 4348 2974 4385; x_wconf 86' lang='lat' dir='ltr'><strong>sua</strong></span> <span class='ocrx_word' id='word_1_708' title='bbox 3004 4330 3168 4400; x_wconf 74' lang='lat' dir='ltr'><strong>ipsius</strong></span> <span class='ocrx_word' id='word_1_709' title='bbox 3208 4331 3558 4399; x_wconf 81' lang='lat' dir='ltr'><strong>ﬂuctuatione</strong></span> <span class='ocrx_word' id='word_1_710' title='bbox 3585 4329 3708 4392; x_wconf 80' lang='lat' dir='ltr'><strong>iuva</strong></span> <span class='ocrx_word' id='word_1_711' title='bbox 3728 4354 3740 4361; x_wconf 86' lang='lat'><strong><em>-</em></strong></span> 
     </span>
    </p>
   </div>
   <div class='ocr_carea' id='block_1_90' title="bbox 468 4552 3739 4625">
    <p class='ocr_par' dir='ltr' id='par_1_90' title="bbox 468 4552 3739 4625">
     <span class='ocr_line' id='line_1_91' title="bbox 468 4552 3739 4625; baseline -0.001 -15"><span class='ocrx_word' id='word_1_712' title='bbox 468 4569 521 4614; x_wconf 88' lang='lat' dir='ltr'><strong>et</strong></span> <span class='ocrx_word' id='word_1_713' title='bbox 550 4554 745 4625; x_wconf 83' lang='lat' dir='ltr'><strong>Filium</strong></span> <span class='ocrx_word' id='word_1_714' title='bbox 795 4570 900 4607; x_wconf 92' lang='lat' dir='ltr'><strong>non</strong></span> <span class='ocrx_word' id='word_1_715' title='bbox 937 4555 1228 4625; x_wconf 78' lang='lat' dir='ltr'><strong>arctiorem</strong></span> <span class='ocrx_word' id='word_1_716' title='bbox 1265 4554 1720 4625; x_wconf 78' lang='lat' dir='ltr'><strong>coniunctionem,</strong></span> <span class='ocrx_word' id='word_1_717' title='bbox 1767 4569 1928 4624; x_wconf 89' lang='lat' dir='ltr'><strong>quam</strong></span> <span class='ocrx_word' id='word_1_718' title='bbox 1961 4556 2042 4609; x_wconf 90' lang='lat' dir='ltr'><strong>in-</strong></span> <span class='ocrx_word' id='word_1_719' title='bbox 2074 4566 2119 4621; x_wconf 78' lang='grc' dir='ltr'>ι)</span> <span class='ocrx_word' id='word_1_720' title='bbox 2149 4558 2409 4619; x_wconf 80' lang='lat' dir='ltr'><strong>xurianti,</strong></span> <span class='ocrx_word' id='word_1_721' title='bbox 2470 4559 2612 4612; x_wconf 87' lang='lat' dir='ltr'><strong>hanc</strong></span> <span class='ocrx_word' id='word_1_722' title='bbox 2664 4555 3030 4625; x_wconf 83' lang='lat' dir='ltr'><strong>conjecturam</strong></span> <span class='ocrx_word' id='word_1_723' title='bbox 3070 4554 3347 4624; x_wconf 88' lang='lat' dir='ltr'><strong>proponit,</strong></span> <span class='ocrx_word' id='word_1_724' title='bbox 3378 4552 3413 4623; x_wconf 83' lang='grc' dir='ltr'>ἦ</span> <span class='ocrx_word' id='word_1_725' title='bbox 3449 4553 3592 4623; x_wconf 78' lang='grc' dir='ltr'>τάχα</span> <span class='ocrx_word' id='word_1_726' title='bbox 3616 4556 3739 4608; x_wconf 73' lang='grc' dir='ltr'>ἐστὶ</span> 
     </span>
    </p>
   </div>
   <div class='ocr_carea' id='block_1_91' title="bbox 470 4623 2041 4694">
    <p class='ocr_par' dir='ltr' id='par_1_91' title="bbox 470 4623 2041 4694">
     <span class='ocr_line' id='line_1_92' title="bbox 470 4623 2041 4694; baseline -0.002 -13"><span class='ocrx_word' id='word_1_727' title='bbox 470 4639 551 4681; x_wconf 88' lang='lat' dir='ltr'><strong>ter</strong></span> <span class='ocrx_word' id='word_1_728' title='bbox 582 4624 763 4677; x_wconf 85' lang='lat' dir='ltr'><strong>tideles</strong></span> <span class='ocrx_word' id='word_1_729' title='bbox 798 4623 1051 4677; x_wconf 82' lang='lat' dir='ltr'><strong>admitti?</strong></span> <span class='ocrx_word' id='word_1_730' title='bbox 1081 4623 1428 4694; x_wconf 78' lang='lat' dir='ltr'><strong>Nequaquam</strong></span> <span class='ocrx_word' id='word_1_731' title='bbox 1465 4623 1729 4692; x_wconf 87' lang='lat' dir='ltr'><strong>profecto,</strong></span> <span class='ocrx_word' id='word_1_732' title='bbox 1772 4623 2041 4694; x_wconf 83' lang='lat' dir='ltr'><strong>siquidem</strong></span> 
     </span>
    </p>
   </div>
   <div class='ocr_carea' id='block_1_92' title="bbox 470 4693 2036 4762">
    <p class='ocr_par' dir='ltr' id='par_1_92' title="bbox 470 4693 2036 4762">
     <span class='ocr_line' id='line_1_93' title="bbox 470 4693 2036 4762; baseline -0.001 -12"><span class='ocrx_word' id='word_1_733' title='bbox 470 4695 793 4750; x_wconf 84' lang='lat' dir='ltr'><strong>identitutem</strong></span> <span class='ocrx_word' id='word_1_734' title='bbox 840 4694 1136 4748; x_wconf 83' lang='lat' dir='ltr'><strong>voluntatis</strong></span> <span class='ocrx_word' id='word_1_735' title='bbox 1182 4693 1378 4747; x_wconf 86' lang='lat' dir='ltr'><strong>ibidem</strong></span> <span class='ocrx_word' id='word_1_736' title='bbox 1414 4693 1465 4747; x_wconf 89' lang='lat' dir='ltr'><strong>in</strong></span> <span class='ocrx_word' id='word_1_737' title='bbox 1499 4704 1727 4762; x_wconf 88' lang='lat' dir='ltr'><strong>utroque</strong></span> <span class='ocrx_word' id='word_1_738' title='bbox 1768 4693 2036 4749; x_wconf 81' lang='lat' dir='ltr'><strong>defendit.</strong></span> 
     </span>
    </p>
   </div>
   <div class='ocr_carea' id='block_1_93' title="bbox 471 4762 2042 4834">
    <p class='ocr_par' dir='ltr' id='par_1_93' title="bbox 471 4762 2042 4834">
     <span class='ocr_line' id='line_1_94' title="bbox 471 4762 2042 4834; baseline 0 -17"><span class='ocrx_word' id='word_1_739' title='bbox 471 4767 586 4821; x_wconf 84' lang='lat' dir='ltr'><strong>Non</strong></span> <span class='ocrx_word' id='word_1_740' title='bbox 642 4764 812 4834; x_wconf 86' lang='lat' dir='ltr'><strong>magis</strong></span> <span class='ocrx_word' id='word_1_741' title='bbox 863 4767 1207 4817; x_wconf 91' lang='lat' dir='ltr'><strong>metuendum</strong></span> <span class='ocrx_word' id='word_1_742' title='bbox 1243 4765 1344 4817; x_wconf 91' lang='lat' dir='ltr'><strong>hoc</strong></span> <span class='ocrx_word' id='word_1_743' title='bbox 1379 4762 1499 4817; x_wconf 93' lang='lat' dir='ltr'><strong>loco</strong></span> <span class='ocrx_word' id='word_1_744' title='bbox 1551 4775 1655 4834; x_wconf 82' lang='lat' dir='ltr'><strong>est,</strong></span> <span class='ocrx_word' id='word_1_745' title='bbox 1704 4779 1773 4817; x_wconf 92' lang='lat' dir='ltr'><strong>ne</strong></span> <span class='ocrx_word' id='word_1_746' title='bbox 1803 4766 2042 4819; x_wconf 81' lang='lat' dir='ltr'><strong>debitam</strong></span> 
     </span>
    </p>
   </div>
   <div class='ocr_carea' id='block_1_94' title="bbox 471 4833 2047 4902">
    <p class='ocr_par' dir='ltr' id='par_1_94' title="bbox 471 4833 2047 4902">
     <span class='ocr_line' id='line_1_95' title="bbox 471 4833 2047 4902; baseline -0.004 -9"><span class='ocrx_word' id='word_1_747' title='bbox 471 4836 613 4893; x_wconf 84' lang='lat' dir='ltr'><strong>Filio</strong></span> <span class='ocrx_word' id='word_1_748' title='bbox 644 4833 1011 4887; x_wconf 88' lang='lat' dir='ltr'><strong>adorationem</strong></span> <span class='ocrx_word' id='word_1_749' title='bbox 1046 4835 1204 4887; x_wconf 64' lang='lat' dir='ltr'><strong>ltedat</strong></span> <span class='ocrx_word' id='word_1_750' title='bbox 1234 4836 1460 4902; x_wconf 89' lang='lat' dir='ltr'><strong>petitum</strong></span> <span class='ocrx_word' id='word_1_751' title='bbox 1486 4848 1549 4886; x_wconf 81' lang='lat' dir='ltr'><strong>ex</strong></span> <span class='ocrx_word' id='word_1_752' title='bbox 1600 4833 1735 4886; x_wconf 89' lang='lat' dir='ltr'><strong>Isaia</strong></span> <span class='ocrx_word' id='word_1_753' title='bbox 1770 4835 2047 4887; x_wconf 82' lang='lat' dir='ltr'><strong>adoratio-</strong></span> 
     </span>
    </p>
   </div>
   <div class='ocr_carea' id='block_1_95' title="bbox 473 4903 2047 4972">
    <p class='ocr_par' dir='ltr' id='par_1_95' title="bbox 473 4903 2047 4972">
     <span class='ocr_line' id='line_1_96' title="bbox 473 4903 2047 4972; baseline -0.003 -10"><span class='ocrx_word' id='word_1_754' title='bbox 473 4910 558 4962; x_wconf 88' lang='lat' dir='ltr'><strong>nis</strong></span> <span class='ocrx_word' id='word_1_755' title='bbox 578 4905 904 4972; x_wconf 77' lang='lat' dir='ltr'><strong>exeinplum.</strong></span> <span class='ocrx_word' id='word_1_756' title='bbox 936 4935 997 4945; x_wconf 91' lang='lat'>—</span> <span class='ocrx_word' id='word_1_757' title='bbox 1036 4906 1094 4958; x_wconf 84' lang='grc' dir='ltr'><strong>ι).</strong></span> <span class='ocrx_word' id='word_1_758' title='bbox 1126 4903 1380 4957; x_wconf 89' lang='lat' dir='ltr'><strong>Prudent.</strong></span> <span class='ocrx_word' id='word_1_759' title='bbox 1413 4904 1625 4969; x_wconf 63' lang='lat' dir='ltr'><strong>illum,</strong></span> <span class='ocrx_word' id='word_1_760' title='bbox 1664 4903 1736 4957; x_wconf 81' lang='lat' dir='ltr'><strong>De</strong></span> <span class='ocrx_word' id='word_1_761' title='bbox 1774 4904 2047 4957; x_wconf 77' lang='lat' dir='ltr'><strong>divinitate</strong></span> 
     </span>
    </p>
   </div>
   <div class='ocr_carea' id='block_1_96' title="bbox 474 4973 2049 5042">
    <p class='ocr_par' dir='ltr' id='par_1_96' title="bbox 474 4973 2049 5042">
     <span class='ocr_line' id='line_1_97' title="bbox 474 4973 2049 5042; baseline -0.003 -11"><span class='ocrx_word' id='word_1_762' title='bbox 474 4976 671 5031; x_wconf 80' lang='lat' dir='ltr'><strong>Christi</strong></span> <span class='ocrx_word' id='word_1_763' title='bbox 708 4974 800 5028; x_wconf 92' lang='lat' dir='ltr'><strong>lib.</strong></span> <span class='ocrx_word' id='word_1_764' title='bbox 832 4990 906 5037; x_wconf 85' lang='lat' dir='ltr'><strong>tv,</strong></span> <span class='ocrx_word' id='word_1_765' title='bbox 952 4989 1070 5041; x_wconf 86' lang='lat' dir='ltr'><strong>cap.</strong></span> <span class='ocrx_word' id='word_1_766' title='bbox 1102 4974 1189 5034; x_wconf 81' lang='grc'><strong>16,</strong></span> <span class='ocrx_word' id='word_1_767' title='bbox 1224 4989 1373 5027; x_wconf 87' lang='grc' dir='ltr'>ιιιιιιι.</span> <span class='ocrx_word' id='word_1_768' title='bbox 1406 4973 1434 5023; x_wconf 87' lang='lat'><strong>7</strong></span> <span class='ocrx_word' id='word_1_769' title='bbox 1481 4985 1537 5027; x_wconf 91' lang='lat' dir='ltr'><strong>et</strong></span> <span class='ocrx_word' id='word_1_770' title='bbox 1563 4977 1616 5026; x_wconf 80' lang='lat'><strong>8.</strong></span> <span class='ocrx_word' id='word_1_771' title='bbox 1652 4975 1781 5028; x_wconf 76' lang='lat' dir='ltr'><strong>\‘ide</strong></span> <span class='ocrx_word' id='word_1_772' title='bbox 1826 4974 2049 5042; x_wconf 87' lang='lat' dir='ltr'><strong>insuper</strong></span> 
     </span>
    </p>
   </div>
   <div class='ocr_carea' id='block_1_97' title="bbox 478 5042 2045 5113">
    <p class='ocr_par' dir='ltr' id='par_1_97' title="bbox 478 5042 2045 5113">
     <span class='ocr_line' id='line_1_98' title="bbox 478 5042 2045 5113; baseline -0.003 -13"><span class='ocrx_word' id='word_1_773' title='bbox 478 5057 635 5101; x_wconf 85' lang='lat' dir='ltr'><strong>notas</strong></span> <span class='ocrx_word' id='word_1_774' title='bbox 664 5046 860 5097; x_wconf 89' lang='lat' dir='ltr'><strong>eruditi</strong></span> <span class='ocrx_word' id='word_1_775' title='bbox 899 5045 1051 5113; x_wconf 83' lang='lat' dir='ltr'><strong>Angli</strong></span> <span class='ocrx_word' id='word_1_776' title='bbox 1087 5046 1138 5097; x_wconf 93' lang='lat' dir='ltr'><strong>in</strong></span> <span class='ocrx_word' id='word_1_777' title='bbox 1176 5044 1370 5096; x_wconf 88' lang='lat' dir='ltr'><strong>librum</strong></span> <span class='ocrx_word' id='word_1_778' title='bbox 1399 5042 1649 5113; x_wconf 71' lang='lat' dir='ltr'><strong>Origenis</strong></span> <span class='ocrx_word' id='word_1_779' title='bbox 1679 5043 1752 5095; x_wconf 85' lang='lat' dir='ltr'><strong>De</strong></span> <span class='ocrx_word' id='word_1_780' title='bbox 1782 5045 2045 5113; x_wconf 75' lang='lat' dir='ltr'><strong>oratione,</strong></span> 
     </span>
    </p>
   </div>
   <div class='ocr_carea' id='block_1_98' title="bbox 477 5112 2052 5181">
    <p class='ocr_par' dir='ltr' id='par_1_98' title="bbox 477 5112 2052 5181">
     <span class='ocr_line' id='line_1_99' title="bbox 477 5112 2052 5181; baseline -0.004 -11"><span class='ocrx_word' id='word_1_781' title='bbox 477 5119 576 5170; x_wconf 86' lang='lat' dir='ltr'><strong>sub</strong></span> <span class='ocrx_word' id='word_1_782' title='bbox 606 5117 764 5168; x_wconf 85' lang='lat' dir='ltr'><strong>linem</strong></span> <span class='ocrx_word' id='word_1_783' title='bbox 801 5117 927 5167; x_wconf 92' lang='lat' dir='ltr'><strong>Iomi</strong></span> <span class='ocrx_word' id='word_1_784' title='bbox 990 5112 1157 5167; x_wconf 83' lang='lat' dir='ltr'><strong>nostri</strong></span> <span class='ocrx_word' id='word_1_785' title='bbox 1207 5113 1423 5181; x_wconf 86' lang='lat' dir='ltr'><strong>prioris.</strong></span> <span class='ocrx_word' id='word_1_786' title='bbox 1463 5112 1598 5165; x_wconf 82' lang='lat' dir='ltr'><strong>Vide</strong></span> <span class='ocrx_word' id='word_1_787' title='bbox 1627 5124 1681 5165; x_wconf 92' lang='lat' dir='ltr'><strong>et</strong></span> <span class='ocrx_word' id='word_1_788' title='bbox 1712 5113 1920 5165; x_wconf 88' lang='lat' dir='ltr'><strong>Bullum</strong></span> <span class='ocrx_word' id='word_1_789' title='bbox 1953 5112 2052 5165; x_wconf 81' lang='lat' dir='ltr'><strong>De-</strong></span> 
     </span>
    </p>
   </div>
   <div class='ocr_carea' id='block_1_99' title="bbox 479 5181 2049 5256">
    <p class='ocr_par' dir='ltr' id='par_1_99' title="bbox 479 5181 2049 5256">
     <span class='ocr_line' id='line_1_100' title="bbox 479 5181 2049 5256; baseline -0.002 -17"><span class='ocrx_word' id='word_1_790' title='bbox 479 5186 610 5256; x_wconf 74' lang='lat' dir='ltr'><strong>fens.</strong></span> <span class='ocrx_word' id='word_1_791' title='bbox 639 5186 759 5252; x_wconf 74' lang='lat' dir='ltr'><strong>[idsi</strong></span> <span class='ocrx_word' id='word_1_792' title='bbox 783 5183 1041 5256; x_wconf 65' lang='grc' dir='ltr'><strong>ΔΝὲειινηίιε,</strong></span> <span class='ocrx_word' id='word_1_793' title='bbox 1069 5186 1133 5237; x_wconf 87' lang='lat' dir='ltr'><strong>de</strong></span> <span class='ocrx_word' id='word_1_794' title='bbox 1150 5183 1266 5238; x_wconf 86' lang='lat' dir='ltr'><strong>Filii</strong></span> <span class='ocrx_word' id='word_1_795' title='bbox 1291 5181 1366 5253; x_wconf 83' lang='grc' dir='ltr'>τῷ</span> <span class='ocrx_word' id='word_1_796' title='bbox 1380 5182 1817 5253; x_wconf 55' lang='grc' dir='ltr'>ὁμοουσιῳβεοι.</span> <span class='ocrx_word' id='word_1_797' title='bbox 1848 5182 1903 5247; x_wconf 70' lang='grc' dir='ltr'>Ξ,</span> <span class='ocrx_word' id='word_1_798' title='bbox 1928 5198 2049 5252; x_wconf 81' lang='lat' dir='ltr'><strong>cap.</strong></span> 
     </span>
    </p>
   </div>
   <div class='ocr_carea' id='block_1_100' title="bbox 479 5254 828 5323">
    <p class='ocr_par' dir='ltr' id='par_1_100' title="bbox 479 5254 828 5323">
     <span class='ocr_line' id='line_1_101' title="bbox 479 5254 828 5323; baseline -0.014 -12"><span class='ocrx_word' id='word_1_799' title='bbox 479 5254 534 5323; x_wconf 79' lang='lat'><strong>9,</strong></span> <span class='ocrx_word' id='word_1_800' title='bbox 564 5272 723 5323; x_wconf 67' lang='lat' dir='ltr'><strong>num.</strong></span> <span class='ocrx_word' id='word_1_801' title='bbox 743 5254 828 5307; x_wconf 88' lang='grc'><strong>15.</strong></span> 
     </span>
    </p>
   </div>
   <div class='ocr_carea' id='block_1_101' title="bbox 554 5320 2049 5395">
    <p class='ocr_par' dir='ltr' id='par_1_101' title="bbox 554 5320 2049 5395">
     <span class='ocr_line' id='line_1_102' title="bbox 554 5320 2049 5395; baseline -0.005 -16"><span class='ocrx_word' id='word_1_802' title='bbox 554 5326 667 5395; x_wconf 70' lang='grc'><strong>(21)</strong></span> <span class='ocrx_word' id='word_1_803' title='bbox 701 5322 911 5377; x_wconf 81' lang='lat' dir='ltr'><strong>Prostat</strong></span> <span class='ocrx_word' id='word_1_804' title='bbox 937 5335 1282 5378; x_wconf 86' lang='lat' dir='ltr'><strong>commentum</strong></span> <span class='ocrx_word' id='word_1_805' title='bbox 1334 5322 1467 5374; x_wconf 87' lang='lat' dir='ltr'><strong>illud</strong></span> <span class='ocrx_word' id='word_1_806' title='bbox 1504 5332 1631 5375; x_wconf 86' lang='lat' dir='ltr'><strong>tant.</strong></span> <span class='ocrx_word' id='word_1_807' title='bbox 1666 5338 1710 5395; x_wconf 87' lang='grc' dir='ltr'><strong>ιι</strong></span> <span class='ocrx_word' id='word_1_808' title='bbox 1758 5322 1815 5375; x_wconf 85' lang='lat' dir='ltr'><strong>in</strong></span> <span class='ocrx_word' id='word_1_809' title='bbox 1860 5320 2049 5395; x_wconf 80' lang='lat' dir='ltr'><strong>Joan.,</strong></span> 
     </span>
    </p>
   </div>
   <div class='ocr_carea' id='block_1_102' title="bbox 483 5393 2053 5464">
    <p class='ocr_par' dir='ltr' id='par_1_102' title="bbox 483 5393 2053 5464">
     <span class='ocr_line' id='line_1_103' title="bbox 483 5393 2053 5464; baseline -0.004 -14"><span class='ocrx_word' id='word_1_810' title='bbox 483 5393 627 5450; x_wconf 83' lang='lat' dir='ltr'><strong>nunt.</strong></span> <span class='ocrx_word' id='word_1_811' title='bbox 659 5396 712 5447; x_wconf 86' lang='lat'><strong>6.</strong></span> <span class='ocrx_word' id='word_1_812' title='bbox 743 5397 815 5447; x_wconf 65' lang='lat' dir='ltr'><strong>lio</strong></span> <span class='ocrx_word' id='word_1_813' title='bbox 842 5395 956 5448; x_wconf 86' lang='lat' dir='ltr'><strong>loco</strong></span> <span class='ocrx_word' id='word_1_814' title='bbox 984 5397 1179 5464; x_wconf 68' lang='lat' dir='ltr'><strong>quaerit</strong></span> <span class='ocrx_word' id='word_1_815' title='bbox 1202 5396 1460 5464; x_wconf 67' lang='lat' dir='ltr'><strong>Origenes</strong></span> <span class='ocrx_word' id='word_1_816' title='bbox 1482 5394 1750 5459; x_wconf 87' lang='lat' dir='ltr'><strong>quomodo</strong></span> <span class='ocrx_word' id='word_1_817' title='bbox 1781 5393 1895 5446; x_wconf 84' lang='lat' dir='ltr'><strong>fieri</strong></span> <span class='ocrx_word' id='word_1_818' title='bbox 1929 5407 2053 5464; x_wconf 83' lang='lat' dir='ltr'><strong>pos-</strong></span> 
     </span>
    </p>
   </div>
   <div class='ocr_carea' id='block_1_103' title="bbox 485 5462 2053 5533">
    <p class='ocr_par' dir='ltr' id='par_1_103' title="bbox 485 5462 2053 5533">
     <span class='ocr_line' id='line_1_104' title="bbox 485 5462 2053 5533; baseline -0.003 -14"><span class='ocrx_word' id='word_1_819' title='bbox 485 5468 577 5528; x_wconf 78' lang='lat' dir='ltr'><strong>sit,</strong></span> <span class='ocrx_word' id='word_1_820' title='bbox 596 5468 637 5520; x_wconf 91' lang='lat' dir='ltr'><strong>si</strong></span> <span class='ocrx_word' id='word_1_821' title='bbox 667 5465 902 5533; x_wconf 85' lang='lat' dir='ltr'><strong>Spiritus</strong></span> <span class='ocrx_word' id='word_1_822' title='bbox 934 5462 1154 5518; x_wconf 88' lang='lat' dir='ltr'><strong>sanctus</strong></span> <span class='ocrx_word' id='word_1_823' title='bbox 1192 5480 1286 5531; x_wconf 84' lang='lat' dir='ltr'><strong>per</strong></span> <span class='ocrx_word' id='word_1_824' title='bbox 1331 5462 1526 5515; x_wconf 87' lang='lat' dir='ltr'><strong>Filium</strong></span> <span class='ocrx_word' id='word_1_825' title='bbox 1577 5464 1807 5526; x_wconf 68' lang='lat' dir='ltr'><strong>exsituit,</strong></span> <span class='ocrx_word' id='word_1_826' title='bbox 1846 5474 1903 5514; x_wconf 89' lang='lat' dir='ltr'><strong>ut</strong></span> <span class='ocrx_word' id='word_1_827' title='bbox 1942 5462 2053 5529; x_wconf 89' lang='lat' dir='ltr'><strong>ipse</strong></span> 
     </span>
    </p>
   </div>
   <div class='ocr_carea' id='block_1_104' title="bbox 486 5533 2053 5602">
    <p class='ocr_par' dir='ltr' id='par_1_104' title="bbox 486 5533 2053 5602">
     <span class='ocr_line' id='line_1_105' title="bbox 486 5533 2053 5602; baseline -0.004 -12"><span class='ocrx_word' id='word_1_828' title='bbox 486 5536 655 5590; x_wconf 87' lang='lat' dir='ltr'><strong>Filius</strong></span> <span class='ocrx_word' id='word_1_829' title='bbox 680 5537 816 5602; x_wconf 88' lang='lat' dir='ltr'><strong>apud</strong></span> <span class='ocrx_word' id='word_1_830' title='bbox 845 5533 1033 5587; x_wconf 88' lang='lat' dir='ltr'><strong>Isaiam</strong></span> <span class='ocrx_word' id='word_1_831' title='bbox 1062 5536 1284 5587; x_wconf 80' lang='lat' dir='ltr'><strong>missum</strong></span> <span class='ocrx_word' id='word_1_832' title='bbox 1312 5550 1368 5587; x_wconf 88' lang='lat' dir='ltr'><strong>se</strong></span> <span class='ocrx_word' id='word_1_833' title='bbox 1391 5536 1531 5585; x_wconf 86' lang='lat' dir='ltr'><strong>dicat</strong></span> <span class='ocrx_word' id='word_1_834' title='bbox 1554 5550 1583 5585; x_wconf 75' lang='grc' dir='ltr'><strong>ιι</strong></span> <span class='ocrx_word' id='word_1_835' title='bbox 1610 5533 1837 5586; x_wconf 84' lang='lat' dir='ltr'><strong>Domino</strong></span> <span class='ocrx_word' id='word_1_836' title='bbox 1856 5542 1910 5585; x_wconf 91' lang='lat' dir='ltr'><strong>et</strong></span> <span class='ocrx_word' id='word_1_837' title='bbox 1933 5534 2053 5599; x_wconf 87' lang='lat' dir='ltr'><strong>Spi-</strong></span> 
     </span>
    </p>
   </div>
   <div class='ocr_carea' id='block_1_105' title="bbox 488 5601 2052 5673">
    <p class='ocr_par' dir='ltr' id='par_1_105' title="bbox 488 5601 2052 5673">
     <span class='ocr_line' id='line_1_106' title="bbox 488 5601 2052 5673; baseline -0.006 -13"><span class='ocrx_word' id='word_1_838' title='bbox 488 5607 595 5661; x_wconf 84' lang='lat' dir='ltr'><strong>ritu</strong></span> <span class='ocrx_word' id='word_1_839' title='bbox 632 5601 765 5673; x_wconf 81' lang='lat' dir='ltr'><strong>ejus.</strong></span> <span class='ocrx_word' id='word_1_840' title='bbox 798 5604 1097 5671; x_wconf 76' lang='lat' dir='ltr'><strong>Respondet</strong></span> <span class='ocrx_word' id='word_1_841' title='bbox 1126 5605 1322 5671; x_wconf 91' lang='lat' dir='ltr'><strong>primo,</strong></span> <span class='ocrx_word' id='word_1_842' title='bbox 1356 5621 1372 5653; x_wconf 85' lang='grc' dir='ltr'><strong>ι</strong></span> <span class='ocrx_word' id='word_1_843' title='bbox 1394 5603 1613 5656; x_wconf 89' lang='lat' dir='ltr'><strong>missum</strong></span> <span class='ocrx_word' id='word_1_844' title='bbox 1643 5617 1761 5673; x_wconf 88' lang='lat' dir='ltr'><strong>esse</strong></span> <span class='ocrx_word' id='word_1_845' title='bbox 1782 5601 2052 5673; x_wconf 83' lang='lat' dir='ltr'><strong>Christum</strong></span> 
     </span>
    </p>
   </div>
   <div class='ocr_carea' id='block_1_106' title="bbox 490 5670 2047 5742">
    <p class='ocr_par' dir='ltr' id='par_1_106' title="bbox 490 5670 2047 5742">
     <span class='ocr_line' id='line_1_107' title="bbox 490 5670 2047 5742; baseline -0.003 -15"><span class='ocrx_word' id='word_1_846' title='bbox 490 5691 521 5727; x_wconf 90' lang='lat' dir='ltr'><strong>a</strong></span> <span class='ocrx_word' id='word_1_847' title='bbox 558 5670 784 5742; x_wconf 79' lang='lat' dir='ltr'><strong>Spiritu,</strong></span> <span class='ocrx_word' id='word_1_848' title='bbox 820 5670 924 5726; x_wconf 88' lang='lat' dir='ltr'><strong>non</strong></span> <span class='ocrx_word' id='word_1_849' title='bbox 950 5676 1090 5740; x_wconf 83' lang='lat' dir='ltr'><strong>quod</strong></span> <span class='ocrx_word' id='word_1_850' title='bbox 1126 5670 1169 5725; x_wconf 85' lang='lat' dir='ltr'><strong>is</strong></span> <span class='ocrx_word' id='word_1_851' title='bbox 1204 5685 1394 5724; x_wconf 86' lang='lat' dir='ltr'><strong>natura</strong></span> <span class='ocrx_word' id='word_1_852' title='bbox 1423 5672 1776 5742; x_wconf 59' lang='lat' dir='ltr'><strong>prastantior</strong></span> <span class='ocrx_word' id='word_1_853' title='bbox 1819 5672 1910 5732; x_wconf 89' lang='lat' dir='ltr'><strong>sit,</strong></span> <span class='ocrx_word' id='word_1_854' title='bbox 1957 5670 2047 5723; x_wconf 93' lang='lat' dir='ltr'><strong>sed</strong></span> 
     </span>
    </p>
   </div>
   <div class='ocr_carea' id='block_1_107' title="bbox 490 5741 2057 5813">
    <p class='ocr_par' dir='ltr' id='par_1_107' title="bbox 490 5741 2057 5813">
     <span class='ocr_line' id='line_1_108' title="bbox 490 5741 2057 5813; baseline -0.003 -17"><span class='ocrx_word' id='word_1_855' title='bbox 490 5754 711 5813; x_wconf 86' lang='lat' dir='ltr'><strong>propter</strong></span> <span class='ocrx_word' id='word_1_856' title='bbox 739 5744 1093 5813; x_wconf 64' lang='lat' dir='ltr'><strong>oeconomiam</strong></span> <span class='ocrx_word' id='word_1_857' title='bbox 1127 5742 1511 5813; x_wconf 86' lang='lat' dir='ltr'><strong>incarnationis</strong></span> <span class='ocrx_word' id='word_1_858' title='bbox 1535 5741 1780 5813; x_wconf 13' lang='lat' dir='ltr'><strong>VFilii_Dei</strong></span> <span class='ocrx_word' id='word_1_859' title='bbox 1810 5741 2057 5813; x_wconf 84' lang='lat' dir='ltr'><strong>Salvato-</strong></span> 
     </span>
    </p>
   </div>
   <div class='ocr_carea' id='block_1_108' title="bbox 490 5811 2051 5881">
    <p class='ocr_par' dir='ltr' id='par_1_108' title="bbox 490 5811 2051 5881">
     <span class='ocr_line' id='line_1_109' title="bbox 490 5811 2051 5881; baseline -0.001 -16"><span class='ocrx_word' id='word_1_860' title='bbox 490 5811 567 5867; x_wconf 80' lang='lat' dir='ltr'><strong>ris</strong></span> <span class='ocrx_word' id='word_1_861' title='bbox 589 5816 677 5881; x_wconf 88' lang='lat' dir='ltr'><strong>qui</strong></span> <span class='ocrx_word' id='word_1_862' title='bbox 726 5828 784 5866; x_wconf 90' lang='lat' dir='ltr'><strong>se</strong></span> <span class='ocrx_word' id='word_1_863' title='bbox 823 5813 959 5865; x_wconf 87' lang='lat' dir='ltr'><strong>infra</strong></span> <span class='ocrx_word' id='word_1_864' title='bbox 995 5812 1253 5881; x_wconf 86' lang='lat' dir='ltr'><strong>Spiritum</strong></span> <span class='ocrx_word' id='word_1_865' title='bbox 1278 5812 1590 5881; x_wconf 86' lang='lat' dir='ltr'><strong>imminuit.</strong></span> <span class='ocrx_word' id='word_1_866' title='bbox 1623 5828 1641 5860; x_wconf 77' lang='grc' dir='ltr'><strong>ι</strong></span> <span class='ocrx_word' id='word_1_867' title='bbox 1675 5811 1883 5881; x_wconf 86' lang='lat' dir='ltr'><strong>Deinde</strong></span> <span class='ocrx_word' id='word_1_868' title='bbox 1902 5824 2051 5881; x_wconf 79' lang='lat' dir='ltr'><strong>vero.</strong></span> 
     </span>
    </p>
   </div>
   <div class='ocr_carea' id='block_1_109' title="bbox 491 5879 2053 5950">
    <p class='ocr_par' dir='ltr' id='par_1_109' title="bbox 491 5879 2053 5950">
     <span class='ocr_line' id='line_1_110' title="bbox 491 5879 2053 5950; baseline -0.003 -14"><span class='ocrx_word' id='word_1_869' title='bbox 491 5891 547 5936; x_wconf 90' lang='lat' dir='ltr'><strong>ut</strong></span> <span class='ocrx_word' id='word_1_870' title='bbox 574 5879 689 5937; x_wconf 76' lang='lat' dir='ltr'><strong>erat</strong></span> <span class='ocrx_word' id='word_1_871' title='bbox 718 5883 930 5950; x_wconf 79' lang='lat' dir='ltr'><strong>ingenio</strong></span> <span class='ocrx_word' id='word_1_872' title='bbox 960 5882 1011 5935; x_wconf 90' lang='lat' dir='ltr'><strong>in</strong></span> <span class='ocrx_word' id='word_1_873' title='bbox 1045 5880 1310 5947; x_wconf 79' lang='lat' dir='ltr'><strong>ejusmodi</strong></span> <span class='ocrx_word' id='word_1_874' title='bbox 1342 5882 1497 5935; x_wconf 83' lang='lat' dir='ltr'><strong>rebus</strong></span> <span class='ocrx_word' id='word_1_875' title='bbox 1549 5880 1920 5941; x_wconf 66' lang='lat' dir='ltr'><strong>excogitandis</strong></span> <span class='ocrx_word' id='word_1_876' title='bbox 1968 5879 2053 5932; x_wconf 88' lang='lat' dir='ltr'><strong>lu-</strong></span> 
     </span>
    </p>
   </div>
   <div class='ocr_carea' id='block_1_110' title="bbox 1306 6042 1317 6069">
    <p class='ocr_par' dir='ltr' id='par_1_110' title="bbox 1306 6042 1317 6069">
     <span class='ocr_line' id='line_1_111' title="bbox 1306 6042 1317 6069; baseline 0 0"><span class='ocrx_word' id='word_1_877' title='bbox 1306 6042 1317 6069; x_wconf 73' lang='grc'><strong>1</strong></span> 
     </span>
    </p>
   </div>
   <div class='ocr_carea' id='block_1_111' title="bbox 2146 4625 3738 4696">
    <p class='ocr_par' dir='ltr' id='par_1_111' title="bbox 2146 4625 3738 4696">
     <span class='ocr_line' id='line_1_112' title="bbox 2146 4625 3738 4696; baseline -0.003 -13"><span class='ocrx_word' id='word_1_878' title='bbox 2146 4631 2241 4683; x_wconf 77' lang='grc' dir='ltr'><strong>καὶ</strong></span> <span class='ocrx_word' id='word_1_879' title='bbox 2271 4629 2429 4682; x_wconf 86' lang='grc' dir='ltr'>τοῦτο</span> <span class='ocrx_word' id='word_1_880' title='bbox 2461 4630 2637 4680; x_wconf 73' lang='grc' dir='ltr'>εἰπεῖν</span> <span class='ocrx_word' id='word_1_881' title='bbox 2674 4628 2755 4679; x_wconf 85' lang='grc' dir='ltr'>ὅτι</span> <span class='ocrx_word' id='word_1_882' title='bbox 2784 4626 2953 4679; x_wconf 80' lang='grc' dir='ltr'>ἐδεῖτο</span> <span class='ocrx_word' id='word_1_883' title='bbox 3000 4628 3033 4696; x_wconf 83' lang='grc' dir='ltr'><strong>ἡ</strong></span> <span class='ocrx_word' id='word_1_884' title='bbox 3064 4625 3262 4696; x_wconf 82' lang='grc' dir='ltr'>κτίσις,</span> <span class='ocrx_word' id='word_1_885' title='bbox 3292 4634 3401 4696; x_wconf 88' lang='lat' dir='ltr'><strong>etc.</strong></span> <span class='ocrx_word' id='word_1_886' title='bbox 3461 4625 3738 4692; x_wconf 86' lang='lat' dir='ltr'><strong>Duplicem</strong></span> 
     </span>
    </p>
   </div>
   <div class='ocr_carea' id='block_1_112' title="bbox 2148 4695 3728 4766">
    <p class='ocr_par' dir='ltr' id='par_1_112' title="bbox 2148 4695 3728 4766">
     <span class='ocr_line' id='line_1_113' title="bbox 2148 4695 3728 4766; baseline -0.003 -12"><span class='ocrx_word' id='word_1_887' title='bbox 2148 4700 2239 4754; x_wconf 89' lang='lat' dir='ltr'><strong>hic</strong></span> <span class='ocrx_word' id='word_1_888' title='bbox 2273 4714 2515 4753; x_wconf 90' lang='lat' dir='ltr'><strong>errorem</strong></span> <span class='ocrx_word' id='word_1_889' title='bbox 2551 4700 2778 4766; x_wconf 75' lang='lat' dir='ltr'><strong>castigat</strong></span> <span class='ocrx_word' id='word_1_890' title='bbox 2813 4695 3062 4751; x_wconf 81' lang='lat' dir='ltr'><strong>lluetius.</strong></span> <span class='ocrx_word' id='word_1_891' title='bbox 3105 4695 3211 4766; x_wconf 86' lang='lat' dir='ltr'><strong>Sed</strong></span> <span class='ocrx_word' id='word_1_892' title='bbox 3253 4695 3337 4747; x_wconf 89' lang='lat' dir='ltr'><strong>vir</strong></span> <span class='ocrx_word' id='word_1_893' title='bbox 3373 4696 3728 4766; x_wconf 75' lang='lat' dir='ltr'><strong>doctissimus</strong></span> 
     </span>
    </p>
   </div>
   <div class='ocr_carea' id='block_1_113' title="bbox 2149 4763 3738 4835">
    <p class='ocr_par' dir='ltr' id='par_1_113' title="bbox 2149 4763 3738 4835">
     <span class='ocr_line' id='line_1_114' title="bbox 2149 4763 3738 4835; baseline -0.004 -10"><span class='ocrx_word' id='word_1_894' title='bbox 2149 4770 2327 4825; x_wconf 90' lang='lat' dir='ltr'><strong>minus</strong></span> <span class='ocrx_word' id='word_1_895' title='bbox 2346 4763 2731 4822; x_wconf 75' lang='lat' dir='ltr'><strong>animadvertit</strong></span> <span class='ocrx_word' id='word_1_896' title='bbox 2772 4767 2901 4820; x_wconf 89' lang='lat' dir='ltr'><strong>illud</strong></span> <span class='ocrx_word' id='word_1_897' title='bbox 2951 4765 3212 4835; x_wconf 75' lang='grc' dir='ltr'>ὡσπερεὶ,</span> <span class='ocrx_word' id='word_1_898' title='bbox 3262 4766 3406 4833; x_wconf 88' lang='lat' dir='ltr'><strong>quod</strong></span> <span class='ocrx_word' id='word_1_899' title='bbox 3442 4763 3738 4832; x_wconf 83' lang='lat' dir='ltr'><strong>Origenem</strong></span> 
     </span>
    </p>
   </div>
   <div class='ocr_carea' id='block_1_114' title="bbox 2150 4836 3740 4908">
    <p class='ocr_par' dir='ltr' id='par_1_114' title="bbox 2150 4836 3740 4908">
     <span class='ocr_line' id='line_1_115' title="bbox 2150 4836 3740 4908; baseline -0.004 -15"><span class='ocrx_word' id='word_1_900' title='bbox 2150 4839 2326 4908; x_wconf 84' lang='lat' dir='ltr'><strong>ﬁgura</strong></span> <span class='ocrx_word' id='word_1_901' title='bbox 2363 4838 2595 4907; x_wconf 89' lang='lat' dir='ltr'><strong>quadam</strong></span> <span class='ocrx_word' id='word_1_902' title='bbox 2628 4838 2889 4891; x_wconf 90' lang='lat' dir='ltr'><strong>orationis</strong></span> <span class='ocrx_word' id='word_1_903' title='bbox 2915 4838 2991 4889; x_wconf 94' lang='lat' dir='ltr'><strong>uti</strong></span> <span class='ocrx_word' id='word_1_904' title='bbox 3021 4836 3384 4908; x_wconf 78' lang='lat' dir='ltr'><strong>demonstrat,</strong></span> <span class='ocrx_word' id='word_1_905' title='bbox 3433 4849 3497 4887; x_wconf 91' lang='lat' dir='ltr'><strong>ac</strong></span> <span class='ocrx_word' id='word_1_906' title='bbox 3528 4850 3740 4908; x_wconf 85' lang='lat' dir='ltr'><strong>nequa-</strong></span> 
     </span>
    </p>
   </div>
   <div class='ocr_carea' id='block_1_115' title="bbox 2150 4906 3737 4977">
    <p class='ocr_par' dir='ltr' id='par_1_115' title="bbox 2150 4906 3737 4977">
     <span class='ocr_line' id='line_1_116' title="bbox 2150 4906 3737 4977; baseline -0.002 -16"><span class='ocrx_word' id='word_1_907' title='bbox 2150 4906 2315 4977; x_wconf 81' lang='lat' dir='ltr'><strong>quam</strong></span> <span class='ocrx_word' id='word_1_908' title='bbox 2348 4911 2530 4961; x_wconf 83' lang='lat' dir='ltr'><strong>dicere</strong></span> <span class='ocrx_word' id='word_1_909' title='bbox 2584 4908 3013 4961; x_wconf 85' lang='lat' dir='ltr'><strong>incarnationem</strong></span> <span class='ocrx_word' id='word_1_910' title='bbox 3051 4906 3275 4974; x_wconf 84' lang='lat' dir='ltr'><strong>Spiritui</strong></span> <span class='ocrx_word' id='word_1_911' title='bbox 3313 4914 3505 4959; x_wconf 85' lang='lat' dir='ltr'><strong>sancto</strong></span> <span class='ocrx_word' id='word_1_912' title='bbox 3558 4906 3737 4970; x_wconf 84' lang='lat' dir='ltr'><strong>potis-</strong></span> 
     </span>
    </p>
   </div>
   <div class='ocr_carea' id='block_1_116' title="bbox 2150 4978 3739 5045">
    <p class='ocr_par' dir='ltr' id='par_1_116' title="bbox 2150 4978 3739 5045">
     <span class='ocr_line' id='line_1_117' title="bbox 2150 4978 3739 5045; baseline -0.003 -13"><span class='ocrx_word' id='word_1_913' title='bbox 2150 4981 2346 5033; x_wconf 85' lang='lat' dir='ltr'><strong>simum</strong></span> <span class='ocrx_word' id='word_1_914' title='bbox 2396 4980 2737 5039; x_wconf 86' lang='lat' dir='ltr'><strong>convenisse,</strong></span> <span class='ocrx_word' id='word_1_915' title='bbox 2792 4991 3022 5045; x_wconf 88' lang='lat' dir='ltr'><strong>cumque</strong></span> <span class='ocrx_word' id='word_1_916' title='bbox 3060 4978 3159 5029; x_wconf 86' lang='lat' dir='ltr'><strong>hoc</strong></span> <span class='ocrx_word' id='word_1_917' title='bbox 3192 4991 3395 5028; x_wconf 91' lang='lat' dir='ltr'><strong>munus</strong></span> <span class='ocrx_word' id='word_1_918' title='bbox 3462 4978 3739 5028; x_wconf 88' lang='lat' dir='ltr'><strong>sustinere</strong></span> 
     </span>
    </p>
   </div>
   <div class='ocr_carea' id='block_1_117' title="bbox 2152 5045 3735 5117">
    <p class='ocr_par' dir='ltr' id='par_1_117' title="bbox 2152 5045 3735 5117">
     <span class='ocr_line' id='line_1_118' title="bbox 2152 5045 3735 5117; baseline -0.001 -16"><span class='ocrx_word' id='word_1_919' title='bbox 2152 5064 2258 5102; x_wconf 91' lang='lat' dir='ltr'><strong>non</strong></span> <span class='ocrx_word' id='word_1_920' title='bbox 2290 5049 2568 5117; x_wconf 89' lang='lat' dir='ltr'><strong>potuisse;</strong></span> <span class='ocrx_word' id='word_1_921' title='bbox 2606 5050 2701 5117; x_wconf 78' lang='lat' dir='ltr'><strong>sed</strong></span> <span class='ocrx_word' id='word_1_922' title='bbox 2731 5049 2881 5114; x_wconf 90' lang='lat' dir='ltr'><strong>quasi</strong></span> <span class='ocrx_word' id='word_1_923' title='bbox 2910 5064 2957 5100; x_wconf 85' lang='lat' dir='ltr'><strong>et</strong></span> <span class='ocrx_word' id='word_1_924' title='bbox 2998 5048 3336 5117; x_wconf 71' lang='lat' dir='ltr'><strong>conveniret,</strong></span> <span class='ocrx_word' id='word_1_925' title='bbox 3362 5060 3429 5097; x_wconf 88' lang='lat' dir='ltr'><strong>ac</strong></span> <span class='ocrx_word' id='word_1_926' title='bbox 3461 5045 3735 5099; x_wconf 81' lang='lat' dir='ltr'><strong>sustinere</strong></span> 
     </span>
    </p>
   </div>
   <div class='ocr_carea' id='block_1_118' title="bbox 2154 5113 3738 5186">
    <p class='ocr_par' dir='ltr' id='par_1_118' title="bbox 2154 5113 3738 5186">
     <span class='ocr_line' id='line_1_119' title="bbox 2154 5113 3738 5186; baseline -0.005 -15"><span class='ocrx_word' id='word_1_927' title='bbox 2154 5134 2259 5171; x_wconf 89' lang='lat' dir='ltr'><strong>non</strong></span> <span class='ocrx_word' id='word_1_928' title='bbox 2291 5113 2497 5186; x_wconf 80' lang='lat' dir='ltr'><strong>posset,</strong></span> <span class='ocrx_word' id='word_1_929' title='bbox 2531 5117 2603 5170; x_wconf 90' lang='lat' dir='ltr'><strong>ita</strong></span> <span class='ocrx_word' id='word_1_930' title='bbox 2634 5113 2905 5186; x_wconf 79' lang='lat' dir='ltr'><strong>salvatori</strong></span> <span class='ocrx_word' id='word_1_931' title='bbox 2939 5116 3217 5169; x_wconf 87' lang='lat' dir='ltr'><strong>detulisse.</strong></span> <span class='ocrx_word' id='word_1_932' title='bbox 3259 5113 3400 5167; x_wconf 82' lang='lat' dir='ltr'><strong>Nam</strong></span> <span class='ocrx_word' id='word_1_933' title='bbox 3423 5128 3555 5186; x_wconf 76' lang='lat' dir='ltr'><strong>eum</strong></span> <span class='ocrx_word' id='word_1_934' title='bbox 3583 5125 3738 5166; x_wconf 79' lang='lat' dir='ltr'><strong>certo</strong></span> 
     </span>
    </p>
   </div>
   <div class='ocr_carea' id='block_1_119' title="bbox 2156 5183 3739 5256">
    <p class='ocr_par' dir='ltr' id='par_1_119' title="bbox 2156 5183 3739 5256">
     <span class='ocr_line' id='line_1_120' title="bbox 2156 5183 3739 5256; baseline -0.001 -17"><span class='ocrx_word' id='word_1_935' title='bbox 2156 5183 2643 5256; x_wconf 76' lang='lat' dir='ltr'><strong>tétteretOrigenes</strong></span> <span class='ocrx_word' id='word_1_936' title='bbox 2668 5185 2858 5239; x_wconf 87' lang='lat' dir='ltr'><strong>Filium</strong></span> <span class='ocrx_word' id='word_1_937' title='bbox 2879 5185 3079 5256; x_wconf 84' lang='lat' dir='ltr'><strong>Spiritu</strong></span> <span class='ocrx_word' id='word_1_938' title='bbox 3102 5194 3292 5238; x_wconf 83' lang='lat' dir='ltr'><strong>sancto</strong></span> <span class='ocrx_word' id='word_1_939' title='bbox 3329 5183 3587 5256; x_wconf 83' lang='lat' dir='ltr'><strong>majorem</strong></span> <span class='ocrx_word' id='word_1_940' title='bbox 3613 5197 3739 5237; x_wconf 86' lang='lat' dir='ltr'><strong>esse</strong></span> 
     </span>
    </p>
   </div>
   <div class='ocr_carea' id='block_1_120' title="bbox 2158 5255 3735 5323">
    <p class='ocr_par' dir='ltr' id='par_1_120' title="bbox 2158 5255 3735 5323">
     <span class='ocr_line' id='line_1_121' title="bbox 2158 5255 3735 5323; baseline -0.003 -13"><span class='ocrx_word' id='word_1_941' title='bbox 2158 5259 2369 5311; x_wconf 87' lang='lat' dir='ltr'><strong>ratione</strong></span> <span class='ocrx_word' id='word_1_942' title='bbox 2389 5255 2636 5323; x_wconf 69' lang='lat' dir='ltr'><strong>originis,</strong></span> <span class='ocrx_word' id='word_1_943' title='bbox 2677 5271 2775 5309; x_wconf 90' lang='lat' dir='ltr'><strong>nec</strong></span> <span class='ocrx_word' id='word_1_944' title='bbox 2797 5256 2862 5309; x_wconf 88' lang='lat' dir='ltr'><strong>ab</strong></span> <span class='ocrx_word' id='word_1_945' title='bbox 2893 5271 2959 5309; x_wconf 89' lang='lat' dir='ltr'><strong>eo</strong></span> <span class='ocrx_word' id='word_1_946' title='bbox 2994 5255 3131 5307; x_wconf 89' lang='lat' dir='ltr'><strong>mitti</strong></span> <span class='ocrx_word' id='word_1_947' title='bbox 3161 5270 3345 5322; x_wconf 88' lang='lat' dir='ltr'><strong>posse,</strong></span> <span class='ocrx_word' id='word_1_948' title='bbox 3378 5255 3584 5323; x_wconf 84' lang='lat' dir='ltr'><strong>quippe</strong></span> <span class='ocrx_word' id='word_1_949' title='bbox 3609 5269 3735 5305; x_wconf 83' lang='lat' dir='ltr'><strong>cum</strong></span> 
     </span>
    </p>
   </div>
   <div class='ocr_carea' id='block_1_121' title="bbox 2156 5322 3735 5396">
    <p class='ocr_par' dir='ltr' id='par_1_121' title="bbox 2156 5322 3735 5396">
     <span class='ocr_line' id='line_1_122' title="bbox 2156 5322 3735 5396; baseline -0.004 -15"><span class='ocrx_word' id='word_1_950' title='bbox 2156 5329 2387 5396; x_wconf 87' lang='lat' dir='ltr'><strong>Spiritus</strong></span> <span class='ocrx_word' id='word_1_951' title='bbox 2414 5322 2635 5380; x_wconf 82' lang='lat' dir='ltr'><strong>sanctus</strong></span> <span class='ocrx_word' id='word_1_952' title='bbox 2657 5342 2752 5393; x_wconf 86' lang='lat' dir='ltr'><strong>per</strong></span> <span class='ocrx_word' id='word_1_953' title='bbox 2776 5326 2966 5396; x_wconf 88' lang='lat' dir='ltr'><strong>Filium</strong></span> <span class='ocrx_word' id='word_1_954' title='bbox 2991 5326 3242 5387; x_wconf 82' lang='lat' dir='ltr'><strong>exsistat,</strong></span> <span class='ocrx_word' id='word_1_955' title='bbox 3264 5326 3346 5377; x_wconf 87' lang='lat' dir='ltr'><strong>sic</strong></span> <span class='ocrx_word' id='word_1_956' title='bbox 3371 5325 3523 5396; x_wconf 67' lang='lat' dir='ltr'><strong>Isaia:</strong></span> <span class='ocrx_word' id='word_1_957' title='bbox 3555 5322 3735 5375; x_wconf 82' lang='lat' dir='ltr'><strong>locum</strong></span> 
     </span>
    </p>
   </div>
   <div class='ocr_carea' id='block_1_122' title="bbox 2155 5394 3735 5466">
    <p class='ocr_par' dir='ltr' id='par_1_122' title="bbox 2155 5394 3735 5466">
     <span class='ocr_line' id='line_1_123' title="bbox 2155 5394 3735 5466; baseline -0.003 -19"><span class='ocrx_word' id='word_1_958' title='bbox 2155 5394 2533 5466; x_wconf 57' lang='lat' dir='ltr'><strong>triplicandum</strong></span> <span class='ocrx_word' id='word_1_959' title='bbox 2564 5397 2801 5465; x_wconf 86' lang='lat' dir='ltr'><strong>putavit,</strong></span> <span class='ocrx_word' id='word_1_960' title='bbox 2832 5406 2889 5448; x_wconf 90' lang='lat' dir='ltr'><strong>ut</strong></span> <span class='ocrx_word' id='word_1_961' title='bbox 2920 5395 3084 5448; x_wconf 87' lang='lat' dir='ltr'><strong>Filius</strong></span> <span class='ocrx_word' id='word_1_962' title='bbox 3111 5410 3218 5447; x_wconf 89' lang='lat' dir='ltr'><strong>non</strong></span> <span class='ocrx_word' id='word_1_963' title='bbox 3251 5404 3309 5446; x_wconf 92' lang='grc' dir='ltr'><strong>ιιι</strong></span> <span class='ocrx_word' id='word_1_964' title='bbox 3334 5410 3365 5446; x_wconf 89' lang='lat' dir='ltr'><strong>a</strong></span> <span class='ocrx_word' id='word_1_965' title='bbox 3396 5394 3735 5466; x_wconf 83' lang='lat' dir='ltr'><strong>majore,setl</strong></span> 
     </span>
    </p>
   </div>
   <div class='ocr_carea' id='block_1_123' title="bbox 2157 5464 3742 5535">
    <p class='ocr_par' dir='ltr' id='par_1_123' title="bbox 2157 5464 3742 5535">
     <span class='ocr_line' id='line_1_124' title="bbox 2157 5464 3742 5535; baseline -0.004 -15"><span class='ocrx_word' id='word_1_966' title='bbox 2157 5464 2272 5521; x_wconf 28' lang='lat' dir='ltr'><strong>ut‘a</strong></span> <span class='ocrx_word' id='word_1_967' title='bbox 2309 5481 2540 5535; x_wconf 86' lang='lat' dir='ltr'><strong>persona</strong></span> <span class='ocrx_word' id='word_1_968' title='bbox 2567 5464 2634 5518; x_wconf 78' lang='lat' dir='ltr'><strong>ex</strong></span> <span class='ocrx_word' id='word_1_969' title='bbox 2669 5466 2786 5533; x_wconf 89' lang='lat' dir='ltr'><strong>ipso</strong></span> <span class='ocrx_word' id='word_1_970' title='bbox 2813 5466 3136 5535; x_wconf 73' lang='lat' dir='ltr'><strong>procedente</strong></span> <span class='ocrx_word' id='word_1_971' title='bbox 3169 5476 3224 5516; x_wconf 90' lang='lat' dir='ltr'><strong>et</strong></span> <span class='ocrx_word' id='word_1_972' title='bbox 3258 5466 3363 5518; x_wconf 84' lang='lat' dir='ltr'><strong>hoc</strong></span> <span class='ocrx_word' id='word_1_973' title='bbox 3403 5478 3602 5535; x_wconf 72' lang='lat' dir='ltr'><strong>munus</strong></span> <span class='ocrx_word' id='word_1_974' title='bbox 3636 5464 3742 5514; x_wconf 85' lang='lat' dir='ltr'><strong>ho-</strong></span> 
     </span>
    </p>
   </div>
   <div class='ocr_carea' id='block_1_124' title="bbox 2158 5533 3735 5591">
    <p class='ocr_par' dir='ltr' id='par_1_124' title="bbox 2158 5533 3735 5591">
     <span class='ocr_line' id='line_1_125' title="bbox 2158 5533 3735 5591; baseline -0.006 0"><span class='ocrx_word' id='word_1_975' title='bbox 2158 5533 2320 5591; x_wconf 76' lang='lat' dir='ltr'><strong>noris</strong></span> <span class='ocrx_word' id='word_1_976' title='bbox 2345 5552 2509 5589; x_wconf 85' lang='lat' dir='ltr'><strong>causa</strong></span> <span class='ocrx_word' id='word_1_977' title='bbox 2541 5533 2826 5589; x_wconf 78' lang='lat' dir='ltr'><strong>deferente</strong></span> <span class='ocrx_word' id='word_1_978' title='bbox 2861 5536 3055 5588; x_wconf 88' lang='lat' dir='ltr'><strong>missus</strong></span> <span class='ocrx_word' id='word_1_979' title='bbox 3100 5535 3399 5588; x_wconf 86' lang='lat' dir='ltr'><strong>diceretur.</strong></span> <span class='ocrx_word' id='word_1_980' title='bbox 3432 5533 3735 5585; x_wconf 81' lang='lat' dir='ltr'><strong>Perabsur-</strong></span> 
     </span>
    </p>
   </div>
   <div class='ocr_carea' id='block_1_125' title="bbox 2157 5601 3736 5676">
    <p class='ocr_par' dir='ltr' id='par_1_125' title="bbox 2157 5601 3736 5676">
     <span class='ocr_line' id='line_1_126' title="bbox 2157 5601 3736 5676; baseline -0.004 -17"><span class='ocrx_word' id='word_1_981' title='bbox 2157 5610 2283 5659; x_wconf 90' lang='lat' dir='ltr'><strong>dum</strong></span> <span class='ocrx_word' id='word_1_982' title='bbox 2314 5620 2444 5676; x_wconf 83' lang='lat' dir='ltr'><strong>ergo</strong></span> <span class='ocrx_word' id='word_1_983' title='bbox 2476 5606 2614 5676; x_wconf 82' lang='lat' dir='ltr'><strong>foret</strong></span> <span class='ocrx_word' id='word_1_984' title='bbox 2644 5606 2694 5658; x_wconf 91' lang='lat' dir='ltr'><strong>id</strong></span> <span class='ocrx_word' id='word_1_985' title='bbox 2723 5605 2864 5676; x_wconf 84' lang='lat' dir='ltr'><strong>quod</strong></span> <span class='ocrx_word' id='word_1_986' title='bbox 2895 5606 3154 5676; x_wconf 78' lang='lat' dir='ltr'><strong>Origenes</strong></span> <span class='ocrx_word' id='word_1_987' title='bbox 3184 5620 3212 5655; x_wconf 89' lang='lat' dir='ltr'><strong>a</strong></span> <span class='ocrx_word' id='word_1_988' title='bbox 3231 5618 3291 5656; x_wconf 89' lang='lat' dir='ltr'><strong>se</strong></span> <span class='ocrx_word' id='word_1_989' title='bbox 3318 5602 3448 5676; x_wconf 87' lang='lat' dir='ltr'><strong>tingi</strong></span> <span class='ocrx_word' id='word_1_990' title='bbox 3469 5601 3736 5676; x_wconf 66' lang='lat' dir='ltr'><strong>declarat.</strong></span> 
     </span>
    </p>
   </div>
   <div class='ocr_carea' id='block_1_126' title="bbox 2158 5671 3741 5745">
    <p class='ocr_par' dir='ltr' id='par_1_126' title="bbox 2158 5671 3741 5745">
     <span class='ocr_line' id='line_1_127' title="bbox 2158 5671 3741 5745; baseline -0.004 -16"><span class='ocrx_word' id='word_1_991' title='bbox 2158 5687 2217 5729; x_wconf 87' lang='lat' dir='ltr'><strong>nt</strong></span> <span class='ocrx_word' id='word_1_992' title='bbox 2247 5671 2859 5745; x_wconf 71' lang='lat' dir='ltr'><strong>geruianissitnamejus</strong></span> <span class='ocrx_word' id='word_1_993' title='bbox 2880 5672 3200 5745; x_wconf 77' lang='lat' dir='ltr'><strong>sententiam</strong></span> <span class='ocrx_word' id='word_1_994' title='bbox 3228 5742 3237 5745; x_wconf 86' lang='lat'><em>_</em></span> <span class='ocrx_word' id='word_1_995' title='bbox 3263 5673 3532 5745; x_wconf 75' lang='lat' dir='ltr'><strong>accipere.</strong></span> <span class='ocrx_word' id='word_1_996' title='bbox 3566 5698 3639 5709; x_wconf 92' lang='lat'>—</span> <span class='ocrx_word' id='word_1_997' title='bbox 3657 5671 3741 5745; x_wconf 58' lang='grc' dir='ltr'>ιι.</span> 
     </span>
    </p>
   </div>
   <div class='ocr_carea' id='block_1_127' title="bbox 2156 5739 3743 5811">
    <p class='ocr_par' dir='ltr' id='par_1_127' title="bbox 2156 5739 3743 5811">
     <span class='ocr_line' id='line_1_128' title="bbox 2156 5739 3743 5811; baseline -0.005 -12"><span class='ocrx_word' id='word_1_998' title='bbox 2156 5739 2416 5799; x_wconf 69' lang='lat' dir='ltr'><strong>Prudent.</strong></span> <span class='ocrx_word' id='word_1_999' title='bbox 2448 5745 2665 5811; x_wconf 67' lang='lat' dir='ltr'><strong>illatus,</strong></span> <span class='ocrx_word' id='word_1_1000' title='bbox 2705 5739 2782 5800; x_wconf 72' lang='lat' dir='ltr'><strong>De</strong></span> <span class='ocrx_word' id='word_1_1001' title='bbox 2807 5744 3010 5797; x_wconf 84' lang='lat' dir='ltr'><strong>dioinit.</strong></span> <span class='ocrx_word' id='word_1_1002' title='bbox 3042 5740 3239 5796; x_wconf 84' lang='lat' dir='ltr'><strong>Christi</strong></span> <span class='ocrx_word' id='word_1_1003' title='bbox 3267 5742 3363 5798; x_wconf 90' lang='lat' dir='ltr'><strong>lib.</strong></span> <span class='ocrx_word' id='word_1_1004' title='bbox 3390 5739 3477 5808; x_wconf 75' lang='grc' dir='ltr'><strong>ιν,</strong></span> <span class='ocrx_word' id='word_1_1005' title='bbox 3501 5754 3624 5809; x_wconf 75' lang='lat' dir='ltr'><strong>cap.</strong></span> <span class='ocrx_word' id='word_1_1006' title='bbox 3652 5739 3743 5803; x_wconf 76' lang='lat' dir='ltr'><strong>l6,</strong></span> 
     </span>
    </p>
   </div>
   <div class='ocr_carea' id='block_1_128' title="bbox 2160 5816 2433 5871">
    <p class='ocr_par' dir='ltr' id='par_1_128' title="bbox 2160 5816 2433 5871">
     <span class='ocr_line' id='line_1_129' title="bbox 2160 5816 2433 5871; baseline 0 -2"><span class='ocrx_word' id='word_1_1007' title='bbox 2160 5831 2310 5871; x_wconf 90' lang='lat' dir='ltr'><strong>num.</strong></span> <span class='ocrx_word' id='word_1_1008' title='bbox 2346 5816 2433 5869; x_wconf 80' lang='grc'><strong>10.</strong></span> 
     </span>
    </p>
   </div>
  </div>
