3898 6522
121 432 207 486 797
906 442 1482 505 ORIGENIANORUM
1519 449 1649 505 LIB.
1690 449 1754 516 ll,
1795 450 1948 508 CAP.
1989 452 2057 516 II,
2100 453 2379 522 QUIEST.
2419 455 2529 511 lIl.‘

3245 462 3348 519 798

177 549 532 644 (ΫΪᾎῘῩΖῩΪΜ
567 571 722 644 ΫὟΡἾ
753 558 948 644 dixe”!
984 561 1185 644 Filium
1213 566 1345 644 II_ei,
1382 580 1662 644 antequam
1692 575 1738 632 Α
1768 587 1930 637 unus,
1964 591 1983 626 s
2025 575 2198 644 inquit
2221 591 2369 629 num.
2413 575 2470 638 5,
2506 593 2525 628 t
2562 575 2776 632 Domini
2813 577 2918 632 mei
2964 576 3090 634 Jesu
3142 581 3345 636 Christi

176 631 295 708 esset
327 625 502 683 homo.
530 628 870 708 mediatorem
916 633 1099 708 fuisse.
1145 637 1204 690 V.
1240 636 1306 690 In
1332 625 1434 708 quo
1463 625 1528 694 et.
1547 639 1659 694 Pa-

176 704 298 774 trum
328 696 673 774 quorumdam
697 702 1038 774 consensione
1061 722 1116 758 se
1144 696 1455 762 tuetur.'V|.
1478 711 1657 765 Excu-

177 765 369 846 tiunt‘ur
405 765 519 831 ejus
543 782 744 820 errores
773 771 839 846 de
881 774 1060 846 anima
1103 777 1320 833 Christi.
1370 780 1478 834 VII.
1523 781 1659 846 Qui-

176 831 464 913 busntamen
508 851 610 888 non
653 840 989 900 pertinaciter
1031 831 1277 901 adbo-sit.
1308 831 1475 903 CVIII.
1509 831 1659 904 ῆόή-

175 902 296 954 nulli
346 905 510 985 ips-ilus
567 919 902 985 accusatores
968 902 1352 972 retunduntur.
1397 902 1486 974 IX.
1513 902 1658 985 riQuo

171 988 313 1024 sensu
346 971 543 1053 [filiuni
571 987 616 1027 et
657 977 772 1053 eius
814 982 1045 1053 animth
1091 1002 1249 1040 unum
1287 971 1654 1053 esse—

171 1045 595 1115 quemadmodum
649 1044 808 1100 Pater
863 1060 912 1103 et
967 1050 1138 1108 Filius
1187 1073 1346 1111 unum
1393 1072 1533 1114 sunt.
1583 1044 1654 1115 X;

178 1107 352 1198 Utrum
385 1112 886 1198 Christunt’carnem
914 1122 978 1174 de
999 1107 1655 1198 ςφιόναῑέὲέὶὶξεέἷὲῖηιῖί

170 1196 276 1267 sum
319 1184 576 1267 habuerit.
634 1185 721 1267 XI.
766 1191 848 1242 An
890 1194 1167 1267 crediderit
1225 1184 1493 1253 Christum
1541 1217 1658 1267 spe-

171 1263 387 1306 ctelenus
419 1263 673 1324 inuterris
707 1263 1042 1324 apparuisse,
1085 1281 1189 1318 non
1232 1284 1402 1322 veram
1440 1263 1650 1323 carnem

202 1334 404 1405 estus”.
432 1322 544 1405 XII:
593 1323 883 1405 Snolvuntuj
920 1322 1153 1405 difﬁciles
1192 1337 1353 1405 ipsius
1393 1339 1492 1392 loci
1525 1322 1650 1394 duo.

218 1390 298 1470 III.
323 1389 474 1472 Unde
520 1394 572 1446 in
617 1395 753 1474 hanc
787 1400 944 1474 a/ﬁcti
975 1389 1221 1474 "Christo.
1248 1389 1375 1474 falsi

169 1463 502 1526 suspicionem
525 1467 740 1523 venerit.
766 1463 1090 1534 eaiploratur.
1125 1463 1260 1530 Χινζ
1288 1475 1476 1530 Utrum
1495 1463 1652 1532 Chri-

167 1541 291 1582 stum
324 1547 523 1603 nierum
547 1550 657 1588 esse
688 1538 946 1592 hominem
992 1544 1387 1600 existimaverit.
1431 1546 1542 1601 XV.
1572 1553 1652 1603 Αη

167 1603 285 1686 duos
336 1599 572 1686 Christus
614 1606 846 1686 (ingerit.
1072 1610 1261 1668 Utrum
1290 1627 1335 1669 et
1365 1599 1465 1686 quo

167 1667 340 1750 {esum
371 1667 623 1750 induisse
648 1673 870 1750 Filium
893 1678 984 1734 Dei
1022 1667 1456 1750 pronuntiaveiit:

168 1737 274 1814 Quo
328 1743 798 1814 sensu__C_hristum
837 1737 1033 1804 dixeril
1082 1737 1651 1814 eamagema—uiris};

164 1811 673 1888 buntprtam.__XVIII.
707 1815 824 1879 Quo
854 1835 1011 1873 sensu
1047 1811 1312 1877 Christum
1341 1843 1451 1880 esse
1499 1827 1651 1880 dixe-

165 1882 223 1929 rit
247 1881 412 1963 virum
439 1881 588 1963 illum
611 1889 862 1963 glerilem,
893 1891 956 1941 de
979 1890 1360 1963 quo_._feremias
1379 1913 1495 1963 cap.
1515 1913 1645 1962 ull,

161 1963 282 2003 vers.
314 1950 416 2036 50..Δ
610 1951 800 2036 Ιδξίνιιιη
851 1950 1043 2036 corpus
1077 1961 1289 2036 Christi
1310 1950 1497 2036 ubique
1536 1950 1644 2020 esse

163 2020 588 2104 censuerit.
626 2023 738 2104 fro
772 2020 961 2096 quibus
985 2048 1198 2104 passum
1227 2020 1492 2088 Christum
1528 2037 1642 2104 opi-

161 2098 302 2160 natus
331 2093 419 2142 sit.
455 2090 592 2146 XXI.
621 2090 1221 2154 Recen'sentur'Putrum
1253 2090 1644 2160 criminatioiies

158 2158 399 2237 adversus
458 2160 699 2238 Qrigenis
768 2170 1099 2238 sententiam.
1167 2171 1326 2225 XXII.
1395 2174 1524 2238 Qua:

156 2232 306 2293 ipsius
362 2232 528 2283 verbis
561 2237 888 2301 proponitur.
931 2237 1121 2298 XXIII.
1169 2242 1292 2296 Non
1337 2232 1469 2298 satis
1524 2262 1646 2299 con-

156 2306 250 2348 stat
275 2315 510 2380 arismpe
541 2304 658 2370 jam
704 2322 800 2371 pro
835 2309 987 2361 rebus
1034 2312 1236 2365 ratione
1273 2315 1542 2380 praeditis,
1576 2333 1646 2369 an

155 2368 818 2453 semelf‘untuntpassurn,
853 2380 1105 2453 arietinis:
1139 2368 1425 2453 aliquando
1459 2368 1647 2453 passu?

156 2452 261 2522 rum
285 2438 558 2522 libris-tum
581 2447 860 2522 putaverit.
903 2447 1093 2522 XXIV.
1138 2438 1429 2522 [insumit
1459 2438 1645 2509 allatis

154 2508 380 2590 genuina
429 2512 600 2592 ipsius
658 2515 1112 2592 Opinio__elicitur.
1163 2508 1345 2592 XXV:
1392 2522 1558 2592 Cujus
1597 2508 1645 2578 et

153 2581 288 2664 origo
348 2581 632 2664 indicatur.
927 2587 1226 2664 _lVonnul_I_a
1277 2581 1490 2664 faciunt
1549 2612 1644 2664 pro

152 2660 300 2700 causa
355 2647 619 2718 Origenis.
680 2651 890 2714 XXVII.
924 2655 1112 2712 Utrum
1160 2647 1426 2715 Christum
1455 2665 1509 2716 in
1538 2647 1647 2718 s'ole

157 2731 331 2778 corpus
347 2736 507 2798 suum
535 2723 806 2798 reliquisse
821 2730 917 2780 sibi
939 2730 1172 2795 ﬁnxerit.
1195 2730 1232 2782 X
1247 2731 1436 2789 XVIII.
1455 2732 1645 2788 Utrum

153 2789 408 2840 censuerit
439 2789 705 2844 Christum
755 2789 1164 2871 lion-tineiiuesse
1203 2803 1454 2867 desiisse,
1503 2815 1646 2871 post-

151 2871 313 2934 quum
340 2869 584 2934 mortuus
635 2873 730 2914 est.
777 2864 965 2921 XXIX.
1005 2867 1120 2932 Quo
1166 2887 1320 2924 sensu
1373 2864 1646 2926 Cliri'stum

150 2929 333 3004 dixerit
371 2933 536 2981 etiam
571 2947 709 3004 nunc
760 2935 934 3004 lugere
979 2929 1192 3004 peccata
1244 2952 1442 2994 nostra.
1471 2943 1642 2997 XXX.

155 2993 340 3049 Utrum
371 3014 595 3066 regnum
625 2993 1140 3061 Cltristi'desit'urum
1168 2993 1468 3068 crediderit.

152 3083 188 3138 Ι.
221 3085 529 3158 angatum,
567 3102 621 3146 et
649 3093 702 3146 in
720 3095 918 3150 scholis
937 3107 1208 3167 receptmn
1228 3101 1645 3172 theologicarum

92 3177 501 3244 disputationum
525 3183 768 3239 ordinem
818 3187 906 3241 hic
944 3188 1278 3256 deserimus,
1311 3205 1644 3250 assectantes

91 3265 361 3338 Origenem
390 3313 407 3337 ,
453 3275 608 3344 cujus
637 3285 694 3329 ut
723 3278 1012 3334 abnormes
1048 3280 1268 3337 fuerunt
1306 3285 1552 3354 plurima:
1584 3289 1649 3341 de
1676 3293 1721 3354 ρ

90 3362 234 3416 rebus
272 3363 477 3418 divinis
508 3366 790 3421 sententiae
814 3405 828 3430 ,
862 3369 931 3421 ita
961 3370 1242 3437 peculiari,
1271 3382 1326 3427 et
1356 3388 1387 3428 a
1415 3389 1646 3430 consue-

89 3450 150 3504 tis
190 3453 366 3508 aliena
399 3455 668 3511 divisione
695 3461 991 3514 tractanda:
1017 3471 1166 3516 sunt.
1225 3462 1282 3518 In
1335 3464 1646 3520 inferiorem

85 3554 198 3612 ergo
223 3545 402 3600 locum
441 3547 680 3615 rejectis,
730 3563 849 3617 quae
894 3551 960 3603 ad
1000 3553 1222 3620 angelos
1267 3566 1322 3610 et
1371 3558 1646 3625 opificium

87 3648 169 3686 sex
196 3636 404 3691 dierum
432 3678 449 3703 ,
500 3641 716 3708 aliaque
764 3641 850 3696 his
888 3643 1140 3714 deinceps
1190 3648 1443 3703 subuecti
1489 3652 1649 3705 solita

84 3725 386 3792 pertinent,
423 3731 850 3798 quaestionibus,
882 3731 1134 3805 Origenis
1179 3738 1244 3792 de
1292 3736 1458 3794 Verbi
1491 3742 1648 3796 évav-

85 3814 348 3889 Θρωπὴσει
428 3829 480 3874 et
543 3823 824 3896 οἰκονομίᾳ
874 3838 1272 3894 perscrutemur
1312 3833 1569 3899 decreta,
1599 3834 1646 3888 si

81 3922 187 3975 qua:
233 3922 360 3966 sunt
417 3913 651 3966 obnoxia
716 3918 1259 3987 reprehensionibus,
1307 3933 1361 3976 et
1407 3925 1646 3978 animum

81 4009 291 4068 pessum
330 4002 616 4060 offendere
641 4007 857 4064 lectoris
883 4012 1194 4066 orthodoxi.
1229 4012 1308 4068 Ac
1332 4026 1456 4070 sunt
1480 4028 1648 4082 certe,

80 4105 242 4162 neque
289 4109 505 4164 pauca,
544 4115 662 4166 quae
716 4100 785 4154 ab
833 4102 950 4170 ejus
981 4105 1240 4158 ventilata
1289 4114 1345 4159 et
1374 4107 1649 4162 confutata

81 4185 430 4254 adversariis,
464 4201 666 4244 :eterua
708 4193 913 4247 nomini
946 4194 1062 4264 ejus
1092 4195 1348 4266 stigmata
1377 4198 1651 4268 imposue-

77 4286 207 4332 runt.
383 4339 402 4355 ο

139 4371 197 4426 ll.
232 4373 380 4428 Leve
421 4374 548 4428 illud
598 4383 682 4429 est
734 4390 843 4444 ιιι-ιιι
884 4375 1109 4446 reliquis
1137 4391 1261 4432 mox
1290 4380 1648 4449 exponendis,

75 4474 122 4517 et
146 4467 381 4536 aliquam
417 4467 622 4522 habens
649 4471 1084 4533 excusationem,
1111 4486 1219 4541 quo
1247 4473 1519 4528 Christum
1551 4476 1648 4530 do-

73 4559 191 4622 cuit,
219 4571 519 4631 antequam
568 4561 731 4615 homo
773 4564 959 4628 fieret,
1010 4561 1158 4616 Patri
1213 4564 1640 4632 ministrantem,

1761 661 2026 718 adventus
2064 678 2172 729 quo
2201 664 2480 718 descendit
2503 665 2568 718 ad
2603 674 2805 728 terras;
2839 676 2894 720 et
2923 670 2990 721 ad
3027 665 3219 723 Isaiam
3247 683 3340 722 ve-

1761 754 1862 820 nit,
1889 764 1942 810 et
1968 754 2034 808 ad
2066 754 2285 826 Moysen
2323 759 2489 822 venit,
2523 765 2576 811 et
2602 757 2669 811 ad
2704 758 2958 827 populum
2986 760 3157 822 venit,
3190 770 3244 814 et
3276 760 3345 813 ad

1760 860 2201 916 unumquemque
2223 851 2606 917 prophetarum
2632 851 2779 904 venit
2807 868 2822 905 :
2851 867 3023 920 neque
3051 860 3105 905 tu
3127 853 3339 917 timeas,

1759 937 1970 993 etiamsi
1994 937 2108 1007 jam
2136 939 2275 995 εωιο
2313 951 2560 1010 receptus
2588 951 2692 1006 est,
2728 942 2922 997 iterum
2965 943 3166 997 veniet.
3201 942 3341 1009 Quia

1757 1040 1937 1087 autem
1985 1040 2040 1086 ct
2085 1040 2214 1086 ante
2259 1033 2602 1101 praesentiam
2650 1033 2921 1088 carnalem
2974 1035 3038 1088 ad
3092 1033 3340 1090 homines

1761 1124 2008 1189 venerit,
2045 1123 2221 1194 ipsum
2251 1125 2437 1194 accipe
2475 1135 2666 1179 testem
2717 1127 3124 1182 denuntiantem
3176 1140 3342 1198 atque

1759 1217 2029 1272 dicentem
2059 1233 2074 1270 :
2100 1216 2424 1284 Jerusalem,
2451 1216 2786 1282 Jerusalem,
2825 1236 2943 1288 qua:
2983 1221 3177 1274 occidis
3210 1235 3336 1288 pro-

1758 1307 1962 1377 phetas,
1983 1319 2030 1361 et
2062 1308 2271 1377 lapides
2303 1325 2390 1362 eos
2431 1311 2520 1379 qui
2558 1313 2706 1363 missi
2744 1321 2864 1363 sunt
2903 1311 2970 1363 ad
3007 1321 3090 1374 te,
3137 1311 3338 1382 quoties

1759 1398 1906 1452 volui
1933 1398 2177 1468 colligere
2209 1399 2352 1466 ﬁlios
2394 1409 2510 1453 tuos
2528 1399 2620 1451 "‘l
2653 1401 2869 1465 Quoties
2898 1401 3056 1454 volui.
3107 1398 3222 1456 Non
3256 1403 3338 1455 di-

1760 1488 1870 1542 cit:
1899 1487 2017 1545 Non
2052 1489 2160 1544 vidi
2190 1500 2240 1544 te
2267 1489 2369 1544 nisi
2401 1491 2507 1546 isto
2538 1491 2776 1545 adventu
2803 1509 2818 1556 ;
2844 1491 2939 1545 sed
2971 1491 3102 1545 dicit
3133 1509 3147 1546 :
3190 1489 3336 1558 Quo-

1755 1579 1854 1634 ties
1885 1579 2048 1634 volui.
2091 1579 2158 1635 Et
2181 1595 2277 1649 per
2302 1581 2544 1652 singulos
2569 1583 2955 1652 prophetarum
3006 1593 3334 1638 convertens

1755 1670 2004 1742 se:Ego,
2032 1671 2232 1740 inquit,
2285 1686 2433 1727 eram
2486 1673 2734 1729 Christus
2778 1675 2867 1743 qui
2930 1673 3190 1743 loquebar
3239 1689 3335 1744 per

1754 1762 2065 1831 prophetas.
2093 1763 2210 1817 Dixi
2248 1779 2263 1817 :
2301 1761 2487 1834 Neque
2522 1774 2576 1819 tu
2610 1765 2838 1831 timeas,
2865 1775 2920 1819 et
2971 1781 3112 1819 nunc
3157 1765 3327 1819 mitti-

1758 1861 1844 1906 tur
1879 1853 2037 1909 Jesus
2061 1853 2334 1910 Christus.
2369 1855 2486 1911 Non
2529 1858 2790 1912 mentitur
2823 1876 2838 1912 :
2872 1857 3155 1912 Vobiscum
3191 1877 3328 1922 sunt,

1681 1932 1724 1992 Β
1750 1945 1824 1998 ait
1851 1945 2129 2011 Dominus,
2151 1962 2326 2001 omnes
2351 1949 2462 2002 dies
2490 1965 2653 2019 usque
2700 1950 2770 2003 ad
2819 1952 3327 2004 consummationem

1750 2057 1930 2111 sa'culi
1957 2057 2022 2109 ⁵⁸.
2063 2055 2175 2111 Νοιι
2220 2059 2522 2114 utentitur:
2571 2058 2674 2113 Ubi
2721 2061 2826 2114 duo
2857 2061 2933 2114 vel
2980 2069 3083 2114 tres
3123 2061 3328 2114 collecti

1751 2158 1870 2201 sunt
1890 2151 1942 2202 in
1967 2150 2174 2203 nomine
2205 2165 2341 2211 meo,
2367 2159 2416 2202 et
2446 2166 2540 2218 ego
2567 2168 2684 2204 sum
2709 2152 2764 2204 in
2800 2153 2970 2205 medio
3000 2152 3266 2206 eorum".
3299 2170 3318 2202 ι

1753 2239 1848 2295 llis
1895 2250 2113 2294 assonat
2159 2250 2288 2294 tom.
2342 2257 2416 2295 xu
2462 2243 2516 2295 in
2580 2241 2800 2308 Mattli.,
2843 2259 2990 2297 num.
3037 2243 3106 2297 45
3139 2261 3150 2297 :
3183 2241 3326 2314 Πρό-

1755 2347 1881 2401 σχες
1904 2330 1960 2383 δὲ
1986 2333 2034 2384 εἰ
2066 2330 2291 2384 δύνασαι
2324 2331 2616 2385 καὶταῦτα
2657 2335 2832 2387 εἰπεῖν
2875 2334 3002 2405 περὶ
3043 2334 3148 2387 τῶν
3184 2335 3327 2388 κατὰ

1752 2421 1844 2475 τὸν
1867 2421 2050 2486 τόπον,
2085 2423 2165 2475 ὅτι
2213 2424 2504 2494 νοήσαντες
2549 2426 2598 2478 οἱ
2635 2424 2873 2496 μαθηταὶ
2926 2426 3016 2479 τὸν
3063 2426 3190 2479 Υἱὸν
3230 2427 3326 2480 τοῦ

1752 2512 1888 2567 Θεοῦ
1915 2513 2384 2584 κεχρηματικέναι
2410 2515 2651 2578 Μωῦσεῖ,
2681 2515 2772 2568 καὶ
2795 2517 2956 2569 αὐτὸν
2984 2511 3120 2570 εἶναι
3144 2515 3235 2570 τὸν
3257 2518 3327 2569 εί-

1753 2607 1960 2679 ρηκότα
1980 2623 1993 2636 ο
2019 2607 2079 2658 οὐ
2107 2606 2218 2677 γὰρ
2239 2605 2428 2676 ὄψεται
2455 2606 2740 2680 ἄνθρωπος
2767 2607 2829 2661 τὺ
2866 2609 3153 2678 πρόσωπόν
3198 2625 3324 2680 μου,

1752 2699 1848 2752 καὶ
1877 2697 2133 2771 ζήσεται·
2192 2708 2248 2753 et
2295 2708 2455 2754 tract.
2501 2715 2627 2754 xxv:
2682 2700 2737 2753 in
2773 2699 2989 2766 Mattlt.,
3041 2718 3188 2755 mnu.
3229 2701 3324 2765 98,

1753 2807 1874 2861 pag.
1901 2793 2028 2856 849,
2056 2807 2335 2862 exponens
2358 2792 2485 2847 illud
2513 2810 2527 2847 :
2573 2791 2789 2857 Quoties
2830 2793 2972 2846 volui
3009 2809 3324 2862 congregare

1752 2885 1891 2954 filios
1921 2893 2060 2949 tuos,
2088 2887 2222 2939 sicut
2260 2884 2460 2954 gallina
2491 2885 2663 2954 pullos
2707 2902 2829 2939 suos
2871 2888 2966 2941 sub
3006 2903 3201 2952 pennas
3223 2929 3238 2951 ,
3274 2899 3322 2940 et

1755 2976 2014 3031 noluisti?
2050 2996 2068 3029 ι
2103 2977 2401 3044 Quomodo,
2457 2978 2668 3045 inquit,
2723 2977 2812 3033 hic
2877 2979 3134 3032 Dominus
3169 2977 3324 3034 Iesus

1753 3072 1908 3139 quasi
1964 3075 2052 3141 qui
2107 3072 2416 3142 frequenter
2465 3070 2643 3124 voluit
2707 3085 3038 3140 congregare
3085 3068 3320 3136 Iudaeos,

1755 3179 1860 3219 non
1892 3174 2069 3220 autem
2119 3164 2465 3234 congregavit
2511 3173 2732 3232 propter
2777 3161 3171 3216 contumaciam
3223 3178 3321 3215 no-

1753 3258 1977 3314 lentium
2005 3259 2248 3320 credere,
2283 3257 2355 3310 ita
2397 3254 2568 3309 dicit:
2601 3253 2816 3319 Quoties
2845 3255 2982 3308 volui
3023 3269 3044 3310 :
3092 3270 3212 3310 cum
3244 3257 3315 3310 sit

1752 3350 2096 3406 manifestum
2123 3348 2288 3404 semel
2308 3363 2430 3402 eum
2453 3347 2698 3402 docuisse
2718 3346 2770 3400 in
2797 3361 3024 3416 corpore
3060 3346 3320 3402 Iudaeos?

1751 3443 1856 3497 Sed
1890 3457 1995 3496 non
2019 3441 2192 3496 solum
2222 3442 2274 3494 in
2301 3440 2588 3510 praesentia
2613 3480 2629 3505 ,
2656 3455 2842 3492 verum
2869 3441 3031 3494 etiam
3062 3440 3315 3493 substan-

1752 3534 1950 3590 tialiter
1973 3548 2187 3603 semper
2223 3531 2474 3588 Christus
2508 3547 2748 3601 praesens
2791 3531 2887 3585 luit
2932 3541 2987 3585 et
3021 3533 3071 3585 in
3118 3531 3321 3604 Moyse,

1749 3634 1804 3679 et
1836 3623 1888 3679 in
1918 3622 2231 3693 prophetis;
2269 3622 2441 3692 magis
2479 3630 2659 3675 autem
2707 3632 2765 3676 et
2819 3622 2873 3675 in
2909 3621 3114 3690 angelis
3163 3623 3324 3678 mini-

1748 3713 2052 3768 strantibus
2081 3712 2242 3767 saluti
2270 3713 2542 3777 humanae,
2581 3721 2638 3766 et
2686 3727 2783 3782 per
2804 3713 3047 3782 singulas
3095 3728 3324 3783 genera-

1751 3824 1925 3879 tiones
1959 3845 1971 3880 :
2006 3833 2063 3879 et
2097 3824 2178 3880 sic
2215 3824 2469 3892 impletur
2503 3839 2517 3875 :
2562 3823 2776 3889 Quoties
2811 3823 2969 3878 volui.
3005 3824 3104 3878 Per
3138 3827 3322 3895 singu-

1749 3914 1830 3971 las
1863 3917 2008 3970 enim
2040 3919 2418 3986 generationes
2466 3931 2682 3984 semper
2719 3915 2888 3969 voluit
2932 3923 2988 3968 et
3044 3915 3323 3970 festinavit

1751 4008 2015 4078 perlicere
2065 4008 2397 4062 voluntatem
2448 4008 2631 4062 Patris
2680 4009 2733 4062 in
2781 4008 2910 4063 eis:
2950 4009 3052 4062 etsi
3110 4023 3214 4061 non
3266 4009 3319 4062 iu

1748 4114 1976 4168 corpore
2004 4101 2353 4162 constitutus,
2396 4099 2541 4153 sicut
2573 4113 2715 4152 nunc
2749 4098 2801 4152 in
2834 4097 2940 4152 line
2980 4098 3323 4164 saeculorum,

1749 4201 1928 4246 tamen
1967 4207 2181 4263 semper
2229 4191 2503 4246 festinavit
2543 4204 2870 4260 congregare
2915 4191 3053 4244 tllios
3099 4187 3318 4244 Jerusa-

1747 4285 1872 4340 lem.
1909 4284 2084 4354 Ipsius
2123 4283 2268 4338 enim
2299 4281 2527 4338 volentis
2552 4297 2883 4352 congregare
2918 4281 3055 4336 filios
3096 4280 3318 4336 Jerusa-

1747 4377 1850 4431 lem
1884 4391 2042 4432 voces
2090 4376 2359 4430 habentur
2406 4375 2458 4428 in
2491 4373 2608 4444 lege
2635 4383 2689 4428 et
2721 4374 2772 4427 in
2810 4373 3126 4444 prophetis:
3153 4383 3208 4426 et
3254 4372 3321 4425 de

1751 4468 1868 4537 ipso
1893 4468 2157 4536 scriptum
2187 4475 2268 4520 est
2303 4483 2317 4519 :
2351 4465 2666 4534 Expendens
2697 4465 2811 4517 alas
2834 4479 2956 4517 suas
2983 4463 3177 4531 accepit
3209 4479 3319 4529 eos,

1749 4569 1797 4613 et
1836 4560 2062 4628 suscepit
2104 4575 2190 4614 eos
2227 4574 2383 4625 super
2416 4556 2656 4626 scapulas
2679 4573 2802 4610 suas
2834 4556 2880 4588 ³⁸
2908 4574 2923 4611 :
2968 4565 3023 4610 et
3055 4556 3322 4625 quotidia-

73 4644 120 4698 in
162 4645 372 4718 Moyse,
412 4651 686 4718 prophetis
725 4661 780 4704 et
826 4651 1034 4718 angelis
1085 4653 1361 4706 hominum
1417 4655 1641 4709 salutem
1675 4637 1719 4692 Ι)
1750 4665 1877 4704 mnu
1917 4665 2052 4719 opus
2084 4661 2167 4704 est
2201 4648 2402 4704 Christi
2432 4663 2761 4720 congregare
2789 4649 2932 4703 filios
2976 4646 3314 4711 «Ierusalem;

71 4743 512 4804 promoventihus
545 4741 810 4806 adfuisse,
846 4751 901 4796 et
933 4742 1150 4810 quidem
1186 4743 1635 4811 substantialiter,

72 4836 222 4898 atque
255 4833 327 4886 ita
359 4849 516 4887 suam
544 4833 944 4902 quodammodo
989 4833 1300 4904 οἰκονομίαν
1335 4835 1638 4891 inchoasse.

70 4924 138 4976 En
176 4927 270 4979 tibi
301 4927 481 4996 ipsius
512 4929 670 4980 verba
703 4942 767 4981 ex
798 4926 984 4982 homil.
1014 4925 1048 4980 8
1074 4928 1128 4980 in
1157 4925 1367 4993 Genes.,
1397 4946 1544 4982 nmn.
1569 4930 1636 4983 8:

73 5033 90 5064 ι
127 5017 188 5070 Et
239 5029 433 5072 tamen
478 5019 931 5073 considerandum
981 5027 1064 5074 est
1099 5020 1223 5088 quia
1262 5020 1487 5089 angelus
1529 5020 1644 5074 haec

67 5110 294 5165 refertur
331 5111 407 5164 ad
429 5111 699 5166 Abraham
723 5111 962 5175 locutus,
997 5122 1051 5165 et
1071 5114 1199 5181 quia
1223 5113 1274 5166 in
1303 5127 1640 5180 consequen-

68 5203 202 5254 tibus
257 5205 556 5257 evidenter
613 5205 702 5259 hic
754 5204 975 5274 angelus
1012 5204 1268 5258 Dominus
1317 5204 1641 5258 ostenditur.

67 5293 208 5349 Unde
233 5307 372 5362 puto
398 5295 540 5363 quod
578 5295 716 5349 sicut
753 5295 894 5348 inter
925 5309 1023 5350 nos
1057 5295 1300 5349 homines
1332 5295 1516 5348 habitu
1560 5311 1645 5348 re-

62 5395 246 5452 pertus
272 5395 364 5440 est
396 5397 456 5438 ut
491 5388 675 5450 homo,
709 5386 782 5440 ita
812 5396 866 5440 et
905 5387 1048 5439 inter
1073 5384 1294 5453 angelos
1345 5382 1530 5437 habitu
1559 5397 1641 5438 est

62 5487 312 5542 repertus
369 5484 433 5528 ut
480 5477 746 5546 angelus;
802 5496 820 5528 ι
860 5484 914 5530 et
967 5491 1035 5529 cx
1089 5475 1277 5530 homil.
1335 5475 1360 5527 l
1409 5475 1462 5527 in
1512 5474 1640 5528 illud

62 5562 204 5619 Isaiae
234 5584 250 5622 :
293 5564 364 5618 Et
395 5582 566 5636 regem
594 5568 870 5620 Dominum
898 5567 1132 5622 Sabaoth
1152 5567 1254 5620 vidi
1283 5565 1447 5619 oculis
1486 5566 1637 5628 meis,

60 5665 102 5707 ει
127 5659 322 5711 missus
359 5666 441 5712 est
470 5662 535 5711 ad
566 5674 646 5712 me
688 5676 822 5713 unus
845 5660 908 5713 de
939 5661 1198 5720 serapltim
1228 5658 1274 5690 ⁸⁵
1305 5675 1318 5710 :
1354 5675 1372 5707 ι
1406 5656 1522 5710 Non
1558 5668 1641 5712 est

122 5864 165 5895 "
198 5863 308 5918 lsa.
355 5877 441 5921 vs.
468 5860 518 5924 5,
548 5859 603 5916 6.
707 5859 752 5892 ⁸³
777 5858 966 5916 Matth.
996 5874 1154 5926 mn,
1179 5859 1269 5915 37.

1747 4743 1814 4797 de
1845 4743 2040 4812 quibus
2069 4742 2122 4795 in
2167 4741 2302 4796 Isaia
2328 4750 2381 4796 et
2413 4743 2465 4795 in
2497 4740 2717 4810 reliquis
2748 4741 3027 4810 prophetis
3059 4739 3210 4809 plura
3241 4740 3321 4793 di-

1747 4847 1962 4890 cuntur.
2006 4835 2074 4890 Et
2100 4835 2338 4904 quotidie
2379 4834 2468 4888 Dei
2504 4832 2673 4888 Filius
2703 4841 2997 4902 congregat
3036 4831 3318 4898 dispersos

1748 4929 1886 4984 filios
1935 4929 2062 4992 Dei,
2118 4928 2261 4982 sicut
2306 4927 2503 4996 gallina
2549 4924 2722 4994 pullos
2775 4937 2903 4978 suos
2958 4923 3057 4976 sub
3113 4935 3320 4990 pennas

1747 5037 1895 5077 suas.
1935 5039 1954 5072 s
1989 5019 2043 5073 In
2071 5034 2176 5088 quo
2234 5034 2354 5071 cum
2396 5018 2472 5070 ait
2518 5015 2947 5071 substantialiter
2992 5023 3311 5083 prtesentem

1740 5107 2190 5164 fuisseChristum
2216 5106 2266 5160 in
2287 5105 2468 5174 Moyse
2491 5113 2544 5157 et
2571 5105 2621 5156 iu
2645 5103 2942 5172 prophetis,
2967 5102 3312 5171 conjunctio-

1745 5217 1868 5256 nem
1933 5199 2184 5270 intelligit
2235 5197 2522 5268 σχετικὴν,
2577 5211 2682 5250 non
2732 5210 2862 5249 vero
2923 5194 3312 5264 ὑποστατικήν.

1743 5293 2017 5350 Praeterea
2050 5301 2183 5344 tom.
2218 5305 2235 5342 ι
2267 5292 2322 5342 in
2352 5287 2541 5353 Joan.,
2573 5303 2720 5340 num.
2743 5287 2813 5340 54
2846 5303 2862 5341 :
2905 5287 3015 5339 Καὶ
3052 5285 3182 5357 περὶ
3216 5285 3318 5356 μὲν

1749 5385 1844 5438 τοῦ
1866 5384 2150 5456 ἄνθρωπον
2177 5381 2338 5434 αὑτὸν
2366 5380 2645 5449 γεγονέναι
2678 5377 2850 5442 οὐδεὶς
2885 5378 2990 5430 τῶν
3026 5394 3320 5430 πεπιστευ-

1751 5477 1924 5530 κότων
1961 5474 2220 5537 διστάζει.
2262 5473 2400 5545 Περὶ
2449 5472 2506 5524 δὲ
2550 5469 2645 5523 τοῦ
2699 5470 2947 5539 ἄγγελον,
2999 5468 3316 5540 πειθώμεθα

1749 5567 2038 5640 τηροῦντες
2075 5566 2173 5629 τὰς
2210 5566 2316 5618 τῶν
2353 5562 2596 5632 ἀγγέλων
2630 5562 2946 5631 ἐπιφανείας
2982 5562 3076 5615 καὶ
3103 5560 3316 5629 λόγους,

1749 5659 1837 5713 ὅτε
1862 5661 1962 5731 τῆς
1986 5659 2093 5714 τῶν
2119 5659 2366 5729 ἀγγέλων
2399 5658 2643 5725 ἐξουσίας
2671 5657 2950 5728 φαίνεται,
2986 5655 3042 5710 ἐν
3077 5672 3185 5708 τισι
3225 5655 3321 5710 τό·-

1346 5858 1392 5892 ⁸⁶
1422 5857 1608 5914 Matth.
1635 5874 1646 5913 ι

1752 5873 1828 5927 ιιι,
1864 5857 1956 5913 ‘20.
2031 5857 2075 5891 ⁸⁷
2104 5857 2292 5914 Matth.
2333 5873 2487 5926 ιιι-ιιι,
2520 5856 2612 5912 ‘20.
2689 5856 2734 5890 ⁵⁸
2759 5857 2912 5912 Deut.
2948 5870 3120 5925 χχχιι,
3155 5855 3242 5911 Η.
