3916 6528
532 429 641 485 803

1807 414 1867 464 P.
1911 412 2228 464 DANIELIS
2264 410 2495 466 HUE'I'II

3686 405 3798 459 804

531 544 675 598 alias
706 541 1026 595 instructam
1072 531 1326 597 arbitrio,
1357 544 1479 585 cum
1513 527 1717 585 eximio
1759 528 2000 583 auctoris
2032 526 2115 582 sui
2147 531 2189 587 Α
2219 540 2311 579 seu
2344 524 2520 578 anima
2552 522 2752 579 Christi
2795 520 3018 576 minime
3061 520 3318 589 opinatus
3350 519 3455 589 est)
3492 518 3798 583 vinculum,

535 647 719 686 amore
749 645 858 698 pra:
889 624 1102 681 caeteris
1140 622 1429 676 animabus
1467 627 1778 683 teneretur;
1815 618 2115 685 similisque

535 725 761 778 aliarum
797 735 894 789 per
928 726 1199 779 naturam,
1246 713 1409 768 Verbi
1458 710 1649 767 similis
1687 720 1832 766 esset
1880 726 1979 780 per
2008 710 2115 763 vir-

536 824 724 874 tutem,
753 821 861 865 tam
900 810 1129 864 ﬁrmiter
1166 811 1215 864 ei
1250 824 1371 864 sese
1422 807 1770 878 applicuisse,
1803 814 1862 858 ut
1898 813 2009 858 tota
2046 803 2115 859 ab

534 920 599 957 eo
630 912 867 971 recepta,
909 899 994 953 vel
1037 908 1210 955 totum
1245 898 1533 969 recipiens,
1576 897 1738 966 idque
1783 895 2115 949 substantia-

536 994 679 1051 liter.
708 1008 845 1045 unus
878 1008 997 1046 cum
1027 1007 1092 1048 eo
1124 992 1347 1062 spiritus
1379 987 1683 1044 efﬁceretur
1709 1006 1722 1041 :
1758 987 1899 1041 hanc
1933 994 2113 1039 autem

536 1083 970 1152 conjunctionem
1035 1086 1102 1138 ad
1161 1080 1542 1137 assumendam
1629 1092 1847 1133 carnem
1907 1076 2113 1130 aditum

539 1172 714 1228 Verbo
758 1175 1078 1239 munivisse,
1129 1189 1251 1227 cum
1305 1171 1482 1226 divina
1532 1171 1731 1238 alioqui
1779 1178 1970 1224 natura
2018 1168 2117 1221 hu-

536 1280 714 1320 manae
764 1266 970 1334 absque
1027 1265 1203 1319 medio
1249 1263 1429 1332 aliquo
1467 1262 1746 1315 adhaerere
1802 1259 2113 1327 neutiquam

538 1367 759 1427 posset:
795 1366 903 1411 tam
938 1365 1147 1410 arctum
1184 1365 1365 1408 autem
1403 1351 1575 1406 fuisse
1611 1348 1851 1406 Verbum
1885 1351 2028 1403 inter
2061 1356 2117 1402 et

539 1449 773 1501 animam
817 1448 980 1505 hanc.
1025 1460 1117 1499 seu
1162 1453 1222 1499 ιιι
1247 1444 1417 1499 habet
1466 1442 1850 1505 Damascenus,
1884 1447 2117 1493 mentem

540 1536 703 1607 (quod
736 1537 904 1607 magis
952 1535 1206 1591 convenit
1260 1533 1518 1588 doctrina:
1567 1532 1841 1603 Origenis,
1896 1545 2020 1584 nam
2051 1544 2116 1583 ex

540 1626 812 1680 mentibus
845 1626 1052 1679 animas
1088 1632 1199 1678 tum
1234 1622 1409 1677 solum
1445 1620 1782 1677 existimavit
1813 1617 1949 1681 ﬁeri,
1995 1632 2117 1671 cum

538 1734 605 1773 ex
639 1718 922 1773 charitatis
960 1717 1157 1772 ardore
1195 1715 1561 1780 refrixerunt,
1607 1712 1751 1783 quod
1796 1712 1862 1766 de
1908 1717 2117 1775 mente,

2220 628 2280 671 ut
2311 616 2449 677 vitii,
2479 632 2508 669 a
2542 631 2649 685 quo
2682 617 2917 671 maxime
2946 615 3126 668 divina
3156 613 3419 667 abhorret
3454 624 3672 673 natura,
3702 612 3805 665 mi-

2220 705 2365 760 nime
2394 719 2564 772 capax
2601 712 2778 771 esset;
2812 712 2972 773 atque
3003 704 3076 756 ita
3116 719 3135 752 ι
3168 702 3313 771 quod
3348 701 3397 754 in
3431 702 3661 755 arbitrio
3688 711 3808 755 erat

2219 796 2474 866 positum,
2499 794 2640 865 longi
2674 811 2801 849 usus
2830 795 3021 848 affectu
3056 794 3167 863 jam
3206 807 3423 845 versum
3454 807 3580 847 esse
3614 792 3668 845 in
3708 806 3809 844 na-

2218 895 2418 947 turam,
2444 904 2463 938 ι
2498 894 2557 938 ιιι
2589 899 2618 938 a
2654 893 2879 954 peccato
2903 882 3115 953 penitus
3140 892 3283 936 esset
3315 879 3616 935 immunis:
3649 880 3809 933 aliter

2219 978 2383 1049 igitur
2435 978 2485 1031 in
2542 976 2817 1047 prophetis
2871 984 2925 1029 et
2978 973 3235 1041 apostolis
3296 972 3467 1027 fuisse
3529 971 3807 1037 Verbum,

2218 1069 2375 1123 aliter
2404 1068 2457 1122 in
2494 1068 2744 1131 Christo;
2784 1066 2889 1120 illis
2924 1066 3066 1119 enim
3102 1079 3201 1133 per
3238 1064 3495 1136 σχετικὴν
3536 1072 3593 1118 et
3629 1079 3812 1117 mora-

2219 1161 2323 1215 lem
2381 1157 2850 1227 conjunctionem,
2908 1157 3125 1213 Christo
3192 1176 3209 1208 ι
3243 1172 3337 1225 per
3394 1155 3809 1211 immaculatam

2220 1251 2628 1309 fiedcrationem
2652 1269 2671 1303 ι
2708 1256 2763 1304 ct
2796 1251 3185 1321 bypostaticam
3223 1250 3523 1304 adhaesisse
3554 1267 3569 1303 :
3608 1266 3672 1302 ac
3712 1265 3811 1303 nos

2219 1343 2445 1414 proinde
2468 1342 2513 1396 si
2543 1341 2870 1410 singularem
2902 1341 3095 1394 animai
3119 1339 3314 1393 Christi
3343 1339 3613 1393 adversus
3643 1338 3811 1392 Deum

2227 1448 2488 1497 amorem,
2515 1448 2622 1503 quo
2652 1433 2819 1487 Deum
2849 1431 2902 1485 in
2937 1447 2995 1486 se
3027 1432 3268 1499 recipere
3301 1430 3497 1483 merita
3548 1439 3657 1495 est,
3690 1430 3814 1485 imi-

2228 1534 2423 1589 temur,
2453 1524 2654 1577 Christi
2687 1538 2900 1593 quoque
2932 1538 3029 1590 pro
3070 1535 3185 1577 rata
3218 1520 3472 1577 effectum
3520 1522 3586 1576 iri
3636 1523 3809 1591 parti-

2225 1618 2391 1684 cipes.
2421 1615 2625 1680 Quibus
2667 1615 2975 1669 asserendis
3024 1614 3125 1669 hac
3160 1613 3375 1667 Davidis
3428 1613 3814 1668 testiﬁcatione

2225 1709 2393 1761 utitur
2429 1722 2460 1761 e
2505 1705 2638 1777 psal.
2683 1721 2807 1761 xuv
2834 1746 2849 1771 ,
2909 1705 2941 1761 8
2984 1722 2998 1759 :
3037 1721 3056 1755 t
3085 1704 3328 1759 Dilexisti
3378 1704 3697 1773 justitiam,
3758 1714 3815 1761 et

541 1892 815 1963 propheta:
863 1892 1065 1963 ﬁebant
1100 1897 1157 1963 et
1188 1887 1440 1959 apostoli.
1468 1905 1487 1939 ι
1526 1885 1659 1942 Cum
1700 1900 1831 1955 ergo
1864 1891 1984 1963 tam
2036 1883 2120 1963 di:
2154 1889 2196 1944 Β
2226 1890 2366 1937 ctam
2415 1882 2469 1963 in
2513 1881 2632 1963 ipso
2678 1880 2984 1963 creationis.
3024 1890 3300 1963 momento
3344 1896 3450 1935 non
3493 1890 3664 1963 negat
3698 1898 3735 1962 τ’
3759 1890 3812 1935 et

544 1952 687 2017 serie
722 1964 957 2015 animam
986 1962 1184 2016 Christi
1220 1952 1493 2027 nunquam
1528 1952 1877 2027 peccare‘aut
1922 1952 2119 2007 mutari

544 2034 784 2098 potuisse
819 2032 981 2097 dicat,
1010 2046 1241 2097 cumque
1269 2026 1411 2098 hanc
1453 2026 1867 2098 impeccantiaut
1900 2038 1965 2077 ex
2002 2038 2123 2098 per-

566 2114 699 2155 ictua
728 2117 848 2175 cum
890 2093 1064 2155 Verbo
1098 2093 1294 2175 unione
1339 2097 1673 2175 hypostatica
1719 2103 1958 2175 repetat,
2004 2093 2119 2175 n_ul-

546 2119 699 2224 lieltla
728 2119 848 2155 cum
896 2119 1064 2155 verno
1098 2119 1294 2154 ιιιιιοηε
1339 2119 1673 2167 ItypOStauca
1719 2119 1957 2160 repetat,
2004 2119 2119 2146 ιιυιο

568 2189 654 2224 ιιιιι
686 2171 904 2225 omnino
932 2180 1142 2238 tempus
1164 2169 1305 2223 inter
1336 2167 1677 2238 creationem
1699 2165 1891 2217 anima:
1912 2172 1965 2216 et
2005 2163 2123 2233 ejus

544 2257 666 2296 cum
704 2241 879 2294 Verbo
908 2234 1157 2292 unionem
1194 2238 1502 2306 excogitare
1530 2234 1724 2305 potuit.

614 2310 674 2364 2ο
709 2309 823 2363 Νοιι
848 2310 1025 2363 minus
1042 2311 1229 2363 aberat
1258 2302 1596 2376 abVOrigenis
1627 2313 1806 2358 mente
1835 2302 2120 2376 impiauilla

546 2382 746 2449 Opinio,
776 2396 878 2433 nou
908 2394 1066 2448 posse
1095 2381 1138 2433 si
1169 2373 1769 2449 Cbristnnt'intitemur,
1795 2375 1860 2449 ad
1892 2373 2121 2449 similem

547 2443 670 2504 cum
706 2450 879 2503 Verbo
909 2443 1182 2503 'unionem
1234 2446 1538 2514 pervenire.
1589 2446 1700 2498 Hoc
1742 2443 1884 2498 enim
1929 2444 2123 2514 discri-

549 2535 670 2573 men
730 2520 877 2585 p-init
928 2522 1069 2573 inter
1106 2512 1381 2585 CliriStutu
1414 2526 1468 2585 et
1518 2525 1761 2585 sanctos.
1803 2513 1946 2585 quod
1997 2512 2123 2585 uitio

549 2583 745 2642 animm
772 2588 976 2642 Christi
1023 2603 1145 2641 cum
1189 2584 1365 2639 Verbo
1395 2583 1463 2638 ab
1504 2584 1656 2638 initio
1705 2583 2123 2636 indissociabilis

549 2668 605 2711 et
631 2657 1011 2727 inseparabilis
1034 2666 1088 2710 et
1112 2655 1488 2727 substantialis
1523 2654 1706 2727 fuerit,
1736 2662 1901 2727 atque
1925 2666 1990 2705 ex
2022 2653 2123 2707 hac

551 2723 1346 2781 unione'im-onvertibilitatem
1394 2725 1760 2778 indesinenter
1799 2723 1959 2792 ignita
1994 2736 2117 2789 pos-

552 2799 789 2859 sederit;
831 2798 947 2849 alim
978 2805 1155 2849 autem
1193 2795 1383 2847 anima:
1415 2810 1514 2848 nec
1539 2794 1607 2847 ab
1637 2793 1791 2846 initio
1828 2794 2122 2845 creationis

553 2867 1038 2921 inconvertibiliter
1102 2875 1222 2918 cum
1284 2862 1456 2918 Verbo
1518 2863 1679 2916 unita:
1749 2862 1979 2925 fuerint,
2024 2876 2124 2916 nec

555 2952 788 3006 unquam
830 2934 1259 3006 substantialiter
1299 2935 1410 2988 sive
1446 2934 1782 3006 hypostatice
1811 2932 1951 2985 uniri
1996 2946 2123 3006 pos-

550 3003 679 3078 sint.
736 3006 1135 3078 llypostaticam
1204 3003 1346 3078 illam
1420 3007 1673 3078 unionem
1742 3003 1835 3078 sic
1888 3003 2123 3071 explicat

550 3072 827 3144 Origenes
852 3076 1050 3129 ibidem
1082 3090 1231 3127 num.
1260 3073 1333 3144 δέ
1367 3091 1385 3123 ι
1420 3072 1570 3144 Unde
1607 3082 1656 3127 et
1704 3073 1898 3144 merito
1932 3088 2029 3143 pro
2057 3086 2123 3125 eo

551 3145 635 3199 vel
652 3142 819 3214 "quod
869 3156 977 3197 tota
1014 3154 1159 3197 esset
1199 3144 1252 3214 in
1295 3142 1433 3197 Filio
1478 3142 1601 3207 Dei,
1646 3142 1728 3196 vel
1761 3152 1929 3195 totum
1968 3144 2019 3195 in
2062 3156 2123 3196 se

2225 1968 2346 2007 cum
2381 1953 2699 2007 electionem
2744 1967 2810 2006 ex
2855 1953 3045 2006 merito
3091 1952 3322 2021 repetit,
3370 1951 3553 2005 meriti
3583 1951 3811 2005 nomine

2225 2039 2329 2076 non
2360 2023 2619 2089 praeclare
2669 2022 2811 2076 facta
2859 2031 2984 2075 ante
3013 2020 3332 2075 electionem
3384 2022 3676 2090 intelligit,
3718 2023 3811 2075 sed

2226 2093 2370 2146 illam
2406 2092 2903 2145 immutabilitatem
2943 2101 2998 2145 et
3028 2090 3469 2158 impeccautiam,
3510 2106 3635 2159 qum
3670 2092 3717 2143 ei
3760 2093 3810 2145 in

2226 2162 2517 2217 creationis
2551 2171 2827 2215 momento
2854 2164 2922 2215 ob
2947 2164 3200 2215 unionem
3234 2176 3354 2213 cuin
3383 2159 3566 2215 Verbo
3594 2160 3810 2227 collata,

2223 2233 2442 2301 dignam
2476 2230 2656 2286 eﬂecit
2687 2246 2808 2300 qua:
2848 2247 2972 2285 cum
3008 2229 3183 2284 Verbo
3218 2233 3490 2284 uniretur.
3532 2230 3659 2301 Haec
3694 2232 3817 2283 illu—

2222 2300 2383 2356 strari
2419 2310 2641 2366 possunt
2666 2317 2731 2355 ex
2768 2302 2852 2357 his
2874 2315 2991 2369 quae
3014 2302 3172 2355 docet
3204 2301 3429 2355 llermas
3452 2301 3505 2354 in
3536 2300 3688 2355 Past.
3715 2302 3808 2355 lib.

2225 2386 2305 2434 tu,
2328 2387 2378 2424 c.
2402 2371 2456 2435 5,
2481 2387 2632 2425 num.
2652 2371 2704 2435 6,
2738 2388 2757 2421 ι
2784 2381 3140 2440 praeparatum
3172 2386 3294 2425 esse
3320 2386 3348 2423 a
3379 2372 3593 2440 Spiritu
3622 2382 3812 2426 sancto

2224 2442 2354 2495 illud
2405 2457 2603 2509 corpus
2648 2442 2701 2495 in
2742 2456 2851 2509 quo
2887 2441 3026 2496 Deus
3064 2442 3353 2504 habitaret,
3382 2459 3400 2493 ι
3439 2452 3498 2495 ιιι
3550 2441 3810 2496 videlicet

2224 2514 2443 2582 dignum
2480 2524 2624 2565 esset
2656 2512 2799 2579 quod
2853 2527 2974 2564 cum
3013 2512 3122 2564 Deo
3175 2511 3353 2564 Verbo
3401 2513 3677 2565 uniretur.
3713 2514 3811 2566 Se-

2224 2581 2405 2649 quitur
2430 2597 2496 2635 εκ
2532 2583 2799 2636 sententia
2839 2581 3036 2635 Christi
3076 2594 3270 2648 corpus
3304 2597 3410 2633 non
3453 2584 3681 2635 fortuito
3718 2593 3814 2636 aut

2224 2667 2347 2704 cum
2380 2666 2733 2719 personarum
2782 2652 3095 2719 acceptione
3144 2652 3283 2705 inter
3318 2652 3423 2704 alia
3474 2666 3707 2719 corpora
3758 2655 3810 2707 in

2231 2726 2418 2776 eodem
2444 2732 2585 2776 statu
2636 2723 2952 2775 exsistentia
3001 2721 3227 2775 electum
3262 2720 3452 2786 fuisse,
3500 2724 3596 2775 sed
3642 2723 3813 2776 solum

2225 2793 2443 2860 ilignum
2472 2802 2526 2845 et
2562 2792 2811 2845 idoneum
2846 2791 3016 2862 fuisse
3048 2793 3098 2862 in
3142 2792 3516 2862 quogVerbum
3556 2792 3816 2862 hyposta-

2224 2859 2332 2915 tiCe
2373 2862 2663 2916 habitaret.
2699 2862 2839 2915 Nihil
2872 2861 3014 2914 aliud
3066 2861 3131 2914 de
3178 2860 3357 2914 anima
3390 2859 3689 2917 Orieeu'ein
3727 2864 3813 2917 di-

2222 2946 2348 2987 cere
2382 2932 2636 2986 fatebitur
2665 2932 2913 3001 quisquis
2960 2932 3010 2983 in
3047 2930 3148 3001 hoc
3180 2931 3299 2985 loco
3358 2948 3463 2985 non
3502 2930 3814 2986 litterarum

2225 3003 2424 3069 apices,
2474 3002 2568 3055 sed
2612 3000 3001 3071 sententiarum
3039 3000 3235 3054 seriem
3277 3013 3333 3056 et
3375 3002 3813 3071 complexionem

2224 3081 2596 3140 persequetur.
2640 3070 2697 3123 lu
2744 3073 2847 3126 hoc
2894 3072 3109 3138 quidem
3147 3083 3335 3138 peccat
3366 3070 3638 3141 Origenes
3670 3074 3814 3141 quod

2225 3143 2435 3195 animas
2463 3152 2587 3195 ante
2618 3156 2850 3211 corpora
2880 3151 3095 3195 creatas
3121 3141 3440 3211 crediderit,
3472 3144 3569 3197 sed
3608 3143 3659 3195 in
3709 3146 3809 3197 hoc

552 3209 771 3283 eapcret
804 3214 995 3269 Filium
1029 3214 1153 3285 Dei,
1185 3213 1349 3285 etiam
1395 3215 1691 3285 ipsa_cum
1722 3228 1787 3266 ea
1817 3228 1990 3285 quam
2030 3228 2119 3267 as-
2148 3228 2190 3285 C
2228 3211 2508 3266 laudamus
2537 3214 2679 3281 quod
2710 3209 2918 3266 caverit
2954 3226 3023 3266 ne
3062 3212 3297 3264 animam
3328 3209 3536 3267 Christi
3566 3229 3596 3266 a
3635 3214 3809 3267 Verbo

556 3281 856 3353 sumpserat
892 3299 1076 3348 carne,
1112 3283 1201 3337 Dei
1228 3282 1396 3338 Filius
1418 3281 1485 3336 iet
1519 3281 1612 3336 Dei
1645 3281 2118 3353 virtus,’Cln:istns

552 3372 605 3409 et
643 3351 730 3407 Dei
778 3355 1039 3424 sapientia
1086 3354 1424 3422 appellatur:
1461 3363 1522 3424 et
1566 3352 1910 3424 rursumDei
1951 3351 2121 3424 Filhts

554 3440 650 3492 per
675 3420 1036 3488 quem—omnia
1084 3420 1266 3477 creata
1299 3434 1448 3486 sunt,
1495 3420 1651 3492 Iesus
1678 3421 1923 3492 Christus
1948 3433 1999 3474 et
2033 3420 2121 3475 Fi-

554 3491 658 3547 lius
686 3496 914 3549 hominis
944 3495 1271 3547 nominatur.
1310 3492 1442 3546 Nam
1468 3502 1523 3546 et
1549 3491 1718 3546 Filius
1750 3491 1842 3547 Dei
1874 3504 2119 3547 mortuus

553 3578 674 3615 eSse
720 3564 935 3629 dicitur,
980 3579 1078 3632 pro
1112 3578 1175 3615 ea
1225 3563 1440 3632 scilicet
1482 3572 1676 3615 natura
1725 3578 1843 3631 quze
1893 3573 2119 3632 mortem

555 3636 738 3701 utique
770 3630 1007 3701 recipere
1041 3641 1291 3700 poterat:
1322 3642 1375 3685 et
1405 3630 1573 3686 Filius
1598 3630 1847 3701 hominis
1881 3631 2122 3701 appella-

556 3700 666 3765 tur,
711 3704 799 3771 qui
835 3700 1093 3756 venturus
1134 3704 1184 3755 iu
1220 3701 1312 3756 Dei
1356 3701 1534 3755 Patris
1560 3700 1724 3770 gloria
1760 3716 1881 3754 cum
1916 3700 2122 3755 sanctis

555 3774 760 3841 angelis
807 3775 1147 3840 praedicatur.
1192 3772 1257 3827 Et
1308 3774 1406 3826 hac
1454 3773 1520 3825 de
1561 3786 1720 3825 causa
1769 3786 1864 3840 per
1904 3787 2120 3827 Omnem

556 3841 891 3909 Scripturam
920 3852 1029 3897 tam
1077 3844 1256 3897 divina
1307 3853 1499 3897 natura
1550 3841 1801 3895 humanis
1850 3842 2124 3899 vocabulis

557 3913 873 3982 appellatur,
902 3927 1060 3983 quam
1094 3914 1324 3967 humana
1373 3922 1563 3966 natura
1606 3912 1799 3965 divinae
1847 3927 2124 3982 nuncupa-

558 3985 720 4036 tionis
756 3985 1058 4052 insignibus
1086 3988 1391 4037 decuratnr.
1430 4000 1447 4033 ι

623 4052 682 4105 5ο
719 4054 773 4105 Si
803 4050 985 4106 anima
1031 4053 1231 4122 Christi
1264 4053 1331 4107 ab
1365 4053 1516 4106 initio
1547 4050 1838 4106 creationis
1878 4050 2127 4122 hyposta-

556 4121 661 4176 tice
705 4122 850 4176 unita
886 4124 983 4176 fuit
1024 4139 1144 4176 cum
1176 4121 1369 4186 Verbo,
1399 4123 1668 4192 quomodo
1702 4122 2123 4192 hanciuniouem

557 4193 754 4245 mereri
787 4193 995 4260 potuit?
1026 4191 1082 4246 Si
1113 4195 1178 4246 ab
1209 4194 1363 4247 initio
1395 4191 1595 4247 idcirco
1626 4191 1974 4245 immutabilis
2012 4192 2126 4246 sive

558 4261 926 4330 impeccabilis
972 4264 1072 4317 fuit
1112 4264 1234 4330 quia
1274 4277 1488 4329 semper
1530 4272 1639 4316 tota
1678 4260 1777 4314 fuit
1814 4264 1958 4315 unita
2003 4278 2125 4316 cum

559 4340 672 4383 toto
728 4329 934 4397 Verbo,
985 4329 1261 4401 quomodo
1310 4334 1410 4387 hac
1468 4331 2127 4401 imtnutabiliisanctitate

557 4412 847 4455 consecuta
879 4412 959 4456 est
1006 4400 1063 4457 ut
1096 4418 1219 4456 cum
1265 4402 1438 4457 Verbo
1470 4403 1751 4455 uniretur?
1785 4400 1923 4455 Nam
1964 4403 2128 4473 igitur

557 4484 739 4523 secum
795 4486 1033 4539 pugnare
1102 4474 1347 4527 dicemus
1387 4472 1709 4541 Origeuem,
1754 4480 1848 4524 aut
1894 4486 1961 4525 ex
1998 4472 2126 4539 ejus

558 4550 813 4613 contextu
863 4555 1230 4613 expungemus
1266 4543 1417 4613 quod
1457 4543 1569 4606 ait,
1621 4541 1971 4613 «dilectionis
2009 4557 2125 4613 per:

560 4609 851 4663 lectionem
898 4602 961 4664 ac
1000 4602 1178 4666 tliiariti
1221 4602 1446 4666 alfcctus
1491 4602 1861 4665 sinceritatem
1901 4602 2041 4666 hanc
2075 4611 2125 4667 ei
2160 4602 2203 4657 Ῑ)

560 4678 971 4750 inseparabilem
1014 4698 1136 4734 cum
1184 4684 1290 4750 Deo
1353 4682 1548 4735 fecisse
1596 4681 1895 4743 unitatem;
1944 4683 2013 4734 ita
2071 4695 2127 4736 ut

559 4762 666 4821 non
713 4748 931 4821 fortuita
976 4750 1167 4814 fuerit,
1215 4748 1306 4807 aut
1348 4767 1469 4806 cum
1520 4766 1762 4821 personat
1815 4752 2127 4821 acceptione

559 4819 898 4890 :mimmiejus
935 4822 1250 4890 assumptio,
1280 4823 1373 4876 sed
1400 4819 1656 4875 virtutum
1688 4835 1909 4874 suarum
1944 4819 1992 4875 ei
2024 4837 2128 4875 me-

560 4890 664 4961 rito
690 4889 906 4944 delata?
934 4910 951 4943 ι
990 4889 1245 4946 Nemi-um
1274 4892 1521 4961 equidem
1547 4892 1871 4947 crediderim
1901 4904 1916 4944 :
1957 4907 2129 4961 neque

557 4960 701 5012 enim
750 4963 863 5016 haec
911 4964 1074 5017 vterba
1129 4965 1196 5017 ab
1240 4960 1359 5028 ejus
1417 4964 1693 5032 proposito
1744 4960 2127 5015 aberrautJld

560 5045 746 5102 uinum,
774 5044 829 5083 ut
858 5033 970 5102 jam
1006 5034 1141 5098 dixi,
1187 5043 1361 5099 cavet,
1412 5049 1477 5087 ne
1506 5034 1627 5101 quis
1648 5033 1895 5102 animam
1925 5032 2126 5086 Christi

559 5099 611 5152 iu
646 5103 833 5155 eodem
860 5099 941 5158 'ac
971 5104 1103 5157 alias
1134 5113 1276 5157 statu
1319 5099 1608 5173 aliquando
1636 5101 1824 5166 fuisse,
1856 5112 1910 5156 et
1940 5117 2008 5173 ex
2038 5118 2130 5156 ea-

560 5186 685 5244 rum
730 5187 953 5228 numero
1002 5177 1068 5227 ad
1117 5176 1371 5244 unionem
1412 5172 1835 5244 ’hypostaticam
1903 5172 2129 5244 electam

558 5240 727 5293 fuisse
773 5246 1091 5313 suSpicetur.
1141 5243 1266 5298 Haec
1310 5240 1654 5299 electio'non
1702 5243 1873 5297 solum
1908 5240 2128 5313 fortuita

558 5319 614 5387 et
642 5325 773 5387 cunt
798 5329 1150 5387 pi-rsouarutu
1198 5316 1506 5387 acceptione
1536 5314 1675 5387 facta
1706 5313 2006 5387 videretur,
2035 5312 2129 5366 sed

562 5382 675 5455 ipsa
706 5382 867 5435 etiam
899 5385 1076 5437 anima
1120 5396 1265 5438 esset
1298 5382 1668 5455 indignissima
1704 5383 1807 5436 hac
1843 5383 2129 5437 electione.

560 5447 694 5503 Nam
738 5466 803 5525 ex
840 5456 1040 5509 unione
1085 5447 1440 5525 hypostatica'
1457 5454 1615 5509 Verbi
1659 5468 1795 5525 cum,
1828 5454 2007 5525 anima
2040 5461 2134 5506 aut

561 5523 865 5586 peccatrice
906 5535 998 5578 aut
1043 5523 1162 5592 qua:
1192 5540 1417 5593 peccare
1457 5534 1513 5579 et
1556 5524 1799 5578 damnari
1847 5524 2130 5593 potuisset,

561 5602 881 5669 sequeretur
912 5595 979 5647 de
1008 5593 1285 5669 Verbosis
1317 5596 1366 5651 ei
1406 5596 1579 5669 auito,
1615 5594 1753 5669 idem
1784 5594 1855 5649 ob
1877 5607 2135 5669 commu-

562 5662 777 5735 nionem
812 5662 1122 5735 idiomatuin
1148 5666 1249 5717 dici
1284 5680 1460 5735 posse.
1490 5665 1660 5735 Negat
1685 5664 1849 5731 igitur
1869 5664 2133 5730 Origenes

561 5731 796 5806 anili-tam
833 5732 1033 5806 Christi
1083 5731 1306 5788 fortuito
1351 5743 1444 5787 aut
1481 5731 1603 5806 cum
1653 5749 2007 5806 personarum
2044 5747 2134 5785 ac-

560 5800 828 5871 ceptione,
858 5800 909 5854 id
943 5812 1046 5866 est,
1074 5818 1143 5858 ex
1176 5820 1407 5858 numero
1432 5800 1689 5859 similium
1736 5805 2038 5856 animarum
2082 5812 2137 5858 et

562 5866 615 5916 in
647 5866 836 5922 eodem
881 5881 1022 5925 statu
1053 5873 1429 5930 cxsisteutiutu
1463 5874 1713 5940 electam,
1750 5874 1986 5941 gratuito
2017 5873 2129 5928 elc-

2225 3296 2351 3336 seua
2360 3298 2415 3336 ra
2425 3290 2523 3336 ret.

2290 3300 2784 3422 lfitraszaeil‘quidquid
2818 3352 2870 3405 in
2904 3350 3007 3405 hac
3038 3348 3270 3405 diﬂicilis
3298 3351 3403 3405 loci
3437 3352 3810 3419 explicatione

2224 3421 2522 3487 elaboravi,
2543 3421 2607 3477 id
2638 3424 2703 3475 ad
2744 3422 3012 3492 Rufinum
3040 3422 3396 3490 interpretem
3430 3428 3615 3491 potius
3647 3438 3809 3492 quam

2224 3492 2512 3557 Origeuem
2554 3496 2889 3562 purgandum
2931 3491 3150 3545 valebit.
3192 3492 3449 3561 Origenis
3484 3495 3631 3547 enim
3669 3491 3811 3547 con-

2223 3571 2430 3616 textum
2481 3561 2616 3617 mire
2660 3561 2985 3617 deformavit
3037 3562 3284 3624 Rutilius,
3332 3564 3460 3616 dum
3512 3562 3812 3618 emendare

2234 3646 2522 3702 aggressus
2561 3641 2665 3686 est.
2693 3632 2843 3698 Quod
2873 3631 2917 3684 si
2954 3630 3128 3696 illum,
3163 3641 3321 3701 prout
3344 3648 3373 3684 a
3404 3630 3718 3688 Iustiniano
3746 3633 3811 3685 ad

2225 3706 2425 3757 calcem
2469 3704 2714 3768 epistolae
2758 3702 2824 3756 ad
2871 3702 3077 3756 Menam
3114 3712 3360 3756 servatus
3394 3714 3513 3767 est,
3560 3704 3812 3773 inspicia-

2228 3788 2380 3835 mus,
2427 3775 2923 3826 animadvertemus
2990 3774 3275 3840 Origenem
3328 3788 3436 3826 non
3493 3776 3561 3827 de
3620 3776 3815 3827 anima:

2227 3853 2458 3908 tantum,
2488 3845 2581 3913 sed
2615 3845 2680 3896 de
2713 3843 2957 3911 corporis
2979 3852 3034 3897 et
3065 3844 3260 3896 animae
3308 3844 3654 3913 hypostatica
3688 3858 3811 3897 cum

2234 3913 2410 3966 Verbo
2441 3911 2829 3981 conjunctione
2863 3913 3028 3982 loqui,
3055 3928 3122 3965 ex
3150 3927 3256 3981 qua
3294 3911 3358 3966 lit
3380 3911 3441 3967 ut
3468 3913 3676 3968 Christi
3717 3914 3813 3966 hu-

2228 3982 2461 4037 manitas
2496 3983 2651 4036 simul
2702 3997 2829 4037 cum
2877 3982 3054 4037 Verbo
3096 3991 3151 4035 et
3192 3982 3396 4037 Christi
3433 3995 3489 4038 et
3540 3982 3815 4053 Unigeniti

2228 4054 2641 4122 appellationem
2682 4061 2741 4108 et
2792 4053 2972 4122 gloria;
3016 4055 3331 4107 societatem
3384 4056 3678 4109 sortiatur.
3728 4054 3818 4105 Sic

2229 4121 2395 4192 igitur
2442 4125 2706 4190 Urigenes
2750 4121 2889 4189 apud
2943 4121 3352 4179 Iustinianum:
3384 4124 3486 4177 Διὰ
3528 4123 3688 4177 τοῦτο
3721 4122 3817 4175 καὶ
3880 4122 3881 4125 “

2227 4193 2511 4265 ἄνθρωπος
2547 4192 2739 4261 γέγονε
2773 4193 3002 4262 Χριστὸς
3029 4192 3088 4257 ἐξ
3129 4192 3621 4265 ἁνδρᾳγαθήματος
3662 4193 3819 4247 τοῦτο

2227 4264 2428 4334 τυχὼν,
2455 4264 2529 4325 ὼς
2561 4267 2825 4335 μαρτυρεῖ
2848 4266 2876 4316 ὀ
2904 4265 3195 4335 Προφήτης
3231 4264 3434 4335 λέγων
3456 4264 3819 4335 ⁷Ὴγάπησας

2228 4333 2785 4421 δικαινοσύνηιοέ-(Ξιιε.
2829 4333 3075 4421 Ἔπρεπξ
3105 4333 3162 4386 δὲ
3203 4334 3292 4386 τὸν
3325 4333 3599 4421 μηδέποτε
3644 4352 3820 4421 ﬁexa)-

2231 4406 2484 4477 ρισμένον
2524 4405 2617 4457 τοῦ
2658 4404 2997 4477 Μιινογξνοῦς
3048 4404 3491 4475 συγχρηματίσαι
3531 4404 3609 4476 τῷ
3647 4405 3820 4458 Μονοο

2230 4475 2377 4543 γενΞί
2418 4477 2509 4527 καὶ
2556 4475 2978 4545 συνδοξασθῆναι
3033 4476 3202 4544 αὐτῷ.
3259 4495 3276 4525 ι
3312 4478 3520 4531 Idcirco
3554 4475 3609 4530 et
3659 4478 3820 4528 homo

2234 4549 2411 4600 laetus
2455 4557 2538 4600 est
2576 4547 2848 4609 Christus,
2899 4550 3204 4601 sanctitatis
3244 4549 3441 4600 merito
3489 4548 3589 4600 hoc
3628 4560 3820 4599 conse-

2233 4629 2422 4677 cutus,
2470 4618 2923 4684 quemadmodum
2972 4615 3243 4685 Propheta
3294 4626 3527 4670 testatur
3577 4618 3814 4669 dicens:

2234 4685 2479 4740 Dilexiui
2510 4686 2801 4754 justitiam,
2834 4697 2941 4741 etc.
2990 4686 3220 4740 Deccbat
3265 4689 3414 4739 enim
3447 4698 3506 4740 ut
3548 4690 3642 4754 qui
3679 4703 3821 4738 nun-

2234 4773 2396 4824 quam
2427 4760 2495 4811 ab
2530 4755 2816 4825 Unigenito
2848 4758 3088 4825 separari
3121 4766 3321 4825 potest,
3351 4772 3475 4810 cum
3530 4755 3820 4825 Unigenito

2233 4839 2289 4880 et
2324 4841 2533 4897 nomen
2594 4836 2646 4897 et
2707 4828 2933 4895 gloriam
2990 4828 3273 4897 partiatur.
3302 4844 3322 4877 ι
3382 4827 3535 4892 Quod
3579 4842 3709 4893 ergo
3752 4828 3821 4876 de

2236 4897 2414 4949 anima
2442 4896 2554 4951 sola
2585 4896 2795 4950 dixerat
2821 4896 3001 4961 antea,
3028 4898 3166 4951 idem
3201 4911 3344 4949 nunc
3371 4900 3441 4951 de
3477 4908 3583 4949 tota
3614 4897 3816 4949 Christi

2235 4966 2570 5021 humanitate
2600 4969 2831 5020 statuit:
2869 4982 2969 5021 nec
2998 4984 3118 5021 eam
3164 4967 3297 5021 dicit
3343 4968 3641 5021 sanctitate
3686 4980 3820 5017 cou-

2236 5049 2477 5090 secutam
2505 5051 2627 5091 esse
2653 5045 2710 5090 ut
2739 5052 2863 5091 cum
2895 5036 3068 5092 Verbo
3104 5036 3529 5105 conjungeretur
3565 5039 3821 5107 hyposta-

2237 5110 2473 5169 tice,scd
2514 5110 2615 5160 hac
2650 5107 2983 5178 hypostatica
3009 5108 3396 5178 conjunctione
3425 5106 3821 5178 inconvertibi-

2239 5178 2363 5230 liter
2393 5177 2785 5231 saticttlicat’aiu
2838 5177 3107 5246 Unigeniti
3140 5177 3325 5245 gloria:
3348 5187 3402 5229 et
3434 5177 3668 5231 nominis
3693 5189 3823 5228 esse

2239 5248 2581 5316 participem.
2630 5247 2829 5303 Eodem
2865 5245 3023 5302 sensu
3059 5263 3151 5302 sex
3193 5248 3432 5316 episcopi
3482 5248 3533 5301 in
3579 5245 3815 5316 epistola

2238 5314 2304 5370 ad
2358 5314 2581 5370 Paulum
2631 5316 3045 5371 Samosatenutn
3092 5335 3106 5371 :
3151 5314 3331 5369 Tb‘éx
3381 5314 3481 5387 ῖπῆς
3534 5314 3821 5387 Παρθένου

2241 5387 2397 5459 σῶμα
2438 5388 2691 5459 χωρῆσαν
2728 5389 2836 5441 πᾶν
2873 5388 2934 5440 τὸ
2968 5387 3237 5458 πλήρωμα
3269 5389 3369 5457 τῆς
3406 5387 3660 5457 θεότητος
3706 5402 3825 5459 gm-

2243 5457 2532 5531 jtafztzdiq,
2561 5462 2629 5531 τῇ
2668 5458 2880 5529 θεότητι
2924 5457 3208 5531 ᾁτρέπτως
3246 5459 3453 5528 ἥνωται
3501 5459 3591 5511 καὶ
3638 5457 3827 5509 τεθω-

2238 5530 2495 5601 ποίηται,
2528 5547 2547 5581 ι
2576 5529 2786 5598 Corpus
2832 5529 3179 5601 exiYu‘gine,
3228 5530 3371 5598 quod
3411 5532 3555 5601 capit
3594 5542 3823 5601 omnem

2240 5598 2629 5669 plenitudinem
2664 5600 2964 5655 divinitatis
3001 5601 3377 5669 corporaliter,
3408 5599 3675 5669 divinitati
3710 5598 3826 5669 im-

2241 5668 2569 5742 i_nutabi|i_ter
2606 5671 2814 5742 unitum
2854 5680 2936 5725 est
2976 5681 3028 5725 et
3064 5668 3393 5742 deillcatum.
3424 5687 3442 5720 ι
3486 5698 3555 5710 -—
3584 5668 3711 5722 llaec
3738 5668 3822 5742 ρ.

2241 5735 2676 5865 Prud.“MattAN,
2727 5743 2808 5797 De
2846 5742 3009 5796 divin.
3052 5737 3246 5795 Christi
3296 5739 3393 5796 lib.
3436 5753 3511 5807 tv,
3562 5754 3679 5809 cap.
3728 5735 3825 5805 16,

2242 5827 2389 5865 ιιυιιι.
2494 5850 2507 5865 .

2242 5827 2389 5866 nunt.
2423 5827 2442 5863 1
2459 5827 2479 5865 ι
2494 5850 2507 5865 ο
