3898 6522
155 424 260 480 805

978 423 1550 481 ORIGENIANORUM
1592 424 1721 479 LIB.
1767 422 1831 488 ll,
1872 423 2025 479 CAP.
2065 423 2129 491 ll,
2173 422 2453 491 QUA‘ZST.
2498 423 2585 478 Ill.

3334 426 3439 481 806

153 544 315 600 odisti
370 542 712 611 iniquitatem
746 562 757 597 τ
792 552 1078 612 propterea
1113 544 1269 597 unxit
1300 552 1351 599 te
1396 544 1560 608 Deus,
1605 544 1746 598 Deus
1774 548 1817 603 Α
1849 539 2213 608 proferemus,
2264 540 2602 610 suspiciones
2634 537 2816 607 potius
2863 547 3101 604 nostras,
3127 554 3289 609 quam
3326 558 3441 597 tua-

154 645 303 701 tuus,
343 634 464 689 oleo
498 633 698 689 latitia:
751 648 863 703 pra:
912 634 1257 689 consortibus
1305 634 1435 689 tuis.
1465 654 1484 687 ι
1542 632 1734 688 Totam

150 742 319 796 porro
351 728 509 783 istam
541 726 791 797 Origenis
830 727 1268 781 dissertationem
1317 726 1505 782 iisdem
1540 742 1739 798 prope-

152 820 377 873 modum
415 820 703 888 repetitam
735 820 918 875 verbis
955 820 1198 887 reperias
1244 820 1296 873 in
1333 828 1608 889 postremo
1646 834 1738 873 ca-

147 910 267 979 pite
317 910 482 967 libelli
542 910 618 965 De
672 911 867 965 deitate
914 920 963 966 et
1004 911 1374 966 incarnatione
1435 909 1624 976 Verbi,
1671 913 1739 967 ad

147 1002 508 1068 Ianuarium;
537 1004 630 1073 qui
656 1003 869 1058 libellus
898 1003 1249 1074 Origeuianis
1276 1002 1597 1074 fragmentis
1624 1004 1739 1060 fere

148 1104 398 1160 constat,
440 1104 495 1149 et
541 1096 605 1148 ad
638 1094 845 1150 calcem
896 1095 1073 1164 quarti
1126 1096 1257 1149 tomi
1310 1096 1596 1164 Augustini
1644 1098 1740 1149 ad-

143 1185 305 1258 jungi
362 1187 520 1243 solet.
568 1188 745 1257 Atque
802 1188 941 1242 banc
993 1188 1337 1252 doctrinam,
1388 1189 1740 1258 quantumvis

150 1283 443 1348 absonam,
473 1282 631 1337 avide
660 1282 1008 1351 arripuerunt
1038 1282 1315 1352 Pelagiani
1344 1292 1398 1336 et
1436 1298 1740 1353 propugna-

150 1388 309 1431 runt.
363 1374 630 1429 Locorum
683 1376 969 1446 Origenis,
1024 1375 1222 1444 quibus
1288 1389 1349 1429 ea
1409 1376 1736 1438 continetur,

145 1469 364 1538 primus
419 1476 599 1523 exstat
640 1476 769 1525 tom.
816 1483 833 1523 ι
880 1468 935 1521 in
981 1466 1171 1531 Joan.,
1222 1480 1371 1520 num.
1419 1466 1535 1522 37:
1580 1467 1741 1521 Ἀλλὰ

143 1561 247 1615 καὶ
278 1559 417 1632 ἀνὴρ
450 1559 588 1628 πρὸς
620 1561 830 1622 τούτοις
858 1558 1074 1627 λέγεται
1101 1560 1274 1613 ὀπίσω
1309 1556 1555 1613 Ἰωάννου
1583 1559 1738 1631 ἐρχό-

148 1671 337 1724 μενος,
365 1652 670 1725 ἔμπροσθεν
696 1652 861 1706 αὐτοῦ
892 1653 1277 1725 γεγενημένος,
1307 1654 1399 1710 καὶ
1434 1653 1539 1724 πρὸ
1572 1652 1737 1706 αὐτοῦ

144 1745 246 1809 ὢν,
280 1746 366 1798 ἵνα
397 1742 732 1815 διὼχθῶμεν
770 1744 864 1797 καὶ
892 1744 982 1797 τὸν
1010 1744 1299 1817 ἄνθρωπον
1340 1747 1436 1803 τοῦ
1472 1746 1605 1801 Υἱοῦ
1642 1745 1737 1800 τοῦ

142 1837 311 1901 Θεοῦ,
344 1839 437 1892 τὸν
480 1842 547 1910 τῇ
592 1838 809 1909 θεότητι
855 1839 1022 1893 αὐτοῦ
1076 1842 1570 1915 ἁνακεκραμμένον
1613 1858 1740 1912 πρε-

1848 632 2101 687 nifestius
2161 632 2548 686 aliirmationes
2604 632 2655 685 in
2730 631 2963 685 medium
3017 632 3374 702 proferentes.
3409 655 3431 688 ι

1845 722 1979 791 Quae
2033 739 2061 778 a
2118 724 2315 779 Rufino
2358 726 2576 779 adtexta
2606 724 2934 792 suspicarer,
2963 724 3006 777 si
3038 740 3142 779 non
3180 730 3246 780 de
3274 727 3438 783 rebus

1842 816 2096 870 obscuris
2156 816 2531 886 disputaturus
2592 815 2854 885 Origenes
2915 816 2987 870 ita
3056 817 3271 887 praefari
3341 832 3435 874 so-

1844 907 2001 964 lerel.

1914 1001 2049 1058 Vlll.
2089 1000 2451 1057 Nihilominus
2503 1012 2684 1057 tamen
2739 1017 2807 1057 ne
2846 1002 2926 1057 sic
2961 1002 3179 1073 quidem
3236 1004 3436 1060 multo-

1844 1110 1962 1148 rum
2015 1095 2487 1151 criminationibus
2530 1095 2631 1151 fuit
2680 1095 2958 1149 immunis.
3007 1095 3198 1165 Carpit
3259 1096 3435 1167 ipsum

1842 1186 2177 1256 TheOpbilus
2226 1189 2330 1242 int
2378 1187 2573 1241 Pasch.
2630 1192 2825 1258 epist.,
2875 1188 3018 1258 quod
3074 1190 3141 1242 ad
3194 1190 3432 1244 animam

1841 1275 2042 1333 Christi
2096 1278 2342 1333 retulerit
2388 1280 2530 1334 istud
2582 1280 2733 1334 Pauli
2778 1281 3013 1349 Philipp.
3042 1295 3115 1345 tt,
3148 1282 3220 1335 7:
3266 1300 3287 1334 ι
3318 1282 3434 1339 Νοιι

1842 1371 2089 1438 rapinam
2137 1370 2436 1426 arbitratus
2472 1381 2555 1426 est
2595 1386 2717 1428 esse
2764 1388 2823 1427 se
2864 1373 3126 1443 aequalem
3166 1373 3298 1441 Deo,
3340 1375 3435 1432 sed

1842 1462 2196 1532 semetipsum
2248 1462 2551 1519 exinanivit
2601 1466 2829 1520 formam
2870 1466 3013 1522 servi
3067 1467 3376 1537 accipiens;
3408 1488 3429 1522 ι

1844 1553 1984 1608 unde
2028 1554 2305 1609 concludit
2336 1555 2539 1611 Christi
2575 1559 2813 1611 animam
2862 1557 3123 1626 aqualem
3160 1559 3270 1613 Deo
3305 1556 3433 1613 Ori-

1843 1661 2033 1715 genem
2087 1648 2421 1715 credidisse,
2472 1664 2534 1704 ac
2580 1650 2815 1719 aequales
2867 1649 3097 1720 proinde
3146 1650 3434 1705 hominum

1843 1738 2075 1804 animas,
2130 1753 2251 1808 quae
2305 1740 2546 1809 ejusdem
2600 1751 2726 1796 sunt
2776 1742 3098 1797 substantia:
3144 1758 3208 1798 ac
3252 1743 3432 1799 anima

1842 1827 2081 1894 Christi,
2133 1830 2418 1901 ipsumque
2470 1831 2705 1887 Verbum
2747 1836 3060 1904 neutiquam
3090 1835 3156 1888 ad
3191 1844 3430 1901 terrena,

143 1931 417 2002 υὸὑτερον
442 1925 577 1984 εἶναι
604 1930 701 2002 τῆς
724 1934 788 1985 ἐκ
812 1932 1034 2004 Μαρίας
1060 1933 1342 2001 γενέσεως.
1364 1932 1750 1989 Alterhabetttr

1855 1922 1949 1976 sed
1986 1922 2155 1978 solam
2192 1922 2309 1991 ejus
2341 1924 2573 1978 animam
2609 1926 2843 1981 venisse.
2872 1927 3047 1995 Atque
3096 1927 3299 1980 utinam
3347 1929 3431 1983 vel

144 2032 303 2077 tomo
342 2037 413 2077 xx
447 2034 722 2090 sequentt,
757 2040 908 2080 nutu.
940 2025 1004 2079 l7
1033 2044 1044 2078 :
1087 2027 1201 2079 Οὐκ
1245 2027 1515 2098 ἀζήτητον
1553 2024 1608 2078 δὲ
1643 2027 1731 2079 ὲα-

1108 2116 1121 2134 \

141 2114 273 2168 τέον
300 2114 390 2167 τὸν
418 2113 602 2179 τόπον,
632 2115 725 2168 καὶ
766 2116 846 2179 εἰς
884 2114 975 2168 τὸν
1002 2116 1131 2188 περὶ
1162 2116 1338 2188 ψυχῆς
1369 2115 1549 2186 λόγον.
1582 2117 1736 2187 Τάχα

141 2205 259 2276 γὰρ
292 2208 325 2277 ἡ
370 2206 467 2276 μὲν
492 2204 586 2259 τοῦ
617 2206 747 2259 Υἱοῦ
783 2206 927 2277 ψυχὴ
966 2207 1024 2261 ὲν
1056 2211 1121 2279 τῇ
1166 2208 1364 2279 ἑαυτῆς
1396 2208 1736 2279 τυγχάνουσα
1770 2259 1779 2269 ,

140 2298 470 2367 τελειότητι,
498 2298 556 2350 ἐν
588 2296 707 2369 θεῷ
745 2299 837 2352 καὶ
876 2298 953 2370 τῷ
979 2299 1309 2371 πληρώματι
1338 2297 1425 2372 ἦν,
1459 2301 1551 2355 καὶ
1595 2302 1737 2354 ὲκεϊ-

141 2388 240 2441 θεν
291 2386 675 2459 ὲξεληλυθυῖα.
708 2387 787 2459 τῷ
834 2389 1170 2443 ἀπεστάλθαι
1217 2391 1325 2444 ἀπὸ
1363 2390 1457 2445 τοῦ
1491 2391 1733 2463 Ἡατρδς,

141 2479 383 2534 ἀνέλαϐε
421 2480 481 2533 τὸ
518 2482 582 2533 ὲκ
612 2479 713 2551 τῆς
742 2480 965 2553 Μαρίας
1005 2481 1184 2552 σῶμα.
1218 2480 1380 2536 Libro
1425 2497 1552 2537 vero
1583 2498 1616 2537 ll
1662 2481 1735 2536 De

141 2575 404 2644 princip.,
441 2587 562 2641 cap.
586 2573 640 2633 ϐ,
674 2589 821 2627 nutu.
852 2574 885 2627 5
914 2582 968 2628 et
1011 2573 1078 2637 4,
1122 2580 1176 2628 et
1210 2574 1303 2628 lib.
1348 2589 1364 2627 ι
1404 2587 1587 2629 contra
1626 2574 1735 2628 Cel-

141 2681 294 2728 sum,
322 2680 472 2719 nunt.
503 2664 575 2720 32
600 2675 656 2720 et
686 2665 777 2731 33,
817 2663 989 2719 fusius
1021 2666 1163 2720 idem
1214 2674 1409 2721 tractat
1450 2682 1735 2735 argumen-

144 2768 291 2820 tum,
324 2765 669 2825 mentemque
698 2771 853 2811 suam
887 2756 1093 2810 diserte
1137 2757 1421 2826 proponit;
1455 2771 1574 2825 qua
1600 2771 1735 2826 quo-

140 2850 297 2904 niam
327 2861 482 2918 aquo
512 2847 803 2917 prolixiora
833 2856 980 2911 sunt,
1014 2858 1067 2900 ut
1110 2847 1376 2903 lectorum
1409 2857 1736 2903 occurratur

138 2940 395 3003 fastidio,
445 2937 653 2996 referre
704 2940 1055 3009 supersedeo.
1083 2941 1430 2995 Adducemus
1458 2954 1521 2994 ea
1556 2939 1731 2995 solum

140 3049 274 3103 qum
305 3050 335 3088 c
370 3033 506 3087 libro
554 3032 743 3086 eodem
794 3031 935 3100 Περὶ
978 3031 1202 3101 ἀρχῶν,
1239 3047 1358 3101 cap.
1390 3032 1445 3096 6,
1493 3048 1645 3086 num.
1673 3032 1732 3096 4.

140 3125 490 3195 deprompsit
523 3123 860 3179 Justinianus
903 3124 969 3177 ad
1007 3125 1211 3179 calcem
1247 3124 1493 3194 epistolae
1519 3125 1583 3177 ad
1622 3124 1729 3179 Me-

134 3232 316 3272 nam:
353 3216 451 3269 Διὰ
483 3215 641 3269 τοῦτο
688 3216 781 3270 καὶ
825 3216 1108 3288 ἄνθρωπος
1148 3215 1337 3285 γέγονε
1382 3215 1639 3289 Χριστὸς,
1673 3216 1733 3281 ἐξ

1846 2015 1959 2086 ipsa
1993 2014 2246 2085 Origenis
2280 2018 2443 2071 verba
2476 2028 2924 2087 reprcesentasset
2956 2018 3308 2088 Theophilus,
3342 2021 3431 2077 vel

1844 2109 1910 2163 ad
1954 2110 2066 2179 ipsa
2102 2109 2217 2165 loca
2263 2111 2407 2165 unde
2452 2112 2567 2166 lucc
2618 2120 2843 2183 excepta
2881 2121 3042 2177 sunt,
3077 2114 3299 2183 digitum
3350 2113 3434 2168 in-

1847 2201 2145 2269 tendisset;
2184 2201 2398 2257 facilius
2440 2204 2655 2273 quidem
2687 2212 2741 2259 et
2778 2206 2980 2260 certius
3011 2206 3260 2276 Origenis
3309 2220 3435 2261 sen-

1843 2307 1961 2347 sum
1995 2292 2436 2361 pervideremus;
2470 2310 2661 2349 vereor
2688 2298 2832 2351 enim
2868 2308 2924 2352 ut
2960 2299 3266 2353 vehementi
3302 2314 3433 2354 con—

1842 2384 2042 2439 citatus
2099 2384 2245 2449 odio,
2276 2385 2355 2440 sic
2404 2388 2546 2441 enim
2583 2398 2735 2455 erat,
2783 2391 2917 2445 satis
2967 2391 3106 2446 bona
3157 2390 3261 2447 fide
3308 2407 3431 2447 cum

1841 2474 2166 2531 Adamantio
2212 2478 2405 2544 egerit.
2445 2477 2667 2533 Certum
2703 2494 2819 2547 est,
2864 2497 2987 2536 cum
3028 2501 3046 2534 ι
3076 2484 3429 2554 semetipsum

1842 2568 2150 2624 exinaniret
2178 2586 2198 2621 ι
2237 2569 2513 2636 Christus,
2542 2572 2679 2627 nih'il
2724 2574 3032 2629 detrimenti
3065 2591 3279 2645 passam
3310 2577 3430 2644 ejus

1840 2662 2215 2728 divinitatem,
2284 2666 2377 2719 sed
2450 2666 2621 2720 solam
2692 2670 3081 2723 humanitatem
3153 2668 3431 2727 laboribus

1844 2754 2011 2810 fuisse
2057 2756 2382 2824 obnoxiam;
2419 2757 2571 2828 cujus
2614 2774 2737 2812 cum
2773 2760 3043 2829 praacipua
3095 2776 3219 2831 pars
3248 2762 3427 2817 anima

1840 2846 1932 2913 sit,
1960 2849 2235 2916 angustias
2262 2848 2349 2903 illa
2377 2850 2631 2904 sustinuit
2650 2862 2705 2906 et
2726 2852 2962 2918 dolores,
2981 2868 3045 2908 ac
3070 2873 3086 2906 ι
3108 2854 3376 2907 exinanita
3401 2873 3422 2907 ι

1840 2942 2066 3008 proinde
2099 2941 2202 2997 hoc
2232 2956 2391 2997 sensu
2428 2943 2531 2998 dici
2572 2954 2772 3013 potest,
2805 2955 2859 2999 et
2888 2962 2918 3000 e
2950 2961 3162 3000 summo
3209 2946 3297 2999 illo
3349 2946 3430 3001 fe-

1840 3031 2060 3088 licitatis
2104 3035 2272 3104 gradu
2330 3034 2571 3106 dejecta,
2618 3051 2727 3106 quo
2778 3037 3003 3107 potitant
3055 3035 3225 3091 fuisse
3262 3030 3424 3093 illam

1839 3128 2049 3182 censuit
2096 3128 2394 3199 Origenes,
2437 3145 2562 3184 cum
2611 3132 2819 3201 irrupto
2862 3132 3065 3187 amoris
3127 3146 3265 3186 nexu
3319 3130 3427 3187 Deo

1839 3219 2147 3288 conjuncta,
2191 3222 2426 3275 nondum
2482 3223 2718 3278 humano
2764 3223 2977 3293 corpori
3027 3238 3147 3278 sese
3196 3224 3427 3277 immer-

137 3305 639 3376 ἀνδραγαθήματος
673 3306 861 3359 τούτου
895 3305 1096 3378 τυχὼν,
1131 3306 1207 3370 ὡς
1241 3310 1514 3379 μαρτυρεῖ
1548 3307 1577 3360 ὁ
1600 3308 1742 3379 Προ-

1846 3313 2029 3368 sisset.
2071 3311 2230 3380 Quod
2277 3312 2353 3367 ait
2395 3328 2525 3383 ergo
2570 3314 2862 3385 Apostolus
2902 3333 2916 3369 :
2957 3332 2974 3366 t
3009 3314 3120 3368 Hoc
3166 3315 3429 3384 intelligat

138 3396 326 3467 φὴτης
369 3394 573 3463 λέγων’
615 3394 962 3463 Ἰιγ-ἁπησας
1007 3394 1426 3463 δικαιοσύνην,
1482 3395 1580 3449 καὶ
1623 3396 1739 3465 ἐμίς

137 3505 351 3555 σησας
393 3488 668 3558 ἀνομίαν,
698 3486 794 3541 διὰ
831 3488 1007 3541 τοῦτο
1057 3487 1265 3557 ἕχρισέ
1315 3504 1390 3541 σε
1427 3490 1460 3541 ό
1509 3487 1673 3554 Θεὸς,
1707 3492 1741 3543 ό

140 3583 297 3647 Θεός
312 3596 430 3635 σου
451 3581 659 3634 ἔλαιον
675 3579 1090 3649 ἀγαλλιάσεως
1111 3578 1267 3648 παρὰ
1286 3578 1427 3645 τοὺς
1445 3580 1739 3649 μετόχους

138 3690 285 3729 σου.
328 3673 575 3743 Ἒττρεπε
624 3672 680 3727 δὲ
728 3673 817 3725 τὸν
868 3672 1131 3743 μηδέποτε
1182 3672 1585 3745 κεχωρισμένον
1639 3671 1735 3726 τοῦ

138 3762 489 3830 Μονογενοῦς
518 3761 960 3832 συγχρηματίσαι
991 3760 1068 3831 τῷ
1096 3762 1391 3830 Μονογενεῖ
1423 3761 1515 3815 καὶ
1555 3762 1738 3815 συνδο-

138 3856 414 3926 ξασθῆναι
464 3854 633 3925 αὐτῷ,
677 3877 693 3905 ι
728 3855 933 3909 I-lcirco
963 3862 1017 3907 et
1050 3855 1214 3909 homo
1256 3856 1431 3911 factus
1462 3866 1547 3911 est
1585 3857 1739 3911 Chri-

137 3960 284 4008 stus,
316 3961 416 3999 suo
452 3948 643 3998 merito
673 3947 772 3999 hoc
805 3944 1050 4009 sortitus,
1086 3957 1141 3998 ttt
1177 3946 1446 4015 Propheta
1483 3956 1731 4012 testatur,

137 4039 445 4107 inquiens:
482 4037 725 4091 Dilexisti
750 4039 1051 4105 justitiam,
1092 4048 1141 4093 et
1180 4040 1337 4093 odisti
1380 4041 1733 4110 iniquitatem,

136 4138 425 4197 praptercn
455 4131 603 4182 unxit
629 4138 678 4181 te
709 4128 869 4193 Deus,
901 4127 1043 4183 Deus
1076 4140 1219 4193 tuus,
1256 4129 1367 4183 oleo
1400 4128 1596 4184 latitia:
1624 4146 1735 4197 pra:

136 4222 490 4289 participibus
518 4222 620 4275 tuis
646 4221 712 4274 ⁸⁷.
739 4219 970 4274 Decebat
996 4220 1260 4287 siquidem
1296 4219 1443 4273 illum
1475 4221 1565 4289 qui
1598 4236 1737 4275 nun-

136 4332 309 4385 quam
345 4319 413 4369 ab
441 4312 726 4384 Unigenito
750 4323 1031 4383 separatus
1053 4321 1155 4376 est,
1177 4313 1507 4368 coexsistere
1535 4312 1734 4384 Unige-

139 4410 288 4467 nito,
312 4417 367 4461 et
400 4422 503 4459 una
540 4421 661 4461 cum
702 4406 817 4475 ipso
852 4405 1304 4475 conglorilicari.»

215 4499 331 4554 VII.
376 4498 529 4565 Quod
568 4498 612 4552 si
665 4499 787 4568 quis
839 4496 991 4553 falsis
1032 4498 1137 4553 illis
1171 4497 1423 4568 Origenis
1473 4498 1733 4554 assertio-

138 4594 308 4647 nibus
338 4602 711 4647 commovetur
751 4591 1145 4656 vehementius,
1173 4590 1253 4645 sic
1287 4591 1568 4660 praefatum
1608 4606 1731 4646 eum

1842 3406 2213 3474 unusquisque
2246 3406 2297 3459 in
2335 3405 2513 3471 nobis,
2550 3408 2692 3476 quod
2720 3417 2775 3462 et
2808 3407 2859 3461 in
2891 3406 3110 3462 Christo
3129 3405 3288 3472 Jesu;
3331 3408 3424 3475 qtti

1839 3510 1961 3550 cum
2006 3495 2059 3550 itt
2099 3495 2274 3551 forma
2310 3496 2403 3551 Dei
2454 3507 2634 3564 esset,
2686 3515 2791 3553 non
2833 3500 3079 3568 rapinam
3132 3500 3427 3555 arbitratus

1839 3598 1924 3642 est
1957 3603 2077 3643 esse
2105 3604 2164 3644 se
2193 3590 2461 3661 aequalem
2511 3590 2643 3658 Deo,
2687 3592 2783 3646 sed
2836 3592 3189 3659 semetipsum
3236 3592 3428 3644 exina-

1840 3679 1981 3735 nivit
2013 3680 2242 3735 formam
2275 3683 2417 3737 servi
2468 3682 2769 3753 accipiens,
2798 3702 2817 3736 ι
2870 3682 3014 3739 facili
3064 3684 3282 3753 negotio
3328 3699 3426 3739 ex-

1839 3771 2069 3841 plicatur
2113 3774 2180 3827 ad
2218 3784 2452 3829 mentem
2483 3772 2757 3846 Origenis.
2787 3774 3061 3831 Christum
3108 3776 3184 3829 ait
3228 3774 3425 3831 Paulus

1838 3878 1957 3917 cum
1988 3865 2040 3918 in
2073 3863 2247 3919 forma
2286 3867 2379 3922 Dei
2414 3878 2578 3933 esset,
2605 3866 2824 3937 Deoque
2857 3869 3103 3938 aequalis,
3135 3882 3241 3922 non
3266 3868 3423 3937 juxta

1836 3954 2260 4022 humanitatem,
2289 3959 2383 4013 sed
2406 3956 2559 4025 juxta
2592 3972 2840 4013 naturam
2869 3975 3023 4015 suam
3047 3960 3306 4026 divinam,
3336 3975 3423 4016 sc-

1839 4045 2008 4116 ipsmn
2036 4048 2422 4115 exinanivisse,
2451 4060 2504 4106 et
2534 4053 2677 4106 servi
2713 4051 2945 4106 formam
2981 4053 3279 4121 accepisse,
3313 4066 3423 4110 non

1831 4139 1985 4209 juxta
2020 4140 2360 4197 divinitatem
2396 4158 2572 4211 suam,
2616 4144 2710 4199 sed
2752 4144 2908 4214 juxta
2941 4145 3232 4200 humanam
3264 4154 3423 4200 natu-

1836 4247 1976 4299 ram,
2003 4230 2157 4301 cujus
2198 4233 2431 4303 priorem
2477 4237 2656 4289 anima
2692 4234 2868 4291 locum
2917 4246 3081 4293 tenet.
3122 4236 3239 4304 Quo
3278 4237 3422 4291 refe-

1835 4325 2060 4379 rendum
2093 4325 2223 4379 illud
2257 4325 2456 4382 Christi
2486 4343 2502 4381 :
2547 4347 2567 4380 ι
2600 4327 2795 4383 Tristis
2829 4338 2914 4384 est
2952 4329 3132 4381 anima
3176 4343 3294 4383 mea
3330 4344 3421 4385 us-

1833 4433 1938 4488 que
1968 4419 2033 4471 ad
2082 4428 2311 4474 mortem
2336 4420 2404 4473 “.
2434 4439 2453 4473 ι
2496 4419 2593 4475 His
2634 4422 2687 4476 in
2735 4421 3145 4476 accommodum
3194 4436 3416 4478 sensum

1835 4512 1910 4566 ita
1948 4511 2171 4568 deﬂexis
2220 4513 2531 4569 retunditur
2575 4513 2859 4585 Theophili
2897 4514 3248 4585 oppugnatio,
3291 4532 3415 4570 cum

1835 4606 2139 4672 praesertim
2167 4608 2297 4660 satis
2333 4606 2550 4662 aliunde
2577 4615 2788 4661 constet
2832 4621 2931 4676 pro
2959 4618 3113 4661 certo
3162 4605 3419 4662 habuisse

138 4686 313 4740 fuisse
345 4684 482 4738 sciat
516 4684 605 4737 lib.
635 4700 670 4737 tt
700 4684 835 4753 Περὶ
872 4682 1093 4753 ἀρχῶν,
1128 4698 1247 4753 cap.
1278 4684 1331 4749 6,
1366 4699 1517 4737 num.
1540 4682 1598 4748 2,
1629 4699 1729 4737 an-
1758 4682 1807 4742 D
1832 4696 2122 4764 Origene";
2173 4697 2417 4753 verbum
2468 4699 2564 4754 Dei
2618 4714 2839 4754 carnem
2885 4699 2937 4753 in
2983 4696 3203 4751 Christo
3251 4697 3419 4753 fuisse

136 4787 366 4844 teqttam
419 4775 487 4828 ad
535 4774 912 4841 explicandum
968 4774 1357 4829 lncarnationis
1409 4777 1727 4845 mysterium

136 4868 427 4922 accederet
458 4881 473 4920 :
506 4885 525 4918 ι
554 4867 682 4932 Qua:
727 4866 945 4937 quidem
996 4867 1049 4919 in
1086 4881 1245 4922 aures
1288 4866 1553 4921 humanas
1597 4882 1727 4936 pro-

136 4961 313 5024 ferre,
342 4970 400 5013 et
436 4960 776 5013 sermonibus
813 4957 1108 5027 explicare,
1138 4957 1296 5024 longe
1328 4958 1473 5013 vires
1501 4959 1583 5013 vel
1615 4975 1728 5014 me-

138 5055 231 5107 riti
272 5053 464 5116 nostri,
489 5051 572 5111 vel
608 5052 804 5121 ingenii
838 5065 901 5106 ac
931 5050 1196 5105 sermonis
1221 5050 1450 5106 excedit.
1480 5051 1729 5107 Arbitror

135 5158 330 5200 autem
382 5146 506 5215 quia
552 5144 715 5200 etiam
764 5153 1076 5198 sanctorum
1110 5143 1477 5213 apostolorum
1527 5157 1721 5213 super-

136 5240 429 5309 grediatur
476 5251 783 5291 mensuram
812 5255 825 5291 :
860 5234 1104 5305 quinimo
1138 5235 1301 5295 etiam
1340 5234 1587 5289 fortassis
1636 5243 1722 5290 to-

140 5334 260 5387 tius
308 5340 576 5387 creaturte
608 5329 911 5386 caelestium
965 5328 1223 5383 virtutum
1275 5327 1599 5383 eminentior
1641 5337 1727 5383 est

140 5424 478 5479 sacramenti
514 5424 670 5477 istius
698 5419 1023 5492 explanatio.
1060 5418 1134 5473 De
1159 5434 1265 5489 quo
1293 5434 1389 5472 nos
1422 5433 1524 5472 non
1556 5427 1727 5475 teme-

139 5519 311 5572 ritate
341 5516 544 5587 aliqua,
592 5516 684 5571 sed
728 5514 998 5585 quomodo
1036 5512 1169 5565 ordo
1204 5512 1303 5566 loci
1352 5511 1629 5581 deposcit,
1657 5528 1723 5567 ea

140 5610 321 5679 magis
366 5622 489 5678 quae
528 5607 660 5662 lldes
708 5616 893 5661 nostra
944 5607 1220 5669 continet,
1266 5619 1425 5673 quam
1478 5605 1724 5659 humana:

142 5703 380 5757 rationis
411 5700 641 5755 assertio
684 5700 959 5754 vindicare
995 5699 1147 5763 solet,
1186 5712 1347 5767 quam
1378 5697 1723 5765 paucissimis

219 5880 262 5911 "
304 5877 447 5935 Psal.
504 5895 647 5942 xuv,
696 5878 748 5933 8.
825 5879 869 5911 “
910 5876 1074 5933 Marc.
1123 5875 1349 5943 xw,3i.

1830 4787 2055 4845 factum.
2087 4789 2311 4845 Millium
2348 4792 2520 4847 instar
2549 4793 2655 4847 erit
2700 4807 2866 4847 unum
2903 4791 2955 4845 id
3001 4791 3119 4860 ejus
3168 4791 3415 4845 testimo-

1828 4880 1975 4933 nium
2003 4898 2033 4935 e
2058 4885 2323 4950 procemio
2350 4884 2403 4938 in
2436 4884 2529 4939 lib.
2563 4884 2635 4939 De
2660 4886 2911 4954 princip.,
2940 4899 3090 4938 num.
3115 4882 3151 4937 4
3184 4904 3194 4937 :
3238 4900 3257 4934 ι
3286 4883 3416 4953 Spe-

1835 4972 1949 5026 cies
1985 4987 2117 5027 vero
2163 4989 2354 5029 eorum
2381 4990 2502 5044 qua:
2548 4991 2644 5046 per
2677 4975 3115 5046 praedicationem
3158 4973 3416 5043 apostoli-

1826 5076 1943 5117 cam
1981 5064 2265 5122 manifeste
2304 5068 2611 5131 traduntur,
2646 5068 2763 5122 ista:
2803 5074 2948 5122 sunt.
2972 5105 2987 5120 .
3010 5106 3026 5120 .
3048 5104 3061 5119 .
3089 5065 3215 5135 quia
3255 5060 3414 5120 Jcsus

1825 5155 2075 5211 Christus
2127 5157 2240 5227 ipse
2292 5158 2383 5228 qui
2424 5159 2603 5225 venit,
2654 5166 2780 5212 ante
2830 5171 3047 5211 omnem
3103 5164 3411 5209 creaturam

1827 5257 1990 5302 natus
2020 5264 2085 5303 ex
2121 5248 2280 5306 Patre
2309 5258 2412 5308 est.
2440 5250 2542 5318 Qui
2577 5266 2699 5306 cum
2730 5250 2784 5305 in
2816 5250 3056 5304 omnium
3101 5242 3413 5301 conditione

1816 5338 1976 5394 Patri
2015 5341 2374 5397 ministrasset
2436 5346 2562 5413 (per
2607 5343 2780 5412 ipsum
2833 5342 2975 5394 enim
3039 5340 3216 5393 omnia
3268 5337 3411 5407 facta

1786 5464 1789 5465 ν
1827 5441 1949 5485 sunt
1975 5432 2065 5498 θ’),
2090 5433 2396 5489 novissimis
2430 5435 2758 5506 temporibus
2784 5433 3023 5504 seipsum
3069 5430 3407 5493 exinaniens,

1830 5523 1995 5578 homo
2036 5524 2213 5580 facttts
2268 5526 2581 5582 incarnatus
2644 5537 2728 5582 est
2780 5541 2900 5581 cum
2951 5524 3090 5579 Deus
3138 5534 3309 5588 esset,
3356 5531 3412 5577 et

1829 5613 1988 5668 homo
2041 5616 2214 5670 factus
2252 5618 2454 5671 mansit
2505 5619 2647 5686 quod
2700 5624 2819 5672 erat
2876 5616 3051 5678 Deus,
3079 5631 3098 5665 ι
3132 5620 3265 5679 etc.;
3302 5611 3407 5666 nisi

1827 5706 1947 5773 quis
1996 5706 2132 5764 forte
2180 5708 2292 5765 lucc
2337 5724 2367 5763 a
2421 5707 2617 5764 Ruﬁno
2662 5710 2951 5779 depravata
3002 5714 3277 5763 causetur.
3313 5702 3409 5757 His

1442 5878 1485 5911 θ’
1525 5877 1682 5935 Joan.
1723 5895 1771 5946 t,
1798 5878 1852 5934 '5.
