3916 6526
493 412 601 467 807

1759 401 1819 457 Ρ.
1861 400 2175 456 DANlElJS
2208 399 2442 455 llUETll

3653 405 3765 461 8G8

497 532 766 589 enlmeetit
804 526 1155 597 Theophilus,
1196 541 1320 581 cum
1369 524 1566 580 dixerit
1597 524 1859 595 Origenes
1896 525 2077 596 ψυχὴν
2108 531 2152 585 Α
2182 522 2231 574 in
2280 520 2451 585 prima
2505 516 2757 571 l’ascltali
2777 558 2792 583 ,
2831 526 2885 573 et
2929 518 3069 587 apud
3101 518 3503 577 Theodoretum
3559 519 3615 574 in
3646 522 3770 575 dia.

496 629 695 681 dictam
726 623 834 677 ἀπὸ
875 620 969 675 τοῦ
1013 620 1226 689 ψύχειν,
1262 620 1406 687 quod
1454 618 1757 673 animarum
1819 633 1971 673 amor
2016 620 2069 674 in

502 718 668 771 Deum
704 726 764 770 et
818 713 1061 767 charitas
1111 710 1406 771 refrixerit,
1442 723 1755 778 persuasum
1784 710 1834 763 ei
1882 724 2072 764 conse-

482 814 727 873 quenter
772 802 938 855 fuisse
986 799 1181 853 animae
1228 797 1424 852 Christi
1464 796 1749 865 pristinum
1804 798 2073 854 remisisse

499 895 699 947 amoris
756 893 807 946 in
868 891 1033 945 Deum
1093 889 1379 943 fervorem.
1437 888 1630 943 Futilis
1671 902 1735 941 ac
1788 888 2071 957 nugatoria

500 984 733 1041 hominis
779 982 1086 1052 impotentis
1122 980 1421 1041 Catilli-"alio.
1464 980 1565 1037 Cui
1612 980 1947 1035 consimilem
1991 977 2072 1031 al-

501 1088 670 1133 teram
711 1078 871 1132 habet
915 1075 1089 1132 Guido
1122 1075 1412 1133 Carmelita
1457 1076 1512 1129 in
1552 1073 1775 1130 Summa
1803 1073 1869 1127 de
1914 1072 2069 1138 ham,

500 1173 553 1227 iu
590 1174 779 1228 hatres.
816 1171 1130 1242 Origenist.,
1158 1170 1355 1238 cuique
1399 1177 1621 1222 assonat
1665 1166 1765 1219 ista
1815 1164 2070 1233 Paganini

498 1258 783 1315 Gaudentii
821 1259 1159 1313 ratiocinatio
1189 1258 1241 1313 in
1285 1255 1378 1312 lib.
1418 1254 1495 1309 De
1537 1254 1930 1321 comparatione
1976 1254 2075 1306 dav

498 1355 660 1415 gmet.
694 1346 936 1417 Origenis
984 1364 1103 1401 cum
1148 1345 1472 1415 philosophia
1503 1342 1765 1407 Plutonia,
1811 1358 1931 1411 cap.
1962 1343 2071 1399 ὅδε

506 1462 523 1491 ε
558 1440 767 1495 Animae
804 1446 1295 1509 propterpeccata.
1336 1437 1485 1505 juxta
1508 1435 1816 1507 Origenem,
1848 1450 2072 1505 corpora

482 1534 760 1596 subeunt;
786 1533 962 1595 anima
995 1545 1124 1598 ergo
1140 1529 1342 1584 Christi
1373 1537 1654 1599 peccatum
1685 1529 1919 1593 admisit.
1956 1548 1975 1580 ι
1999 1530 2076 1585 Ac

497 1623 543 1676 si
586 1623 707 1691 quis
734 1622 865 1679 illud
902 1620 1202 1689 Pr0pheta',
1245 1637 1264 1670 ι
1296 1619 1483 1674 Omnis
1521 1620 1679 1675 homo
1708 1620 1938 1675 mendax
1967 1620 2069 1684 7°,»

498 1721 845 1781 nsurpantem
877 1726 1019 1765 nunc
1051 1709 1281 1777 aliquem
1330 1708 1474 1763 velut
1522 1706 1846 1777 sacrilegum
1892 1708 2076 1763 redar—

497 1810 644 1873 guat,
670 1801 812 1871 quod
836 1801 1083 1856 Christus
1115 1804 1275 1856 homo
1304 1800 1391 1861 sit,
1420 1814 1484 1854 ac
1516 1799 1827 1853 mendacem
1852 1799 2076 1867 proinde

2178 612 2299 681 lngo
2327 611 2414 666 cui
2464 609 2647 664 titulus
2688 609 3094 678 'Aot’trxuroq,
3144 613 3427 669 censuisse
3468 611 3766 682 Origenem

2174 704 2411 761 animam
2438 716 2598 770 quam
2641 704 2935 770 assumpsit
2970 702 3141 761 Filius
3190 704 3322 768 Dei,
3363 713 3419 761 et
3456 705 3636 775 ipsum
3670 705 3769 762 Dei

2173 792 2371 852 Filium
2407 807 2570 847 unum
2604 805 2761 857 esse,
2790 793 3241 862 quemadmodum
3288 794 3449 850 Pater
3490 807 3551 850 et
3597 796 3771 853 Filius

2178 901 2349 939 unum
2384 896 2531 941 sunt.
2578 884 2715 939 Hinc
2766 884 2840 938 illi
2884 886 3165 940 commoda
3206 888 3437 943 vexandi
3472 904 3578 957 pro
3621 906 3773 943 more

2180 992 2280 1030 suo
2312 974 2563 1046 Origenis
2588 990 2744 1040 ausa,
2769 991 2930 1047 quam
2962 977 3060 1047 ipsi
3088 986 3267 1032 tamen
3291 982 3771 1048 extorquebimus.

2174 1066 2314 1125 Nam
2339 1069 2570 1139 primum
2601 1068 2847 1138 agnoscit
2874 1067 3072 1121 ibidem
3105 1067 3435 1140 Theophilus
3462 1071 3537 1124 de
3560 1073 3771 1130 anima:

2179 1160 2379 1216 Christi
2411 1162 2673 1231 dignitate
2700 1174 2848 1217 recte
2878 1162 3168 1232 aliquando
3185 1165 3423 1219 sensisse
3442 1164 3767 1237 Origenem,

2179 1267 2406 1321 eamque
2437 1252 2547 1308 Deo
2579 1253 2755 1308 Verbo
2796 1254 3109 1313 inferiorem
3141 1257 3457 1315 credidisse.
3486 1257 3769 1314 Praeterea

2184 1357 2306 1396 cum
2338 1342 2572 1396 animam
2604 1342 2802 1397 Christi
2832 1352 2885 1399 et
2920 1343 3156 1398 Verbum
3199 1357 3363 1398 unum
3393 1359 3521 1399 esse
3552 1343 3767 1410 docuit,

2178 1433 2634 1502 quemadmodum
2678 1434 2844 1490 Pater
2895 1445 2950 1491 et
2995 1434 3163 1491 Filius
3214 1450 3379 1492 unum
3431 1444 3608 1503 sunt;
3659 1450 3770 1490 non

2181 1540 2344 1579 unum
2387 1538 2509 1581 esse
2560 1524 2730 1579 voluit
2786 1527 2979 1583 eadem
3033 1528 3240 1585 unitate
3282 1528 3339 1585 in
3382 1526 3614 1595 specie,
3668 1527 3770 1583 sed

2176 1622 2367 1674 eadem
2418 1619 2627 1674 unitate
2674 1617 2729 1673 in
2771 1633 2986 1689 genere.
3039 1618 3230 1675 Uuitas
3277 1621 3427 1674 enim
3482 1618 3668 1675 Patris
3716 1628 3775 1675 et

2182 1710 2303 1767 Filii
2354 1712 2405 1767 in
2461 1726 2525 1767 eo
2572 1711 2824 1766 convenit
2850 1726 2969 1765 cum
3000 1712 3207 1767 unitate
3241 1711 3401 1767 Verbi
3434 1720 3494 1766 et
3546 1711 3771 1776 animae,

2183 1802 2323 1871 quod
2356 1802 2424 1857 ad
2472 1802 2609 1856 idem
2647 1818 2837 1872 genus,
2868 1805 3127 1858 unitatem
3165 1817 3377 1870 nempe,
3416 1814 3655 1870 utraQue
3681 1817 3772 1858 reo

500 1893 714 1947 dixerit.
744 1893 824 1965 Ac
862 1893 907 1947 si
948 1892 1296 1967 nonaliquas
1337 1890 1498 1945 etiam
1544 1880 1756 1945 animas
1799 1890 1863 1944 ad
1910 1888 2080 1949 οίῖἰιτὶτι
2116 1895 2157 1949 Β
2191 1892 2436 1947 feratur:
2468 1893 2519 1946 in
2544 1907 2609 1946 eo
2643 1902 2824 1948 autem
2857 1892 3144 1960 dilIcrunt,
3187 1894 3331 1962 quod
3361 1893 3548 1947 unitas
3586 1893 3770 1947 Patris

498 1984 808 2059 hominibus
838 1984 1137 2041 exhibenda
1164 1984 1451 2055 deputasse
1481 1982 1646 2039 Deum
1674 1980 1936 2053 Origenes
1968 1982 2070 2037 sibi

502 2076 739 2143 tinxerit,
787 2087 847 2130 ut
901 2076 1128 2133 inferius
1174 2073 1699 2145 demonstrabimus.
1740 2072 2077 2129 Justiniauus

501 2183 630 2221 vero
660 2169 763 2225 hoc
798 2168 970 2236 ipsum
1002 2166 1253 2237 Origenis
1278 2164 1525 2235 delirium
1560 2164 1843 2233 exagitans
1875 2165 1927 2217 iu
1961 2165 2077 2232 epi-

501 2260 635 2316 Stola
665 2259 732 2313 ad
765 2258 998 2322 Menam,
1039 2242 1125 2312 his
1154 2256 1431 2312 Athanasii
1470 2255 1637 2312 utitur
1674 2255 1853 2308 verbis
1881 2273 1894 2310 :
1921 2255 2078 2309 Εἰκό-

499 2366 607 2415 τως
636 2347 1068 2417 καταγνώσονται
1110 2346 1286 2417 ἐαυτῷ
1316 2347 1517 2411 πάντες
1546 2349 1593 2401 οἱ
1621 2345 1931 2418 νομίζοντες
1972 2346 2077 2417 πρὸ

500 2440 599 2510 τῆς
646 2441 863 2512 Μαρίας
909 2437 1047 2493 εἶναι
1091 2439 1187 2509 τὴν
1236 2438 1293 2505 ἐξ
1339 2439 1509 2508 αὐτῆς
1556 2438 1768 2509 σάρκα,
1825 2438 1916 2491 καὶ
1972 2438 2076 2506 πρὸ

500 2530 705 2600 ταύτης
768 2529 1057 2599 ἐσχηκέναι
1125 2529 1302 2600 ψυχὴν
1369 2528 1734 2600 ἀνθρωπίνην,
1792 2527 1882 2580 τὸν
1945 2527 2077 2581 Θεὸν

502 2606 693 2689 Λόγονέ
736 2622 829 2673 καὶ
878 2622 937 2673 ὲν
980 2621 1114 2689 αὑτῇ
1166 2619 1270 2691 πρὸ
1300 2618 1399 2689 τῆς
1453 2620 1745 2692 ἐπιδημίας
1786 2620 1873 2675 ἀεὶ
1919 2639 2078 2691 γεγε-

501 2712 717 2782 νῆσθαι.
757 2731 774 2764 ι
806 2709 993 2764 Merito
1024 2726 1144 2765 sese
1171 2710 1503 2765 damnabunt
1534 2727 1725 2765 omnes
1754 2714 1843 2782 qui
1893 2713 2081 2767 existi-

508 2812 657 2855 mant
687 2811 811 2856 ante
850 2801 1071 2855 Mariam
1116 2818 1240 2859 esse
1270 2817 1487 2857 carnem
1523 2818 1642 2871 qua:
1670 2819 1737 2857 ex
1771 2820 1835 2859 ea
1870 2814 1980 2871 est;
2016 2822 2080 2861 ac

504 2904 631 2947 ante
672 2910 791 2948 eam
823 2895 1078 2948 habuisse
1128 2897 1365 2951 animam
1405 2896 1694 2969 humanam
1738 2895 1903 2952 Deum
1956 2898 2083 2951 Ver-

490 2985 653 3061 bum,
694 2996 748 3040 et
800 2987 852 3045 in
904 3003 965 3043 ea
1027 2998 1154 3042 ante
1216 2988 1505 3042 adventum
1572 3003 1785 3058 semper
1842 2989 2074 3045 fuisse.»

509 3076 717 3141 Quibus
746 3094 849 3131 nun
891 3087 999 3131 tam
1036 3079 1331 3151 perstringi
1372 3078 1584 3132 videtur
1615 3075 1893 3147 Origenes,
1918 3094 2079 3148 quam

503 3169 734 3237 Apelles,
766 3169 965 3238 aliique
992 3170 1083 3239 qui
1112 3170 1387 3225 Christum
1420 3171 1485 3226 de
1512 3170 1651 3226 cmlo
1678 3186 1896 3226 carnem
1928 3172 2080 3226 detu-

2179 1990 2238 2057 et
2278 1982 2400 2037 Filii
2446 1983 2517 2036 sit
2546 1984 2723 2037 unitas
2763 1992 2993 2047 natura},
3032 1985 3215 2037 unitas
3260 1983 3552 2049 essentia;
3585 1984 3771 2037 unitas

2179 2089 2305 2128 vero
2341 2074 2501 2128 Verbi
2530 2085 2587 2129 et
2626 2076 2841 2137 animm.
2870 2075 2947 2133 sit
2979 2075 3160 2129 unitas
3184 2074 3557 2145 bypostatica,
3592 2075 3773 2129 unitas

2176 2179 2439 2235 personae.
2459 2164 2925 2231 Quemadmodum
2954 2164 3096 2218 enim
3116 2180 3238 2220 cum
3269 2164 3441 2221 solem
3475 2166 3769 2235 pulchrum

2181 2256 2321 2319 dico,
2339 2264 2392 2308 et
2412 2254 2629 2308 domum
2657 2254 2957 2325 pulchram,
2981 2258 3262 2325 utriusque
3289 2257 3760 2326 pulchritudinem

2179 2346 2421 2400 eamdem
2475 2347 2597 2401 dico
2644 2360 2881 2414 genere,
2932 2347 3329 2417 discrepantem
3382 2349 3607 2417 specie;
3657 2349 3769 2403 alia

2178 2437 2377 2506 quippe
2416 2448 2501 2491 est
2530 2439 2724 2493 domus
2754 2438 3097 2508 pulchritudo
3118 2482 3133 2507 ,
3166 2440 3267 2495 alia
3300 2441 3433 2496 solis
3472 2461 3485 2495 :
3531 2442 3772 2511 pessime

2176 2530 2458 2603 enimvero
2488 2545 2698 2587 mecum
2729 2534 2925 2606 egerit,
2967 2534 3011 2588 si
3044 2535 3164 2602 quis
3186 2534 3309 2588 inde
3346 2549 3434 2588 me
3464 2533 3646 2587 lumen
3676 2533 3775 2587 do-

2185 2620 2292 2672 mui
2331 2620 2588 2676 tribuisse
2616 2660 2633 2687 ,
2682 2622 2781 2676 soli
2833 2622 3262 2690 fundamentum,
3306 2624 3773 2690 contignationes,

2177 2719 2230 2763 et
2261 2708 2534 2779 fastigium
2568 2712 2953 2769 calumnietur.
2986 2712 3099 2769 Nec
3132 2714 3375 2768 lictitiam
3420 2730 3545 2769 esse
3572 2726 3627 2769 et
3661 2714 3772 2769 l'ri—

2179 2802 2356 2856 volam
2400 2804 2539 2859 hanc
2579 2805 2983 2861 distinctionem
3031 2808 3267 2863 ostendit
3313 2806 3446 2863 illud
3480 2808 3775 2862 Athanasii

2180 2891 2233 2945 in
2264 2891 2557 2962 Symbolo:
2591 2913 2611 2945 ι
2654 2894 2809 2951 Sicut
2837 2897 3014 2950 anima
3046 2895 3327 2951 rationalis
3375 2906 3432 2951 et
3461 2910 3593 2951 caro
3628 2912 3776 2953 unus

2180 2994 2264 3040 est
2307 2986 2501 3052 homo,
2547 2986 2619 3041 ita
2666 2988 2805 3043 Deus
2850 2997 2906 3043 et
2937 2988 3099 3042 homo
3132 3002 3273 3041 unus
3317 2996 3403 3041 est
3433 2984 3707 3041 Christus.
3750 3006 3769 3038 ι

2179 3075 2315 3130 Nam
2351 3092 2476 3132 cum
2511 3079 2691 3133 anima
2726 3092 2936 3136 constet
2964 3081 3126 3134 homo
3160 3088 3216 3133 et
3245 3093 3477 3148 corpore
3510 3089 3774 3148 tanquam

2182 3170 2433 3239 partibus
2463 3187 2626 3227 unum
2655 3174 2859 3245 aliquid
2891 3172 3250 3229 elﬁcieutibus
3279 3211 3296 3239 ,
3334 3171 3478 3225 Deus
3505 3180 3685 3225 autent
3717 3184 3776 3224 et

507 3257 631 3311 lisse
660 3260 971 3316 censebant.
1014 3259 1069 3314 In
1105 3260 1369 3316 nefarium
1418 3273 1595 3319 autem
1633 3261 1902 3333 Origenis,
1938 3261 2079 3331 quod
2108 3249 2149 3304 C
2186 3264 2379 3325 homo,
2421 3280 2527 3320 non
2585 3275 2839 3334 tanquam
2888 3279 3074 3335 partes
3107 3265 3383 3325 Christum
3435 3268 3778 3324 constituant

503 3349 887 3416 exposuimus,
937 3352 1131 3422 dogma
1210 3358 1506 3410 secundum
1553 3370 1710 3410 suum
1759 3361 1814 3409 et
1862 3353 2079 3408 tertium

512 3441 742 3492 intentat
801 3442 1317 3498 auathematismum
1381 3443 1717 3501 Justinianus
1765 3443 1830 3497 ad
1880 3443 2081 3498 calcem

505 3533 746 3600 epistola:
774 3532 1015 3604 ejusdem
1051 3535 1118 3587 ad
1149 3533 1383 3590 Menam.
1412 3534 1562 3601 Quod
1605 3537 1671 3590 ad
1703 3535 1846 3589 illam
1876 3542 2085 3606 spectat

506 3625 809 3679 animarum
856 3622 1219 3696 προῦπαρξιν,
1265 3627 1406 3681 unde
1440 3629 1556 3681 htec
1603 3626 1855 3697 Origenis
1899 3641 2085 3681 mana-

508 3724 700 3771 verunt
747 3716 814 3773 de
850 3717 1025 3771 anima
1076 3717 1286 3776 Christi
1331 3726 1671 3784 commenta,
1719 3720 1784 3774 de
1835 3734 1897 3774 ea
1944 3718 2083 3773 inira

508 3807 916 3875 disputabimus.
960 3807 1085 3862 Inde
1124 3824 1254 3863 sane
1294 3809 1608 3879 pestileram
1650 3811 1897 3865 haeresim
1933 3825 2084 3865 suam

506 3897 771 3953 conﬂasse
834 3899 1085 3954 videntur
1150 3900 1467 3956 Theodorus
1526 3900 1973 3972 Mepsuestenus,
2028 3912 2085 3955 et

507 4002 628 4060 post
660 4008 783 4046 eum
829 3991 1155 4049 Nestorius:
1200 3995 1324 4049 inde
1363 4003 1417 4048 et
1458 3994 1744 4049 adductum
1790 3994 2084 4066 Eutychem

505 4082 775 4152 conjectat
802 4081 912 4138 Leo
952 4098 1092 4155 papa
1136 4084 1189 4139 in
1230 4083 1456 4155 epistola
1495 4085 1562 4138 ad
1597 4084 1869 4140 lulianum
1910 4083 2087 4138 Coeu-

508 4190 657 4241 sem,
706 4185 766 4229 ut
812 4177 1078 4255 duplicem
1131 4176 1335 4235 Christi
1394 4188 1641 4235 naturam
1687 4178 1794 4250 πρὸ
1846 4179 1946 4249 τῆς
1996 4179 2082 4229 ὲν-

487 4260 693 4332 ’ὡσεως
724 4267 887 4323 fuisse
904 4266 1214 4335 aliirmaret,
1240 4269 1393 4339 quasi
1424 4271 1661 4327 animam
1684 4271 1832 4329 illius
1867 4280 1997 4325 tunc
2036 4270 2086 4322 in

488 4352 649 4415 caelo
678 4359 993 4415 crediderit.
1848 4360 1851 4365 ’

580 4472 949 4532 Oﬂensionem
986 4482 1166 4529 autem
1215 4442 1321 4528 non
1354 4446 1581 4533 haberet
1608 4474 1755 4543 quod
1788 4472 1936 4537 {dixit
1967 4472 2090 4527 ou-

2186 3356 2329 3426 (lteri
2365 3358 2507 3410 enim
2539 3371 2644 3411 non
2688 3366 2861 3427 potest
2890 3357 3055 3413 Deum
3090 3374 3210 3415 esse
3246 3372 3455 3429 partem
3480 3359 3640 3415 totius
3672 3358 3777 3412 ali-

2186 3448 2398 3519 cujus);
2432 3449 2623 3505 falsum
2666 3448 2771 3503 erit
2811 3448 2976 3503 Deum
3026 3459 3081 3505 et
3128 3451 3406 3508 hominem
3446 3469 3613 3509 unum
3648 3468 3777 3509 esse

2184 3539 2488 3605 Christum,
2519 3539 2659 3595 sicut
2707 3538 2889 3594 anima
2942 3541 3220 3597 rationalis
3264 3554 3321 3599 et
3354 3559 3486 3600 caro
3518 3560 3659 3601 unus
3687 3556 3776 3599 est

2182 3632 2366 3696 homo,
2394 3630 2498 3685 nisi
2554 3632 2799 3686 eamdem
2821 3627 3141 3701 repetamus
3173 3634 3576 3693 distinctionem
3604 3652 3773 3707 quam

2174 3737 2348 3790 supra
2390 3720 2762 3786 adhibuimus,
2818 3723 2985 3782 Deum
3014 3732 3069 3778 et
3113 3724 3389 3781 hominem
3436 3743 3599 3782 unum
3645 3744 3777 3784 esse

2186 3814 2428 3868 dicentes
2473 3812 2749 3867 Christum
2791 3814 2980 3868 eadem
3034 3816 3243 3871 unitate
3290 3816 3345 3871 in
3402 3833 3630 3889 genere,
3662 3835 3776 3888 qua

2187 3904 2366 3958 anima
2390 3902 2673 3958 rationalis
2700 3914 2757 3961 et
2785 3920 2982 3975 corpus
3009 3915 3094 3960 est
3122 3905 3285 3963 homo
3308 3924 3326 3973 ;
3362 3920 3421 3963 at
3449 3925 3550 3964 non
3576 3911 3776 3965 eadem

2188 3997 2396 4050 unitate
2435 3996 2487 4049 in
2520 3997 2721 4065 specie.

2260 4130 2326 4187 Χ.
2361 4130 2674 4186 Gennadius
2729 4131 3081 4189 Massiliensis
3128 4133 3182 4187 in
3228 4134 3371 4189 libro
3403 4134 3479 4188 De
3506 4135 3780 4203 dogmati-

2191 4225 2324 4288 bus,
2368 4238 2525 4293 quem
2578 4224 2879 4293 Augustino
2924 4225 3144 4293 quidam
3196 4223 3335 4279 falso
3381 4226 3776 4293 ascripserunt,

2176 4329 2315 4381 ~cap.
2339 4313 2374 4367 Ξ
2395 4354 2411 4379 ,
2443 4314 2522 4369 sic
2566 4314 2752 4369 scribit
2781 4332 2793 4367 :
2832 4332 2851 4365 ι
2894 4312 3064 4368 Natus
3103 4322 3187 4369 est
3212 4330 3341 4384 ergo
3372 4315 3461 4369 Dei
3502 4314 3675 4368 Filius
3705 4330 3775 4370 ex

2199 4405 2449 4471 homine,
2487 4413 2542 4457 et
2573 4419 2679 4458 non
2726 4418 2826 4473 per
2856 4404 3174 4471 hominem;
3205 4404 3257 4458 id
3289 4414 3397 4471 est,
3435 4420 3532 4459 non
3568 4420 3637 4459 ex
3668 4406 3777 4459 viri

2192 4498 2335 4553 coitu
2364 4538 2379 4563 ,
2415 4496 2555 4552 sicut
2585 4497 2755 4552 Ebion
2805 4498 2943 4552 dicit
2974 4515 2994 4564 ;
3027 4497 3121 4553 sed
3155 4512 3375 4551 carnem
3420 4512 3485 4551 ex
3530 4495 3779 4565 Virginis

511 4578 702 4630 liene"
728 4563 1185 4659 9"e"‘_"dm°d“m
1222 4567 1385 4659 1³0Ψο
1414 4566 1525 4659 me!
1558 4566 1650 4636 αυί
1675 4564 1854 4620 verbo
1878 4564 1935 4659 ίῖῗ
1976 4581 2083 4659 "ll"
2120 4603 2419 4659 Dcorpore
2470 4589 2714 4653 trahens,
2749 4598 2804 4643 et
2849 4602 2955 4642 non
2981 4563 2987 4564 ⁷
3010 4590 3075 4642 de
3105 4587 3248 4642 caelo
3282 4601 3464 4641 secum
3512 4563 3775 4651 merens,

492 4671 739 4724 persona
781 4656 1103 4725 coniunctus
1153 4668 1237 4713 est
1263 4700 1279 4725 ,
1314 4657 1481 4715 Deum
1518 4658 1571 4712 iu
1624 4672 1683 4713 se
1713 4657 1981 4726 suscepit,
2010 4656 2085 4711 ita

513 4761 612 4801 nos
647 4760 860 4815 quoque
887 4763 985 4815 pro
1015 4758 1128 4805 rata
1169 4764 1293 4807 esse
1326 4765 1485 4818 posse
1517 4748 1609 4805 Dei
1659 4747 1959 4817 participes
1984 4788 2000 4812 ,
2044 4747 2087 4801 si

491 4839 701 4915 gratia:
733 4838 860 4895 illud
889 4822 1085 4897 divinae
1106 4882 1121 4908 ,
1158 4856 1264 4895 non
1300 4840 1538 4911 propriis
1571 4839 1781 4895 meritis
1809 4848 2087 4907 acceptum

492 4929 789 4999 retulisset
814 4947 828 4983 :
861 4930 939 4985 sic
965 4930 1109 4987 enim
1136 4930 1472 5001 Augustinus
1500 4929 1590 4985 lib.
1631 4929 1705 4985 De
1745 4930 2090 4999 prwdestina-

514 5020 655 5074 tione
681 5030 1004 5088 sanctorum,
1046 5038 1167 5093 cap.
1201 5022 1305 5077 15:
1338 5039 1356 5074 ι
1390 5020 1550 5078 Sicut
1575 5037 1704 5093 ergo
1738 5020 2095 5091 prwdestina-

516 5120 601 5167 tus
632 5122 715 5168 est
742 5098 829 5167 ille
853 5104 1012 5181 unus,
1041 5124 1101 5170 ut
1130 5125 1291 5184 caput
1320 5124 1565 5169 nostrum
1606 5122 1791 5177 esset,
1829 5113 1904 5167 ita
1933 5112 2086 5171 multi

512 5206 881 5278 prtedestinati
928 5222 1159 5279 sumus,
1193 5217 1251 5263 ut
1298 5206 1539 5267 membra
1589 5206 1705 5277 ejus
1746 5222 2021 5265 essemus.
2061 5225 2082 5265 ›

515 5300 646 5354 Item
688 5318 706 5359 :
775 5319 795 5353 ε
847 5300 918 5355 Ea
957 5302 1131 5373 gratia
1182 5299 1361 5369 lit.ab
1416 5292 1571 5357 initio
1618 5300 1744 5356 lidei
1786 5314 1894 5360 suae
1930 5300 2089 5355 homo

512 5390 825 5460 quicunque
871 5390 1248 5459 Christianus,
1280 5406 1383 5463 qua
1435 5392 1606 5463 gratia
1660 5389 1821 5445 homo
1876 5388 1964 5444 ille
2022 5389 2089 5449 ab

515 5481 671 5536 initio
701 5480 878 5541 lactus
905 5493 989 5539 est
1020 5484 1293 5541 Christus.
1336 5502 1358 5539 ι

586 5591 680 5651 ιχ.
713 5592 985 5652 Memoria
1016 5594 1262 5665 prodidit
1311 5593 1646 5665 Theophilus
1690 5591 2093 5652 Alexandrinus

590 5815 639 5846 '°
688 5814 829 5869 l’sztl.
860 5832 983 5881 CXV,
1032 5819 1119 5875 H.

2186 4682 2330 4735 sicut
2360 4680 2597 4734 Marcion
2618 4720 2632 4745 ,
2658 4678 2919 4750 Origenes
2948 4688 3002 4734 et
3038 4680 3207 4734 Ebion
3249 4680 3535 4733 allirmant.
3584 4696 3604 4729 ι
3635 4678 3777 4744 Qua:

2180 4769 2333 4824 eiad
2360 4784 2587 4825 examen
2636 4784 2977 4833 revocemus,
3015 4769 3172 4822 ﬁdmtt
3228 4770 3496 4822 amittent.
3545 4765 3777 4819 Falsum

2182 4862 2388 4931 quippe
2412 4870 2497 4916 est
2527 4862 2861 4917 arbitratum
2886 4861 3219 4917 Marcionem
3259 4874 3480 4917 carnem
3525 4860 3596 4914 de
3633 4860 3780 4912 caelo

2182 4953 2469 5006 Christum
2492 4950 2767 5007 attulisse.
2792 4951 2976 5007 Sensit
3007 4952 3096 5006 ille
3115 4951 3359 5021 quidem,
3384 4960 3777 5020 prsceptorem

2177 5061 2353 5101 suum
2381 5045 2683 5102 Cerdonem
2711 5054 3035 5112 assumtus,
3064 5046 3329 5116 quidquid
3360 5053 3538 5099 actum
3562 5043 3625 5097 in
3660 5053 3777 5095 ter-

2196 5139 2270 5192 ris
2304 5153 2333 5191 a
2365 5137 2607 5203 Christo,
2627 5146 2682 5192 et
2712 5137 3155 5192 administratum
3185 5147 3303 5204 est,
3334 5136 3509 5206 specie
3533 5144 3778 5198 tantum,

2185 5244 2301 5283 non
2352 5242 2411 5283 re
2449 5244 2579 5285 vera
2630 5239 2841 5299 gestum
2889 5230 3100 5296 fuisse;
3153 5244 3257 5284 nec
3311 5243 3490 5282 veram
3526 5226 3785 5281 induisse

2195 5320 2943 5392 earnem,sedapparentem.
2963 5321 3132 5388 Quem
3165 5336 3408 5377 errorem
3431 5320 3481 5374 in
3514 5316 3780 5387 proxime

2198 5414 2550 5483 sequentibus
2584 5430 2708 5469 cum
2733 5414 3048 5469 Gennadius
3076 5414 3195 5484 ipse
3222 5412 3463 5469 eoul'utet
3480 5450 3495 5474 ,
3522 5410 3617 5464 hic
3641 5423 3787 5463 vero

2200 5505 2466 5559 intactum
2499 5508 2897 5576 praetermittat,
2928 5506 3198 5563 intellexit
3227 5504 3369 5561 haud
3397 5501 3554 5559 dubie
3580 5516 3784 5557 verum

2196 5609 2265 5651 ac
2298 5594 2531 5653 solidum
2558 5611 2755 5666 corpus
2787 5595 3008 5653 Christo
3038 5612 3066 5652 a
3099 5596 3368 5652 Marciane
3405 5593 3565 5649 fuisse
3598 5590 3792 5646 tribu-
