  <div class='ocr_page' id='page_1' title='image "/cluster/home/n/w/nwhite01/storage/ocr_20150623/17/hvd.32044051719607/416.png"; bbox 0 0 3898 6550; ppageno 0'>
   <div class='ocr_carea' id='block_1_1' title="bbox 185 416 274 473">
    <p class='ocr_par' dir='ltr' id='par_1_1' title="bbox 185 416 274 473">
     <span class='ocr_line' id='line_1_1' title="bbox 185 416 274 473; baseline 0 0"><span class='ocrx_word' id='word_1_1' title='bbox 185 416 274 473; x_wconf 83' lang='lat'><strong>809</strong></span> 
     </span>
    </p>
   </div>
   <div class='ocr_carea' id='block_1_2' title="bbox 986 408 2607 477">
    <p class='ocr_par' dir='ltr' id='par_1_2' title="bbox 986 408 2607 477">
     <span class='ocr_line' id='line_1_2' title="bbox 986 408 2607 477; baseline -0.004 -8"><span class='ocrx_word' id='word_1_2' title='bbox 986 411 1569 470; x_wconf 70' lang='lat' dir='ltr'><strong>OBICENIANORUM</strong></span> <span class='ocrx_word' id='word_1_3' title='bbox 1608 411 1738 466; x_wconf 86' lang='lat' dir='ltr'><strong>LIB.</strong></span> <span class='ocrx_word' id='word_1_4' title='bbox 1783 409 1848 475; x_wconf 85' lang='lat' dir='ltr'><strong>II,</strong></span> <span class='ocrx_word' id='word_1_5' title='bbox 1889 408 2044 466; x_wconf 83' lang='lat' dir='ltr'><strong>CAP.</strong></span> <span class='ocrx_word' id='word_1_6' title='bbox 2088 408 2152 474; x_wconf 89' lang='lat' dir='ltr'><strong>Il,</strong></span> <span class='ocrx_word' id='word_1_7' title='bbox 2190 408 2475 477; x_wconf 66' lang='lat' dir='ltr'><strong>QU£ST.</strong></span> <span class='ocrx_word' id='word_1_8' title='bbox 2518 410 2607 466; x_wconf 84' lang='lat' dir='ltr'><strong>lli.</strong></span> 
     </span>
    </p>
   </div>
   <div class='ocr_carea' id='block_1_3' title="bbox 3339 415 3448 471">
    <p class='ocr_par' dir='ltr' id='par_1_3' title="bbox 3339 415 3448 471">
     <span class='ocr_line' id='line_1_3' title="bbox 3339 415 3448 471; baseline 0.037 -4"><span class='ocrx_word' id='word_1_9' title='bbox 3339 415 3448 471; x_wconf 74' lang='lat' dir='ltr'><strong>8W</strong></span> 
     </span>
    </p>
   </div>
   <div class='ocr_carea' id='block_1_4' title="bbox 186 528 3451 605">
    <p class='ocr_par' dir='ltr' id='par_1_4' title="bbox 186 528 3451 605">
     <span class='ocr_line' id='line_1_4' title="bbox 186 528 3451 605; baseline -0.002 -14"><span class='ocrx_word' id='word_1_10' title='bbox 186 550 286 591; x_wconf 85' lang='lat' dir='ltr'><strong>nun</strong></span> <span class='ocrx_word' id='word_1_11' title='bbox 310 575 327 600; x_wconf 94' lang='lat'><strong>,</strong></span> <span class='ocrx_word' id='word_1_12' title='bbox 357 535 800 592; x_wconf 88' lang='lat' dir='ltr'><strong>contradicturus</strong></span> <span class='ocrx_word' id='word_1_13' title='bbox 834 534 1076 605; x_wconf 84' lang='lat' dir='ltr'><strong>alioquin</strong></span> <span class='ocrx_word' id='word_1_14' title='bbox 1123 537 1227 589; x_wconf 89' lang='lat' dir='ltr'><strong>hoc</strong></span> <span class='ocrx_word' id='word_1_15' title='bbox 1275 548 1491 604; x_wconf 90' lang='lat' dir='ltr'><strong>quoque</strong></span> <span class='ocrx_word' id='word_1_16' title='bbox 1520 533 1676 599; x_wconf 88' lang='lat' dir='ltr'><strong>loco,</strong></span> <span class='ocrx_word' id='word_1_17' title='bbox 1707 532 1751 586; x_wconf 90' lang='lat' dir='ltr'><strong>si</strong></span> <span class='ocrx_word' id='word_1_18' title='bbox 1784 538 1833 594; x_wconf 75' lang='grc' dir='ltr'>Α</span> <span class='ocrx_word' id='word_1_19' title='bbox 1858 532 1979 595; x_wconf 86' lang='lat' dir='ltr'><strong>bat,</strong></span> <span class='ocrx_word' id='word_1_20' title='bbox 2013 546 2077 585; x_wconf 91' lang='lat' dir='ltr'><strong>ac</strong></span> <span class='ocrx_word' id='word_1_21' title='bbox 2123 546 2218 600; x_wconf 86' lang='lat' dir='ltr'><strong>per</strong></span> <span class='ocrx_word' id='word_1_22' title='bbox 2251 528 2476 583; x_wconf 81' lang='lat' dir='ltr'><strong>Mariam</strong></span> <span class='ocrx_word' id='word_1_23' title='bbox 2511 528 2655 581; x_wconf 89' lang='lat' dir='ltr'><strong>velut</strong></span> <span class='ocrx_word' id='word_1_24' title='bbox 2706 542 2806 597; x_wconf 88' lang='lat' dir='ltr'><strong>per</strong></span> <span class='ocrx_word' id='word_1_25' title='bbox 2842 530 3089 586; x_wconf 78' lang='lat' dir='ltr'><strong>canalem</strong></span> <span class='ocrx_word' id='word_1_26' title='bbox 3141 530 3451 591; x_wconf 89' lang='lat' dir='ltr'><strong>transiisse.</strong></span> 
     </span>
    </p>
   </div>
   <div class='ocr_carea' id='block_1_5' title="bbox 185 624 1755 696">
    <p class='ocr_par' dir='ltr' id='par_1_5' title="bbox 185 624 1755 696">
     <span class='ocr_line' id='line_1_5' title="bbox 185 624 1755 696; baseline -0.003 -14"><span class='ocrx_word' id='word_1_27' title='bbox 185 627 370 682; x_wconf 86' lang='lat' dir='ltr'><strong>falsum</strong></span> <span class='ocrx_word' id='word_1_28' title='bbox 399 641 598 696; x_wconf 90' lang='lat' dir='ltr'><strong>corpus</strong></span> <span class='ocrx_word' id='word_1_29' title='bbox 634 626 853 681; x_wconf 89' lang='lat' dir='ltr'><strong>Christo</strong></span> <span class='ocrx_word' id='word_1_30' title='bbox 876 626 1201 695; x_wconf 82' lang='lat' dir='ltr'><strong>ascripsisse</strong></span> <span class='ocrx_word' id='word_1_31' title='bbox 1234 625 1413 696; x_wconf 88' lang='lat' dir='ltr'><strong>ipsunt</strong></span> <span class='ocrx_word' id='word_1_32' title='bbox 1438 624 1755 679; x_wconf 71' lang='lat' dir='ltr'><strong>existimas~</strong></span> 
     </span>
    </p>
   </div>
   <div class='ocr_carea' id='block_1_6' title="bbox 185 715 1759 788">
    <p class='ocr_par' dir='ltr' id='par_1_6' title="bbox 185 715 1759 788">
     <span class='ocr_line' id='line_1_6' title="bbox 185 715 1759 788; baseline -0.003 -15"><span class='ocrx_word' id='word_1_33' title='bbox 185 729 277 774; x_wconf 88' lang='lat' dir='ltr'><strong>set.</strong></span> <span class='ocrx_word' id='word_1_34' title='bbox 307 718 499 772; x_wconf 85' lang='lat' dir='ltr'><strong>Simile</strong></span> <span class='ocrx_word' id='word_1_35' title='bbox 521 717 803 788; x_wconf 85' lang='lat' dir='ltr'><strong>quidpiam</strong></span> <span class='ocrx_word' id='word_1_36' title='bbox 839 717 904 772; x_wconf 91' lang='lat' dir='ltr'><strong>de</strong></span> <span class='ocrx_word' id='word_1_37' title='bbox 929 716 1207 772; x_wconf 76' lang='lat' dir='ltr'><strong>Marciane</strong></span> <span class='ocrx_word' id='word_1_38' title='bbox 1241 715 1506 785; x_wconf 91' lang='lat' dir='ltr'><strong>scriptum</strong></span> <span class='ocrx_word' id='word_1_39' title='bbox 1540 715 1759 784; x_wconf 90' lang='lat' dir='ltr'><strong>reliquit</strong></span> 
     </span>
    </p>
   </div>
   <div class='ocr_carea' id='block_1_7' title="bbox 184 806 1759 879">
    <p class='ocr_par' dir='ltr' id='par_1_7' title="bbox 184 806 1759 879">
     <span class='ocr_line' id='line_1_7' title="bbox 184 806 1759 879; baseline -0.002 -16"><span class='ocrx_word' id='word_1_40' title='bbox 184 808 399 879; x_wconf 85' lang='lat' dir='ltr'><strong>Vigilius</strong></span> <span class='ocrx_word' id='word_1_41' title='bbox 430 808 522 864; x_wconf 87' lang='lat' dir='ltr'><strong>lib.</strong></span> <span class='ocrx_word' id='word_1_42' title='bbox 553 825 611 863; x_wconf 87' lang='grc' dir='ltr'><strong>ιιι</strong></span> <span class='ocrx_word' id='word_1_43' title='bbox 641 818 826 862; x_wconf 85' lang='lat' dir='ltr'><strong>contra</strong></span> <span class='ocrx_word' id='word_1_44' title='bbox 851 806 1141 877; x_wconf 80' lang='lat' dir='ltr'><strong>Eutychem</strong></span> <span class='ocrx_word' id='word_1_45' title='bbox 1164 824 1183 863; x_wconf 90' lang='lat'><strong><em>:</em></strong></span> <span class='ocrx_word' id='word_1_46' title='bbox 1220 827 1240 860; x_wconf 75' lang='grc' dir='ltr'><strong>ι</strong></span> <span class='ocrx_word' id='word_1_47' title='bbox 1283 807 1618 879; x_wconf 85' lang='lat' dir='ltr'><strong>Eutychiana</strong></span> <span class='ocrx_word' id='word_1_48' title='bbox 1649 807 1759 861; x_wconf 65' lang='lat' dir='ltr'><strong>ha:-</strong></span> 
     </span>
    </p>
   </div>
   <div class='ocr_carea' id='block_1_8' title="bbox 182 898 1756 970">
    <p class='ocr_par' dir='ltr' id='par_1_8' title="bbox 182 898 1756 970">
     <span class='ocr_line' id='line_1_8' title="bbox 182 898 1756 970; baseline -0.001 -16"><span class='ocrx_word' id='word_1_49' title='bbox 182 900 309 955; x_wconf 83' lang='lat' dir='ltr'><strong>resis</strong></span> <span class='ocrx_word' id='word_1_50' title='bbox 343 900 395 954; x_wconf 92' lang='lat' dir='ltr'><strong>in</strong></span> <span class='ocrx_word' id='word_1_51' title='bbox 428 900 482 955; x_wconf 90' lang='lat' dir='ltr'><strong>id</strong></span> <span class='ocrx_word' id='word_1_52' title='bbox 518 898 814 970; x_wconf 86' lang='lat' dir='ltr'><strong>impietatis</strong></span> <span class='ocrx_word' id='word_1_53' title='bbox 866 900 1122 969; x_wconf 89' lang='lat' dir='ltr'><strong>prolapsa</strong></span> <span class='ocrx_word' id='word_1_54' title='bbox 1168 909 1254 956; x_wconf 90' lang='lat' dir='ltr'><strong>est</strong></span> <span class='ocrx_word' id='word_1_55' title='bbox 1299 913 1511 965; x_wconf 89' lang='lat' dir='ltr'><strong>errore,</strong></span> <span class='ocrx_word' id='word_1_56' title='bbox 1562 908 1623 952; x_wconf 90' lang='lat' dir='ltr'><strong>ut</strong></span> <span class='ocrx_word' id='word_1_57' title='bbox 1653 914 1756 953; x_wconf 92' lang='lat' dir='ltr'><strong>nou</strong></span> 
     </span>
    </p>
   </div>
   <div class='ocr_carea' id='block_1_9' title="bbox 182 992 1755 1057">
    <p class='ocr_par' dir='ltr' id='par_1_9' title="bbox 182 992 1755 1057">
     <span class='ocr_line' id='line_1_9' title="bbox 182 992 1755 1057; baseline -0.002 -9"><span class='ocrx_word' id='word_1_58' title='bbox 182 995 347 1049; x_wconf 87' lang='lat' dir='ltr'><strong>solum</strong></span> <span class='ocrx_word' id='word_1_59' title='bbox 375 992 537 1049; x_wconf 84' lang='lat' dir='ltr'><strong>Verbi</strong></span> <span class='ocrx_word' id='word_1_60' title='bbox 584 1003 642 1049; x_wconf 89' lang='lat' dir='ltr'><strong>et</strong></span> <span class='ocrx_word' id='word_1_61' title='bbox 682 994 868 1050; x_wconf 87' lang='lat' dir='ltr'><strong>carnis</strong></span> <span class='ocrx_word' id='word_1_62' title='bbox 897 1009 1060 1048; x_wconf 90' lang='lat' dir='ltr'><strong>unam</strong></span> <span class='ocrx_word' id='word_1_63' title='bbox 1092 993 1283 1049; x_wconf 86' lang='lat' dir='ltr'><strong>credat</strong></span> <span class='ocrx_word' id='word_1_64' title='bbox 1323 1007 1446 1047; x_wconf 90' lang='lat' dir='ltr'><strong>esse</strong></span> <span class='ocrx_word' id='word_1_65' title='bbox 1482 1002 1755 1057; x_wconf 89' lang='lat' dir='ltr'><strong>naturam,</strong></span> 
     </span>
    </p>
   </div>
   <div class='ocr_carea' id='block_1_10' title="bbox 181 1085 1759 1147">
    <p class='ocr_par' dir='ltr' id='par_1_10' title="bbox 181 1085 1759 1147">
     <span class='ocr_line' id='line_1_10' title="bbox 181 1085 1759 1147; baseline 0.004 -11"><span class='ocrx_word' id='word_1_66' title='bbox 181 1100 359 1139; x_wconf 87' lang='lat' dir='ltr'><strong>verum</strong></span> <span class='ocrx_word' id='word_1_67' title='bbox 391 1085 554 1147; x_wconf 87' lang='lat' dir='ltr'><strong>etiam</strong></span> <span class='ocrx_word' id='word_1_68' title='bbox 602 1086 743 1140; x_wconf 91' lang='lat' dir='ltr'><strong>hanc</strong></span> <span class='ocrx_word' id='word_1_69' title='bbox 777 1086 1024 1141; x_wconf 84' lang='lat' dir='ltr'><strong>eamdem</strong></span> <span class='ocrx_word' id='word_1_70' title='bbox 1059 1099 1282 1141; x_wconf 91' lang='lat' dir='ltr'><strong>carnem</strong></span> <span class='ocrx_word' id='word_1_71' title='bbox 1339 1101 1444 1141; x_wconf 92' lang='lat' dir='ltr'><strong>non</strong></span> <span class='ocrx_word' id='word_1_72' title='bbox 1497 1088 1564 1142; x_wconf 92' lang='lat' dir='ltr'><strong>de</strong></span> <span class='ocrx_word' id='word_1_73' title='bbox 1602 1102 1759 1143; x_wconf 80' lang='lat' dir='ltr'><strong>sacro</strong></span> 
     </span>
    </p>
   </div>
   <div class='ocr_carea' id='block_1_11' title="bbox 183 1175 1759 1249">
    <p class='ocr_par' dir='ltr' id='par_1_11' title="bbox 183 1175 1759 1249">
     <span class='ocr_line' id='line_1_11' title="bbox 183 1175 1759 1249; baseline -0.001 -18"><span class='ocrx_word' id='word_1_74' title='bbox 183 1175 354 1232; x_wconf 71' lang='lat' dir='ltr'><strong>Mariae</strong></span> <span class='ocrx_word' id='word_1_75' title='bbox 380 1176 621 1249; x_wconf 72' lang='lat' dir='ltr'><strong>Virginis</strong></span> <span class='ocrx_word' id='word_1_76' title='bbox 658 1192 887 1245; x_wconf 89' lang='lat' dir='ltr'><strong>corpore</strong></span> <span class='ocrx_word' id='word_1_77' title='bbox 928 1186 1303 1246; x_wconf 89' lang='lat' dir='ltr'><strong>assumptam,</strong></span> <span class='ocrx_word' id='word_1_78' title='bbox 1352 1176 1448 1232; x_wconf 90' lang='lat' dir='ltr'><strong>sed</strong></span> <span class='ocrx_word' id='word_1_79' title='bbox 1496 1176 1565 1233; x_wconf 91' lang='lat' dir='ltr'><strong>de</strong></span> <span class='ocrx_word' id='word_1_80' title='bbox 1615 1178 1759 1233; x_wconf 59' lang='lat' dir='ltr'><strong>caelo</strong></span> 
     </span>
    </p>
   </div>
   <div class='ocr_carea' id='block_1_12' title="bbox 184 1269 1757 1342">
    <p class='ocr_par' dir='ltr' id='par_1_12' title="bbox 184 1269 1757 1342">
     <span class='ocr_line' id='line_1_12' title="bbox 184 1269 1757 1342; baseline 0.001 -18"><span class='ocrx_word' id='word_1_81' title='bbox 184 1270 346 1334; x_wconf 85' lang='lat' dir='ltr'><strong>dicat,</strong></span> <span class='ocrx_word' id='word_1_82' title='bbox 386 1270 545 1342; x_wconf 81' lang='lat' dir='ltr'><strong>juxta</strong></span> <span class='ocrx_word' id='word_1_83' title='bbox 575 1270 858 1326; x_wconf 88' lang='lat' dir='ltr'><strong>infandum</strong></span> <span class='ocrx_word' id='word_1_84' title='bbox 890 1269 1161 1325; x_wconf 83' lang='lat' dir='ltr'><strong>Valentini</strong></span> <span class='ocrx_word' id='word_1_85' title='bbox 1193 1280 1249 1325; x_wconf 92' lang='lat' dir='ltr'><strong>et</strong></span> <span class='ocrx_word' id='word_1_86' title='bbox 1281 1269 1574 1326; x_wconf 80' lang='lat' dir='ltr'><strong>Marcionis</strong></span> <span class='ocrx_word' id='word_1_87' title='bbox 1603 1286 1757 1327; x_wconf 84' lang='lat' dir='ltr'><strong>erro-</strong></span> 
     </span>
    </p>
   </div>
   <div class='ocr_carea' id='block_1_13' title="bbox 184 1361 1758 1431">
    <p class='ocr_par' dir='ltr' id='par_1_13' title="bbox 184 1361 1758 1431">
     <span class='ocr_line' id='line_1_13' title="bbox 184 1361 1758 1431; baseline 0 -15"><span class='ocrx_word' id='word_1_88' title='bbox 184 1378 312 1427; x_wconf 88' lang='lat' dir='ltr'><strong>rem,</strong></span> <span class='ocrx_word' id='word_1_89' title='bbox 345 1362 511 1417; x_wconf 89' lang='lat' dir='ltr'><strong>fuisse</strong></span> <span class='ocrx_word' id='word_1_90' title='bbox 532 1363 846 1417; x_wconf 90' lang='lat' dir='ltr'><strong>deductam.</strong></span> <span class='ocrx_word' id='word_1_91' title='bbox 874 1363 954 1415; x_wconf 85' lang='lat' dir='ltr'><strong>Ita</strong></span> <span class='ocrx_word' id='word_1_92' title='bbox 978 1362 1331 1431; x_wconf 87' lang='lat' dir='ltr'><strong>pertinaciter</strong></span> <span class='ocrx_word' id='word_1_93' title='bbox 1362 1361 1603 1417; x_wconf 88' lang='lat' dir='ltr'><strong>Verbum</strong></span> <span class='ocrx_word' id='word_1_94' title='bbox 1634 1377 1758 1417; x_wconf 87' lang='lat' dir='ltr'><strong>car-</strong></span> 
     </span>
    </p>
   </div>
   <div class='ocr_carea' id='block_1_14' title="bbox 184 1453 1755 1526">
    <p class='ocr_par' dir='ltr' id='par_1_14' title="bbox 184 1453 1755 1526">
     <span class='ocr_line' id='line_1_14' title="bbox 184 1453 1755 1526; baseline 0.001 -19"><span class='ocrx_word' id='word_1_95' title='bbox 184 1470 298 1508; x_wconf 88' lang='lat' dir='ltr'><strong>nem</strong></span> <span class='ocrx_word' id='word_1_96' title='bbox 331 1468 585 1510; x_wconf 89' lang='lat' dir='ltr'><strong>asserens</strong></span> <span class='ocrx_word' id='word_1_97' title='bbox 614 1453 840 1519; x_wconf 89' lang='lat' dir='ltr'><strong>factum,</strong></span> <span class='ocrx_word' id='word_1_98' title='bbox 883 1464 942 1508; x_wconf 91' lang='lat' dir='ltr'><strong>ut</strong></span> <span class='ocrx_word' id='word_1_99' title='bbox 970 1470 1064 1524; x_wconf 86' lang='lat' dir='ltr'><strong>per</strong></span> <span class='ocrx_word' id='word_1_100' title='bbox 1098 1454 1376 1526; x_wconf 83' lang='lat' dir='ltr'><strong>Virginem</strong></span> <span class='ocrx_word' id='word_1_101' title='bbox 1399 1493 1414 1517; x_wconf 92' lang='lat'><strong>,</strong></span> <span class='ocrx_word' id='word_1_102' title='bbox 1441 1468 1505 1509; x_wconf 86' lang='lat' dir='ltr'><strong>ac</strong></span> <span class='ocrx_word' id='word_1_103' title='bbox 1536 1455 1581 1511; x_wconf 88' lang='lat' dir='ltr'><strong>si</strong></span> <span class='ocrx_word' id='word_1_104' title='bbox 1613 1470 1755 1525; x_wconf 84' lang='lat' dir='ltr'><strong>aqua</strong></span> 
     </span>
    </p>
   </div>
   <div class='ocr_carea' id='block_1_15' title="bbox 183 1544 1760 1616">
    <p class='ocr_par' dir='ltr' id='par_1_15' title="bbox 183 1544 1760 1616">
     <span class='ocr_line' id='line_1_15' title="bbox 183 1544 1760 1616; baseline 0.003 -17"><span class='ocrx_word' id='word_1_105' title='bbox 183 1560 273 1616; x_wconf 89' lang='lat' dir='ltr'><strong>per</strong></span> <span class='ocrx_word' id='word_1_106' title='bbox 306 1544 543 1600; x_wconf 82' lang='lat' dir='ltr'><strong>ﬁstulam</strong></span> <span class='ocrx_word' id='word_1_107' title='bbox 580 1545 847 1601; x_wconf 85' lang='lat' dir='ltr'><strong>transisse</strong></span> <span class='ocrx_word' id='word_1_108' title='bbox 892 1546 1180 1610; x_wconf 89' lang='lat' dir='ltr'><strong>videatur;</strong></span> <span class='ocrx_word' id='word_1_109' title='bbox 1221 1562 1327 1600; x_wconf 93' lang='lat' dir='ltr'><strong>non</strong></span> <span class='ocrx_word' id='word_1_110' title='bbox 1378 1557 1555 1601; x_wconf 90' lang='lat' dir='ltr'><strong>tamen</strong></span> <span class='ocrx_word' id='word_1_111' title='bbox 1608 1558 1665 1602; x_wconf 86' lang='lat' dir='ltr'><strong>ut</strong></span> <span class='ocrx_word' id='word_1_112' title='bbox 1691 1549 1760 1604; x_wconf 92' lang='lat' dir='ltr'><strong>de</strong></span> 
     </span>
    </p>
   </div>
   <div class='ocr_carea' id='block_1_16' title="bbox 186 1636 1761 1708">
    <p class='ocr_par' dir='ltr' id='par_1_16' title="bbox 186 1636 1761 1708">
     <span class='ocr_line' id='line_1_16' title="bbox 186 1636 1761 1708; baseline 0.003 -19"><span class='ocrx_word' id='word_1_113' title='bbox 186 1636 401 1704; x_wconf 79' lang='lat' dir='ltr'><strong>Virgine</strong></span> <span class='ocrx_word' id='word_1_114' title='bbox 417 1636 622 1705; x_wconf 89' lang='lat' dir='ltr'><strong>aliquid</strong></span> <span class='ocrx_word' id='word_1_115' title='bbox 652 1636 794 1706; x_wconf 89' lang='lat' dir='ltr'><strong>quod</strong></span> <span class='ocrx_word' id='word_1_116' title='bbox 823 1636 997 1691; x_wconf 87' lang='lat' dir='ltr'><strong>nostri</strong></span> <span class='ocrx_word' id='word_1_117' title='bbox 1028 1637 1100 1692; x_wconf 91' lang='lat' dir='ltr'><strong>sit</strong></span> <span class='ocrx_word' id='word_1_118' title='bbox 1123 1638 1363 1708; x_wconf 86' lang='lat' dir='ltr'><strong>generis,</strong></span> <span class='ocrx_word' id='word_1_119' title='bbox 1398 1639 1761 1707; x_wconf 86' lang='lat' dir='ltr'><strong>assumpsisse</strong></span> 
     </span>
    </p>
   </div>
   <div class='ocr_carea' id='block_1_17' title="bbox 182 1728 1759 1786">
    <p class='ocr_par' dir='ltr' id='par_1_17' title="bbox 182 1728 1759 1786">
     <span class='ocr_line' id='line_1_17' title="bbox 182 1728 1759 1786; baseline 0.001 -5"><span class='ocrx_word' id='word_1_120' title='bbox 182 1728 444 1782; x_wconf 89' lang='lat' dir='ltr'><strong>videatur.</strong></span> <span class='ocrx_word' id='word_1_121' title='bbox 484 1746 509 1781; x_wconf 71' lang='grc' dir='ltr'><strong>ι</strong></span> <span class='ocrx_word' id='word_1_122' title='bbox 544 1730 614 1783; x_wconf 84' lang='lat' dir='ltr'><strong>At</strong></span> <span class='ocrx_word' id='word_1_123' title='bbox 641 1728 835 1783; x_wconf 88' lang='lat' dir='ltr'><strong>falsum</strong></span> <span class='ocrx_word' id='word_1_124' title='bbox 859 1742 979 1783; x_wconf 89' lang='lat' dir='ltr'><strong>esse</strong></span> <span class='ocrx_word' id='word_1_125' title='bbox 1007 1743 1227 1786; x_wconf 82' lang='lat' dir='ltr'><strong>carnem</strong></span> <span class='ocrx_word' id='word_1_126' title='bbox 1252 1730 1483 1785; x_wconf 88' lang='lat' dir='ltr'><strong>solidam</strong></span> <span class='ocrx_word' id='word_1_127' title='bbox 1511 1729 1564 1785; x_wconf 90' lang='lat' dir='ltr'><strong>in</strong></span> <span class='ocrx_word' id='word_1_128' title='bbox 1594 1730 1759 1785; x_wconf 86' lang='lat' dir='ltr'><strong>Chri-</strong></span> 
     </span>
    </p>
   </div>
   <div class='ocr_carea' id='block_1_18' title="bbox 184 1819 1761 1892">
    <p class='ocr_par' dir='ltr' id='par_1_18' title="bbox 184 1819 1761 1892">
     <span class='ocr_line' id='line_1_18' title="bbox 184 1819 1761 1892; baseline 0.003 -19"><span class='ocrx_word' id='word_1_129' title='bbox 184 1829 260 1875; x_wconf 95' lang='lat' dir='ltr'><strong>sto</strong></span> <span class='ocrx_word' id='word_1_130' title='bbox 311 1819 645 1876; x_wconf 81' lang='lat' dir='ltr'><strong>Marcionem</strong></span> <span class='ocrx_word' id='word_1_131' title='bbox 705 1821 996 1892; x_wconf 80' lang='lat' dir='ltr'><strong>agnovisse</strong></span> <span class='ocrx_word' id='word_1_132' title='bbox 1061 1821 1344 1879; x_wconf 86' lang='lat' dir='ltr'><strong>declarant</strong></span> <span class='ocrx_word' id='word_1_133' title='bbox 1391 1822 1761 1878; x_wconf 89' lang='lat' dir='ltr'><strong>Tertullianus</strong></span> 
     </span>
    </p>
   </div>
   <div class='ocr_carea' id='block_1_19' title="bbox 1862 619 3452 689">
    <p class='ocr_par' dir='ltr' id='par_1_19' title="bbox 1862 619 3452 689">
     <span class='ocr_line' id='line_1_19' title="bbox 1862 619 3452 689; baseline -0.001 -13"><span class='ocrx_word' id='word_1_134' title='bbox 1862 621 1995 676; x_wconf 87' lang='lat' dir='ltr'><strong>nihil</strong></span> <span class='ocrx_word' id='word_1_135' title='bbox 2029 622 2152 675; x_wconf 90' lang='lat' dir='ltr'><strong>inde</strong></span> <span class='ocrx_word' id='word_1_136' title='bbox 2183 631 2506 675; x_wconf 91' lang='lat' dir='ltr'><strong>sumentem.</strong></span> <span class='ocrx_word' id='word_1_137' title='bbox 2557 619 2714 674; x_wconf 86' lang='lat' dir='ltr'><strong>Falsa</strong></span> <span class='ocrx_word' id='word_1_138' title='bbox 2747 634 2875 688; x_wconf 91' lang='lat' dir='ltr'><strong>eos,</strong></span> <span class='ocrx_word' id='word_1_139' title='bbox 2926 622 2971 675; x_wconf 90' lang='lat' dir='ltr'><strong>si</strong></span> <span class='ocrx_word' id='word_1_140' title='bbox 3015 621 3144 689; x_wconf 90' lang='lat' dir='ltr'><strong>quid</strong></span> <span class='ocrx_word' id='word_1_141' title='bbox 3192 621 3452 688; x_wconf 86' lang='lat' dir='ltr'><strong>conjicio,</strong></span> 
     </span>
    </p>
   </div>
   <div class='ocr_carea' id='block_1_20' title="bbox 1862 711 3450 783">
    <p class='ocr_par' dir='ltr' id='par_1_20' title="bbox 1862 711 3450 783">
     <span class='ocr_line' id='line_1_20' title="bbox 1862 711 3450 783; baseline 0.001 -17"><span class='ocrx_word' id='word_1_142' title='bbox 1862 713 1965 768; x_wconf 90' lang='lat' dir='ltr'><strong>loci</strong></span> <span class='ocrx_word' id='word_1_143' title='bbox 2002 713 2162 783; x_wconf 82' lang='lat' dir='ltr'><strong>hujus</strong></span> <span class='ocrx_word' id='word_1_144' title='bbox 2194 712 2579 782; x_wconf 86' lang='lat' dir='ltr'><strong>interpretatio</strong></span> <span class='ocrx_word' id='word_1_145' title='bbox 2607 711 2804 766; x_wconf 89' lang='lat' dir='ltr'><strong>delusit</strong></span> <span class='ocrx_word' id='word_1_146' title='bbox 2831 730 2845 766; x_wconf 92' lang='lat'><strong>:</strong></span> <span class='ocrx_word' id='word_1_147' title='bbox 2889 730 2908 763; x_wconf 77' lang='grc' dir='ltr'><strong>ι</strong></span> <span class='ocrx_word' id='word_1_148' title='bbox 2945 712 3162 767; x_wconf 87' lang='lat' dir='ltr'><strong>Primus</strong></span> <span class='ocrx_word' id='word_1_149' title='bbox 3190 713 3357 768; x_wconf 91' lang='lat' dir='ltr'><strong>homo</strong></span> <span class='ocrx_word' id='word_1_150' title='bbox 3383 714 3450 768; x_wconf 89' lang='lat' dir='ltr'><strong>de</strong></span> 
     </span>
    </p>
   </div>
   <div class='ocr_carea' id='block_1_21' title="bbox 1864 803 3452 872">
    <p class='ocr_par' dir='ltr' id='par_1_21' title="bbox 1864 803 3452 872">
     <span class='ocr_line' id='line_1_21' title="bbox 1864 803 3452 872; baseline 0.001 -14"><span class='ocrx_word' id='word_1_151' title='bbox 1864 816 2031 869; x_wconf 90' lang='lat' dir='ltr'><strong>terra,</strong></span> <span class='ocrx_word' id='word_1_152' title='bbox 2065 814 2357 872; x_wconf 88' lang='lat' dir='ltr'><strong>terrenus;</strong></span> <span class='ocrx_word' id='word_1_153' title='bbox 2405 803 2677 859; x_wconf 89' lang='lat' dir='ltr'><strong>secundus</strong></span> <span class='ocrx_word' id='word_1_154' title='bbox 2728 804 2892 859; x_wconf 90' lang='lat' dir='ltr'><strong>homo</strong></span> <span class='ocrx_word' id='word_1_155' title='bbox 2933 805 3001 859; x_wconf 84' lang='lat' dir='ltr'><strong>de</strong></span> <span class='ocrx_word' id='word_1_156' title='bbox 3056 804 3230 869; x_wconf 72' lang='lat' dir='ltr'><strong>cmlo,</strong></span> <span class='ocrx_word' id='word_1_157' title='bbox 3284 806 3452 860; x_wconf 72' lang='lat' dir='ltr'><strong>cmic-</strong></span> 
     </span>
    </p>
   </div>
   <div class='ocr_carea' id='block_1_22' title="bbox 1862 895 3454 970">
    <p class='ocr_par' dir='ltr' id='par_1_22' title="bbox 1862 895 3454 970">
     <span class='ocr_line' id='line_1_22' title="bbox 1862 895 3454 970; baseline -0.001 -20"><span class='ocrx_word' id='word_1_158' title='bbox 1862 896 1962 951; x_wconf 90' lang='lat' dir='ltr'><strong>stis</strong></span> <span class='ocrx_word' id='word_1_159' title='bbox 1983 897 2055 951; x_wconf 68' lang='grc' dir='ltr'><strong>η.</strong></span> <span class='ocrx_word' id='word_1_160' title='bbox 2092 914 2109 947; x_wconf 78' lang='grc' dir='ltr'><strong>ι</strong></span> <span class='ocrx_word' id='word_1_161' title='bbox 2145 896 2359 965; x_wconf 77' lang='lat' dir='ltr'><strong>Apelles</strong></span> <span class='ocrx_word' id='word_1_162' title='bbox 2390 906 2571 950; x_wconf 85' lang='lat' dir='ltr'><strong>autem</strong></span> <span class='ocrx_word' id='word_1_163' title='bbox 2608 915 2630 947; x_wconf 84' lang='grc'><em>‹</em></span> <span class='ocrx_word' id='word_1_164' title='bbox 2667 895 2945 951; x_wconf 85' lang='lat' dir='ltr'><strong>Christum</strong></span> <span class='ocrx_word' id='word_1_165' title='bbox 2982 913 3157 967; x_wconf 90' lang='lat' dir='ltr'><strong>neque</strong></span> <span class='ocrx_word' id='word_1_166' title='bbox 3188 897 3454 970; x_wconf 50' lang='lat' dir='ltr'><strong>in‘phau-</strong></span> 
     </span>
    </p>
   </div>
   <div class='ocr_carea' id='block_1_23' title="bbox 1863 968 3453 1060">
    <p class='ocr_par' dir='ltr' id='par_1_23' title="bbox 1863 968 3453 1060">
     <span class='ocr_line' id='line_1_23' title="bbox 1863 968 3453 1060; baseline 0.004 -20"><span class='ocrx_word' id='word_1_167' title='bbox 1863 996 2098 1043; x_wconf 89' lang='lat' dir='ltr'><strong>tasmate</strong></span> <span class='ocrx_word' id='word_1_168' title='bbox 2122 987 2255 1042; x_wconf 88' lang='lat' dir='ltr'><strong>dicit</strong></span> <span class='ocrx_word' id='word_1_169' title='bbox 2278 987 2448 1043; x_wconf 82' lang='lat' dir='ltr'><strong>fuisse</strong></span> <span class='ocrx_word' id='word_1_170' title='bbox 2487 988 2649 1043; x_wconf 76' lang='lat' dir='ltr'><strong>sicut</strong></span> <span class='ocrx_word' id='word_1_171' title='bbox 2678 986 2959 1054; x_wconf 80' lang='lat' dir='ltr'><strong>Marcion,</strong></span> <span class='ocrx_word' id='word_1_172' title='bbox 3001 1005 3177 1060; x_wconf 86' lang='lat' dir='ltr'><strong>neque</strong></span> <span class='ocrx_word' id='word_1_173' title='bbox 3227 968 3291 1045; x_wconf 36' lang='lat' dir='ltr'><strong>in—</strong></span> <span class='ocrx_word' id='word_1_174' title='bbox 3323 968 3453 1047; x_wconf 54' lang='lat' dir='ltr'><strong>sub:</strong></span> 
     </span>
    </p>
   </div>
   <div class='ocr_carea' id='block_1_24' title="bbox 1862 1078 3451 1148">
    <p class='ocr_par' dir='ltr' id='par_1_24' title="bbox 1862 1078 3451 1148">
     <span class='ocr_line' id='line_1_24' title="bbox 1862 1078 3451 1148; baseline 0.003 -15"><span class='ocrx_word' id='word_1_175' title='bbox 1862 1080 2057 1133; x_wconf 91' lang='lat' dir='ltr'><strong>stantia</strong></span> <span class='ocrx_word' id='word_1_176' title='bbox 2093 1080 2203 1135; x_wconf 89' lang='lat' dir='ltr'><strong>veri</strong></span> <span class='ocrx_word' id='word_1_177' title='bbox 2239 1080 2487 1148; x_wconf 88' lang='lat' dir='ltr'><strong>corporis</strong></span> <span class='ocrx_word' id='word_1_178' title='bbox 2511 1119 2525 1142; x_wconf 94' lang='lat'><strong>,</strong></span> <span class='ocrx_word' id='word_1_179' title='bbox 2560 1088 2620 1132; x_wconf 94' lang='lat' dir='ltr'><strong>ut</strong></span> <span class='ocrx_word' id='word_1_180' title='bbox 2654 1078 3005 1148; x_wconf 81' lang='lat' dir='ltr'><strong>Evangelium</strong></span> <span class='ocrx_word' id='word_1_181' title='bbox 3036 1082 3231 1138; x_wconf 87' lang='lat' dir='ltr'><strong>docet:</strong></span> <span class='ocrx_word' id='word_1_182' title='bbox 3264 1084 3361 1138; x_wconf 91' lang='lat' dir='ltr'><strong>sed</strong></span> <span class='ocrx_word' id='word_1_183' title='bbox 3398 1084 3451 1139; x_wconf 89' lang='lat' dir='ltr'><strong>in</strong></span> 
     </span>
    </p>
   </div>
   <div class='ocr_carea' id='block_1_25' title="bbox 1862 1174 3453 1247">
    <p class='ocr_par' dir='ltr' id='par_1_25' title="bbox 1862 1174 3453 1247">
     <span class='ocr_line' id='line_1_25' title="bbox 1862 1174 3453 1247; baseline 0.003 -19"><span class='ocrx_word' id='word_1_184' title='bbox 1862 1187 1928 1228; x_wconf 91' lang='lat' dir='ltr'><strong>eo</strong></span> <span class='ocrx_word' id='word_1_185' title='bbox 1959 1174 2105 1243; x_wconf 86' lang='lat' dir='ltr'><strong>quod</strong></span> <span class='ocrx_word' id='word_1_186' title='bbox 2134 1188 2166 1228; x_wconf 91' lang='lat' dir='ltr'><strong>e</strong></span> <span class='ocrx_word' id='word_1_187' title='bbox 2197 1174 2573 1242; x_wconf 87' lang='lat' dir='ltr'><strong>superioribus</strong></span> <span class='ocrx_word' id='word_1_188' title='bbox 2616 1175 2864 1245; x_wconf 86' lang='lat' dir='ltr'><strong>partibus</strong></span> <span class='ocrx_word' id='word_1_189' title='bbox 2906 1175 3299 1242; x_wconf 90' lang='lat' dir='ltr'><strong>descenderet,</strong></span> <span class='ocrx_word' id='word_1_190' title='bbox 3335 1176 3453 1247; x_wconf 90' lang='lat' dir='ltr'><strong>ipso</strong></span> 
     </span>
    </p>
   </div>
   <div class='ocr_carea' id='block_1_26' title="bbox 1862 1265 3451 1331">
    <p class='ocr_par' dir='ltr' id='par_1_26' title="bbox 1862 1265 3451 1331">
     <span class='ocr_line' id='line_1_26' title="bbox 1862 1265 3451 1331; baseline 0.001 -9"><span class='ocrx_word' id='word_1_191' title='bbox 1862 1265 2126 1322; x_wconf 86' lang='lat' dir='ltr'><strong>descensu</strong></span> <span class='ocrx_word' id='word_1_192' title='bbox 2185 1266 2455 1320; x_wconf 89' lang='lat' dir='ltr'><strong>sideream</strong></span> <span class='ocrx_word' id='word_1_193' title='bbox 2521 1267 2888 1321; x_wconf 65' lang='lat' dir='ltr'><strong>sibi&#39;carnem</strong></span> <span class='ocrx_word' id='word_1_194' title='bbox 2943 1276 2999 1321; x_wconf 92' lang='lat' dir='ltr'><strong>et</strong></span> <span class='ocrx_word' id='word_1_195' title='bbox 3048 1282 3262 1331; x_wconf 76' lang='lat' dir='ltr'><strong>aeream</strong></span> <span class='ocrx_word' id='word_1_196' title='bbox 3316 1284 3451 1323; x_wconf 91' lang='lat' dir='ltr'><strong>con-</strong></span> 
     </span>
    </p>
   </div>
   <div class='ocr_carea' id='block_1_27' title="bbox 1864 1356 3452 1429">
    <p class='ocr_par' dir='ltr' id='par_1_27' title="bbox 1864 1356 3452 1429">
     <span class='ocr_line' id='line_1_27' title="bbox 1864 1356 3452 1429; baseline 0.003 -18"><span class='ocrx_word' id='word_1_197' title='bbox 1864 1358 2121 1413; x_wconf 79' lang='lat' dir='ltr'><strong>texuisse.</strong></span> <span class='ocrx_word' id='word_1_198' title='bbox 2146 1376 2163 1410; x_wconf 75' lang='grc' dir='ltr'><strong>ι</strong></span> <span class='ocrx_word' id='word_1_199' title='bbox 2190 1356 2368 1413; x_wconf 86' lang='lat' dir='ltr'><strong>Verba</strong></span> <span class='ocrx_word' id='word_1_200' title='bbox 2400 1368 2526 1412; x_wconf 87' lang='lat' dir='ltr'><strong>sunt</strong></span> <span class='ocrx_word' id='word_1_201' title='bbox 2553 1357 2871 1413; x_wconf 86' lang='lat' dir='ltr'><strong>Tertulliani</strong></span> <span class='ocrx_word' id='word_1_202' title='bbox 2907 1358 3003 1413; x_wconf 90' lang='lat' dir='ltr'><strong>lib.</strong></span> <span class='ocrx_word' id='word_1_203' title='bbox 3029 1357 3105 1412; x_wconf 83' lang='lat' dir='ltr'><strong>De</strong></span> <span class='ocrx_word' id='word_1_204' title='bbox 3128 1362 3452 1429; x_wconf 74' lang='lat' dir='ltr'><strong>prwscript.,</strong></span> 
     </span>
    </p>
   </div>
   <div class='ocr_carea' id='block_1_28' title="bbox 1862 1449 3449 1523">
    <p class='ocr_par' dir='ltr' id='par_1_28' title="bbox 1862 1449 3449 1523">
     <span class='ocr_line' id='line_1_28' title="bbox 1862 1449 3449 1523; baseline 0.001 -18"><span class='ocrx_word' id='word_1_205' title='bbox 1862 1465 1986 1519; x_wconf 84' lang='lat' dir='ltr'><strong>cap.</strong></span> <span class='ocrx_word' id='word_1_206' title='bbox 2017 1449 2109 1504; x_wconf 82' lang='lat'><strong>5|.</strong></span> <span class='ocrx_word' id='word_1_207' title='bbox 2145 1449 2290 1505; x_wconf 90' lang='lat' dir='ltr'><strong>Idem</strong></span> <span class='ocrx_word' id='word_1_208' title='bbox 2318 1465 2537 1520; x_wconf 90' lang='lat' dir='ltr'><strong>quoque</strong></span> <span class='ocrx_word' id='word_1_209' title='bbox 2575 1451 2642 1505; x_wconf 91' lang='lat' dir='ltr'><strong>de</strong></span> <span class='ocrx_word' id='word_1_210' title='bbox 2679 1450 2978 1520; x_wconf 86' lang='lat' dir='ltr'><strong>Apollinari</strong></span> <span class='ocrx_word' id='word_1_211' title='bbox 3014 1452 3241 1505; x_wconf 89' lang='lat' dir='ltr'><strong>adnotat</strong></span> <span class='ocrx_word' id='word_1_212' title='bbox 3272 1451 3449 1523; x_wconf 84' lang='lat' dir='ltr'><strong>Theo-</strong></span> 
     </span>
    </p>
   </div>
   <div class='ocr_carea' id='block_1_29' title="bbox 1864 1541 3450 1614">
    <p class='ocr_par' dir='ltr' id='par_1_29' title="bbox 1864 1541 3450 1614">
     <span class='ocr_line' id='line_1_29' title="bbox 1864 1541 3450 1614; baseline 0.001 -17"><span class='ocrx_word' id='word_1_213' title='bbox 1864 1542 2148 1614; x_wconf 86' lang='lat' dir='ltr'><strong>phylactus</strong></span> <span class='ocrx_word' id='word_1_214' title='bbox 2175 1542 2228 1597; x_wconf 90' lang='lat' dir='ltr'><strong>iu</strong></span> <span class='ocrx_word' id='word_1_215' title='bbox 2261 1558 2324 1598; x_wconf 95' lang='grc' dir='ltr'><strong>ιιι</strong></span> <span class='ocrx_word' id='word_1_216' title='bbox 2354 1542 2515 1597; x_wconf 83' lang='lat' dir='ltr'><strong>Joan.</strong></span> <span class='ocrx_word' id='word_1_217' title='bbox 2541 1541 2694 1598; x_wconf 89' lang='lat' dir='ltr'><strong>Unde</strong></span> <span class='ocrx_word' id='word_1_218' title='bbox 2715 1558 2743 1597; x_wconf 90' lang='lat' dir='ltr'><strong>a</strong></span> <span class='ocrx_word' id='word_1_219' title='bbox 2768 1542 3053 1599; x_wconf 83' lang='lat' dir='ltr'><strong>Valentino</strong></span> <span class='ocrx_word' id='word_1_220' title='bbox 3080 1559 3184 1598; x_wconf 92' lang='lat' dir='ltr'><strong>non</strong></span> <span class='ocrx_word' id='word_1_221' title='bbox 3220 1545 3450 1599; x_wconf 84' lang='lat' dir='ltr'><strong>multum</strong></span> 
     </span>
    </p>
   </div>
   <div class='ocr_carea' id='block_1_30' title="bbox 1864 1632 3453 1703">
    <p class='ocr_par' dir='ltr' id='par_1_30' title="bbox 1864 1632 3453 1703">
     <span class='ocr_line' id='line_1_30' title="bbox 1864 1632 3453 1703; baseline 0.003 -18"><span class='ocrx_word' id='word_1_222' title='bbox 1864 1632 2132 1688; x_wconf 87' lang='lat' dir='ltr'><strong>ablusisse</strong></span> <span class='ocrx_word' id='word_1_223' title='bbox 2161 1641 2459 1703; x_wconf 91' lang='lat' dir='ltr'><strong>utrumque</strong></span> <span class='ocrx_word' id='word_1_224' title='bbox 2480 1634 2697 1703; x_wconf 88' lang='lat' dir='ltr'><strong>planum</strong></span> <span class='ocrx_word' id='word_1_225' title='bbox 2728 1643 2834 1690; x_wconf 87' lang='lat' dir='ltr'><strong>est.</strong></span> <span class='ocrx_word' id='word_1_226' title='bbox 2861 1634 2997 1690; x_wconf 85' lang='lat' dir='ltr'><strong>Tres</strong></span> <span class='ocrx_word' id='word_1_227' title='bbox 3021 1636 3095 1690; x_wconf 89' lang='lat' dir='ltr'><strong>illi</strong></span> <span class='ocrx_word' id='word_1_228' title='bbox 3131 1646 3308 1695; x_wconf 84' lang='lat' dir='ltr'><strong>tamen</strong></span> <span class='ocrx_word' id='word_1_229' title='bbox 3340 1640 3453 1702; x_wconf 83' lang='grc' dir='ltr'><strong>τοῖς</strong></span> 
     </span>
    </p>
   </div>
   <div class='ocr_carea' id='block_1_31' title="bbox 1864 1723 3450 1792">
    <p class='ocr_par' dir='ltr' id='par_1_31' title="bbox 1864 1723 3450 1792">
     <span class='ocr_line' id='line_1_31' title="bbox 1864 1723 3450 1792; baseline 0.003 -17"><span class='ocrx_word' id='word_1_230' title='bbox 1864 1724 2293 1791; x_wconf 79' lang='grc' dir='ltr'>φαντασιασταῖς</span> <span class='ocrx_word' id='word_1_231' title='bbox 2320 1723 2599 1777; x_wconf 86' lang='lat' dir='ltr'><strong>accenseri</strong></span> <span class='ocrx_word' id='word_1_232' title='bbox 2635 1733 2896 1792; x_wconf 88' lang='lat' dir='ltr'><strong>possunt,</strong></span> <span class='ocrx_word' id='word_1_233' title='bbox 2925 1725 3007 1778; x_wconf 85' lang='grc' dir='ltr'><strong>ὅτι</strong></span> <span class='ocrx_word' id='word_1_234' title='bbox 3042 1725 3104 1779; x_wconf 83' lang='grc' dir='ltr'><strong>τὸ</strong></span> <span class='ocrx_word' id='word_1_235' title='bbox 3147 1725 3279 1779; x_wconf 81' lang='grc' dir='ltr'>αὐτό</span> <span class='ocrx_word' id='word_1_236' title='bbox 3311 1727 3450 1789; x_wconf 78' lang='grc' dir='ltr'>ἐστι,</span> 
     </span>
    </p>
   </div>
   <div class='ocr_carea' id='block_1_32' title="bbox 1866 1812 3455 1885">
    <p class='ocr_par' dir='ltr' id='par_1_32' title="bbox 1866 1812 3455 1885">
     <span class='ocr_line' id='line_1_32' title="bbox 1866 1812 3455 1885; baseline 0.003 -18"><span class='ocrx_word' id='word_1_237' title='bbox 1866 1813 2040 1883; x_wconf 89' lang='lat' dir='ltr'><strong>inquit</strong></span> <span class='ocrx_word' id='word_1_238' title='bbox 2069 1813 2335 1878; x_wconf 73' lang='lat' dir='ltr'><strong>lreutctts,</strong></span> <span class='ocrx_word' id='word_1_239' title='bbox 2362 1812 2582 1885; x_wconf 81' lang='grc' dir='ltr'>δοκήσει</span> <span class='ocrx_word' id='word_1_240' title='bbox 2610 1812 2786 1882; x_wconf 79' lang='grc' dir='ltr'>λέγειν</span> <span class='ocrx_word' id='word_1_241' title='bbox 2813 1816 3144 1885; x_wconf 74' lang='grc' dir='ltr'><strong>πεφηνέναι,</strong></span> <span class='ocrx_word' id='word_1_242' title='bbox 3179 1818 3272 1871; x_wconf 83' lang='grc' dir='ltr'><strong>καὶ</strong></span> <span class='ocrx_word' id='word_1_243' title='bbox 3301 1818 3455 1871; x_wconf 80' lang='grc' dir='ltr'>οὐδὲν</span> 
     </span>
    </p>
   </div>
   <div class='ocr_carea' id='block_1_33' title="bbox 184 1885 1762 1981">
    <p class='ocr_par' dir='ltr' id='par_1_33' title="bbox 184 1885 1761 1978">
     <span class='ocr_line' id='line_1_33' title="bbox 184 1885 1761 1978; baseline 0.003 -17"><span class='ocrx_word' id='word_1_244' title='bbox 184 1907 270 1962; x_wconf 92' lang='lat' dir='ltr'><strong>lib.</strong></span> <span class='ocrx_word' id='word_1_245' title='bbox 298 1923 367 1963; x_wconf 85' lang='grc' dir='ltr'><strong>ιιι</strong></span> <span class='ocrx_word' id='word_1_246' title='bbox 398 1918 581 1963; x_wconf 83' lang='lat' dir='ltr'><strong>contra</strong></span> <span class='ocrx_word' id='word_1_247' title='bbox 612 1885 783 1963; x_wconf 66' lang='lat' dir='ltr'><strong>Marc.</strong></span> <span class='ocrx_word' id='word_1_248' title='bbox 805 1950 821 1977; x_wconf 88' lang='lat'><strong>,</strong></span> <span class='ocrx_word' id='word_1_249' title='bbox 848 1924 969 1978; x_wconf 88' lang='lat' dir='ltr'><strong>cap.</strong></span> <span class='ocrx_word' id='word_1_250' title='bbox 1008 1908 1068 1963; x_wconf 85' lang='lat' dir='ltr'><strong>II</strong></span> <span class='ocrx_word' id='word_1_251' title='bbox 1093 1949 1107 1974; x_wconf 95' lang='lat'><strong>,</strong></span> <span class='ocrx_word' id='word_1_252' title='bbox 1132 1921 1188 1965; x_wconf 91' lang='lat' dir='ltr'><strong>et</strong></span> <span class='ocrx_word' id='word_1_253' title='bbox 1218 1920 1328 1965; x_wconf 90' lang='lat' dir='ltr'><strong>toto</strong></span> <span class='ocrx_word' id='word_1_254' title='bbox 1373 1910 1469 1967; x_wconf 92' lang='lat' dir='ltr'><strong>lib.</strong></span> <span class='ocrx_word' id='word_1_255' title='bbox 1498 1910 1577 1966; x_wconf 81' lang='lat' dir='ltr'><strong>De</strong></span> <span class='ocrx_word' id='word_1_256' title='bbox 1602 1928 1761 1967; x_wconf 82' lang='lat' dir='ltr'><strong>carne</strong></span> 
     </span>
    </p>
   </div>
   <div class='ocr_carea' id='block_1_34' title="bbox 1867 1885 3455 1981">
    <p class='ocr_par' dir='ltr' id='par_1_34' title="bbox 1867 1903 3455 1981">
     <span class='ocr_line' id='line_1_34' title="bbox 1867 1903 3455 1981; baseline 0.004 -22"><span class='ocrx_word' id='word_1_257' title='bbox 1867 1908 1929 1959; x_wconf 78' lang='grc' dir='ltr'><strong>ἐκ</strong></span> <span class='ocrx_word' id='word_1_258' title='bbox 1954 1906 2053 1977; x_wconf 83' lang='grc' dir='ltr'><strong>τῆς</strong></span> <span class='ocrx_word' id='word_1_259' title='bbox 2072 1904 2291 1977; x_wconf 78' lang='grc' dir='ltr'>Μαρίας</span> <span class='ocrx_word' id='word_1_260' title='bbox 2320 1904 2618 1975; x_wconf 78' lang='grc' dir='ltr'><strong>εἰληφέναι.</strong></span> <span class='ocrx_word' id='word_1_261' title='bbox 2648 1906 2910 1978; x_wconf 78' lang='grc' dir='ltr'><strong>Οὑδὲγὰρ</strong></span> <span class='ocrx_word' id='word_1_262' title='bbox 2936 1903 3004 1977; x_wconf 75' lang='grc' dir='ltr'>ἦν</span> <span class='ocrx_word' id='word_1_263' title='bbox 3033 1908 3246 1980; x_wconf 77' lang='grc' dir='ltr'><strong>ἀληθῶς</strong></span> <span class='ocrx_word' id='word_1_264' title='bbox 3276 1908 3455 1981; x_wconf 82' lang='grc' dir='ltr'>σάρκα</span> 
     </span>
    </p>
   </div>
   <div class='ocr_carea' id='block_1_35' title="bbox 181 2000 1763 2071">
    <p class='ocr_par' dir='ltr' id='par_1_35' title="bbox 181 2000 1763 2071">
     <span class='ocr_line' id='line_1_35' title="bbox 181 2000 1763 2071; baseline 0.004 -19"><span class='ocrx_word' id='word_1_265' title='bbox 181 2000 419 2064; x_wconf 77' lang='lat' dir='ltr'><strong>Christi,</strong></span> <span class='ocrx_word' id='word_1_266' title='bbox 459 2011 514 2056; x_wconf 88' lang='lat' dir='ltr'><strong>et</strong></span> <span class='ocrx_word' id='word_1_267' title='bbox 564 2002 807 2071; x_wconf 84' lang='lat' dir='ltr'><strong>passim,</strong></span> <span class='ocrx_word' id='word_1_268' title='bbox 868 2012 923 2057; x_wconf 91' lang='lat' dir='ltr'><strong>et</strong></span> <span class='ocrx_word' id='word_1_269' title='bbox 988 2002 1310 2059; x_wconf 82' lang='lat' dir='ltr'><strong>Philastrius</strong></span> <span class='ocrx_word' id='word_1_270' title='bbox 1344 2004 1478 2058; x_wconf 71' lang='lat' dir='ltr'><strong>harr.</strong></span> <span class='ocrx_word' id='word_1_271' title='bbox 1519 2018 1643 2058; x_wconf 79' lang='lat' dir='ltr'><strong>thv</strong></span> <span class='ocrx_word' id='word_1_272' title='bbox 1707 2013 1763 2060; x_wconf 93' lang='lat' dir='ltr'><strong>et</strong></span> 
     </span>
    </p>
   </div>
   <div class='ocr_carea' id='block_1_36' title="bbox 182 2094 1757 2169">
    <p class='ocr_par' dir='ltr' id='par_1_36' title="bbox 182 2094 1757 2169">
     <span class='ocr_line' id='line_1_36' title="bbox 182 2094 1757 2169; baseline 0.003 -22"><span class='ocrx_word' id='word_1_273' title='bbox 182 2109 311 2159; x_wconf 74' lang='lat' dir='ltr'><strong>xcv;</strong></span> <span class='ocrx_word' id='word_1_274' title='bbox 346 2094 679 2164; x_wconf 85' lang='lat' dir='ltr'><strong>Epiphanius</strong></span> <span class='ocrx_word' id='word_1_275' title='bbox 695 2096 829 2150; x_wconf 71' lang='lat' dir='ltr'><strong>haar.</strong></span> <span class='ocrx_word' id='word_1_276' title='bbox 854 2111 968 2162; x_wconf 81' lang='lat' dir='ltr'><strong>xu,</strong></span> <span class='ocrx_word' id='word_1_277' title='bbox 994 2111 1112 2166; x_wconf 88' lang='lat' dir='ltr'><strong>cap.</strong></span> <span class='ocrx_word' id='word_1_278' title='bbox 1141 2097 1192 2162; x_wconf 81' lang='lat' dir='ltr'><strong>l,</strong></span> <span class='ocrx_word' id='word_1_279' title='bbox 1225 2106 1280 2152; x_wconf 91' lang='lat' dir='ltr'><strong>et</strong></span> <span class='ocrx_word' id='word_1_280' title='bbox 1310 2097 1442 2152; x_wconf 86' lang='lat' dir='ltr'><strong>haer.</strong></span> <span class='ocrx_word' id='word_1_281' title='bbox 1471 2113 1603 2161; x_wconf 72' lang='lat' dir='ltr'><strong>XLII,</strong></span> <span class='ocrx_word' id='word_1_282' title='bbox 1637 2113 1757 2169; x_wconf 91' lang='lat' dir='ltr'><strong>cap.</strong></span> 
     </span>
    </p>
   </div>
   <div class='ocr_carea' id='block_1_37' title="bbox 181 2185 1761 2258">
    <p class='ocr_par' dir='ltr' id='par_1_37' title="bbox 181 2185 1761 2258">
     <span class='ocr_line' id='line_1_37' title="bbox 181 2185 1761 2258; baseline 0.003 -18"><span class='ocrx_word' id='word_1_283' title='bbox 181 2186 213 2240; x_wconf 77' lang='lat'><strong>2</strong></span> <span class='ocrx_word' id='word_1_284' title='bbox 233 2226 249 2252; x_wconf 96' lang='lat'><strong>,</strong></span> <span class='ocrx_word' id='word_1_285' title='bbox 278 2195 336 2240; x_wconf 86' lang='lat' dir='ltr'><strong>et</strong></span> <span class='ocrx_word' id='word_1_286' title='bbox 366 2186 743 2241; x_wconf 89' lang='lat' dir='ltr'><strong>Theodoretus</strong></span> <span class='ocrx_word' id='word_1_287' title='bbox 791 2185 942 2241; x_wconf 76' lang='grc' dir='ltr'>ιιων.</span> <span class='ocrx_word' id='word_1_288' title='bbox 986 2188 1099 2254; x_wconf 82' lang='lat' dir='ltr'><strong>fab.</strong></span> <span class='ocrx_word' id='word_1_289' title='bbox 1127 2187 1250 2252; x_wconf 72' lang='grc' dir='ltr'>ιιίι).</span> <span class='ocrx_word' id='word_1_290' title='bbox 1290 2204 1305 2242; x_wconf 93' lang='grc' dir='ltr'><strong>ι</strong></span> <span class='ocrx_word' id='word_1_291' title='bbox 1332 2228 1349 2254; x_wconf 89' lang='grc'><em>,</em></span> <span class='ocrx_word' id='word_1_292' title='bbox 1375 2202 1497 2258; x_wconf 91' lang='lat' dir='ltr'><strong>cap.</strong></span> <span class='ocrx_word' id='word_1_293' title='bbox 1528 2188 1622 2245; x_wconf 66' lang='grc'><strong>24.</strong></span> <span class='ocrx_word' id='word_1_294' title='bbox 1650 2189 1761 2245; x_wconf 88' lang='lat' dir='ltr'><strong>Nec</strong></span> 
     </span>
    </p>
   </div>
   <div class='ocr_carea' id='block_1_38' title="bbox 182 2278 1759 2351">
    <p class='ocr_par' dir='ltr' id='par_1_38' title="bbox 182 2278 1759 2351">
     <span class='ocr_line' id='line_1_38' title="bbox 182 2278 1759 2351; baseline 0.003 -19"><span class='ocrx_word' id='word_1_295' title='bbox 182 2281 360 2335; x_wconf 89' lang='lat' dir='ltr'><strong>verius</strong></span> <span class='ocrx_word' id='word_1_296' title='bbox 386 2288 471 2334; x_wconf 92' lang='lat' dir='ltr'><strong>est</strong></span> <span class='ocrx_word' id='word_1_297' title='bbox 504 2293 824 2348; x_wconf 84' lang='lat' dir='ltr'><strong>persuasum</strong></span> <span class='ocrx_word' id='word_1_298' title='bbox 870 2279 999 2333; x_wconf 92' lang='lat' dir='ltr'><strong>illud</strong></span> <span class='ocrx_word' id='word_1_299' title='bbox 1036 2278 1203 2335; x_wconf 91' lang='lat' dir='ltr'><strong>fuisse</strong></span> <span class='ocrx_word' id='word_1_300' title='bbox 1236 2279 1458 2350; x_wconf 88' lang='lat' dir='ltr'><strong>Origeni</strong></span> <span class='ocrx_word' id='word_1_301' title='bbox 1479 2322 1494 2346; x_wconf 92' lang='lat'><strong>,</strong></span> <span class='ocrx_word' id='word_1_302' title='bbox 1528 2281 1671 2351; x_wconf 92' lang='lat' dir='ltr'><strong>quod</strong></span> <span class='ocrx_word' id='word_1_303' title='bbox 1711 2283 1759 2336; x_wconf 91' lang='lat' dir='ltr'><strong>ei</strong></span> 
     </span>
    </p>
   </div>
   <div class='ocr_carea' id='block_1_39' title="bbox 182 2371 1765 2443">
    <p class='ocr_par' dir='ltr' id='par_1_39' title="bbox 182 2371 1765 2443">
     <span class='ocr_line' id='line_1_39' title="bbox 182 2371 1765 2443; baseline 0.001 -16"><span class='ocrx_word' id='word_1_304' title='bbox 182 2372 385 2443; x_wconf 83' lang='lat' dir='ltr'><strong>aﬁingit</strong></span> <span class='ocrx_word' id='word_1_305' title='bbox 431 2371 783 2436; x_wconf 82' lang='lat' dir='ltr'><strong>Gennadius;</strong></span> <span class='ocrx_word' id='word_1_306' title='bbox 817 2372 997 2436; x_wconf 43' lang='lat' dir='ltr'><strong>,verba</strong></span> <span class='ocrx_word' id='word_1_307' title='bbox 1035 2372 1305 2442; x_wconf 85' lang='lat' dir='ltr'><strong>siquidem</strong></span> <span class='ocrx_word' id='word_1_308' title='bbox 1334 2372 1454 2443; x_wconf 87' lang='lat' dir='ltr'><strong>ejus</strong></span> <span class='ocrx_word' id='word_1_309' title='bbox 1490 2374 1605 2429; x_wconf 83' lang='lat' dir='ltr'><strong>haec</strong></span> <span class='ocrx_word' id='word_1_310' title='bbox 1634 2384 1765 2429; x_wconf 90' lang='lat' dir='ltr'><strong>sunt</strong></span> 
     </span>
    </p>
   </div>
   <div class='ocr_carea' id='block_1_40' title="bbox 181 2463 1763 2533">
    <p class='ocr_par' dir='ltr' id='par_1_40' title="bbox 181 2463 1763 2533">
     <span class='ocr_line' id='line_1_40' title="bbox 181 2463 1763 2533; baseline 0.001 -14"><span class='ocrx_word' id='word_1_311' title='bbox 181 2464 361 2520; x_wconf 90' lang='lat' dir='ltr'><strong>homil.</strong></span> <span class='ocrx_word' id='word_1_312' title='bbox 396 2463 466 2518; x_wconf 73' lang='grc'><strong>14</strong></span> <span class='ocrx_word' id='word_1_313' title='bbox 495 2465 548 2519; x_wconf 87' lang='lat' dir='ltr'><strong>in</strong></span> <span class='ocrx_word' id='word_1_314' title='bbox 583 2464 710 2517; x_wconf 86' lang='lat' dir='ltr'><strong>Luc.</strong></span> <span class='ocrx_word' id='word_1_315' title='bbox 739 2477 759 2517; x_wconf 89' lang='lat'><strong><em>:</em></strong></span> <span class='ocrx_word' id='word_1_316' title='bbox 796 2481 816 2516; x_wconf 76' lang='grc' dir='ltr'><strong>ι</strong></span> <span class='ocrx_word' id='word_1_317' title='bbox 850 2463 1004 2530; x_wconf 86' lang='lat' dir='ltr'><strong>Quod</strong></span> <span class='ocrx_word' id='word_1_318' title='bbox 1038 2464 1256 2533; x_wconf 88' lang='lat' dir='ltr'><strong>quidem</strong></span> <span class='ocrx_word' id='word_1_319' title='bbox 1287 2473 1343 2519; x_wconf 92' lang='lat' dir='ltr'><strong>et</strong></span> <span class='ocrx_word' id='word_1_320' title='bbox 1373 2466 1635 2520; x_wconf 88' lang='lat' dir='ltr'><strong>adversus</strong></span> <span class='ocrx_word' id='word_1_321' title='bbox 1666 2479 1763 2521; x_wconf 91' lang='lat' dir='ltr'><strong>eos</strong></span> 
     </span>
    </p>
   </div>
   <div class='ocr_carea' id='block_1_41' title="bbox 183 2554 1763 2626">
    <p class='ocr_par' dir='ltr' id='par_1_41' title="bbox 183 2554 1763 2626">
     <span class='ocr_line' id='line_1_41' title="bbox 183 2554 1763 2626; baseline 0.004 -17"><span class='ocrx_word' id='word_1_322' title='bbox 183 2555 326 2620; x_wconf 84' lang='lat' dir='ltr'><strong>facit,</strong></span> <span class='ocrx_word' id='word_1_323' title='bbox 360 2556 457 2625; x_wconf 87' lang='lat' dir='ltr'><strong>qui</strong></span> <span class='ocrx_word' id='word_1_324' title='bbox 491 2566 686 2626; x_wconf 84' lang='lat' dir='ltr'><strong>negant</strong></span> <span class='ocrx_word' id='word_1_325' title='bbox 733 2554 1024 2609; x_wconf 91' lang='lat' dir='ltr'><strong>Dominum</strong></span> <span class='ocrx_word' id='word_1_326' title='bbox 1058 2565 1304 2611; x_wconf 87' lang='lat' dir='ltr'><strong>nostrum</strong></span> <span class='ocrx_word' id='word_1_327' title='bbox 1332 2558 1626 2613; x_wconf 90' lang='lat' dir='ltr'><strong>humanum</strong></span> <span class='ocrx_word' id='word_1_328' title='bbox 1668 2560 1763 2615; x_wconf 88' lang='lat' dir='ltr'><strong>ha-</strong></span> 
     </span>
    </p>
   </div>
   <div class='ocr_carea' id='block_1_42' title="bbox 182 2646 1763 2718">
    <p class='ocr_par' dir='ltr' id='par_1_42' title="bbox 182 2646 1763 2718">
     <span class='ocr_line' id='line_1_42' title="bbox 182 2646 1763 2718; baseline 0.003 -16"><span class='ocrx_word' id='word_1_329' title='bbox 182 2647 358 2702; x_wconf 88' lang='lat' dir='ltr'><strong>buisse</strong></span> <span class='ocrx_word' id='word_1_330' title='bbox 386 2662 607 2718; x_wconf 91' lang='lat' dir='ltr'><strong>corpus,</strong></span> <span class='ocrx_word' id='word_1_331' title='bbox 627 2646 723 2702; x_wconf 92' lang='lat' dir='ltr'><strong>sed</strong></span> <span class='ocrx_word' id='word_1_332' title='bbox 752 2646 1094 2712; x_wconf 63' lang='lat' dir='ltr'><strong>coelestibus,</strong></span> <span class='ocrx_word' id='word_1_333' title='bbox 1114 2657 1170 2701; x_wconf 90' lang='lat' dir='ltr'><strong>et</strong></span> <span class='ocrx_word' id='word_1_334' title='bbox 1193 2648 1566 2717; x_wconf 84' lang='lat' dir='ltr'><strong>spiritualibus</strong></span> <span class='ocrx_word' id='word_1_335' title='bbox 1594 2649 1763 2706; x_wconf 89' lang='lat' dir='ltr'><strong>fuisse</strong></span> 
     </span>
    </p>
   </div>
   <div class='ocr_carea' id='block_1_43' title="bbox 182 2740 1762 2807">
    <p class='ocr_par' dir='ltr' id='par_1_43' title="bbox 182 2740 1762 2807">
     <span class='ocr_line' id='line_1_43' title="bbox 182 2740 1762 2807; baseline 0.003 -12"><span class='ocrx_word' id='word_1_336' title='bbox 182 2749 514 2795; x_wconf 70' lang='lat' dir='ltr'><strong>contextum.</strong></span> <span class='ocrx_word' id='word_1_337' title='bbox 553 2740 609 2794; x_wconf 88' lang='lat' dir='ltr'><strong>Si</strong></span> <span class='ocrx_word' id='word_1_338' title='bbox 649 2740 795 2795; x_wconf 90' lang='lat' dir='ltr'><strong>enim</strong></span> <span class='ocrx_word' id='word_1_339' title='bbox 841 2741 908 2796; x_wconf 92' lang='lat' dir='ltr'><strong>de</strong></span> <span class='ocrx_word' id='word_1_340' title='bbox 953 2740 1285 2807; x_wconf 69' lang='lat' dir='ltr'><strong>coelestibus,</strong></span> <span class='ocrx_word' id='word_1_341' title='bbox 1318 2752 1467 2798; x_wconf 90' lang='lat' dir='ltr'><strong>etut</strong></span> <span class='ocrx_word' id='word_1_342' title='bbox 1500 2742 1574 2797; x_wconf 90' lang='lat' dir='ltr'><strong>illi</strong></span> <span class='ocrx_word' id='word_1_343' title='bbox 1626 2744 1762 2801; x_wconf 88' lang='lat' dir='ltr'><strong>falso</strong></span> 
     </span>
    </p>
   </div>
   <div class='ocr_carea' id='block_1_44' title="bbox 182 2831 1759 2903">
    <p class='ocr_par' dir='ltr' id='par_1_44' title="bbox 182 2831 1759 2903">
     <span class='ocr_line' id='line_1_44' title="bbox 182 2831 1759 2903; baseline 0.004 -20"><span class='ocrx_word' id='word_1_344' title='bbox 182 2840 435 2887; x_wconf 87' lang='lat' dir='ltr'><strong>asserunt</strong></span> <span class='ocrx_word' id='word_1_345' title='bbox 459 2874 473 2897; x_wconf 95' lang='lat'><strong>,</strong></span> <span class='ocrx_word' id='word_1_346' title='bbox 503 2832 568 2886; x_wconf 90' lang='lat' dir='ltr'><strong>de</strong></span> <span class='ocrx_word' id='word_1_347' title='bbox 594 2831 888 2897; x_wconf 86' lang='lat' dir='ltr'><strong>sideribus,</strong></span> <span class='ocrx_word' id='word_1_348' title='bbox 934 2842 990 2887; x_wconf 90' lang='lat' dir='ltr'><strong>et</strong></span> <span class='ocrx_word' id='word_1_349' title='bbox 1015 2832 1121 2886; x_wconf 92' lang='lat' dir='ltr'><strong>alia</strong></span> <span class='ocrx_word' id='word_1_350' title='bbox 1150 2834 1387 2901; x_wconf 87' lang='lat' dir='ltr'><strong>quadam</strong></span> <span class='ocrx_word' id='word_1_351' title='bbox 1436 2833 1759 2903; x_wconf 88' lang='lat' dir='ltr'><strong>sublimiori,</strong></span> 
     </span>
    </p>
   </div>
   <div class='ocr_carea' id='block_1_45' title="bbox 184 2924 1764 2997">
    <p class='ocr_par' dir='ltr' id='par_1_45' title="bbox 184 2924 1764 2997">
     <span class='ocr_line' id='line_1_45' title="bbox 184 2924 1764 2997; baseline 0.002 -17"><span class='ocrx_word' id='word_1_352' title='bbox 184 2924 521 2995; x_wconf 85' lang='lat' dir='ltr'><strong>spiritalique</strong></span> <span class='ocrx_word' id='word_1_353' title='bbox 551 2935 742 2979; x_wconf 82' lang='lat' dir='ltr'><strong>natura</strong></span> <span class='ocrx_word' id='word_1_354' title='bbox 778 2940 977 2995; x_wconf 88' lang='lat' dir='ltr'><strong>corpus</strong></span> <span class='ocrx_word' id='word_1_355' title='bbox 1005 2925 1121 2991; x_wconf 85' lang='lat' dir='ltr'><strong>ejus</strong></span> <span class='ocrx_word' id='word_1_356' title='bbox 1151 2925 1349 2990; x_wconf 88' lang='lat' dir='ltr'><strong>fuerit,</strong></span> <span class='ocrx_word' id='word_1_357' title='bbox 1397 2929 1764 2997; x_wconf 89' lang='lat' dir='ltr'><strong>respondeant</strong></span> 
     </span>
    </p>
   </div>
   <div class='ocr_carea' id='block_1_46' title="bbox 182 3013 1767 3086">
    <p class='ocr_par' dir='ltr' id='par_1_46' title="bbox 182 3013 1767 3086">
     <span class='ocr_line' id='line_1_46' title="bbox 182 3013 1767 3086; baseline 0.003 -18"><span class='ocrx_word' id='word_1_358' title='bbox 182 3029 366 3083; x_wconf 89' lang='lat' dir='ltr'><strong>quare,</strong></span> <span class='ocrx_word' id='word_1_359' title='bbox 404 3032 427 3066; x_wconf 75' lang='grc' dir='ltr'><strong>ι</strong></span> <span class='ocrx_word' id='word_1_360' title='bbox 462 3024 570 3070; x_wconf 93' lang='lat' dir='ltr'><strong>etc.</strong></span> <span class='ocrx_word' id='word_1_361' title='bbox 603 3013 834 3070; x_wconf 84' lang='lat' dir='ltr'><strong>Homilia</strong></span> <span class='ocrx_word' id='word_1_362' title='bbox 868 3030 1087 3086; x_wconf 85' lang='lat' dir='ltr'><strong>quoque</strong></span> <span class='ocrx_word' id='word_1_363' title='bbox 1121 3016 1185 3071; x_wconf 81' lang='lat' dir='ltr'><strong>I7</strong></span> <span class='ocrx_word' id='word_1_364' title='bbox 1217 3016 1271 3071; x_wconf 94' lang='lat' dir='ltr'><strong>in</strong></span> <span class='ocrx_word' id='word_1_365' title='bbox 1320 3019 1570 3073; x_wconf 89' lang='lat' dir='ltr'><strong>eumdem</strong></span> <span class='ocrx_word' id='word_1_366' title='bbox 1600 3033 1767 3074; x_wconf 83' lang='lat' dir='ltr'><strong>evan-</strong></span> 
     </span>
    </p>
   </div>
   <div class='ocr_carea' id='block_1_47' title="bbox 181 3107 1763 3180">
    <p class='ocr_par' dir='ltr' id='par_1_47' title="bbox 181 3107 1763 3180">
     <span class='ocr_line' id='line_1_47' title="bbox 181 3107 1763 3180; baseline 0.004 -19"><span class='ocrx_word' id='word_1_367' title='bbox 181 3107 423 3177; x_wconf 85' lang='lat' dir='ltr'><strong>gelistam</strong></span> <span class='ocrx_word' id='word_1_368' title='bbox 442 3146 458 3173; x_wconf 93' lang='lat'><strong>,</strong></span> <span class='ocrx_word' id='word_1_369' title='bbox 484 3108 551 3163; x_wconf 90' lang='lat' dir='ltr'><strong>ad</strong></span> <span class='ocrx_word' id='word_1_370' title='bbox 581 3109 633 3163; x_wconf 93' lang='lat' dir='ltr'><strong>id</strong></span> <span class='ocrx_word' id='word_1_371' title='bbox 661 3108 805 3178; x_wconf 90' lang='lat' dir='ltr'><strong>quod</strong></span> <span class='ocrx_word' id='word_1_372' title='bbox 834 3110 1067 3164; x_wconf 88' lang='lat' dir='ltr'><strong>habetur</strong></span> <span class='ocrx_word' id='word_1_373' title='bbox 1091 3124 1214 3180; x_wconf 89' lang='lat' dir='ltr'><strong>cap.</strong></span> <span class='ocrx_word' id='word_1_374' title='bbox 1246 3128 1319 3177; x_wconf 88' lang='lat' dir='ltr'><strong>tt,</strong></span> <span class='ocrx_word' id='word_1_375' title='bbox 1356 3126 1500 3167; x_wconf 85' lang='lat' dir='ltr'><strong>vers.</strong></span> <span class='ocrx_word' id='word_1_376' title='bbox 1530 3113 1600 3167; x_wconf 72' lang='grc'><strong>54</strong></span> <span class='ocrx_word' id='word_1_377' title='bbox 1642 3133 1654 3169; x_wconf 93' lang='lat'><strong>:</strong></span> <span class='ocrx_word' id='word_1_378' title='bbox 1693 3112 1763 3167; x_wconf 84' lang='lat' dir='ltr'><strong>Et</strong></span> 
     </span>
    </p>
   </div>
   <div class='ocr_carea' id='block_1_48' title="bbox 179 3199 1757 3273">
    <p class='ocr_par' dir='ltr' id='par_1_48' title="bbox 179 3199 1757 3273">
     <span class='ocr_line' id='line_1_48' title="bbox 179 3199 1757 3273; baseline 0.005 -24"><span class='ocrx_word' id='word_1_379' title='bbox 179 3200 230 3251; x_wconf 75' lang='lat' dir='ltr'><strong>in</strong></span> <span class='ocrx_word' id='word_1_380' title='bbox 266 3199 479 3269; x_wconf 82' lang='lat' dir='ltr'><strong>signum</strong></span> <span class='ocrx_word' id='word_1_381' title='bbox 510 3200 595 3253; x_wconf 85' lang='lat' dir='ltr'><strong>cui</strong></span> <span class='ocrx_word' id='word_1_382' title='bbox 633 3201 1030 3255; x_wconf 79' lang='lat' dir='ltr'><strong>contradicetur</strong></span> <span class='ocrx_word' id='word_1_383' title='bbox 1052 3216 1071 3255; x_wconf 90' lang='lat'><strong><em>:</em></strong></span> <span class='ocrx_word' id='word_1_384' title='bbox 1103 3218 1122 3252; x_wconf 84' lang='grc' dir='ltr'><strong>ι</strong></span> <span class='ocrx_word' id='word_1_385' title='bbox 1155 3199 1424 3258; x_wconf 89' lang='lat' dir='ltr'><strong>Omnibus</strong></span> <span class='ocrx_word' id='word_1_386' title='bbox 1472 3219 1591 3273; x_wconf 74' lang='lat' dir='ltr'><strong>qua:</strong></span> <span class='ocrx_word' id='word_1_387' title='bbox 1634 3221 1757 3260; x_wconf 86' lang='lat' dir='ltr'><strong>nar-</strong></span> 
     </span>
    </p>
   </div>
   <div class='ocr_carea' id='block_1_49' title="bbox 183 3291 1764 3366">
    <p class='ocr_par' dir='ltr' id='par_1_49' title="bbox 183 3291 1764 3366">
     <span class='ocr_line' id='line_1_49' title="bbox 183 3291 1764 3366; baseline 0.004 -22"><span class='ocrx_word' id='word_1_388' title='bbox 183 3300 261 3344; x_wconf 89' lang='lat' dir='ltr'><strong>rat</strong></span> <span class='ocrx_word' id='word_1_389' title='bbox 283 3291 521 3348; x_wconf 90' lang='lat' dir='ltr'><strong>historia</strong></span> <span class='ocrx_word' id='word_1_390' title='bbox 547 3292 613 3347; x_wconf 93' lang='lat' dir='ltr'><strong>de</strong></span> <span class='ocrx_word' id='word_1_391' title='bbox 634 3291 936 3358; x_wconf 86' lang='lat' dir='ltr'><strong>Salvatore,</strong></span> <span class='ocrx_word' id='word_1_392' title='bbox 958 3293 1380 3349; x_wconf 89' lang='lat' dir='ltr'><strong>contradicitur.</strong></span> <span class='ocrx_word' id='word_1_393' title='bbox 1407 3294 1572 3366; x_wconf 86' lang='lat' dir='ltr'><strong>Virgo</strong></span> <span class='ocrx_word' id='word_1_394' title='bbox 1589 3307 1764 3351; x_wconf 89' lang='lat' dir='ltr'><strong>mater</strong></span> 
     </span>
    </p>
   </div>
   <div class='ocr_carea' id='block_1_50' title="bbox 180 3384 1764 3454">
    <p class='ocr_par' dir='ltr' id='par_1_50' title="bbox 180 3384 1764 3454">
     <span class='ocr_line' id='line_1_50' title="bbox 180 3384 1764 3454; baseline 0.004 -17"><span class='ocrx_word' id='word_1_395' title='bbox 180 3392 294 3447; x_wconf 87' lang='lat' dir='ltr'><strong>est;</strong></span> <span class='ocrx_word' id='word_1_396' title='bbox 325 3384 543 3454; x_wconf 89' lang='lat' dir='ltr'><strong>signum</strong></span> <span class='ocrx_word' id='word_1_397' title='bbox 566 3393 650 3439; x_wconf 88' lang='lat' dir='ltr'><strong>est</strong></span> <span class='ocrx_word' id='word_1_398' title='bbox 678 3384 764 3438; x_wconf 90' lang='lat' dir='ltr'><strong>cui</strong></span> <span class='ocrx_word' id='word_1_399' title='bbox 789 3386 1201 3440; x_wconf 89' lang='lat' dir='ltr'><strong>contradicitur.</strong></span> <span class='ocrx_word' id='word_1_400' title='bbox 1234 3385 1595 3445; x_wconf 61' lang='lat' dir='ltr'><strong>Marcionistm</strong></span> <span class='ocrx_word' id='word_1_401' title='bbox 1635 3404 1764 3444; x_wconf 87' lang='lat' dir='ltr'><strong>con-</strong></span> 
     </span>
    </p>
   </div>
   <div class='ocr_carea' id='block_1_51' title="bbox 182 3475 1766 3548">
    <p class='ocr_par' dir='ltr' id='par_1_51' title="bbox 182 3475 1766 3548">
     <span class='ocr_line' id='line_1_51' title="bbox 182 3475 1766 3548; baseline 0.005 -20"><span class='ocrx_word' id='word_1_402' title='bbox 182 3476 461 3531; x_wconf 88' lang='lat' dir='ltr'><strong>tradicunt</strong></span> <span class='ocrx_word' id='word_1_403' title='bbox 496 3475 623 3530; x_wconf 91' lang='lat' dir='ltr'><strong>huic</strong></span> <span class='ocrx_word' id='word_1_404' title='bbox 654 3477 811 3544; x_wconf 86' lang='lat' dir='ltr'><strong>signo</strong></span> <span class='ocrx_word' id='word_1_405' title='bbox 838 3516 853 3541; x_wconf 94' lang='lat'><strong>,</strong></span> <span class='ocrx_word' id='word_1_406' title='bbox 884 3484 939 3531; x_wconf 90' lang='lat' dir='ltr'><strong>et</strong></span> <span class='ocrx_word' id='word_1_407' title='bbox 973 3478 1126 3534; x_wconf 89' lang='lat' dir='ltr'><strong>aiunt</strong></span> <span class='ocrx_word' id='word_1_408' title='bbox 1154 3480 1372 3548; x_wconf 90' lang='lat' dir='ltr'><strong>penitus</strong></span> <span class='ocrx_word' id='word_1_409' title='bbox 1400 3495 1521 3535; x_wconf 92' lang='lat' dir='ltr'><strong>eum</strong></span> <span class='ocrx_word' id='word_1_410' title='bbox 1553 3482 1619 3536; x_wconf 92' lang='lat' dir='ltr'><strong>de</strong></span> <span class='ocrx_word' id='word_1_411' title='bbox 1643 3498 1766 3536; x_wconf 88' lang='lat' dir='ltr'><strong>mu-</strong></span> 
     </span>
    </p>
   </div>
   <div class='ocr_carea' id='block_1_52' title="bbox 178 3563 1766 3637">
    <p class='ocr_par' dir='ltr' id='par_1_52' title="bbox 178 3563 1766 3637">
     <span class='ocr_line' id='line_1_52' title="bbox 178 3563 1766 3637; baseline 0.005 -18"><span class='ocrx_word' id='word_1_412' title='bbox 178 3563 309 3620; x_wconf 83' lang='lat' dir='ltr'><strong>liere</strong></span> <span class='ocrx_word' id='word_1_413' title='bbox 363 3581 478 3621; x_wconf 93' lang='lat' dir='ltr'><strong>non</strong></span> <span class='ocrx_word' id='word_1_414' title='bbox 530 3581 650 3621; x_wconf 88' lang='lat' dir='ltr'><strong>esse</strong></span> <span class='ocrx_word' id='word_1_415' title='bbox 684 3577 1043 3637; x_wconf 86' lang='lat' dir='ltr'><strong>generatum;</strong></span> <span class='ocrx_word' id='word_1_416' title='bbox 1082 3570 1345 3626; x_wconf 71' lang='lat' dir='ltr'><strong>Ebionitae</strong></span> <span class='ocrx_word' id='word_1_417' title='bbox 1387 3573 1766 3627; x_wconf 86' lang='lat' dir='ltr'><strong>contradicunt</strong></span> 
     </span>
    </p>
   </div>
   <div class='ocr_carea' id='block_1_53' title="bbox 178 3660 1762 3731">
    <p class='ocr_par' dir='ltr' id='par_1_53' title="bbox 178 3660 1762 3731">
     <span class='ocr_line' id='line_1_53' title="bbox 178 3660 1762 3731; baseline 0.006 -19"><span class='ocrx_word' id='word_1_418' title='bbox 178 3660 332 3731; x_wconf 85' lang='lat' dir='ltr'><strong>signo</strong></span> <span class='ocrx_word' id='word_1_419' title='bbox 355 3700 374 3726; x_wconf 91' lang='lat'><strong>,</strong></span> <span class='ocrx_word' id='word_1_420' title='bbox 414 3660 660 3715; x_wconf 87' lang='lat' dir='ltr'><strong>dicentes</strong></span> <span class='ocrx_word' id='word_1_421' title='bbox 700 3674 767 3714; x_wconf 82' lang='lat' dir='ltr'><strong>ex</strong></span> <span class='ocrx_word' id='word_1_422' title='bbox 799 3660 916 3715; x_wconf 94' lang='lat' dir='ltr'><strong>viro</strong></span> <span class='ocrx_word' id='word_1_423' title='bbox 948 3669 1003 3716; x_wconf 89' lang='lat' dir='ltr'><strong>et</strong></span> <span class='ocrx_word' id='word_1_424' title='bbox 1048 3662 1275 3719; x_wconf 87' lang='lat' dir='ltr'><strong>muliere</strong></span> <span class='ocrx_word' id='word_1_425' title='bbox 1308 3665 1380 3718; x_wconf 91' lang='lat' dir='ltr'><strong>ita</strong></span> <span class='ocrx_word' id='word_1_426' title='bbox 1409 3675 1593 3719; x_wconf 90' lang='lat' dir='ltr'><strong>natum</strong></span> <span class='ocrx_word' id='word_1_427' title='bbox 1619 3680 1762 3730; x_wconf 89' lang='lat' dir='ltr'><strong>esse,</strong></span> 
     </span>
    </p>
   </div>
   <div class='ocr_carea' id='block_1_54' title="bbox 177 3752 1759 3827">
    <p class='ocr_par' dir='ltr' id='par_1_54' title="bbox 177 3752 1759 3827">
     <span class='ocr_line' id='line_1_54' title="bbox 177 3752 1759 3827; baseline 0.005 -24"><span class='ocrx_word' id='word_1_428' title='bbox 177 3761 234 3806; x_wconf 93' lang='lat' dir='ltr'><strong>ut</strong></span> <span class='ocrx_word' id='word_1_429' title='bbox 264 3766 365 3807; x_wconf 87' lang='lat' dir='ltr'><strong>nos</strong></span> <span class='ocrx_word' id='word_1_430' title='bbox 391 3766 610 3822; x_wconf 90' lang='lat' dir='ltr'><strong>quoque</strong></span> <span class='ocrx_word' id='word_1_431' title='bbox 633 3752 929 3807; x_wconf 89' lang='lat' dir='ltr'><strong>nascimur.</strong></span> <span class='ocrx_word' id='word_1_432' title='bbox 966 3752 1169 3809; x_wconf 83' lang='lat' dir='ltr'><strong>Habuit</strong></span> <span class='ocrx_word' id='word_1_433' title='bbox 1193 3770 1393 3827; x_wconf 86' lang='lat' dir='ltr'><strong>corpus</strong></span> <span class='ocrx_word' id='word_1_434' title='bbox 1423 3757 1759 3823; x_wconf 88' lang='lat' dir='ltr'><strong>humanum;</strong></span> 
     </span>
    </p>
   </div>
   <div class='ocr_carea' id='block_1_55' title="bbox 176 3841 1764 3912">
    <p class='ocr_par' dir='ltr' id='par_1_55' title="bbox 176 3841 1764 3912">
     <span class='ocr_line' id='line_1_55' title="bbox 176 3841 1764 3912; baseline 0.003 -19"><span class='ocrx_word' id='word_1_435' title='bbox 176 3841 364 3895; x_wconf 89' lang='lat' dir='ltr'><strong>ethoc</strong></span> <span class='ocrx_word' id='word_1_436' title='bbox 392 3842 609 3912; x_wconf 89' lang='lat' dir='ltr'><strong>signum</strong></span> <span class='ocrx_word' id='word_1_437' title='bbox 658 3850 740 3896; x_wconf 89' lang='lat' dir='ltr'><strong>est</strong></span> <span class='ocrx_word' id='word_1_438' title='bbox 768 3841 853 3896; x_wconf 92' lang='lat' dir='ltr'><strong>cui</strong></span> <span class='ocrx_word' id='word_1_439' title='bbox 883 3843 1312 3907; x_wconf 90' lang='lat' dir='ltr'><strong>contradicitur,</strong></span> <span class='ocrx_word' id='word_1_440' title='bbox 1351 3843 1443 3897; x_wconf 92' lang='lat' dir='ltr'><strong>alii</strong></span> <span class='ocrx_word' id='word_1_441' title='bbox 1496 3845 1643 3899; x_wconf 91' lang='lat' dir='ltr'><strong>enim</strong></span> <span class='ocrx_word' id='word_1_442' title='bbox 1679 3845 1764 3898; x_wconf 90' lang='lat' dir='ltr'><strong>di-</strong></span> 
     </span>
    </p>
   </div>
   <div class='ocr_carea' id='block_1_56' title="bbox 176 3932 1765 4005">
    <p class='ocr_par' dir='ltr' id='par_1_56' title="bbox 176 3932 1765 4005">
     <span class='ocr_line' id='line_1_56' title="bbox 176 3932 1765 4005; baseline 0.003 -21"><span class='ocrx_word' id='word_1_443' title='bbox 176 3940 302 3984; x_wconf 90' lang='lat' dir='ltr'><strong>cunt</strong></span> <span class='ocrx_word' id='word_1_444' title='bbox 327 3946 461 3986; x_wconf 90' lang='lat' dir='ltr'><strong>eum</strong></span> <span class='ocrx_word' id='word_1_445' title='bbox 492 3933 708 3986; x_wconf 77' lang='lat' dir='ltr'><strong>venisse</strong></span> <span class='ocrx_word' id='word_1_446' title='bbox 743 3932 810 3987; x_wconf 91' lang='lat' dir='ltr'><strong>de</strong></span> <span class='ocrx_word' id='word_1_447' title='bbox 836 3932 1009 3988; x_wconf 63' lang='lat' dir='ltr'><strong>caelis.</strong></span> <span class='ocrx_word' id='word_1_448' title='bbox 1046 3952 1065 3984; x_wconf 78' lang='grc' dir='ltr'><strong>ι</strong></span> <span class='ocrx_word' id='word_1_449' title='bbox 1097 3933 1210 3989; x_wconf 88' lang='lat' dir='ltr'><strong>Iloc</strong></span> <span class='ocrx_word' id='word_1_450' title='bbox 1251 3949 1379 3989; x_wconf 92' lang='lat' dir='ltr'><strong>vero</strong></span> <span class='ocrx_word' id='word_1_451' title='bbox 1399 3950 1585 3990; x_wconf 89' lang='lat' dir='ltr'><strong>errore</strong></span> <span class='ocrx_word' id='word_1_452' title='bbox 1613 3937 1765 4005; x_wconf 86' lang='lat' dir='ltr'><strong>peni-</strong></span> 
     </span>
    </p>
   </div>
   <div class='ocr_carea' id='block_1_57' title="bbox 178 4024 1763 4098">
    <p class='ocr_par' dir='ltr' id='par_1_57' title="bbox 178 4024 1763 4098">
     <span class='ocr_line' id='line_1_57' title="bbox 178 4024 1763 4098; baseline 0.004 -22"><span class='ocrx_word' id='word_1_453' title='bbox 178 4032 261 4078; x_wconf 87' lang='lat' dir='ltr'><strong>tus</strong></span> <span class='ocrx_word' id='word_1_454' title='bbox 296 4024 639 4095; x_wconf 88' lang='lat' dir='ltr'><strong>implicatum</strong></span> <span class='ocrx_word' id='word_1_455' title='bbox 675 4025 841 4081; x_wconf 84' lang='lat' dir='ltr'><strong>fuisse</strong></span> <span class='ocrx_word' id='word_1_456' title='bbox 880 4026 1178 4098; x_wconf 86' lang='lat' dir='ltr'><strong>Eutychem</strong></span> <span class='ocrx_word' id='word_1_457' title='bbox 1210 4026 1498 4082; x_wconf 88' lang='lat' dir='ltr'><strong>conﬁrmat</strong></span> <span class='ocrx_word' id='word_1_458' title='bbox 1526 4027 1763 4094; x_wconf 81' lang='lat' dir='ltr'><strong>Fulgen-</strong></span> 
     </span>
    </p>
   </div>
   <div class='ocr_carea' id='block_1_58' title="bbox 179 4114 1766 4190">
    <p class='ocr_par' dir='ltr' id='par_1_58' title="bbox 179 4114 1766 4190">
     <span class='ocr_line' id='line_1_58' title="bbox 179 4114 1766 4190; baseline 0.005 -24"><span class='ocrx_word' id='word_1_459' title='bbox 179 4114 281 4170; x_wconf 83' lang='lat' dir='ltr'><strong>tius</strong></span> <span class='ocrx_word' id='word_1_460' title='bbox 315 4131 572 4186; x_wconf 86' lang='lat' dir='ltr'><strong>respons.</strong></span> <span class='ocrx_word' id='word_1_461' title='bbox 604 4117 637 4171; x_wconf 75' lang='grc'>4</span> <span class='ocrx_word' id='word_1_462' title='bbox 678 4117 744 4170; x_wconf 90' lang='lat' dir='ltr'><strong>ad</strong></span> <span class='ocrx_word' id='word_1_463' title='bbox 774 4118 812 4171; x_wconf 83' lang='lat' dir='ltr'><strong>F</strong></span> <span class='ocrx_word' id='word_1_464' title='bbox 816 4118 1112 4173; x_wconf 88' lang='lat' dir='ltr'><strong>errandum</strong></span> <span class='ocrx_word' id='word_1_465' title='bbox 1152 4118 1368 4174; x_wconf 90' lang='lat' dir='ltr'><strong>diacon.</strong></span> <span class='ocrx_word' id='word_1_466' title='bbox 1403 4118 1540 4174; x_wconf 82' lang='lat' dir='ltr'><strong>Iiuic</strong></span> <span class='ocrx_word' id='word_1_467' title='bbox 1571 4120 1766 4190; x_wconf 72' lang='lat' dir='ltr'><strong>praelu-</strong></span> 
     </span>
    </p>
   </div>
   <div class='ocr_carea' id='block_1_59' title="bbox 175 4206 1766 4279">
    <p class='ocr_par' dir='ltr' id='par_1_59' title="bbox 175 4206 1766 4279">
     <span class='ocr_line' id='line_1_59' title="bbox 175 4206 1766 4279; baseline 0.003 -21"><span class='ocrx_word' id='word_1_468' title='bbox 175 4214 321 4260; x_wconf 88' lang='lat' dir='ltr'><strong>serat</strong></span> <span class='ocrx_word' id='word_1_469' title='bbox 351 4206 595 4279; x_wconf 81' lang='lat' dir='ltr'><strong>Apelles,</strong></span> <span class='ocrx_word' id='word_1_470' title='bbox 615 4206 769 4274; x_wconf 89' lang='lat' dir='ltr'><strong>cujus</strong></span> <span class='ocrx_word' id='word_1_471' title='bbox 793 4209 1065 4263; x_wconf 85' lang='lat' dir='ltr'><strong>insaniam</strong></span> <span class='ocrx_word' id='word_1_472' title='bbox 1102 4208 1251 4263; x_wconf 90' lang='lat' dir='ltr'><strong>illam</strong></span> <span class='ocrx_word' id='word_1_473' title='bbox 1276 4210 1502 4278; x_wconf 79' lang='lat' dir='ltr'><strong>exponit</strong></span> <span class='ocrx_word' id='word_1_474' title='bbox 1527 4209 1766 4279; x_wconf 86' lang='lat' dir='ltr'><strong>Epipha-</strong></span> 
     </span>
    </p>
   </div>
   <div class='ocr_carea' id='block_1_60' title="bbox 178 4300 1762 4371">
    <p class='ocr_par' dir='ltr' id='par_1_60' title="bbox 178 4300 1762 4371">
     <span class='ocr_line' id='line_1_60' title="bbox 178 4300 1762 4371; baseline 0.002 -19"><span class='ocrx_word' id='word_1_475' title='bbox 178 4300 298 4357; x_wconf 86' lang='lat' dir='ltr'><strong>nius</strong></span> <span class='ocrx_word' id='word_1_476' title='bbox 324 4302 465 4356; x_wconf 71' lang='lat' dir='ltr'><strong>hznr.</strong></span> <span class='ocrx_word' id='word_1_477' title='bbox 504 4317 658 4365; x_wconf 72' lang='grc' dir='ltr'><strong>ηιν,</strong></span> <span class='ocrx_word' id='word_1_478' title='bbox 690 4317 813 4371; x_wconf 90' lang='lat' dir='ltr'><strong>cap.</strong></span> <span class='ocrx_word' id='word_1_479' title='bbox 840 4302 875 4355; x_wconf 76' lang='lat'><strong>2</strong></span> <span class='ocrx_word' id='word_1_480' title='bbox 898 4340 913 4364; x_wconf 92' lang='lat'><strong>,</strong></span> <span class='ocrx_word' id='word_1_481' title='bbox 958 4311 1013 4357; x_wconf 85' lang='lat' dir='ltr'><strong>et</strong></span> <span class='ocrx_word' id='word_1_482' title='bbox 1042 4300 1419 4357; x_wconf 88' lang='lat' dir='ltr'><strong>Theodoretus</strong></span> <span class='ocrx_word' id='word_1_483' title='bbox 1450 4302 1544 4357; x_wconf 88' lang='lat' dir='ltr'><strong>lib.</strong></span> <span class='ocrx_word' id='word_1_484' title='bbox 1573 4318 1588 4357; x_wconf 94' lang='grc' dir='ltr'><strong>ι</strong></span> <span class='ocrx_word' id='word_1_485' title='bbox 1625 4300 1762 4356; x_wconf 83' lang='lat' dir='ltr'><strong>Fab.</strong></span> 
     </span>
    </p>
   </div>
   <div class='ocr_carea' id='block_1_61' title="bbox 175 4391 1768 4467">
    <p class='ocr_par' dir='ltr' id='par_1_61' title="bbox 175 4391 1768 4467">
     <span class='ocr_line' id='line_1_61' title="bbox 175 4391 1768 4467; baseline 0.003 -24"><span class='ocrx_word' id='word_1_486' title='bbox 175 4393 305 4449; x_wconf 73' lang='grc' dir='ltr'><strong>Ιιων.</strong></span> <span class='ocrx_word' id='word_1_487' title='bbox 334 4435 351 4461; x_wconf 85' lang='grc'><strong><em>,</em></strong></span> <span class='ocrx_word' id='word_1_488' title='bbox 382 4411 509 4463; x_wconf 89' lang='lat' dir='ltr'><strong>cap.</strong></span> <span class='ocrx_word' id='word_1_489' title='bbox 544 4394 637 4449; x_wconf 71' lang='lat'><strong>25.</strong></span> <span class='ocrx_word' id='word_1_490' title='bbox 671 4394 929 4467; x_wconf 84' lang='lat' dir='ltr'><strong>Apellitas</strong></span> <span class='ocrx_word' id='word_1_491' title='bbox 979 4403 1162 4450; x_wconf 88' lang='lat' dir='ltr'><strong>autem</strong></span> <span class='ocrx_word' id='word_1_492' title='bbox 1196 4407 1408 4450; x_wconf 89' lang='lat' dir='ltr'><strong>veneno</strong></span> <span class='ocrx_word' id='word_1_493' title='bbox 1437 4408 1537 4449; x_wconf 91' lang='lat' dir='ltr'><strong>suo</strong></span> <span class='ocrx_word' id='word_1_494' title='bbox 1573 4391 1768 4449; x_wconf 85' lang='lat' dir='ltr'><strong>Orien-</strong></span> 
     </span>
    </p>
   </div>
   <div class='ocr_carea' id='block_1_62' title="bbox 178 4487 1766 4560">
    <p class='ocr_par' dir='ltr' id='par_1_62' title="bbox 178 4487 1766 4560">
     <span class='ocr_line' id='line_1_62' title="bbox 178 4487 1766 4560; baseline 0.003 -21"><span class='ocrx_word' id='word_1_495' title='bbox 178 4494 282 4542; x_wconf 87' lang='lat' dir='ltr'><strong>tem</strong></span> <span class='ocrx_word' id='word_1_496' title='bbox 317 4488 629 4544; x_wconf 85' lang='lat' dir='ltr'><strong>inﬁcientes</strong></span> <span class='ocrx_word' id='word_1_497' title='bbox 654 4490 898 4545; x_wconf 87' lang='lat' dir='ltr'><strong>coercuit</strong></span> <span class='ocrx_word' id='word_1_498' title='bbox 936 4490 1232 4560; x_wconf 78' lang='lat' dir='ltr'><strong>Origenes,</strong></span> <span class='ocrx_word' id='word_1_499' title='bbox 1266 4488 1343 4543; x_wconf 91' lang='lat' dir='ltr'><strong>uti</strong></span> <span class='ocrx_word' id='word_1_500' title='bbox 1392 4487 1447 4543; x_wconf 90' lang='lat' dir='ltr'><strong>in</strong></span> <span class='ocrx_word' id='word_1_501' title='bbox 1495 4487 1613 4557; x_wconf 85' lang='lat' dir='ltr'><strong>ejus</strong></span> <span class='ocrx_word' id='word_1_502' title='bbox 1657 4488 1766 4543; x_wconf 89' lang='lat' dir='ltr'><strong>vita</strong></span> 
     </span>
    </p>
   </div>
   <div class='ocr_carea' id='block_1_63' title="bbox 174 4578 1843 4669">
    <p class='ocr_par' dir='ltr' id='par_1_63' title="bbox 174 4578 1843 4669">
     <span class='ocr_line' id='line_1_63' title="bbox 174 4578 1843 4669; baseline 0.002 -37"><span class='ocrx_word' id='word_1_503' title='bbox 174 4578 581 4637; x_wconf 82' lang='lat' dir='ltr'><strong>declaravimus</strong></span> <span class='ocrx_word' id='word_1_504' title='bbox 606 4621 623 4644; x_wconf 86' lang='lat'><strong>,</strong></span> <span class='ocrx_word' id='word_1_505' title='bbox 662 4585 862 4638; x_wconf 91' lang='lat' dir='ltr'><strong>nedum</strong></span> <span class='ocrx_word' id='word_1_506' title='bbox 923 4585 979 4639; x_wconf 91' lang='lat' dir='ltr'><strong>in</strong></span> <span class='ocrx_word' id='word_1_507' title='bbox 1017 4597 1207 4637; x_wconf 88' lang='lat' dir='ltr'><strong>eorum</strong></span> <span class='ocrx_word' id='word_1_508' title='bbox 1256 4580 1572 4637; x_wconf 83' lang='lat' dir='ltr'><strong>vecordiam</strong></span> <span class='ocrx_word' id='word_1_509' title='bbox 1631 4595 1766 4637; x_wconf 89' lang='lat' dir='ltr'><strong>con-</strong></span> <span class='ocrx_word' id='word_1_510' title='bbox 1798 4614 1843 4669; x_wconf 71' lang='grc' dir='ltr'>ι)</span> 
     </span>
    </p>
   </div>
   <div class='ocr_carea' id='block_1_64' title="bbox 172 4674 389 4727">
    <p class='ocr_par' dir='ltr' id='par_1_64' title="bbox 172 4674 389 4727">
     <span class='ocr_line' id='line_1_64' title="bbox 172 4674 389 4727; baseline -0.023 -1"><span class='ocrx_word' id='word_1_511' title='bbox 172 4674 367 4727; x_wconf 77' lang='lat' dir='ltr'><strong>sensit.</strong></span> <span class='ocrx_word' id='word_1_512' title='bbox 386 4720 389 4721; x_wconf 30' lang='grc' dir='ltr'><strong>ν</strong></span> 
     </span>
    </p>
   </div>
   <div class='ocr_carea' id='block_1_65' title="bbox 220 4764 1766 4840">
    <p class='ocr_par' dir='ltr' id='par_1_65' title="bbox 220 4764 1766 4840">
     <span class='ocr_line' id='line_1_65' title="bbox 220 4764 1766 4840; baseline 0.001 -19"><span class='ocrx_word' id='word_1_513' title='bbox 220 4764 337 4822; x_wconf 63' lang='grc' dir='ltr'><strong>ιι.</strong></span> <span class='ocrx_word' id='word_1_514' title='bbox 369 4765 597 4837; x_wconf 89' lang='lat' dir='ltr'><strong>Origeni</strong></span> <span class='ocrx_word' id='word_1_515' title='bbox 630 4783 846 4840; x_wconf 90' lang='lat' dir='ltr'><strong>quoque</strong></span> <span class='ocrx_word' id='word_1_516' title='bbox 876 4769 1150 4840; x_wconf 75' lang='lat' dir='ltr'><strong>obiectum</strong></span> <span class='ocrx_word' id='word_1_517' title='bbox 1182 4776 1301 4834; x_wconf 89' lang='lat' dir='ltr'><strong>est,</strong></span> <span class='ocrx_word' id='word_1_518' title='bbox 1336 4766 1507 4823; x_wconf 89' lang='lat' dir='ltr'><strong>fuisse</strong></span> <span class='ocrx_word' id='word_1_519' title='bbox 1539 4781 1766 4837; x_wconf 86' lang='lat' dir='ltr'><strong>persua-</strong></span> 
     </span>
    </p>
   </div>
   <div class='ocr_carea' id='block_1_66' title="bbox 172 4859 1768 4932">
    <p class='ocr_par' dir='ltr' id='par_1_66' title="bbox 172 4859 1768 4932">
     <span class='ocr_line' id='line_1_66' title="bbox 172 4859 1768 4932; baseline 0.003 -21"><span class='ocrx_word' id='word_1_520' title='bbox 172 4871 291 4912; x_wconf 87' lang='lat' dir='ltr'><strong>sum</strong></span> <span class='ocrx_word' id='word_1_521' title='bbox 319 4859 404 4913; x_wconf 92' lang='lat' dir='ltr'><strong>illi</strong></span> <span class='ocrx_word' id='word_1_522' title='bbox 442 4861 767 4916; x_wconf 88' lang='lat' dir='ltr'><strong>ementitum</strong></span> <span class='ocrx_word' id='word_1_523' title='bbox 802 4876 1001 4932; x_wconf 89' lang='lat' dir='ltr'><strong>corpus</strong></span> <span class='ocrx_word' id='word_1_524' title='bbox 1035 4870 1090 4916; x_wconf 90' lang='lat' dir='ltr'><strong>et</strong></span> <span class='ocrx_word' id='word_1_525' title='bbox 1116 4861 1298 4932; x_wconf 88' lang='lat' dir='ltr'><strong>specie</strong></span> <span class='ocrx_word' id='word_1_526' title='bbox 1324 4871 1479 4916; x_wconf 90' lang='lat' dir='ltr'><strong>tenus</strong></span> <span class='ocrx_word' id='word_1_527' title='bbox 1501 4875 1768 4930; x_wconf 86' lang='lat' dir='ltr'><strong>apparens</strong></span> 
     </span>
    </p>
   </div>
   <div class='ocr_carea' id='block_1_67' title="bbox 172 4953 1767 5026">
    <p class='ocr_par' dir='ltr' id='par_1_67' title="bbox 172 4953 1767 5026">
     <span class='ocr_line' id='line_1_67' title="bbox 172 4953 1767 5026; baseline 0.002 -19"><span class='ocrx_word' id='word_1_528' title='bbox 172 4961 427 5021; x_wconf 75' lang='lat' dir='ltr'><strong>gestasse</strong></span> <span class='ocrx_word' id='word_1_529' title='bbox 451 4953 754 5021; x_wconf 88' lang='lat' dir='ltr'><strong>Christum,</strong></span> <span class='ocrx_word' id='word_1_530' title='bbox 784 4970 889 5011; x_wconf 94' lang='lat' dir='ltr'><strong>non</strong></span> <span class='ocrx_word' id='word_1_531' title='bbox 915 4970 1104 5010; x_wconf 92' lang='lat' dir='ltr'><strong>verum</strong></span> <span class='ocrx_word' id='word_1_532' title='bbox 1133 4972 1147 5022; x_wconf 92' lang='lat'><strong>;</strong></span> <span class='ocrx_word' id='word_1_533' title='bbox 1172 4964 1228 5010; x_wconf 90' lang='lat' dir='ltr'><strong>et</strong></span> <span class='ocrx_word' id='word_1_534' title='bbox 1254 4954 1405 5011; x_wconf 79' lang='lat' dir='ltr'><strong>falsis</strong></span> <span class='ocrx_word' id='word_1_535' title='bbox 1437 4956 1767 5026; x_wconf 83' lang='lat' dir='ltr'><strong>imaginibus</strong></span> 
     </span>
    </p>
   </div>
   <div class='ocr_carea' id='block_1_68' title="bbox 172 5041 1763 5111">
    <p class='ocr_par' dir='ltr' id='par_1_68' title="bbox 172 5041 1763 5111">
     <span class='ocr_line' id='line_1_68' title="bbox 172 5041 1763 5111; baseline 0.003 -16"><span class='ocrx_word' id='word_1_536' title='bbox 172 5041 503 5099; x_wconf 89' lang='lat' dir='ltr'><strong>illudentem</strong></span> <span class='ocrx_word' id='word_1_537' title='bbox 533 5045 730 5111; x_wconf 85' lang='lat' dir='ltr'><strong>oculis,</strong></span> <span class='ocrx_word' id='word_1_538' title='bbox 756 5046 1012 5101; x_wconf 87' lang='lat' dir='ltr'><strong>inanibus</strong></span> <span class='ocrx_word' id='word_1_539' title='bbox 1047 5046 1455 5109; x_wconf 90' lang='lat' dir='ltr'><strong>miraculorum,</strong></span> <span class='ocrx_word' id='word_1_540' title='bbox 1486 5046 1763 5110; x_wconf 91' lang='lat' dir='ltr'><strong>laborum,</strong></span> 
     </span>
    </p>
   </div>
   <div class='ocr_carea' id='block_1_69' title="bbox 174 5136 1766 5205">
    <p class='ocr_par' dir='ltr' id='par_1_69' title="bbox 174 5136 1766 5205">
     <span class='ocr_line' id='line_1_69' title="bbox 174 5136 1766 5205; baseline 0.003 -20"><span class='ocrx_word' id='word_1_541' title='bbox 174 5143 693 5205; x_wconf 87' lang='lat' dir='ltr'><strong>tormentorumque</strong></span> <span class='ocrx_word' id='word_1_542' title='bbox 707 5137 915 5192; x_wconf 91' lang='lat' dir='ltr'><strong>umbris</strong></span> <span class='ocrx_word' id='word_1_543' title='bbox 928 5138 1177 5193; x_wconf 89' lang='lat' dir='ltr'><strong>credulos</strong></span> <span class='ocrx_word' id='word_1_544' title='bbox 1200 5137 1450 5192; x_wconf 90' lang='lat' dir='ltr'><strong>homines</strong></span> <span class='ocrx_word' id='word_1_545' title='bbox 1472 5136 1766 5192; x_wconf 89' lang='lat' dir='ltr'><strong>inescasse.</strong></span> 
     </span>
    </p>
   </div>
   <div class='ocr_carea' id='block_1_70' title="bbox 172 5225 1769 5299">
    <p class='ocr_par' dir='ltr' id='par_1_70' title="bbox 172 5225 1769 5299">
     <span class='ocr_line' id='line_1_70' title="bbox 172 5225 1769 5299; baseline 0.003 -21"><span class='ocrx_word' id='word_1_546' title='bbox 172 5225 472 5294; x_wconf 78' lang='lat' dir='ltr'><strong>Proprium</strong></span> <span class='ocrx_word' id='word_1_547' title='bbox 510 5228 563 5282; x_wconf 91' lang='lat' dir='ltr'><strong>id</strong></span> <span class='ocrx_word' id='word_1_548' title='bbox 593 5228 698 5282; x_wconf 92' lang='lat' dir='ltr'><strong>fuit</strong></span> <span class='ocrx_word' id='word_1_549' title='bbox 740 5230 1121 5284; x_wconf 63' lang='lat' dir='ltr'><strong>haereticorum</strong></span> <span class='ocrx_word' id='word_1_550' title='bbox 1163 5229 1376 5284; x_wconf 92' lang='lat' dir='ltr'><strong>illorum</strong></span> <span class='ocrx_word' id='word_1_551' title='bbox 1413 5229 1642 5299; x_wconf 88' lang='lat' dir='ltr'><strong>dogma,</strong></span> <span class='ocrx_word' id='word_1_552' title='bbox 1676 5231 1769 5299; x_wconf 90' lang='lat' dir='ltr'><strong>qui</strong></span> 
     </span>
    </p>
   </div>
   <div class='ocr_carea' id='block_1_71' title="bbox 170 5322 1773 5393">
    <p class='ocr_par' dir='ltr' id='par_1_71' title="bbox 170 5322 1773 5393">
     <span class='ocr_line' id='line_1_71' title="bbox 170 5322 1773 5393; baseline 0.002 -20"><span class='ocrx_word' id='word_1_553' title='bbox 170 5335 239 5373; x_wconf 77' lang='lat' dir='ltr'><strong>ex</strong></span> <span class='ocrx_word' id='word_1_554' title='bbox 274 5335 345 5375; x_wconf 89' lang='lat' dir='ltr'><strong>eo</strong></span> <span class='ocrx_word' id='word_1_555' title='bbox 373 5322 777 5389; x_wconf 80' lang='grc' dir='ltr'>φαντασιασταὶ</span> <span class='ocrx_word' id='word_1_556' title='bbox 808 5332 863 5377; x_wconf 90' lang='lat' dir='ltr'><strong>et</strong></span> <span class='ocrx_word' id='word_1_557' title='bbox 885 5322 1113 5393; x_wconf 61' lang='grc' dir='ltr'><strong>δοκηιια)⁸</strong></span> <span class='ocrx_word' id='word_1_558' title='bbox 1140 5323 1244 5379; x_wconf 91' lang='lat' dir='ltr'><strong>dici</strong></span> <span class='ocrx_word' id='word_1_559' title='bbox 1269 5330 1619 5378; x_wconf 87' lang='lat' dir='ltr'><strong>meruerunt:</strong></span> <span class='ocrx_word' id='word_1_560' title='bbox 1651 5333 1773 5391; x_wconf 87' lang='lat' dir='ltr'><strong>post</strong></span> 
     </span>
    </p>
   </div>
   <div class='ocr_carea' id='block_1_72' title="bbox 170 5411 1771 5483">
    <p class='ocr_par' dir='ltr' id='par_1_72' title="bbox 170 5411 1771 5483">
     <span class='ocr_line' id='line_1_72' title="bbox 170 5411 1771 5483; baseline 0.004 -22"><span class='ocrx_word' id='word_1_561' title='bbox 170 5425 415 5477; x_wconf 88' lang='lat' dir='ltr'><strong>quorum</strong></span> <span class='ocrx_word' id='word_1_562' title='bbox 471 5411 792 5480; x_wconf 81' lang='lat' dir='ltr'><strong>signiferum</strong></span> <span class='ocrx_word' id='word_1_563' title='bbox 829 5413 1109 5467; x_wconf 86' lang='lat' dir='ltr'><strong>Simonem</strong></span> <span class='ocrx_word' id='word_1_564' title='bbox 1171 5413 1385 5483; x_wconf 84' lang='lat' dir='ltr'><strong>Magum</strong></span> <span class='ocrx_word' id='word_1_565' title='bbox 1435 5413 1597 5483; x_wconf 85' lang='lat' dir='ltr'><strong>primi</strong></span> <span class='ocrx_word' id='word_1_566' title='bbox 1646 5429 1771 5483; x_wconf 84' lang='lat' dir='ltr'><strong>pro-</strong></span> 
     </span>
    </p>
   </div>
   <div class='ocr_carea' id='block_1_73' title="bbox 170 5500 1771 5570">
    <p class='ocr_par' dir='ltr' id='par_1_73' title="bbox 170 5500 1771 5570">
     <span class='ocr_line' id='line_1_73' title="bbox 170 5500 1771 5570; baseline 0.001 -18"><span class='ocrx_word' id='word_1_567' title='bbox 170 5509 498 5570; x_wconf 84' lang='lat' dir='ltr'><strong>pugnarunt</strong></span> <span class='ocrx_word' id='word_1_568' title='bbox 528 5500 658 5555; x_wconf 92' lang='lat' dir='ltr'><strong>illud</strong></span> <span class='ocrx_word' id='word_1_569' title='bbox 690 5501 956 5556; x_wconf 87' lang='lat' dir='ltr'><strong>Basilides</strong></span> <span class='ocrx_word' id='word_1_570' title='bbox 976 5541 991 5565; x_wconf 94' lang='lat'><strong>,</strong></span> <span class='ocrx_word' id='word_1_571' title='bbox 1022 5502 1371 5567; x_wconf 82' lang='lat' dir='ltr'><strong>Valentinus,</strong></span> <span class='ocrx_word' id='word_1_572' title='bbox 1402 5500 1599 5565; x_wconf 88' lang='lat' dir='ltr'><strong>Cerdo,</strong></span> <span class='ocrx_word' id='word_1_573' title='bbox 1632 5500 1771 5554; x_wconf 80' lang='lat' dir='ltr'><strong>Mar-</strong></span> 
     </span>
    </p>
   </div>
   <div class='ocr_carea' id='block_1_74' title="bbox 169 5590 1773 5662">
    <p class='ocr_par' dir='ltr' id='par_1_74' title="bbox 169 5590 1773 5662">
     <span class='ocr_line' id='line_1_74' title="bbox 169 5590 1773 5662; baseline 0.004 -21"><span class='ocrx_word' id='word_1_574' title='bbox 169 5592 256 5647; x_wconf 85' lang='lat' dir='ltr'><strong>cio</strong></span> <span class='ocrx_word' id='word_1_575' title='bbox 304 5601 365 5646; x_wconf 90' lang='lat' dir='ltr'><strong>et</strong></span> <span class='ocrx_word' id='word_1_576' title='bbox 430 5590 783 5648; x_wconf 68' lang='lat' dir='ltr'><strong>Manichreus.</strong></span> <span class='ocrx_word' id='word_1_577' title='bbox 826 5591 971 5647; x_wconf 88' lang='lat' dir='ltr'><strong>Inter</strong></span> <span class='ocrx_word' id='word_1_578' title='bbox 1009 5609 1147 5662; x_wconf 92' lang='lat' dir='ltr'><strong>quos</strong></span> <span class='ocrx_word' id='word_1_579' title='bbox 1183 5590 1502 5648; x_wconf 86' lang='lat' dir='ltr'><strong>Valentinus</strong></span> <span class='ocrx_word' id='word_1_580' title='bbox 1529 5591 1773 5662; x_wconf 84' lang='lat' dir='ltr'><strong>spiritale</strong></span> 
     </span>
    </p>
   </div>
   <div class='ocr_carea' id='block_1_75' title="bbox 169 5683 1770 5755">
    <p class='ocr_par' dir='ltr' id='par_1_75' title="bbox 169 5683 1770 5755">
     <span class='ocr_line' id='line_1_75' title="bbox 169 5683 1770 5755; baseline 0.002 -18"><span class='ocrx_word' id='word_1_581' title='bbox 169 5685 461 5754; x_wconf 85' lang='lat' dir='ltr'><strong>quoddam</strong></span> <span class='ocrx_word' id='word_1_582' title='bbox 498 5699 698 5755; x_wconf 83' lang='lat' dir='ltr'><strong>corpus</strong></span> <span class='ocrx_word' id='word_1_583' title='bbox 743 5699 776 5740; x_wconf 91' lang='lat' dir='ltr'><strong>e</strong></span> <span class='ocrx_word' id='word_1_584' title='bbox 821 5686 963 5742; x_wconf 79' lang='lat' dir='ltr'><strong>coelo</strong></span> <span class='ocrx_word' id='word_1_585' title='bbox 1006 5686 1284 5742; x_wconf 85' lang='lat' dir='ltr'><strong>Christum</strong></span> <span class='ocrx_word' id='word_1_586' title='bbox 1327 5684 1591 5742; x_wconf 85' lang='lat' dir='ltr'><strong>detulisse</strong></span> <span class='ocrx_word' id='word_1_587' title='bbox 1623 5683 1770 5741; x_wconf 81' lang='lat' dir='ltr'><strong>vole-</strong></span> 
     </span>
    </p>
   </div>
   <div class='ocr_carea' id='block_1_76' title="bbox 280 5863 1379 5929">
    <p class='ocr_par' dir='ltr' id='par_1_76' title="bbox 280 5863 1379 5929">
     <span class='ocr_line' id='line_1_76' title="bbox 280 5863 1379 5929; baseline 0 -10"><span class='ocrx_word' id='word_1_588' title='bbox 280 5864 328 5898; x_wconf 84' lang='lat'><strong>‘“</strong></span> <span class='ocrx_word' id='word_1_589' title='bbox 389 5864 413 5919; x_wconf 90' lang='lat' dir='ltr'><strong>I</strong></span> <span class='ocrx_word' id='word_1_590' title='bbox 467 5864 591 5921; x_wconf 89' lang='lat' dir='ltr'><strong>Cor.</strong></span> <span class='ocrx_word' id='word_1_591' title='bbox 628 5882 696 5920; x_wconf 82' lang='lat' dir='ltr'><strong>xv</strong></span> <span class='ocrx_word' id='word_1_592' title='bbox 723 5907 737 5927; x_wconf 87' lang='lat'><strong>.</strong></span> <span class='ocrx_word' id='word_1_593' title='bbox 770 5864 857 5919; x_wconf 72' lang='grc'><strong>47.</strong></span> <span class='ocrx_word' id='word_1_594' title='bbox 938 5866 983 5897; x_wconf 79' lang='grc'><strong>⁷³</strong></span> <span class='ocrx_word' id='word_1_595' title='bbox 1012 5864 1186 5919; x_wconf 77' lang='lat' dir='ltr'><strong>Zach.</strong></span> <span class='ocrx_word' id='word_1_596' title='bbox 1216 5879 1298 5929; x_wconf 85' lang='lat' dir='ltr'><strong>tu,</strong></span> <span class='ocrx_word' id='word_1_597' title='bbox 1325 5863 1379 5919; x_wconf 82' lang='grc'><strong>5.</strong></span> 
     </span>
    </p>
   </div>
   <div class='ocr_carea' id='block_1_77' title="bbox 596 5961 1260 6025">
    <p class='ocr_par' dir='ltr' id='par_1_77' title="bbox 596 5961 1260 6025">
     <span class='ocr_line' id='line_1_77' title="bbox 596 5961 1260 6025; baseline 0.002 -4"><span class='ocrx_word' id='word_1_598' title='bbox 596 5963 870 6025; x_wconf 71' lang='grc' dir='ltr'><strong>Ρηιιοι..</strong></span> <span class='ocrx_word' id='word_1_599' title='bbox 905 5962 1020 6024; x_wconf 79' lang='lat' dir='ltr'><strong>Gn.</strong></span> <span class='ocrx_word' id='word_1_600' title='bbox 1060 5961 1260 6022; x_wconf 75' lang='lat' dir='ltr'><strong>XVII.</strong></span> 
     </span>
    </p>
   </div>
   <div class='ocr_carea' id='block_1_78' title="bbox 1867 1991 3454 2075">
    <p class='ocr_par' dir='ltr' id='par_1_78' title="bbox 1867 1991 3454 2075">
     <span class='ocr_line' id='line_1_78' title="bbox 1867 1991 3454 2075; baseline 0.015 -25"><span class='ocrx_word' id='word_1_601' title='bbox 1867 1999 1960 2053; x_wconf 79' lang='grc' dir='ltr'><strong>καὶ</strong></span> <span class='ocrx_word' id='word_1_602' title='bbox 1990 1992 2130 2069; x_wconf 74' lang='grc' dir='ltr'>αἷμα</span> <span class='ocrx_word' id='word_1_603' title='bbox 2158 1996 2429 2069; x_wconf 77' lang='grc' dir='ltr'><strong>ἐσχηκὼς,</strong></span> <span class='ocrx_word' id='word_1_604' title='bbox 2462 1996 2529 2051; x_wconf 77' lang='grc' dir='ltr'><strong>δι’</strong></span> <span class='ocrx_word' id='word_1_605' title='bbox 2576 1991 2651 2052; x_wconf 77' lang='grc' dir='ltr'>ὧν</span> <span class='ocrx_word' id='word_1_606' title='bbox 2679 2000 2829 2070; x_wconf 75' lang='grc' dir='ltr'><strong>ἡμᾶς</strong></span> <span class='ocrx_word' id='word_1_607' title='bbox 2862 2000 3264 2070; x_wconf 74' lang='grc' dir='ltr'><strong>ἐξηγοράσατον</strong></span> <span class='ocrx_word' id='word_1_608' title='bbox 3293 2002 3343 2054; x_wconf 69' lang='grc' dir='ltr'><strong>εί</strong></span> <span class='ocrx_word' id='word_1_609' title='bbox 3377 2002 3454 2075; x_wconf 69' lang='grc' dir='ltr'><strong>μὴ</strong></span> 
     </span>
    </p>
   </div>
   <div class='ocr_carea' id='block_1_79' title="bbox 1863 2090 3451 2164">
    <p class='ocr_par' dir='ltr' id='par_1_79' title="bbox 1863 2090 3451 2164">
     <span class='ocr_line' id='line_1_79' title="bbox 1863 2090 3451 2164; baseline 0.003 -19"><span class='ocrx_word' id='word_1_610' title='bbox 1863 2092 1962 2164; x_wconf 81' lang='grc' dir='ltr'><strong>τὴν</strong></span> <span class='ocrx_word' id='word_1_611' title='bbox 1994 2090 2228 2164; x_wconf 75' lang='grc' dir='ltr'><strong>ἀρχαίαν</strong></span> <span class='ocrx_word' id='word_1_612' title='bbox 2276 2090 2471 2145; x_wconf 79' lang='grc' dir='ltr'><strong>πλάσιν</strong></span> <span class='ocrx_word' id='word_1_613' title='bbox 2501 2092 2595 2146; x_wconf 81' lang='grc' dir='ltr'><strong>τοῦ</strong></span> <span class='ocrx_word' id='word_1_614' title='bbox 2642 2093 2816 2164; x_wconf 85' lang='grc' dir='ltr'><strong>Ἀδὰμ</strong></span> <span class='ocrx_word' id='word_1_615' title='bbox 2846 2094 2927 2157; x_wconf 88' lang='grc' dir='ltr'><strong>εἰς</strong></span> <span class='ocrx_word' id='word_1_616' title='bbox 2958 2094 3149 2147; x_wconf 78' lang='grc' dir='ltr'>ἑαυτὸν</span> <span class='ocrx_word' id='word_1_617' title='bbox 3181 2094 3451 2164; x_wconf 71' lang='grc' dir='ltr'><strong>ἁνεκεφαο</strong></span> 
     </span>
    </p>
   </div>
   <div class='ocr_carea' id='block_1_80' title="bbox 1864 2181 3453 2258">
    <p class='ocr_par' dir='ltr' id='par_1_80' title="bbox 1864 2181 3453 2258">
     <span class='ocr_line' id='line_1_80' title="bbox 1864 2181 3453 2258; baseline 0.004 -22"><span class='ocrx_word' id='word_1_618' title='bbox 1864 2183 2156 2236; x_wconf 85' lang='grc' dir='ltr'><strong>λαιώσατο.</strong></span> <span class='ocrx_word' id='word_1_619' title='bbox 2196 2197 2217 2233; x_wconf 76' lang='grc' dir='ltr'><strong>ι</strong></span> <span class='ocrx_word' id='word_1_620' title='bbox 2253 2181 2389 2248; x_wconf 87' lang='lat' dir='ltr'><strong>Quia</strong></span> <span class='ocrx_word' id='word_1_621' title='bbox 2429 2183 2572 2237; x_wconf 88' lang='lat' dir='ltr'><strong>idem</strong></span> <span class='ocrx_word' id='word_1_622' title='bbox 2598 2193 2681 2239; x_wconf 88' lang='lat' dir='ltr'><strong>est</strong></span> <span class='ocrx_word' id='word_1_623' title='bbox 2708 2185 2890 2240; x_wconf 90' lang='lat' dir='ltr'><strong>dicere</strong></span> <span class='ocrx_word' id='word_1_624' title='bbox 2922 2185 3103 2255; x_wconf 88' lang='lat' dir='ltr'><strong>specie</strong></span> <span class='ocrx_word' id='word_1_625' title='bbox 3134 2200 3256 2240; x_wconf 91' lang='lat' dir='ltr'><strong>eum</strong></span> <span class='ocrx_word' id='word_1_626' title='bbox 3282 2202 3453 2258; x_wconf 86' lang='lat' dir='ltr'><strong>appa-</strong></span> 
     </span>
    </p>
   </div>
   <div class='ocr_carea' id='block_1_81' title="bbox 1866 2273 3450 2348">
    <p class='ocr_par' dir='ltr' id='par_1_81' title="bbox 1866 2273 3450 2348">
     <span class='ocr_line' id='line_1_81' title="bbox 1866 2273 3450 2348; baseline 0.003 -19"><span class='ocrx_word' id='word_1_627' title='bbox 1866 2276 2062 2340; x_wconf 89' lang='lat' dir='ltr'><strong>ruisse,</strong></span> <span class='ocrx_word' id='word_1_628' title='bbox 2096 2284 2151 2329; x_wconf 88' lang='lat' dir='ltr'><strong>et</strong></span> <span class='ocrx_word' id='word_1_629' title='bbox 2196 2275 2330 2329; x_wconf 91' lang='lat' dir='ltr'><strong>nihil</strong></span> <span class='ocrx_word' id='word_1_630' title='bbox 2368 2274 2436 2330; x_wconf 89' lang='lat' dir='ltr'><strong>de</strong></span> <span class='ocrx_word' id='word_1_631' title='bbox 2486 2273 2651 2330; x_wconf 80' lang='lat' dir='ltr'><strong>Maria</strong></span> <span class='ocrx_word' id='word_1_632' title='bbox 2707 2276 3027 2346; x_wconf 90' lang='lat' dir='ltr'><strong>sumpsisse.</strong></span> <span class='ocrx_word' id='word_1_633' title='bbox 3076 2275 3264 2348; x_wconf 87' lang='lat' dir='ltr'><strong>Neque</strong></span> <span class='ocrx_word' id='word_1_634' title='bbox 3306 2282 3450 2335; x_wconf 91' lang='lat' dir='ltr'><strong>enim</strong></span> 
     </span>
    </p>
   </div>
   <div class='ocr_carea' id='block_1_82' title="bbox 1866 2369 3456 2440">
    <p class='ocr_par' dir='ltr' id='par_1_82' title="bbox 1866 2369 3456 2440">
     <span class='ocr_line' id='line_1_82' title="bbox 1866 2369 3456 2440; baseline 0.004 -20"><span class='ocrx_word' id='word_1_635' title='bbox 1866 2381 2001 2423; x_wconf 86' lang='lat' dir='ltr'><strong>vere</strong></span> <span class='ocrx_word' id='word_1_636' title='bbox 2025 2382 2249 2422; x_wconf 90' lang='lat' dir='ltr'><strong>carnem</strong></span> <span class='ocrx_word' id='word_1_637' title='bbox 2279 2376 2334 2422; x_wconf 91' lang='lat' dir='ltr'><strong>et</strong></span> <span class='ocrx_word' id='word_1_638' title='bbox 2368 2369 2690 2438; x_wconf 88' lang='lat' dir='ltr'><strong>sanguinem</strong></span> <span class='ocrx_word' id='word_1_639' title='bbox 2725 2369 3038 2436; x_wconf 82' lang='lat' dir='ltr'><strong>habuisset,</strong></span> <span class='ocrx_word' id='word_1_640' title='bbox 3082 2386 3181 2437; x_wconf 88' lang='lat' dir='ltr'><strong>per</strong></span> <span class='ocrx_word' id='word_1_641' title='bbox 3205 2386 3329 2440; x_wconf 69' lang='lat' dir='ltr'><strong>quae</strong></span> <span class='ocrx_word' id='word_1_642' title='bbox 3354 2388 3456 2428; x_wconf 87' lang='lat' dir='ltr'><strong>nos</strong></span> 
     </span>
    </p>
   </div>
   <div class='ocr_carea' id='block_1_83' title="bbox 1867 2460 3453 2533">
    <p class='ocr_par' dir='ltr' id='par_1_83' title="bbox 1867 2460 3453 2533">
     <span class='ocr_line' id='line_1_83' title="bbox 1867 2460 3453 2533; baseline 0.001 -17"><span class='ocrx_word' id='word_1_643' title='bbox 1867 2461 2122 2524; x_wconf 87' lang='lat' dir='ltr'><strong>redemit,</strong></span> <span class='ocrx_word' id='word_1_644' title='bbox 2154 2460 2259 2516; x_wconf 90' lang='lat' dir='ltr'><strong>nisi</strong></span> <span class='ocrx_word' id='word_1_645' title='bbox 2294 2470 2452 2518; x_wconf 91' lang='lat' dir='ltr'><strong>vetus</strong></span> <span class='ocrx_word' id='word_1_646' title='bbox 2479 2460 2674 2517; x_wconf 77' lang='lat' dir='ltr'><strong>Adami</strong></span> <span class='ocrx_word' id='word_1_647' title='bbox 2704 2461 3023 2533; x_wconf 85' lang='lat' dir='ltr'><strong>ﬁgmentum</strong></span> <span class='ocrx_word' id='word_1_648' title='bbox 3052 2463 3108 2518; x_wconf 89' lang='lat' dir='ltr'><strong>in</strong></span> <span class='ocrx_word' id='word_1_649' title='bbox 3137 2477 3258 2518; x_wconf 86' lang='lat' dir='ltr'><strong>sese</strong></span> <span class='ocrx_word' id='word_1_650' title='bbox 3282 2461 3453 2518; x_wconf 87' lang='lat' dir='ltr'><strong>colle-</strong></span> 
     </span>
    </p>
   </div>
   <div class='ocr_carea' id='block_1_84' title="bbox 1865 2553 3455 2626">
    <p class='ocr_par' dir='ltr' id='par_1_84' title="bbox 1865 2553 3455 2626">
     <span class='ocr_line' id='line_1_84' title="bbox 1865 2553 3455 2626; baseline 0.003 -18"><span class='ocrx_word' id='word_1_651' title='bbox 1865 2556 2055 2623; x_wconf 84' lang='lat' dir='ltr'><strong>gisset.</strong></span> <span class='ocrx_word' id='word_1_652' title='bbox 2105 2572 2125 2606; x_wconf 77' lang='grc' dir='ltr'><strong>ι</strong></span> <span class='ocrx_word' id='word_1_653' title='bbox 2172 2553 2565 2610; x_wconf 66' lang='lat' dir='ltr'><strong>Haereticorum</strong></span> <span class='ocrx_word' id='word_1_654' title='bbox 2611 2570 2776 2624; x_wconf 89' lang='lat' dir='ltr'><strong>porro</strong></span> <span class='ocrx_word' id='word_1_655' title='bbox 2822 2555 3039 2610; x_wconf 91' lang='lat' dir='ltr'><strong>illorum</strong></span> <span class='ocrx_word' id='word_1_656' title='bbox 3098 2556 3455 2626; x_wconf 82' lang='lat' dir='ltr'><strong>nequissimis</strong></span> 
     </span>
    </p>
   </div>
   <div class='ocr_carea' id='block_1_85' title="bbox 1865 2632 3456 2717">
    <p class='ocr_par' dir='ltr' id='par_1_85' title="bbox 1865 2632 3456 2717">
     <span class='ocr_line' id='line_1_85' title="bbox 1865 2632 3456 2717; baseline 0.003 -17"><span class='ocrx_word' id='word_1_657' title='bbox 1865 2659 2104 2701; x_wconf 90' lang='lat' dir='ltr'><strong>consona</strong></span> <span class='ocrx_word' id='word_1_658' title='bbox 2127 2636 2336 2701; x_wconf 78' lang='lat' dir='ltr'><strong>dixisse</strong></span> <span class='ocrx_word' id='word_1_659' title='bbox 2358 2632 2651 2717; x_wconf 12' lang='lat' dir='ltr'><strong>Or’igenem</strong></span> <span class='ocrx_word' id='word_1_660' title='bbox 2681 2649 2981 2703; x_wconf 87' lang='lat' dir='ltr'><strong>adversarii</strong></span> <span class='ocrx_word' id='word_1_661' title='bbox 3008 2650 3127 2716; x_wconf 86' lang='lat' dir='ltr'><strong>ejus</strong></span> <span class='ocrx_word' id='word_1_662' title='bbox 3151 2648 3456 2705; x_wconf 85' lang='lat' dir='ltr'><strong>calumnia-</strong></span> 
     </span>
    </p>
   </div>
   <div class='ocr_carea' id='block_1_86' title="bbox 1865 2738 3450 2812">
    <p class='ocr_par' dir='ltr' id='par_1_86' title="bbox 1865 2738 3450 2812">
     <span class='ocr_line' id='line_1_86' title="bbox 1865 2738 3450 2812; baseline 0.002 -19"><span class='ocrx_word' id='word_1_663' title='bbox 1865 2739 2084 2793; x_wconf 88' lang='lat' dir='ltr'><strong>hantur.</strong></span> <span class='ocrx_word' id='word_1_664' title='bbox 2112 2757 2131 2789; x_wconf 77' lang='grc' dir='ltr'><strong>ι</strong></span> <span class='ocrx_word' id='word_1_665' title='bbox 2162 2739 2364 2807; x_wconf 89' lang='lat' dir='ltr'><strong>Quarta</strong></span> <span class='ocrx_word' id='word_1_666' title='bbox 2390 2738 2752 2811; x_wconf 87' lang='lat' dir='ltr'><strong>(criminatio)</strong></span> <span class='ocrx_word' id='word_1_667' title='bbox 2775 2752 2894 2810; x_wconf 89' lang='lat' dir='ltr'><strong>post</strong></span> <span class='ocrx_word' id='word_1_668' title='bbox 2926 2741 3059 2797; x_wconf 89' lang='lat' dir='ltr'><strong>istas</strong></span> <span class='ocrx_word' id='word_1_669' title='bbox 3086 2750 3190 2806; x_wconf 83' lang='lat' dir='ltr'><strong>est,</strong></span> <span class='ocrx_word' id='word_1_670' title='bbox 3214 2759 3234 2793; x_wconf 82' lang='grc' dir='ltr'><strong>ι</strong></span> <span class='ocrx_word' id='word_1_671' title='bbox 3271 2742 3450 2812; x_wconf 85' lang='lat' dir='ltr'><strong>inquit</strong></span> 
     </span>
    </p>
   </div>
   <div class='ocr_carea' id='block_1_87' title="bbox 1867 2830 3451 2903">
    <p class='ocr_par' dir='ltr' id='par_1_87' title="bbox 1867 2830 3451 2903">
     <span class='ocr_line' id='line_1_87' title="bbox 1867 2830 3451 2903; baseline 0.002 -17"><span class='ocrx_word' id='word_1_672' title='bbox 1867 2830 2185 2901; x_wconf 87' lang='lat' dir='ltr'><strong>Pamphilus</strong></span> <span class='ocrx_word' id='word_1_673' title='bbox 2213 2831 2267 2886; x_wconf 93' lang='lat' dir='ltr'><strong>in</strong></span> <span class='ocrx_word' id='word_1_674' title='bbox 2296 2830 2587 2903; x_wconf 79' lang='lat' dir='ltr'><strong>Apologia,</strong></span> <span class='ocrx_word' id='word_1_675' title='bbox 2622 2849 2641 2884; x_wconf 78' lang='grc' dir='ltr'><strong>ι</strong></span> <span class='ocrx_word' id='word_1_676' title='bbox 2677 2848 2797 2903; x_wconf 66' lang='lat' dir='ltr'><strong>quae</strong></span> <span class='ocrx_word' id='word_1_677' title='bbox 2828 2833 2950 2888; x_wconf 81' lang='lat' dir='ltr'><strong>istis</strong></span> <span class='ocrx_word' id='word_1_678' title='bbox 2975 2835 3226 2890; x_wconf 88' lang='lat' dir='ltr'><strong>omnibus</strong></span> <span class='ocrx_word' id='word_1_679' title='bbox 3255 2835 3451 2889; x_wconf 84' lang='lat' dir='ltr'><strong>adver-</strong></span> 
     </span>
    </p>
   </div>
   <div class='ocr_carea' id='block_1_88' title="bbox 1865 2922 3453 2995">
    <p class='ocr_par' dir='ltr' id='par_1_88' title="bbox 1865 2922 3453 2995">
     <span class='ocr_line' id='line_1_88' title="bbox 1865 2922 3453 2995; baseline 0.002 -16"><span class='ocrx_word' id='word_1_680' title='bbox 1865 2934 2016 2979; x_wconf 88' lang='lat' dir='ltr'><strong>satur</strong></span> <span class='ocrx_word' id='word_1_681' title='bbox 2041 2922 2203 2993; x_wconf 68' lang='lat' dir='ltr'><strong>(caeca</strong></span> <span class='ocrx_word' id='word_1_682' title='bbox 2231 2923 2376 2978; x_wconf 87' lang='lat' dir='ltr'><strong>enim</strong></span> <span class='ocrx_word' id='word_1_683' title='bbox 2407 2933 2490 2979; x_wconf 90' lang='lat' dir='ltr'><strong>est</strong></span> <span class='ocrx_word' id='word_1_684' title='bbox 2525 2924 2775 2995; x_wconf 86' lang='lat' dir='ltr'><strong>malitia),</strong></span> <span class='ocrx_word' id='word_1_685' title='bbox 2805 2927 2948 2994; x_wconf 89' lang='lat' dir='ltr'><strong>quod</strong></span> <span class='ocrx_word' id='word_1_686' title='bbox 2980 2927 3167 2982; x_wconf 89' lang='lat' dir='ltr'><strong>dicunt</strong></span> <span class='ocrx_word' id='word_1_687' title='bbox 3190 2942 3315 2982; x_wconf 91' lang='lat' dir='ltr'><strong>eum</strong></span> <span class='ocrx_word' id='word_1_688' title='bbox 3366 2929 3453 2982; x_wconf 88' lang='lat' dir='ltr'><strong>di-</strong></span> 
     </span>
    </p>
   </div>
   <div class='ocr_carea' id='block_1_89' title="bbox 1866 3016 3455 3088">
    <p class='ocr_par' dir='ltr' id='par_1_89' title="bbox 1866 3016 3455 3088">
     <span class='ocr_line' id='line_1_89' title="bbox 1866 3016 3455 3088; baseline 0 -17"><span class='ocrx_word' id='word_1_689' title='bbox 1866 3030 1990 3071; x_wconf 88' lang='lat' dir='ltr'><strong>cere</strong></span> <span class='ocrx_word' id='word_1_690' title='bbox 2021 3016 2262 3088; x_wconf 82' lang='grc' dir='ltr'><strong>δοκήσει,</strong></span> <span class='ocrx_word' id='word_1_691' title='bbox 2292 3016 2345 3071; x_wconf 91' lang='lat' dir='ltr'><strong>id</strong></span> <span class='ocrx_word' id='word_1_692' title='bbox 2377 3025 2482 3081; x_wconf 90' lang='lat' dir='ltr'><strong>est,</strong></span> <span class='ocrx_word' id='word_1_693' title='bbox 2510 3017 2750 3085; x_wconf 88' lang='lat' dir='ltr'><strong>putative</strong></span> <span class='ocrx_word' id='word_1_694' title='bbox 2785 3025 3017 3083; x_wconf 91' lang='lat' dir='ltr'><strong>tantum,</strong></span> <span class='ocrx_word' id='word_1_695' title='bbox 3046 3028 3101 3073; x_wconf 90' lang='lat' dir='ltr'><strong>et</strong></span> <span class='ocrx_word' id='word_1_696' title='bbox 3130 3033 3229 3087; x_wconf 88' lang='lat' dir='ltr'><strong>per</strong></span> <span class='ocrx_word' id='word_1_697' title='bbox 3254 3018 3455 3088; x_wconf 69' lang='lat' dir='ltr'><strong>allego-</strong></span> 
     </span>
    </p>
   </div>
   <div class='ocr_carea' id='block_1_90' title="bbox 1869 3106 3451 3187">
    <p class='ocr_par' dir='ltr' id='par_1_90' title="bbox 1869 3106 3451 3187">
     <span class='ocr_line' id='line_1_90' title="bbox 1869 3106 3451 3187; baseline 0 -24"><span class='ocrx_word' id='word_1_698' title='bbox 1869 3109 2006 3164; x_wconf 92' lang='lat' dir='ltr'><strong>riam</strong></span> <span class='ocrx_word' id='word_1_699' title='bbox 2030 3150 2046 3175; x_wconf 96' lang='lat'><strong>,</strong></span> <span class='ocrx_word' id='word_1_700' title='bbox 2098 3126 2202 3166; x_wconf 93' lang='lat' dir='ltr'><strong>non</strong></span> <span class='ocrx_word' id='word_1_701' title='bbox 2240 3110 2403 3165; x_wconf 86' lang='lat' dir='ltr'><strong>etiam</strong></span> <span class='ocrx_word' id='word_1_702' title='bbox 2435 3106 2739 3163; x_wconf 88' lang='lat' dir='ltr'><strong>secundum</strong></span> <span class='ocrx_word' id='word_1_703' title='bbox 2767 3124 2830 3164; x_wconf 90' lang='lat' dir='ltr'><strong>ea</strong></span> <span class='ocrx_word' id='word_1_704' title='bbox 2878 3125 2996 3178; x_wconf 68' lang='lat' dir='ltr'><strong>qua:</strong></span> <span class='ocrx_word' id='word_1_705' title='bbox 3033 3124 3130 3179; x_wconf 93' lang='lat' dir='ltr'><strong>per</strong></span> <span class='ocrx_word' id='word_1_706' title='bbox 3163 3110 3451 3187; x_wconf 79' lang='lat' dir='ltr'><strong>historiam</strong></span> 
     </span>
    </p>
   </div>
   <div class='ocr_carea' id='block_1_91' title="bbox 1870 3198 3453 3271">
    <p class='ocr_par' dir='ltr' id='par_1_91' title="bbox 1870 3198 3453 3271">
     <span class='ocr_line' id='line_1_91' title="bbox 1870 3198 3453 3271; baseline 0.002 -18"><span class='ocrx_word' id='word_1_707' title='bbox 1870 3198 2201 3263; x_wconf 86' lang='lat' dir='ltr'><strong>referuntur,</strong></span> <span class='ocrx_word' id='word_1_708' title='bbox 2220 3210 2373 3271; x_wconf 89' lang='lat' dir='ltr'><strong>gesta</strong></span> <span class='ocrx_word' id='word_1_709' title='bbox 2404 3215 2525 3255; x_wconf 85' lang='lat' dir='ltr'><strong>esse</strong></span> <span class='ocrx_word' id='word_1_710' title='bbox 2555 3200 2736 3255; x_wconf 90' lang='lat' dir='ltr'><strong>omnia</strong></span> <span class='ocrx_word' id='word_1_711' title='bbox 2766 3216 2887 3270; x_wconf 69' lang='lat' dir='ltr'><strong>quae</strong></span> <span class='ocrx_word' id='word_1_712' title='bbox 2917 3218 2946 3254; x_wconf 91' lang='lat' dir='ltr'><strong>a</strong></span> <span class='ocrx_word' id='word_1_713' title='bbox 2981 3200 3266 3256; x_wconf 90' lang='lat' dir='ltr'><strong>Salvatore</strong></span> <span class='ocrx_word' id='word_1_714' title='bbox 3297 3212 3453 3271; x_wconf 65' lang='lat' dir='ltr'><strong>gesta</strong></span> 
     </span>
    </p>
   </div>
   <div class='ocr_carea' id='block_1_92' title="bbox 1866 3289 3451 3364">
    <p class='ocr_par' dir='ltr' id='par_1_92' title="bbox 1866 3289 3451 3364">
     <span class='ocr_line' id='line_1_92' title="bbox 1866 3289 3451 3364; baseline 0.001 -17"><span class='ocrx_word' id='word_1_715' title='bbox 1866 3300 2013 3347; x_wconf 86' lang='lat' dir='ltr'><strong>sunt.</strong></span> <span class='ocrx_word' id='word_1_716' title='bbox 2064 3312 2083 3345; x_wconf 78' lang='grc' dir='ltr'><strong>ι</strong></span> <span class='ocrx_word' id='word_1_717' title='bbox 2140 3293 2381 3348; x_wconf 83' lang='lat' dir='ltr'><strong>Zonaras</strong></span> <span class='ocrx_word' id='word_1_718' title='bbox 2419 3306 2637 3364; x_wconf 89' lang='lat' dir='ltr'><strong>quoque</strong></span> <span class='ocrx_word' id='word_1_719' title='bbox 2687 3293 2781 3347; x_wconf 92' lang='lat' dir='ltr'><strong>lib.</strong></span> <span class='ocrx_word' id='word_1_720' title='bbox 2831 3307 2869 3347; x_wconf 91' lang='grc' dir='ltr'><strong>ιι</strong></span> <span class='ocrx_word' id='word_1_721' title='bbox 2918 3289 3206 3362; x_wconf 88' lang='lat' dir='ltr'><strong>Origenem</strong></span> <span class='ocrx_word' id='word_1_722' title='bbox 3260 3294 3451 3349; x_wconf 61' lang='lat' dir='ltr'><strong>existi-</strong></span> 
     </span>
    </p>
   </div>
   <div class='ocr_carea' id='block_1_93' title="bbox 1867 3384 3455 3455">
    <p class='ocr_par' dir='ltr' id='par_1_93' title="bbox 1867 3384 3455 3455">
     <span class='ocr_line' id='line_1_93' title="bbox 1867 3384 3455 3455; baseline 0.002 -17"><span class='ocrx_word' id='word_1_723' title='bbox 1867 3399 2047 3440; x_wconf 89' lang='lat' dir='ltr'><strong>masse</strong></span> <span class='ocrx_word' id='word_1_724' title='bbox 2097 3393 2258 3455; x_wconf 89' lang='lat' dir='ltr'><strong>negat</strong></span> <span class='ocrx_word' id='word_1_725' title='bbox 2304 3384 2583 3440; x_wconf 86' lang='lat' dir='ltr'><strong>Christum</strong></span> <span class='ocrx_word' id='word_1_726' title='bbox 2640 3386 2706 3441; x_wconf 91' lang='lat' dir='ltr'><strong>de</strong></span> <span class='ocrx_word' id='word_1_727' title='bbox 2755 3385 2967 3455; x_wconf 86' lang='lat' dir='ltr'><strong>virgine</strong></span> <span class='ocrx_word' id='word_1_728' title='bbox 3007 3384 3178 3441; x_wconf 83' lang='lat' dir='ltr'><strong>Maria</strong></span> <span class='ocrx_word' id='word_1_729' title='bbox 3234 3401 3455 3441; x_wconf 70' lang='lat' dir='ltr'><strong>carnem</strong></span> 
     </span>
    </p>
   </div>
   <div class='ocr_carea' id='block_1_94' title="bbox 1866 3475 3457 3548">
    <p class='ocr_par' dir='ltr' id='par_1_94' title="bbox 1866 3475 3457 3548">
     <span class='ocr_line' id='line_1_94' title="bbox 1866 3475 3457 3548; baseline 0.003 -19"><span class='ocrx_word' id='word_1_730' title='bbox 1866 3477 2184 3545; x_wconf 85' lang='lat' dir='ltr'><strong>sumpsisse.</strong></span> <span class='ocrx_word' id='word_1_731' title='bbox 2208 3475 2360 3534; x_wconf 83' lang='lat' dir='ltr'><strong>Hanc</strong></span> <span class='ocrx_word' id='word_1_732' title='bbox 2383 3487 2567 3532; x_wconf 91' lang='lat' dir='ltr'><strong>autem</strong></span> <span class='ocrx_word' id='word_1_733' title='bbox 2589 3477 2922 3533; x_wconf 89' lang='lat' dir='ltr'><strong>calumniam</strong></span> <span class='ocrx_word' id='word_1_734' title='bbox 2952 3477 3068 3547; x_wconf 88' lang='lat' dir='ltr'><strong>ipse</strong></span> <span class='ocrx_word' id='word_1_735' title='bbox 3094 3492 3123 3531; x_wconf 91' lang='lat' dir='ltr'><strong>a</strong></span> <span class='ocrx_word' id='word_1_736' title='bbox 3152 3492 3210 3533; x_wconf 90' lang='lat' dir='ltr'><strong>se</strong></span> <span class='ocrx_word' id='word_1_737' title='bbox 3238 3479 3457 3548; x_wconf 87' lang='lat' dir='ltr'><strong>egregie</strong></span> 
     </span>
    </p>
   </div>
   <div class='ocr_carea' id='block_1_95' title="bbox 1867 3567 3458 3642">
    <p class='ocr_par' dir='ltr' id='par_1_95' title="bbox 1867 3567 3458 3642">
     <span class='ocr_line' id='line_1_95' title="bbox 1867 3567 3458 3642; baseline 0.003 -22"><span class='ocrx_word' id='word_1_738' title='bbox 1867 3568 2086 3637; x_wconf 88' lang='lat' dir='ltr'><strong>depellit</strong></span> <span class='ocrx_word' id='word_1_739' title='bbox 2116 3567 2383 3639; x_wconf 88' lang='lat' dir='ltr'><strong>Origenes</strong></span> <span class='ocrx_word' id='word_1_740' title='bbox 2418 3569 2485 3625; x_wconf 93' lang='lat' dir='ltr'><strong>iis</strong></span> <span class='ocrx_word' id='word_1_741' title='bbox 2518 3570 2702 3627; x_wconf 84' lang='lat' dir='ltr'><strong>verbis</strong></span> <span class='ocrx_word' id='word_1_742' title='bbox 2728 3585 2849 3641; x_wconf 61' lang='lat' dir='ltr'><strong>qua</strong></span> <span class='ocrx_word' id='word_1_743' title='bbox 2875 3571 2929 3626; x_wconf 91' lang='lat' dir='ltr'><strong>in</strong></span> <span class='ocrx_word' id='word_1_744' title='bbox 2964 3571 3153 3626; x_wconf 90' lang='lat' dir='ltr'><strong>eodem</strong></span> <span class='ocrx_word' id='word_1_745' title='bbox 3184 3571 3458 3642; x_wconf 77' lang='lat' dir='ltr'><strong>Apologia:</strong></span> 
     </span>
    </p>
   </div>
   <div class='ocr_carea' id='block_1_96' title="bbox 1869 3659 3458 3734">
    <p class='ocr_par' dir='ltr' id='par_1_96' title="bbox 1869 3659 3458 3734">
     <span class='ocr_line' id='line_1_96' title="bbox 1869 3659 3458 3734; baseline 0.004 -21"><span class='ocrx_word' id='word_1_746' title='bbox 1869 3659 1988 3715; x_wconf 91' lang='lat' dir='ltr'><strong>loco</strong></span> <span class='ocrx_word' id='word_1_747' title='bbox 2018 3662 2339 3728; x_wconf 91' lang='lat' dir='ltr'><strong>recitantur,</strong></span> <span class='ocrx_word' id='word_1_748' title='bbox 2369 3663 2674 3734; x_wconf 89' lang='lat' dir='ltr'><strong>probatque</strong></span> <span class='ocrx_word' id='word_1_749' title='bbox 2707 3679 2771 3719; x_wconf 79' lang='lat' dir='ltr'><strong>ex</strong></span> <span class='ocrx_word' id='word_1_750' title='bbox 2819 3663 3120 3734; x_wconf 90' lang='lat' dir='ltr'><strong>Scripturis</strong></span> <span class='ocrx_word' id='word_1_751' title='bbox 3151 3664 3357 3720; x_wconf 91' lang='lat' dir='ltr'><strong>sanctis</strong></span> <span class='ocrx_word' id='word_1_752' title='bbox 3387 3662 3458 3719; x_wconf 90' lang='lat' dir='ltr'><strong>de</strong></span> 
     </span>
    </p>
   </div>
   <div class='ocr_carea' id='block_1_97' title="bbox 1868 3753 3455 3812">
    <p class='ocr_par' dir='ltr' id='par_1_97' title="bbox 1868 3753 3455 3812">
     <span class='ocr_line' id='line_1_97' title="bbox 1868 3753 3455 3812; baseline 0.002 -6"><span class='ocrx_word' id='word_1_753' title='bbox 1868 3753 2075 3808; x_wconf 88' lang='lat' dir='ltr'><strong>semine</strong></span> <span class='ocrx_word' id='word_1_754' title='bbox 2104 3753 2378 3809; x_wconf 82' lang='lat' dir='ltr'><strong>Abraham</strong></span> <span class='ocrx_word' id='word_1_755' title='bbox 2407 3764 2462 3810; x_wconf 90' lang='lat' dir='ltr'><strong>et</strong></span> <span class='ocrx_word' id='word_1_756' title='bbox 2489 3754 2659 3811; x_wconf 90' lang='lat' dir='ltr'><strong>David</strong></span> <span class='ocrx_word' id='word_1_757' title='bbox 2700 3771 2827 3812; x_wconf 89' lang='lat' dir='ltr'><strong>vere</strong></span> <span class='ocrx_word' id='word_1_758' title='bbox 2873 3766 3058 3811; x_wconf 89' lang='lat' dir='ltr'><strong>natum</strong></span> <span class='ocrx_word' id='word_1_759' title='bbox 3094 3756 3260 3812; x_wconf 88' lang='lat' dir='ltr'><strong>fuisse</strong></span> <span class='ocrx_word' id='word_1_760' title='bbox 3290 3755 3455 3812; x_wconf 87' lang='lat' dir='ltr'><strong>Chri-</strong></span> 
     </span>
    </p>
   </div>
   <div class='ocr_carea' id='block_1_98' title="bbox 1868 3847 3457 3919">
    <p class='ocr_par' dir='ltr' id='par_1_98' title="bbox 1868 3847 3457 3919">
     <span class='ocr_line' id='line_1_98' title="bbox 1868 3847 3457 3919; baseline 0.003 -21"><span class='ocrx_word' id='word_1_761' title='bbox 1868 3856 2010 3899; x_wconf 85' lang='lat' dir='ltr'><strong>stum</strong></span> <span class='ocrx_word' id='word_1_762' title='bbox 2035 3885 2051 3909; x_wconf 95' lang='lat'><strong>,</strong></span> <span class='ocrx_word' id='word_1_763' title='bbox 2098 3860 2274 3915; x_wconf 90' lang='lat' dir='ltr'><strong>neque</strong></span> <span class='ocrx_word' id='word_1_764' title='bbox 2308 3865 2327 3899; x_wconf 80' lang='grc' dir='ltr'><strong>ι</strong></span> <span class='ocrx_word' id='word_1_765' title='bbox 2368 3847 2608 3917; x_wconf 87' lang='lat' dir='ltr'><strong>putative</strong></span> <span class='ocrx_word' id='word_1_766' title='bbox 2632 3887 2648 3913; x_wconf 94' lang='lat'><strong>,</strong></span> <span class='ocrx_word' id='word_1_767' title='bbox 2692 3858 2745 3903; x_wconf 91' lang='lat' dir='ltr'><strong>et</strong></span> <span class='ocrx_word' id='word_1_768' title='bbox 2778 3864 2874 3919; x_wconf 90' lang='lat' dir='ltr'><strong>per</strong></span> <span class='ocrx_word' id='word_1_769' title='bbox 2911 3850 3248 3919; x_wconf 86' lang='lat' dir='ltr'><strong>phantasiam</strong></span> <span class='ocrx_word' id='word_1_770' title='bbox 3290 3868 3309 3902; x_wconf 76' lang='grc' dir='ltr'><strong>ι</strong></span> <span class='ocrx_word' id='word_1_771' title='bbox 3368 3864 3457 3903; x_wconf 78' lang='lat' dir='ltr'><strong>res</strong></span> 
     </span>
    </p>
   </div>
   <div class='ocr_carea' id='block_1_99' title="bbox 1867 3940 3453 4010">
    <p class='ocr_par' dir='ltr' id='par_1_99' title="bbox 1867 3940 3453 4010">
     <span class='ocr_line' id='line_1_99' title="bbox 1867 3940 3453 4010; baseline 0.001 -19"><span class='ocrx_word' id='word_1_772' title='bbox 1867 3952 1995 3993; x_wconf 86' lang='lat' dir='ltr'><strong>suas</strong></span> <span class='ocrx_word' id='word_1_773' title='bbox 2019 3940 2293 4007; x_wconf 84' lang='lat' dir='ltr'><strong>gessisse;</strong></span> <span class='ocrx_word' id='word_1_774' title='bbox 2325 3954 2502 4010; x_wconf 91' lang='lat' dir='ltr'><strong>neque</strong></span> <span class='ocrx_word' id='word_1_775' title='bbox 2535 3940 2780 4010; x_wconf 89' lang='lat' dir='ltr'><strong>spiritale</strong></span> <span class='ocrx_word' id='word_1_776' title='bbox 2807 3954 3030 4008; x_wconf 90' lang='lat' dir='ltr'><strong>corpus,</strong></span> <span class='ocrx_word' id='word_1_777' title='bbox 3062 3940 3160 3995; x_wconf 89' lang='lat' dir='ltr'><strong>sed</strong></span> <span class='ocrx_word' id='word_1_778' title='bbox 3196 3954 3453 3995; x_wconf 84' lang='lat' dir='ltr'><strong>carneum</strong></span> 
     </span>
    </p>
   </div>
   <div class='ocr_carea' id='block_1_100' title="bbox 1868 4031 3458 4100">
    <p class='ocr_par' dir='ltr' id='par_1_100' title="bbox 1868 4031 3458 4100">
     <span class='ocr_line' id='line_1_100' title="bbox 1868 4031 3458 4100; baseline 0.002 -18"><span class='ocrx_word' id='word_1_779' title='bbox 1868 4041 1922 4084; x_wconf 85' lang='lat' dir='ltr'><strong>et</strong></span> <span class='ocrx_word' id='word_1_780' title='bbox 1963 4040 2241 4086; x_wconf 87' lang='lat' dir='ltr'><strong>terrenum</strong></span> <span class='ocrx_word' id='word_1_781' title='bbox 2292 4032 2740 4098; x_wconf 84' lang='lat' dir='ltr'><strong>circumtulisse;</strong></span> <span class='ocrx_word' id='word_1_782' title='bbox 2794 4045 2895 4086; x_wconf 90' lang='lat' dir='ltr'><strong>nec</strong></span> <span class='ocrx_word' id='word_1_783' title='bbox 2944 4031 3147 4086; x_wconf 90' lang='lat' dir='ltr'><strong>factum</strong></span> <span class='ocrx_word' id='word_1_784' title='bbox 3185 4046 3310 4086; x_wconf 91' lang='lat' dir='ltr'><strong>eum</strong></span> <span class='ocrx_word' id='word_1_785' title='bbox 3360 4046 3458 4100; x_wconf 85' lang='lat' dir='ltr'><strong>per</strong></span> 
     </span>
    </p>
   </div>
   <div class='ocr_carea' id='block_1_101' title="bbox 1870 4120 3456 4192">
    <p class='ocr_par' dir='ltr' id='par_1_101' title="bbox 1870 4120 3456 4192">
     <span class='ocr_line' id='line_1_101' title="bbox 1870 4120 3456 4192; baseline 0.002 -18"><span class='ocrx_word' id='word_1_786' title='bbox 1870 4120 2175 4189; x_wconf 90' lang='lat' dir='ltr'><strong>mulierem,</strong></span> <span class='ocrx_word' id='word_1_787' title='bbox 2205 4121 2302 4177; x_wconf 87' lang='lat' dir='ltr'><strong>sed</strong></span> <span class='ocrx_word' id='word_1_788' title='bbox 2334 4136 2403 4177; x_wconf 79' lang='lat' dir='ltr'><strong>ex</strong></span> <span class='ocrx_word' id='word_1_789' title='bbox 2432 4122 2683 4178; x_wconf 89' lang='lat' dir='ltr'><strong>muliere.</strong></span> <span class='ocrx_word' id='word_1_790' title='bbox 2718 4122 2949 4178; x_wconf 84' lang='lat' dir='ltr'><strong>Faciunt</strong></span> <span class='ocrx_word' id='word_1_791' title='bbox 2978 4132 3034 4178; x_wconf 88' lang='lat' dir='ltr'><strong>et</strong></span> <span class='ocrx_word' id='word_1_792' title='bbox 3077 4138 3141 4178; x_wconf 90' lang='lat' dir='ltr'><strong>ea</strong></span> <span class='ocrx_word' id='word_1_793' title='bbox 3194 4138 3292 4192; x_wconf 93' lang='lat' dir='ltr'><strong>pro</strong></span> <span class='ocrx_word' id='word_1_794' title='bbox 3338 4124 3456 4192; x_wconf 85' lang='lat' dir='ltr'><strong>ipso</strong></span> 
     </span>
    </p>
   </div>
   <div class='ocr_carea' id='block_1_102' title="bbox 1869 4217 3457 4287">
    <p class='ocr_par' dir='ltr' id='par_1_102' title="bbox 1869 4217 3457 4287">
     <span class='ocr_line' id='line_1_102' title="bbox 1869 4217 3457 4287; baseline -0.002 -17"><span class='ocrx_word' id='word_1_795' title='bbox 1869 4228 1989 4285; x_wconf 69' lang='lat' dir='ltr'><strong>quae</strong></span> <span class='ocrx_word' id='word_1_796' title='bbox 2015 4218 2237 4287; x_wconf 85' lang='lat' dir='ltr'><strong>scripsit</strong></span> <span class='ocrx_word' id='word_1_797' title='bbox 2278 4218 2467 4273; x_wconf 88' lang='lat' dir='ltr'><strong>homil.</strong></span> <span class='ocrx_word' id='word_1_798' title='bbox 2496 4219 2524 4274; x_wconf 81' lang='grc'><strong>1</strong></span> <span class='ocrx_word' id='word_1_799' title='bbox 2554 4219 2611 4272; x_wconf 84' lang='lat' dir='ltr'><strong>in</strong></span> <span class='ocrx_word' id='word_1_800' title='bbox 2635 4217 2854 4282; x_wconf 74' lang='lat' dir='ltr'><strong>Euclt.,</strong></span> <span class='ocrx_word' id='word_1_801' title='bbox 2887 4234 3013 4272; x_wconf 87' lang='lat' dir='ltr'><strong>num</strong></span> <span class='ocrx_word' id='word_1_802' title='bbox 3044 4218 3078 4272; x_wconf 71' lang='grc'><strong>4</strong></span> <span class='ocrx_word' id='word_1_803' title='bbox 3106 4236 3119 4272; x_wconf 91' lang='lat'><strong>:</strong></span> <span class='ocrx_word' id='word_1_804' title='bbox 3162 4236 3181 4269; x_wconf 83' lang='grc' dir='ltr'><strong>ι</strong></span> <span class='ocrx_word' id='word_1_805' title='bbox 3213 4217 3457 4286; x_wconf 67' lang='lat' dir='ltr'><strong>Respon-</strong></span> 
     </span>
    </p>
   </div>
   <div class='ocr_carea' id='block_1_103' title="bbox 1869 4306 3456 4382">
    <p class='ocr_par' dir='ltr' id='par_1_103' title="bbox 1869 4306 3456 4382">
     <span class='ocr_line' id='line_1_103' title="bbox 1869 4306 3456 4382; baseline -0.001 -20"><span class='ocrx_word' id='word_1_806' title='bbox 1869 4306 2032 4363; x_wconf 87' lang='lat' dir='ltr'><strong>dcaut</strong></span> <span class='ocrx_word' id='word_1_807' title='bbox 2061 4308 2193 4364; x_wconf 92' lang='lat' dir='ltr'><strong>mihi</strong></span> <span class='ocrx_word' id='word_1_808' title='bbox 2227 4309 2494 4374; x_wconf 72' lang='lat' dir='ltr'><strong>haeretici,</strong></span> <span class='ocrx_word' id='word_1_809' title='bbox 2523 4311 2615 4381; x_wconf 86' lang='lat' dir='ltr'><strong>qui</strong></span> <span class='ocrx_word' id='word_1_810' title='bbox 2660 4311 2999 4365; x_wconf 87' lang='lat' dir='ltr'><strong>nativitatem</strong></span> <span class='ocrx_word' id='word_1_811' title='bbox 3034 4310 3178 4364; x_wconf 86' lang='lat' dir='ltr'><strong>illius</strong></span> <span class='ocrx_word' id='word_1_812' title='bbox 3205 4308 3456 4382; x_wconf 85' lang='lat' dir='ltr'><strong>(Christi)</strong></span> 
     </span>
    </p>
   </div>
   <div class='ocr_carea' id='block_1_104' title="bbox 1869 4400 3457 4473">
    <p class='ocr_par' dir='ltr' id='par_1_104' title="bbox 1869 4400 3457 4473">
     <span class='ocr_line' id='line_1_104' title="bbox 1869 4400 3457 4473; baseline -0.001 -19"><span class='ocrx_word' id='word_1_813' title='bbox 1869 4411 1928 4455; x_wconf 91' lang='lat' dir='ltr'><strong>ut</strong></span> <span class='ocrx_word' id='word_1_814' title='bbox 1957 4401 2281 4471; x_wconf 89' lang='lat' dir='ltr'><strong>phantasma</strong></span> <span class='ocrx_word' id='word_1_815' title='bbox 2305 4402 2552 4468; x_wconf 91' lang='lat' dir='ltr'><strong>eludunt,</strong></span> <span class='ocrx_word' id='word_1_816' title='bbox 2585 4417 2755 4473; x_wconf 90' lang='lat' dir='ltr'><strong>quare</strong></span> <span class='ocrx_word' id='word_1_817' title='bbox 2786 4402 3040 4458; x_wconf 87' lang='lat' dir='ltr'><strong>Christus</strong></span> <span class='ocrx_word' id='word_1_818' title='bbox 3072 4401 3241 4456; x_wconf 84' lang='lat' dir='ltr'><strong>Filius</strong></span> <span class='ocrx_word' id='word_1_819' title='bbox 3275 4400 3457 4455; x_wconf 81' lang='lat' dir='ltr'><strong>homi-</strong></span> 
     </span>
    </p>
   </div>
   <div class='ocr_carea' id='block_1_105' title="bbox 1870 4492 3455 4563">
    <p class='ocr_par' dir='ltr' id='par_1_105' title="bbox 1870 4492 3455 4563">
     <span class='ocr_line' id='line_1_105' title="bbox 1870 4492 3455 4563; baseline 0 -17"><span class='ocrx_word' id='word_1_820' title='bbox 1870 4492 1955 4546; x_wconf 88' lang='lat' dir='ltr'><strong>nis</strong></span> <span class='ocrx_word' id='word_1_821' title='bbox 1982 4493 2318 4563; x_wconf 89' lang='lat' dir='ltr'><strong>appellatur;</strong></span> <span class='ocrx_word' id='word_1_822' title='bbox 2354 4513 2373 4547; x_wconf 79' lang='grc' dir='ltr'><strong>ι</strong></span> <span class='ocrx_word' id='word_1_823' title='bbox 2403 4503 2460 4549; x_wconf 90' lang='lat' dir='ltr'><strong>et</strong></span> <span class='ocrx_word' id='word_1_824' title='bbox 2485 4510 2607 4562; x_wconf 66' lang='lat' dir='ltr'><strong>quae</strong></span> <span class='ocrx_word' id='word_1_825' title='bbox 2636 4504 2796 4550; x_wconf 91' lang='lat' dir='ltr'><strong>tract.</strong></span> <span class='ocrx_word' id='word_1_826' title='bbox 2824 4509 2973 4549; x_wconf 74' lang='lat' dir='ltr'><strong>xxxv</strong></span> <span class='ocrx_word' id='word_1_827' title='bbox 2995 4496 3051 4548; x_wconf 76' lang='lat' dir='ltr'><strong>in</strong></span> <span class='ocrx_word' id='word_1_828' title='bbox 3071 4492 3287 4556; x_wconf 46' lang='lat' dir='ltr'><strong>Matth&quot;</strong></span> <span class='ocrx_word' id='word_1_829' title='bbox 3306 4508 3455 4546; x_wconf 91' lang='lat' dir='ltr'><strong>num.</strong></span> 
     </span>
    </p>
   </div>
   <div class='ocr_carea' id='block_1_106' title="bbox 1870 4585 3456 4659">
    <p class='ocr_par' dir='ltr' id='par_1_106' title="bbox 1870 4585 3456 4659">
     <span class='ocr_line' id='line_1_106' title="bbox 1870 4585 3456 4659; baseline -0.003 -18"><span class='ocrx_word' id='word_1_830' title='bbox 1870 4585 1961 4653; x_wconf 73' lang='lat'><strong>92,</strong></span> <span class='ocrx_word' id='word_1_831' title='bbox 1988 4601 2110 4657; x_wconf 90' lang='lat' dir='ltr'><strong>pag.</strong></span> <span class='ocrx_word' id='word_1_832' title='bbox 2129 4586 2263 4656; x_wconf 69' lang='lat'><strong>909.;</strong></span> <span class='ocrx_word' id='word_1_833' title='bbox 2302 4603 2321 4639; x_wconf 80' lang='grc' dir='ltr'><strong>ι</strong></span> <span class='ocrx_word' id='word_1_834' title='bbox 2356 4586 2673 4657; x_wconf 89' lang='lat' dir='ltr'><strong>Suscipiens</strong></span> <span class='ocrx_word' id='word_1_835' title='bbox 2702 4588 2848 4643; x_wconf 92' lang='lat' dir='ltr'><strong>enim</strong></span> <span class='ocrx_word' id='word_1_836' title='bbox 2876 4586 3171 4659; x_wconf 90' lang='lat' dir='ltr'><strong>(Christus)</strong></span> <span class='ocrx_word' id='word_1_837' title='bbox 3204 4597 3456 4640; x_wconf 84' lang='lat' dir='ltr'><strong>naturam</strong></span> 
     </span>
    </p>
   </div>
   <div class='ocr_carea' id='block_1_107' title="bbox 1873 4679 3456 4750">
    <p class='ocr_par' dir='ltr' id='par_1_107' title="bbox 1873 4679 3456 4750">
     <span class='ocr_line' id='line_1_107' title="bbox 1873 4679 3456 4750; baseline -0.001 -18"><span class='ocrx_word' id='word_1_838' title='bbox 1873 4679 2051 4733; x_wconf 88' lang='lat' dir='ltr'><strong>carnis</strong></span> <span class='ocrx_word' id='word_1_839' title='bbox 2075 4680 2343 4746; x_wconf 63' lang='lat' dir='ltr'><strong>humanae,</strong></span> <span class='ocrx_word' id='word_1_840' title='bbox 2362 4695 2551 4737; x_wconf 89' lang='lat' dir='ltr'><strong>omnes</strong></span> <span class='ocrx_word' id='word_1_841' title='bbox 2581 4680 2943 4750; x_wconf 91' lang='lat' dir='ltr'><strong>proprietates</strong></span> <span class='ocrx_word' id='word_1_842' title='bbox 2970 4680 3233 4747; x_wconf 81' lang='lat' dir='ltr'><strong>implevit,</strong></span> <span class='ocrx_word' id='word_1_843' title='bbox 3258 4689 3316 4732; x_wconf 89' lang='lat' dir='ltr'><strong>ut</strong></span> <span class='ocrx_word' id='word_1_844' title='bbox 3351 4691 3456 4732; x_wconf 75' lang='lat' dir='ltr'><strong>non</strong></span> 
     </span>
    </p>
   </div>
   <div class='ocr_carea' id='block_1_108' title="bbox 1875 4768 3457 4839">
    <p class='ocr_par' dir='ltr' id='par_1_108' title="bbox 1875 4768 3457 4839">
     <span class='ocr_line' id='line_1_108' title="bbox 1875 4768 3457 4839; baseline 0 -16"><span class='ocrx_word' id='word_1_845' title='bbox 1875 4768 1928 4823; x_wconf 92' lang='lat' dir='ltr'><strong>in</strong></span> <span class='ocrx_word' id='word_1_846' title='bbox 1965 4770 2249 4839; x_wconf 87' lang='lat' dir='ltr'><strong>phantasia</strong></span> <span class='ocrx_word' id='word_1_847' title='bbox 2284 4770 2543 4827; x_wconf 84' lang='lat' dir='ltr'><strong>habuisse</strong></span> <span class='ocrx_word' id='word_1_848' title='bbox 2585 4786 2813 4828; x_wconf 86' lang='lat' dir='ltr'><strong>carnem</strong></span> <span class='ocrx_word' id='word_1_849' title='bbox 2872 4774 3309 4835; x_wconf 83' lang='lat' dir='ltr'><strong>existimaretur,</strong></span> <span class='ocrx_word' id='word_1_850' title='bbox 3362 4768 3457 4823; x_wconf 87' lang='lat' dir='ltr'><strong>sed</strong></span> 
     </span>
    </p>
   </div>
   <div class='ocr_carea' id='block_1_109' title="bbox 1872 4848 3458 4930">
    <p class='ocr_par' dir='ltr' id='par_1_109' title="bbox 1872 4848 3458 4930">
     <span class='ocr_line' id='line_1_109' title="bbox 1872 4848 3458 4930; baseline -0.003 -14"><span class='ocrx_word' id='word_1_851' title='bbox 1872 4862 1927 4916; x_wconf 91' lang='lat' dir='ltr'><strong>in</strong></span> <span class='ocrx_word' id='word_1_852' title='bbox 1957 4862 2186 4918; x_wconf 87' lang='lat' dir='ltr'><strong>veritate</strong></span> <span class='ocrx_word' id='word_1_853' title='bbox 2266 4881 2286 4916; x_wconf 83' lang='grc' dir='ltr'><strong>ι</strong></span> <span class='ocrx_word' id='word_1_854' title='bbox 2319 4875 2374 4918; x_wconf 90' lang='lat' dir='ltr'><strong>et</strong></span> <span class='ocrx_word' id='word_1_855' title='bbox 2402 4864 2594 4920; x_wconf 90' lang='lat' dir='ltr'><strong>bomil.</strong></span> <span class='ocrx_word' id='word_1_856' title='bbox 2623 4865 2693 4919; x_wconf 72' lang='lat' dir='ltr'><strong>M</strong></span> <span class='ocrx_word' id='word_1_857' title='bbox 2738 4865 2793 4918; x_wconf 85' lang='lat' dir='ltr'><strong>in</strong></span> <span class='ocrx_word' id='word_1_858' title='bbox 2819 4863 2952 4919; x_wconf 83' lang='lat' dir='ltr'><strong>Luc.</strong></span> <span class='ocrx_word' id='word_1_859' title='bbox 2972 4880 2992 4919; x_wconf 87' lang='lat'><strong><em>:</em></strong></span> <span class='ocrx_word' id='word_1_860' title='bbox 3036 4864 3193 4919; x_wconf 73' lang='lat' dir='ltr'><strong>Iesus</strong></span> <span class='ocrx_word' id='word_1_861' title='bbox 3221 4870 3333 4916; x_wconf 83' lang='lat' dir='ltr'><strong>erat</strong></span> <span class='ocrx_word' id='word_1_862' title='bbox 3373 4861 3458 4912; x_wconf 81' lang='lat' dir='ltr'><strong>in-</strong></span> 
     </span>
    </p>
   </div>
   <div class='ocr_carea' id='block_1_110' title="bbox 1872 4953 3455 5026">
    <p class='ocr_par' dir='ltr' id='par_1_110' title="bbox 1872 4953 3455 5026">
     <span class='ocr_line' id='line_1_110' title="bbox 1872 4953 3455 5026; baseline -0.001 -21"><span class='ocrx_word' id='word_1_863' title='bbox 1872 4954 2033 5008; x_wconf 84' lang='lat' dir='ltr'><strong>dutus</strong></span> <span class='ocrx_word' id='word_1_864' title='bbox 2058 4955 2281 5009; x_wconf 80' lang='lat' dir='ltr'><strong>vestibus</strong></span> <span class='ocrx_word' id='word_1_865' title='bbox 2308 4956 2541 5010; x_wconf 82' lang='lat' dir='ltr'><strong>sordidis</strong></span> <span class='ocrx_word' id='word_1_866' title='bbox 2572 4957 2642 5011; x_wconf 73' lang='grc' dir='ltr'><strong>τί.</strong></span> <span class='ocrx_word' id='word_1_867' title='bbox 2682 4975 2702 5008; x_wconf 80' lang='grc' dir='ltr'><strong>ι</strong></span> <span class='ocrx_word' id='word_1_868' title='bbox 2739 4956 2895 5023; x_wconf 87' lang='lat' dir='ltr'><strong>Quod</strong></span> <span class='ocrx_word' id='word_1_869' title='bbox 2924 4955 3144 5026; x_wconf 89' lang='lat' dir='ltr'><strong>quidem</strong></span> <span class='ocrx_word' id='word_1_870' title='bbox 3176 4966 3231 5009; x_wconf 88' lang='lat' dir='ltr'><strong>et</strong></span> <span class='ocrx_word' id='word_1_871' title='bbox 3258 4953 3455 5006; x_wconf 84' lang='lat' dir='ltr'><strong>adver-</strong></span> 
     </span>
    </p>
   </div>
   <div class='ocr_carea' id='block_1_111' title="bbox 1872 5044 3457 5118">
    <p class='ocr_par' dir='ltr' id='par_1_111' title="bbox 1872 5044 3457 5118">
     <span class='ocr_line' id='line_1_111' title="bbox 1872 5044 3457 5118; baseline -0.001 -20"><span class='ocrx_word' id='word_1_872' title='bbox 1872 5059 1965 5099; x_wconf 90' lang='lat' dir='ltr'><strong>sus</strong></span> <span class='ocrx_word' id='word_1_873' title='bbox 1991 5060 2085 5100; x_wconf 91' lang='lat' dir='ltr'><strong>eos</strong></span> <span class='ocrx_word' id='word_1_874' title='bbox 2114 5044 2247 5100; x_wconf 90' lang='lat' dir='ltr'><strong>facit</strong></span> <span class='ocrx_word' id='word_1_875' title='bbox 2274 5047 2364 5115; x_wconf 92' lang='lat' dir='ltr'><strong>qui</strong></span> <span class='ocrx_word' id='word_1_876' title='bbox 2409 5056 2609 5118; x_wconf 83' lang='lat' dir='ltr'><strong>negant</strong></span> <span class='ocrx_word' id='word_1_877' title='bbox 2637 5047 2923 5102; x_wconf 90' lang='lat' dir='ltr'><strong>Dominum</strong></span> <span class='ocrx_word' id='word_1_878' title='bbox 2975 5057 3221 5103; x_wconf 90' lang='lat' dir='ltr'><strong>nostrum</strong></span> <span class='ocrx_word' id='word_1_879' title='bbox 3268 5045 3457 5098; x_wconf 86' lang='lat' dir='ltr'><strong>Imma-</strong></span> 
     </span>
    </p>
   </div>
   <div class='ocr_carea' id='block_1_112' title="bbox 1874 5135 3457 5207">
    <p class='ocr_par' dir='ltr' id='par_1_112' title="bbox 1874 5135 3457 5207">
     <span class='ocr_line' id='line_1_112' title="bbox 1874 5135 3457 5207; baseline 0.001 -19"><span class='ocrx_word' id='word_1_880' title='bbox 1874 5151 2002 5189; x_wconf 91' lang='lat' dir='ltr'><strong>num</strong></span> <span class='ocrx_word' id='word_1_881' title='bbox 2034 5136 2287 5192; x_wconf 90' lang='lat' dir='ltr'><strong>habuisse</strong></span> <span class='ocrx_word' id='word_1_882' title='bbox 2314 5152 2533 5207; x_wconf 90' lang='lat' dir='ltr'><strong>corpus,</strong></span> <span class='ocrx_word' id='word_1_883' title='bbox 2565 5138 2659 5193; x_wconf 91' lang='lat' dir='ltr'><strong>sed</strong></span> <span class='ocrx_word' id='word_1_884' title='bbox 2693 5138 3010 5193; x_wconf 74' lang='lat' dir='ltr'><strong>coelestibus</strong></span> <span class='ocrx_word' id='word_1_885' title='bbox 3041 5146 3094 5191; x_wconf 92' lang='lat' dir='ltr'><strong>et</strong></span> <span class='ocrx_word' id='word_1_886' title='bbox 3121 5135 3457 5207; x_wconf 89' lang='lat' dir='ltr'><strong>spiritalibus</strong></span> 
     </span>
    </p>
   </div>
   <div class='ocr_carea' id='block_1_113' title="bbox 1873 5225 3449 5292">
    <p class='ocr_par' dir='ltr' id='par_1_113' title="bbox 1873 5225 3449 5292">
     <span class='ocr_line' id='line_1_113' title="bbox 1873 5225 3449 5292; baseline -0.002 -12"><span class='ocrx_word' id='word_1_887' title='bbox 1873 5226 2041 5282; x_wconf 85' lang='lat' dir='ltr'><strong>fuisse</strong></span> <span class='ocrx_word' id='word_1_888' title='bbox 2065 5237 2401 5286; x_wconf 79' lang='lat' dir='ltr'><strong>contextum.</strong></span> <span class='ocrx_word' id='word_1_889' title='bbox 2432 5227 2488 5283; x_wconf 86' lang='lat' dir='ltr'><strong>Si</strong></span> <span class='ocrx_word' id='word_1_890' title='bbox 2535 5229 2678 5282; x_wconf 89' lang='lat' dir='ltr'><strong>enim</strong></span> <span class='ocrx_word' id='word_1_891' title='bbox 2711 5230 2776 5283; x_wconf 92' lang='lat' dir='ltr'><strong>de</strong></span> <span class='ocrx_word' id='word_1_892' title='bbox 2804 5228 3141 5292; x_wconf 67' lang='lat' dir='ltr'><strong>caelestibus,</strong></span> <span class='ocrx_word' id='word_1_893' title='bbox 3172 5235 3230 5282; x_wconf 90' lang='lat' dir='ltr'><strong>et</strong></span> <span class='ocrx_word' id='word_1_894' title='bbox 3280 5234 3342 5280; x_wconf 91' lang='lat' dir='ltr'><strong>ut</strong></span> <span class='ocrx_word' id='word_1_895' title='bbox 3374 5225 3449 5278; x_wconf 88' lang='lat' dir='ltr'><strong>illi</strong></span> 
     </span>
    </p>
   </div>
   <div class='ocr_carea' id='block_1_114' title="bbox 1875 5315 3456 5389">
    <p class='ocr_par' dir='ltr' id='par_1_114' title="bbox 1875 5315 3456 5389">
     <span class='ocr_line' id='line_1_114' title="bbox 1875 5315 3456 5389; baseline -0.003 -18"><span class='ocrx_word' id='word_1_896' title='bbox 1875 5316 2008 5374; x_wconf 85' lang='lat' dir='ltr'><strong>falso</strong></span> <span class='ocrx_word' id='word_1_897' title='bbox 2036 5328 2311 5383; x_wconf 89' lang='lat' dir='ltr'><strong>asserunt,</strong></span> <span class='ocrx_word' id='word_1_898' title='bbox 2348 5318 2416 5374; x_wconf 91' lang='lat' dir='ltr'><strong>de</strong></span> <span class='ocrx_word' id='word_1_899' title='bbox 2451 5319 2743 5385; x_wconf 87' lang='lat' dir='ltr'><strong>sideribus,</strong></span> <span class='ocrx_word' id='word_1_900' title='bbox 2774 5330 2830 5374; x_wconf 90' lang='lat' dir='ltr'><strong>et</strong></span> <span class='ocrx_word' id='word_1_901' title='bbox 2863 5319 2972 5374; x_wconf 89' lang='lat' dir='ltr'><strong>alia</strong></span> <span class='ocrx_word' id='word_1_902' title='bbox 3000 5318 3235 5389; x_wconf 90' lang='lat' dir='ltr'><strong>quadam</strong></span> <span class='ocrx_word' id='word_1_903' title='bbox 3285 5315 3456 5371; x_wconf 83' lang='lat' dir='ltr'><strong>subli-</strong></span> 
     </span>
    </p>
   </div>
   <div class='ocr_carea' id='block_1_115' title="bbox 1875 5410 3460 5481">
    <p class='ocr_par' dir='ltr' id='par_1_115' title="bbox 1875 5410 3460 5481">
     <span class='ocr_line' id='line_1_115' title="bbox 1875 5410 3460 5481; baseline -0.003 -16"><span class='ocrx_word' id='word_1_904' title='bbox 1875 5411 2031 5465; x_wconf 89' lang='lat' dir='ltr'><strong>miori</strong></span> <span class='ocrx_word' id='word_1_905' title='bbox 2060 5410 2402 5481; x_wconf 86' lang='lat' dir='ltr'><strong>spiritalique</strong></span> <span class='ocrx_word' id='word_1_906' title='bbox 2435 5420 2628 5465; x_wconf 87' lang='lat' dir='ltr'><strong>natura</strong></span> <span class='ocrx_word' id='word_1_907' title='bbox 2658 5426 2857 5481; x_wconf 90' lang='lat' dir='ltr'><strong>corpus</strong></span> <span class='ocrx_word' id='word_1_908' title='bbox 2877 5411 2999 5481; x_wconf 90' lang='lat' dir='ltr'><strong>ejus</strong></span> <span class='ocrx_word' id='word_1_909' title='bbox 3029 5410 3213 5474; x_wconf 90' lang='lat' dir='ltr'><strong>fuerit,</strong></span> <span class='ocrx_word' id='word_1_910' title='bbox 3233 5422 3460 5477; x_wconf 82' lang='lat' dir='ltr'><strong>respon-</strong></span> 
     </span>
    </p>
   </div>
   <div class='ocr_carea' id='block_1_116' title="bbox 1881 5500 3456 5573">
    <p class='ocr_par' dir='ltr' id='par_1_116' title="bbox 1881 5500 3456 5573">
     <span class='ocr_line' id='line_1_116' title="bbox 1881 5500 3456 5573; baseline -0.004 -17"><span class='ocrx_word' id='word_1_911' title='bbox 1881 5504 2229 5571; x_wconf 87' lang='lat' dir='ltr'><strong>deantquare</strong></span> <span class='ocrx_word' id='word_1_912' title='bbox 2249 5502 2487 5573; x_wconf 88' lang='lat' dir='ltr'><strong>potuerit</strong></span> <span class='ocrx_word' id='word_1_913' title='bbox 2509 5502 2751 5571; x_wconf 83' lang='lat' dir='ltr'><strong>spiritale</strong></span> <span class='ocrx_word' id='word_1_914' title='bbox 2774 5516 2976 5572; x_wconf 90' lang='lat' dir='ltr'><strong>corpus</strong></span> <span class='ocrx_word' id='word_1_915' title='bbox 2995 5515 3119 5557; x_wconf 87' lang='lat' dir='ltr'><strong>esse</strong></span> <span class='ocrx_word' id='word_1_916' title='bbox 3144 5500 3418 5556; x_wconf 88' lang='lat' dir='ltr'><strong>sordidum</strong></span> <span class='ocrx_word' id='word_1_917' title='bbox 3440 5513 3456 5559; x_wconf 91' lang='lat'><strong>;</strong></span> 
     </span>
    </p>
   </div>
   <div class='ocr_carea' id='block_1_117' title="bbox 1881 5590 3456 5663">
    <p class='ocr_par' dir='ltr' id='par_1_117' title="bbox 1881 5590 3456 5663">
     <span class='ocr_line' id='line_1_117' title="bbox 1881 5590 3456 5663; baseline -0.003 -17"><span class='ocrx_word' id='word_1_918' title='bbox 1881 5603 1974 5647; x_wconf 90' lang='lat' dir='ltr'><strong>aut</strong></span> <span class='ocrx_word' id='word_1_919' title='bbox 2012 5593 2286 5662; x_wconf 91' lang='lat' dir='ltr'><strong>quomodo</strong></span> <span class='ocrx_word' id='word_1_920' title='bbox 2330 5595 2437 5649; x_wconf 84' lang='lat' dir='ltr'><strong>hoc</strong></span> <span class='ocrx_word' id='word_1_921' title='bbox 2462 5594 2890 5663; x_wconf 83' lang='lat' dir='ltr'><strong>interpretentur</strong></span> <span class='ocrx_word' id='word_1_922' title='bbox 2919 5592 3061 5662; x_wconf 89' lang='lat' dir='ltr'><strong>quod</strong></span> <span class='ocrx_word' id='word_1_923' title='bbox 3113 5590 3411 5662; x_wconf 86' lang='lat' dir='ltr'><strong>posuimus</strong></span> <span class='ocrx_word' id='word_1_924' title='bbox 3442 5606 3456 5642; x_wconf 90' lang='lat'><strong>:</strong></span> 
     </span>
    </p>
   </div>
   <div class='ocr_carea' id='block_1_118' title="bbox 1879 5682 3461 5758">
    <p class='ocr_par' dir='ltr' id='par_1_118' title="bbox 1879 5682 3461 5758">
     <span class='ocr_line' id='line_1_118' title="bbox 1879 5682 3461 5758; baseline -0.004 -17"><span class='ocrx_word' id='word_1_925' title='bbox 1879 5684 2165 5758; x_wconf 65' lang='lat' dir='ltr'><strong>hauserat</strong></span> <span class='ocrx_word' id='word_1_926' title='bbox 2201 5686 2420 5742; x_wconf 76' lang='lat' dir='ltr'><strong>indutus</strong></span> <span class='ocrx_word' id='word_1_927' title='bbox 2444 5686 2665 5742; x_wconf 79' lang='lat' dir='ltr'><strong>vestibus</strong></span> <span class='ocrx_word' id='word_1_928' title='bbox 2704 5685 2973 5742; x_wconf 81' lang='lat' dir='ltr'><strong>sordidis?</strong></span> <span class='ocrx_word' id='word_1_929' title='bbox 3001 5704 3021 5739; x_wconf 80' lang='grc' dir='ltr'><strong>ι</strong></span> <span class='ocrx_word' id='word_1_930' title='bbox 3043 5693 3095 5741; x_wconf 90' lang='lat' dir='ltr'><strong>et</strong></span> <span class='ocrx_word' id='word_1_931' title='bbox 3125 5684 3222 5741; x_wconf 91' lang='lat' dir='ltr'><strong>lib.</strong></span> <span class='ocrx_word' id='word_1_932' title='bbox 3254 5699 3291 5739; x_wconf 89' lang='grc' dir='ltr'><strong>ιι</strong></span> <span class='ocrx_word' id='word_1_933' title='bbox 3322 5682 3461 5753; x_wconf 76' lang='grc' dir='ltr'><strong>Περὶ</strong></span> 
     </span>
    </p>
   </div>
   <div class='ocr_carea' id='block_1_119' title="bbox 3066 5899 3155 6012">
    <p class='ocr_par' dir='ltr' id='par_1_119' title="bbox 3066 5899 3155 6012">
     <span class='ocr_line' id='line_1_119' title="bbox 3066 5899 3155 6012; baseline 0 -102"><span class='ocrx_word' id='word_1_934' title='bbox 3066 5899 3155 6012; x_wconf 43' lang='lat'><strong>29.</strong></span> 
     </span>
    </p>
   </div>
  </div>
