3916 6546
429 420 529 476 811

1699 415 1760 471 Ρ.
1804 416 2119 472 DANIELIS
2158 413 2394 472 HUETII

3582 422 3688 477 διε

428 538 652 610 ἀρχῶν,
684 551 801 607 cap.
830 536 888 601 6,
922 548 1069 589 num.
1101 532 1176 589 Ξῖ
1214 551 1231 584 ι
1266 531 1491 602 [‘mptcr
1522 534 1665 602 quod
1702 550 1822 588 cum
1857 536 2004 590 omni
2035 545 2081 601 Α
2181 537 2345 591 Trahi
2377 550 2588 606 quoque
2616 536 2743 590 illud
2770 545 2945 607 potest
2977 537 3032 591 in
3061 536 3383 591 calumniam
3412 539 3555 607 quod
3584 542 3687 594 ha-

428 642 572 687 metu
606 638 659 685 et
703 627 1002 685 reverentia
1048 624 1519 703 contemplandum
1561 633 1676 693 est,
1715 635 1773 680 ut
1816 627 1867 680 in
1901 643 2008 681 uno

425 725 724 792 eodemque
751 720 825 773 ita
856 720 1139 787 utriusque
1180 726 1385 771 natura:
1414 716 1617 772 veritas
1665 719 2007 773 demonstre-

426 826 517 871 tur
541 856 557 880 ,
594 824 654 868 ut
689 826 864 881 neque
898 810 1099 881 aliquid
1145 809 1422 880 indignum
1452 818 1507 865 ct
1549 810 1806 866 indecens
1837 812 1889 865 in
1924 812 2006 865 di-

421 908 548 961 vina
603 906 697 960 illa
745 913 801 958 et
844 901 1099 957 ineﬂ‘abili
1148 899 1448 955 substantia
1500 904 1785 969 sentiatur,
1831 917 2007 972 neque

424 1012 641 1052 rursum
668 1010 788 1065 qua:
814 1004 961 1065 gesta
998 1001 1125 1047 sunt
1159 992 1311 1047 falsis
1341 993 1496 1047 illnsa
1530 994 1860 1063 imaginibus
1890 994 2006 1047 exi-

425 1092 754 1155 stimentnr;
801 1106 821 1140 ι
854 1097 909 1143 et
939 1087 1033 1142 lib.
1068 1101 1098 1138 v
1133 1086 1189 1138 in
1218 1084 1389 1154 Epist.
1421 1088 1491 1140 ad
1520 1085 1697 1150 Rom.,
1746 1101 1897 1142 num.
1928 1086 2001 1140 9:

430 1201 453 1235 s
489 1183 596 1238 Sed
640 1182 744 1236 hoc
780 1196 885 1235 non
927 1179 1286 1249 intelligentes
1326 1179 1546 1247 quidam
1604 1177 2002 1239 haareticorum,

423 1277 604 1332 conati
654 1285 783 1330 sunt
823 1289 889 1330 ex
943 1274 1048 1330 hoc
1090 1272 1333 1349 Apostoli
1382 1270 1500 1325 loco
1530 1270 1716 1337 (Rom.
1751 1282 1824 1332 vi,
1860 1268 1917 1333 5,
1948 1267 2005 1338 6)

422 1384 673 1425 asserere
718 1367 861 1438 quod
907 1366 1157 1421 Christus
1203 1379 1310 1418 non
1351 1376 1479 1416 vere
1511 1369 1758 1415 mortuus
1787 1359 1877 1425 sit,
1910 1361 2003 1413 sed

420 1460 837 1517 slmilitudinem
884 1458 1075 1513 mortis
1108 1455 1382 1520 habuerit,
1430 1463 1485 1509 et
1516 1454 1666 1508 visus
1704 1453 1777 1509 sit
1829 1452 2005 1521 magis

420 1556 560 1609 mori
587 1592 602 1618 ,
631 1568 792 1622 quam
825 1565 953 1605 vere
991 1560 1238 1604 mortuus
1288 1548 1376 1602 sit.
1422 1546 1631 1614 Quibus
1677 1545 2005 1615 respondere

413 1647 680 1717 quoniam
708 1642 965 1713 perfacile
992 1652 1095 1703 est,
1118 1657 1223 1697 non
1247 1650 1377 1711 puto
1404 1639 1773 1695 necessarium
1801 1652 1865 1692 ex
1902 1651 2007 1691 cze-

414 1741 556 1796 -teris
571 1740 651 1794 vel
682 1737 953 1807 Apostoli,
978 1737 1062 1792 vel
1090 1736 1509 1806 Evangeliorum
1535 1732 1724 1793 dictis,
1750 1730 1841 1785 ubi
1874 1730 2006 1784 sim-

419 1831 631 1902 pliciter
662 1844 809 1883 mors
842 1826 977 1895 ejus,
1014 1836 1069 1882 et
1102 1842 1209 1881 non
1245 1822 1543 1879 similitudo
1573 1822 1769 1875 mortis
1804 1820 2002 1873 scribi-

421 1897 533 1983 tur,
564 1917 998 1972 testimoniorum
1030 1917 1241 1986 pondus
1272 1912 1548 1975 adbibere,
1579 1926 1701 1965 cum
1732 1911 2001 1979 possimus
2037 1897 2080 1952 Β

420 2011 487 2064 ad
512 2026 606 2064 eos
635 2010 816 2064 dicere
843 2026 858 2063 :
888 2008 947 2063 Si
972 2008 1268 2061 similitudo
1298 2006 1493 2061 mortis
1511 2004 1630 2071 fuit,
1646 2008 1711 2059 ‘et
1741 2020 1845 2058 non
1876 2019 1999 2058 vera

420 2102 776 2169 resurrectio,
799 2110 852 2156 et
886 2117 982 2155 nos
1001 2114 1132 2170 ergo
1154 2100 1458 2154 videbimur
1485 2112 1789 2167 resurgere,
1817 2107 1870 2149 et
1894 2111 1999 2150 non

420 2207 795 2263 resurgemus:
825 2201 879 2246 et
898 2191 1204 2245 videbimur
1230 2190 1365 2244 mori
1390 2198 1630 2258 peccato,
1656 2196 1711 2243 et
1742 2202 1848 2240 non
1875 2200 2000 2239 vere

421 2287 758 2341 moriemur:
787 2295 842 2339 et
867 2300 1029 2339 omne
1053 2298 1182 2353 ergo
1211 2282 1352 2352 quod
1384 2290 1592 2351 gestum
1622 2289 1730 2345 est,
1764 2288 1818 2333 et
1850 2278 2001 2348 geri-

421 2391 531 2445 tirr,
561 2380 735 2433 visum
767 2388 851 2433 est
879 2376 1028 2447 geri,
1060 2374 1155 2429 sed
1206 2389 1312 2428 non
1352 2382 1434 2428 est
1468 2382 1700 2443 gestum.
1741 2370 2003 2439 Superest

420 2471 588 2540 igitur
615 2481 672 2524 ut
701 2480 755 2524 et
781 2471 923 2539 quod
963 2467 1157 2522 salvati
1206 2481 1415 2531 sumus,
1445 2466 1548 2519 visi
1580 2465 1751 2518 simus
1778 2461 1996 2527 salvari,

420 2563 517 2616 sed
544 2577 646 2614 non
676 2575 801 2615 vere
836 2558 1026 2613 salvati
1053 2559 1240 2611 simus.
1266 2554 1419 2610 Unde
1447 2554 1699 2624 quoniam
1736 2554 1849 2607 huic
1893 2562 1999 2605 tam

420 2648 654 2709 tbsurda
698 2663 845 2721 sunt,
882 2661 1069 2706 utnon
1116 2650 1396 2720 indigeant
1440 2645 1869 2718 probationibus,
1904 2659 2001 2698 nos

421 2747 489 2802 :.d
516 2744 950 2815 explanationem
977 2757 1166 2798 eorum
1196 2757 1315 2812 qua:
1343 2741 1611 2796 habentur
1638 2740 1690 2791 in
1727 2736 2005 2806 sequenti-

420 2855 522 2895 ms
548 2849 964 2903 convertamur;
1004 2856 1026 2889 ι
1055 2846 1109 2892 et
1170 2837 1265 2891 lib.
1300 2851 1337 2889 ιι
1384 2843 1563 2888 contra
1616 2830 1753 2885 Cels.
1780 2872 1793 2890 ,
1849 2845 1996 2884 num.

422 2932 512 2999 εδ,
562 2947 682 3001 pag.
717 2929 864 2984 402:
912 2927 1109 2982 Ἐλαθε
1143 2928 1201 2980 δὲ
1243 2924 1403 2979 αὐτὸν
1448 2924 1509 2977 τὸ
1554 2922 1832 2995 εἰρηκέναι
1878 2920 2001 2974 τινὰ

419 3025 529 3079 τῶν
555 3026 612 3077 ἐν
634 3025 751 3087 ταῖς
781 3022 1042 3094 αἱρέσεσι,
1072 3021 1291 3092 δοκήσει
1332 3016 1423 3071 τὸν
1463 3014 1671 3087 Ἰησοῦν
1696 3014 1866 3068 ταῦτα
1902 3031 2001 3067 πε-

419 3116 696 3180 πονθέναι,
724 3116 784 3169 οὐ
818 3113 1141 3167 πεπονθότα.
1180 3111 1253 3165 Οὐ
1287 3110 1395 3181 γὰρ
1458 3108 1714 3178 ἐγνωκὼς
1740 3104 1856 3160 εἷπε
1898 3105 1962 3158 τό
1983 3120 2000 3136 ο

419 3211 542 3264 οὐδὲ
566 3210 674 3281 γὰρ
697 3209 856 3262 τοῦτο
892 3206 1073 3259 εῖπετε
1092 3246 1108 3271 ,
1134 3205 1216 3257 ὅτι
1244 3202 1415 3256 ἐδόκει
1469 3203 1566 3273 μὲν
1594 3205 1708 3265 τοῖς
1754 3199 2002 3255 ἀσεϐέσιν

420 3299 725 3371 ἀνθρώποις
758 3297 930 3351 ταῦτα
964 3297 1213 3366 πάσχειν,
1238 3295 1338 3347 οὐκ
1360 3294 1563 3364 ἔπασχε
1591 3292 1675 3345 δέ·
1708 3290 1823 3346 ἀλλ’
1851 3291 1999 3346 ἄντι-

420 3410 558 3464 λρυς
588 3392 782 3445 παθεῖν
821 3390 1160 3462 ὁμολογεῖται
1186 3404 1200 3417 ⁸
1236 3386 1354 3440 ἀλλ’
1396 3389 1558 3458 ἡμεῖς
1602 3385 1664 3438 τὸ
1701 3384 1878 3438 δοκεῖν
1909 3384 2002 3436 ἐπὶ

419 3483 512 3536 τοῦ
544 3483 735 3536 παθεῖν
761 3482 820 3535 οὑ
850 3483 1120 3551 τάσσομεν
1138 3522 1152 3545 ,
1191 3480 1277 3533 ἵνα
1315 3478 1387 3550 μὴ
1421 3478 1623 3549 ψευδὴς
1658 3475 1823 3529 αὑτοῦ
1847 3475 1940 3529 καὶ
1964 3477 1997 3547 ἡ

420 3574 715 3636 ἀνάστασις
745 3568 802 3643 ᾗ,
828 3570 942 3624 ἀλλ’
975 3570 1201 3641 ἀληθής.
1236 3568 1294 3622 '0
1325 3567 1434 3639 γὰρ
1456 3565 1671 3639 ἀληθῶς
1695 3563 1998 3629 ἀποθανὼν,

420 3667 472 3719 ei
511 3665 708 3735 ἀνέστη
729 3703 744 3728 ,
773 3661 987 3734 ἀληθῶς
1010 3660 1233 3732 ἀνέστη.
1279 3660 1339 3715 '0
1363 3659 1419 3712 δὲ
1451 3658 1625 3712 δοκῶν
1661 3656 1999 3728 τεθνηκέναι,

420 3756 523 3810 οὐκ
558 3754 780 3827 ἀληθῶς
806 3753 1029 3825 ἀνέστη.
1058 3752 1195 3808 Hinc
1226 3751 1371 3806 illius
1402 3751 1453 3806 in
1497 3748 1857 3804 Marcionistis
1883 3749 2004 3818 opi-

421 3847 602 3901 nionis
633 3846 954 3901 damnandae
996 3860 1060 3901 ac
1088 3843 1427 3899 confutanda:
1452 3850 1633 3911 partes
1676 3840 2002 3894 Adamantio

420 3946 570 3992 recte
606 3936 795 3992 tribuit
826 3944 1018 3990 auctor
1052 3934 1248 4004 dialogi
1295 3932 1371 3986 De
1412 3940 1553 3986 recta
1589 3932 1644 3984 in
1672 3928 1839 3984 Deum
1870 3929 2000 3998 ﬁde,

421 4039 555 4092 sect.
581 4029 635 4083 ι.

493 4121 605 4176 XII.
641 4120 773 4187 Quae
803 4135 928 4175 cum
960 4119 1031 4172 ita
1058 4117 1201 4184 sint,
1238 4116 1436 4170 mirum
1462 4113 1631 4170 videri
1658 4114 1846 4185 possit,
1872 4112 2000 4183 quid

420 4210 493 4265 sit
538 4226 635 4264 cur
682 4209 865 4264 homil.
904 4209 964 4261 l7
1003 4210 1057 4261 in
1089 4205 1217 4259 Luc.
1262 4208 1332 4261 ita
1382 4206 1665 4275 scripserit
1699 4205 1999 4275 Origenes:

426 4320 445 4354 ι
487 4301 683 4355 Habuit
714 4317 911 4370 corpus
934 4299 1543 4371 humannm(Christus)
1577 4307 1632 4352 et
1658 4299 1761 4353 hoc
1790 4299 1999 4367 signum

420 4402 504 4447 cst
537 4394 619 4446 cui
657 4392 1070 4447 contradicitur.
1099 4389 1206 4444 Alii
1235 4390 1380 4445 enim
1420 4392 1605 4445 dicunt
1628 4405 1751 4444 eum
1788 4388 2003 4443 venisse

421 4484 491 4539 de
515 4484 709 4547 cretis;
742 4482 833 4536 alii
880 4482 986 4536 tale
1030 4483 1191 4550 quale
1237 4498 1334 4537 nos
1377 4498 1574 4553 corpus
1623 4481 1915 4545 habuisse,
1946 4490 2003 4534 ut

420 4589 520 4643 per
562 4573 970 4627 similitudinem
1013 4573 1257 4641 corporis
1318 4573 1480 4627 etiam
1532 4580 1715 4626 nostra
1773 4584 1999 4639 corpora
2032 4597 2077 4652 ι)

422 4665 715 4720 redimeret
740 4679 769 4716 a
816 4662 1075 4731 peccatis,
1113 4673 1168 4717 ct
1200 4664 1353 4717 daret
1384 4662 1539 4717 nobis
1571 4676 1720 4729 spem
1754 4675 1998 4715 resurre-

420 4755 643 4810 ctionis.
683 4773 704 4805 ι
745 4752 1115 4823 Reprehendit
1158 4768 1251 4807 eos
1284 4752 1549 4822 Origenes
1594 4753 1688 4819 qui
1720 4751 1995 4805 Christum

420 4846 611 4900 dicunt
643 4861 662 4895 ι
704 4842 808 4898 tale
859 4842 1021 4912 quale
1065 4856 1164 4896 nos
1216 4857 1412 4909 corpus
1466 4840 1756 4907 habuisse;
1798 4858 1816 4889 ι
1869 4853 1999 4908 ergo

421 4950 619 5003 corpus
649 4933 818 4987 nostri
864 4932 1121 4987 dissimile
1142 4943 1384 5004 gestasse
1411 4931 1638 5000 putavit.
1672 4930 1727 4984 ln
1760 4945 1868 5000 quo
1900 4945 1999 4982 au-

425 5035 533 5080 tem
564 5026 737 5094 posita
782 5024 947 5079 fuerit
972 5040 1036 5078 ea
1071 5024 1481 5089 dissimilitudo,
1507 5023 1621 5091 ipse
1671 5024 1922 5077 edisserit
1945 5025 1996 5075 in

422 5117 690 5186 prommio
724 5113 985 5169 librorum
1024 5114 1168 5184 Περὶ
1196 5113 1431 5183 ἀρχῶν,
1469 5128 1617 5167 num.
1651 5113 1724 5167 4:
1764 5132 1782 5164 ι
1820 5113 2001 5167 lucar-

424 5220 585 5262 natus
615 5218 697 5263 est
725 5208 1017 5278 (Christus)
1051 5223 1175 5263 cum
1207 5208 1349 5260 Deus
1372 5216 1538 5269 esset,
1569 5214 1624 5261 et
1654 5207 1814 5260 homo
1843 5220 1999 5259 man-

422 5301 492 5354 sit
524 5301 667 5370 quod
714 5300 858 5357 Deus
890 5310 1033 5356 erat.
1064 5300 1271 5369 Corpus
1320 5298 1614 5368 assumpsit
1657 5308 1844 5353 nostro
1874 5313 2003 5352 cor-

422 5393 540 5461 pori
570 5393 768 5456 simile,
799 5406 865 5447 eo
890 5393 1010 5449 solo
1041 5392 1297 5447 differens
1320 5392 1462 5461 quod
1486 5400 1670 5443 natum
1692 5406 1755 5443 ex
1782 5388 2002 5459 Virgine

424 5483 492 5536 de
525 5482 730 5552 Spiritu
759 5493 949 5538 sancto
978 5494 1085 5540 est.
1116 5484 1182 5537 Et
1216 5483 1469 5551 quoniam
1510 5482 1609 5550 lhic
1650 5478 1807 5536 Jesus
1845 5480 2001 5536 Chri—

424 5583 542 5625 stus
588 5583 744 5627 natus
791 5583 847 5627 et
898 5588 1086 5643 passus
1128 5583 1220 5627 est
1269 5573 1321 5626 in
1368 5580 1615 5635 veritate,
1654 5582 1708 5627 ct
1752 5586 1858 5625 non
1908 5584 2003 5637 per

425 5664 768 5732 phantasiam
824 5678 1167 5719 communem
1222 5664 1363 5717 hanc
1421 5672 1651 5717 mortem
1723 5661 2003 5724 sustinuit,

425 5767 556 5806 vere
601 5764 847 5813 mortuus
894 5764 979 5812 est
1022 5772 1037 5810 :
1089 5769 1218 5810 vere
1268 5755 1413 5810 enim
1463 5771 1493 5811 a
1542 5755 1768 5811 mortuis
1823 5767 2003 5809 resur-

428 5844 588 5909 rexit,
622 5860 641 5895 ι
672 5852 779 5898 etc.

2110 629 2200 683 bet
2222 628 2480 698 Origenes
2512 629 2561 681 in
2590 629 2841 698 Apologia
2870 628 3131 700 Pamphili
3159 645 3222 684 ex
3252 631 3343 684 lib.
3379 647 3394 686 t
3425 632 3483 685 in
3510 630 3686 702 Epist.

2110 720 2179 774 ad
2214 718 2388 774 Calai.
2416 733 2435 772 :
2469 740 2487 772 ε
2526 718 2630 774 Sed
2660 732 2705 775 et
2739 722 3169 777 circumcisionis
3195 723 3311 793 ejus
3347 725 3486 778 ratio
3530 727 3694 780 nobis

2108 813 2327 882 quidem
2374 828 2479 865 non
2528 813 2808 882 generabit
2852 815 3155 883 angustiam
3180 854 3194 877 ,
3226 816 3530 870 dicentibus
3564 833 3690 870 eum

2108 913 2506 971 consequenter
2523 902 2766 956 humano
2792 916 3024 971 corpore
3042 902 3097 956 et
3128 904 3511 959 circumcisum
3543 921 3690 969 esse,

2110 1006 2162 1048 et
2190 994 2510 1062 praeputium
2542 992 2658 1061 ejus
2694 1001 2853 1045 terra:
2886 994 3205 1047 mandatum
3241 994 3492 1049 fortassis
3515 1011 3693 1063 nSque

2108 1089 2173 1140 ad
2223 1096 2472 1157 tempus;
2507 1094 2599 1139 aut
2634 1086 2678 1141 si
2726 1086 2887 1139 aliter
2914 1095 2997 1140 est
3021 1126 3035 1150 ,
3073 1087 3125 1139 in
3159 1088 3265 1142 alia
3316 1089 3696 1158 disputatione

2110 1180 2435 1249 requirctur.
2469 1178 2594 1233 Haec
2619 1187 2798 1234 tamen
2827 1179 2943 1249 ejus
2973 1180 3486 1242 circumcisiosatis
3519 1197 3692 1236 coan-

2108 1272 2347 1341 gustabit
2380 1285 2473 1325 eos
2514 1271 2607 1340 qui
2650 1285 2716 1325 ex
2767 1271 2980 1327 diverso
3033 1284 3156 1328 sunt
3189 1273 3266 1344 (id
3306 1282 3409 1337 est,
3438 1273 3692 1345 ἑτεροδό-

2108 1365 2250 1431 ξους,
2287 1380 2392 1434 qua
2440 1365 2658 1420 notione
2698 1364 2885 1419 eadem
2934 1366 3133 1422 locutio
3159 1366 3286 1422 alibi
3330 1369 3685 1439 usurpatur);

2107 1458 2351 1528 spiritale
2389 1456 2533 1511 enim
2567 1470 2765 1525 corpus
2804 1459 3072 1527 quomodo
3117 1467 3331 1526 poterat
3361 1459 3691 1514 circumcidi

2109 1550 2256 1604 ferro
2278 1549 2537 1602 terreno?
2559 1546 2782 1617 Propter
2804 1548 2943 1617 quod
2973 1564 3077 1603 non
3103 1550 3438 1604 erubuerunt
3464 1551 3691 1620 quidam

2107 1650 2172 1689 ex
2204 1636 2335 1705 ipsis
2360 1636 2427 1690 de
2470 1636 2731 1706 praeputio
2769 1637 3203 1692 circumcisionis
3235 1639 3353 1709 ejus
3404 1641 3573 1694 etiam
3624 1642 3693 1694 li-

2106 1726 2234 1782 bros
2269 1729 2466 1789 edere,
2499 1728 2697 1797 quibus
2746 1728 3032 1783 ostendere
3069 1739 3402 1784 conarentur
3442 1734 3589 1801 quod
3636 1734 3688 1787 in

2110 1819 2467 1873 substantiam
2498 1817 2728 1873 cesserit
2771 1818 3092 1887 spiritalem.
3122 1819 3235 1874 Non
3287 1822 3469 1876 minus
3499 1833 3687 1878 autem

2108 1911 2538 1979 angnstabuntur
2566 1910 2729 1964 etiam
2764 1909 2841 1962 illi
2872 1910 2964 1978 qni
3002 1910 3238 1965 animale
3264 1926 3466 1981 corpus
3500 1912 3695 1968 dicunt

2107 2015 2227 2056 esse
2256 2014 2448 2069 corpus
2479 1998 2701 2055 Christi.
2745 2017 2764 2051 ι
2800 2001 2943 2069 Ergo
2974 1999 3206 2056 animale
3244 2015 3447 2069 corpus
3472 2001 3696 2057 Christo

2107 2091 2411 2158 abjudicat;
2464 2092 2557 2146 sed
2608 2100 2664 2146 ct
2716 2091 3036 2155 humanum,
3068 2090 3363 2145 humanum
3417 2092 3694 2162 siquidem

2112 2200 2132 2234 ι
2166 2195 2365 2250 corpus
2404 2181 2636 2236 animale
2673 2200 2697 2233 ι
2738 2183 2890 2250 juxta
2920 2182 3235 2251 Apostolum
3271 2185 3289 2238 l
3319 2185 3450 2239 Cor.
3489 2202 3593 2251 xv,
3626 2186 3697 2240 ιι

2106 2281 2161 2326 et
2191 2286 2305 2341 seq.
2336 2269 2535 2327 Verum
2567 2287 2655 2327 res
2685 2272 2844 2328 aliter
2866 2276 3100 2341 putanda
3136 2284 3239 2331 est.
3272 2274 3693 2332 Valentinianos

2108 2364 2370 2434 siquidem
2428 2365 2782 2435 perstringit,
2834 2365 2929 2434 qui
2979 2379 3103 2419 cum
3158 2365 3355 2435 triplex
3406 2367 3693 2422 hominum

2109 2469 2277 2524 genus
2307 2468 2426 2508 esse
2454 2454 2775 2517 sciscerent,
2806 2453 2917 2507 τῶν
2950 2454 3365 2524 πνευματικῶν,
3394 2455 3508 2508 τῶν
3529 2456 3694 2527 ψυχι-

2107 2547 2241 2611 κῶν,
2289 2556 2345 2602 et
2374 2545 2480 2599 τῶν
2514 2546 2713 2617 χοῖκῶν
2746 2549 2836 2616 qui
2885 2557 2939 2603 et
2984 2547 3191 2613 ὑλικοὶ,
3227 2557 3284 2603 ει
3335 2550 3595 2618 σαρκικεὶ
3643 2560 3696 2605 et

2106 2640 2286 2709 γήϊνοι
2324 2636 2392 2690 ab
2422 2638 2527 2692 illis
2571 2637 2892 2692 dicebantur
2917 2678 2932 2705 ,
2969 2647 3026 2693 et
3069 2639 3249 2708 priora
3300 2640 3410 2693 duo
3455 2640 3693 2695 salutem

2107 2740 2363 2785 aeternam
2393 2731 2609 2798 assequi
2637 2744 2817 2797 posse.
2844 2731 3111 2798 posterius
3138 2733 3461 2800 neutiquam
3491 2748 3506 2795 ;
3533 2732 3696 2787 Chri-

2110 2831 2252 2874 stum
2278 2836 2385 2874 non
2406 2820 2780 2892 πνευματικὴν
2798 2822 2991 2885 solum,
3023 2821 3116 2876 sed
3135 2820 3374 2893 ψυχικὴν
3409 2822 3575 2876 etiam
3601 2840 3699 2875 na-

2110 2923 2285 2967 turam
2317 2914 2676 2982 assumpsisse
2706 2912 3058 2968 definiebant.
3099 2913 3314 2969 Testem
3365 2915 3561 2970 damus
3589 2915 3698 2969 Iro-

2111 3021 2283 3059 Ineum
2311 3006 2448 3074 apud
2486 3006 2842 3075 Epiphaninm
2874 3008 3002 3060 hazr.
3034 3022 3199 3071 xm,
3252 3022 3375 3075 cap.
3421 3007 3496 3060 20
3539 3025 3556 3062 :
3601 3008 3699 3061 Διδ

2109 3099 2203 3152 καὶ
2234 3098 2437 3168 κόσμον
2462 3098 2896 3155 κατεσκευάσθαι
2922 3098 3169 3167 λέγουσι,
3212 3100 3307 3153 καὶ
3339 3100 3433 3153 τὸν
3460 3101 3696 3172 Σωτῆρα

2110 3190 2167 3243 δὲ
2195 3192 2288 3245 ἐπὶ
2314 3189 2472 3243 τοῦτο
2494 3191 2925 3262 παραγεγονέναι
2955 3191 3016 3244 τνδ
3042 3192 3292 3262 ψυχικὸν,
3326 3192 3449 3245 ἐπεὶ
3478 3193 3575 3245 καὶ
3599 3194 3671 3246 αὑ

2104 3282 2375 3348 τεξούσιόν
2419 3284 2588 3346 ἐστιν,
2636 3284 2784 3347 ὅπως
2824 3283 2956 3337 αὐτὸ
2996 3282 3165 3357 σώσῃ.
3202 3280 3304 3336 Ὧν
3356 3285 3470 3357 γὰρ
3500 3285 3699 3356 ἔμελλε

2106 3373 2335 3439 σώζειν,
2380 3375 2480 3438 τὰς
2521 3375 2775 3446 ἀπαρχὰς
2821 3375 2999 3429 αὐτῶν
3050 3377 3331 3446 εἰληφέναι
3364 3378 3696 3446 φάσκουσιν,

2103 3467 2211 3521 ἀπὸ
2244 3466 2343 3538 μὲν
2383 3468 2483 3538 τῆς
2520 3467 2768 3538 Ἀχαμὼθ
2806 3468 2866 3521 τὸ
2900 3470 3299 3539 πνευματικὸν,
3349 3471 3462 3523 ἀπὸ
3495 3471 3552 3524 δὲ
3600 3469 3697 3525 τοῦ

2101 3560 2446 3631 Δημιουργοῦ
2480 3560 2786 3614 ἐνδεδύσθαι
2816 3561 2879 3614 τὸ
2913 3562 3143 3632 ψυχικὸν
3178 3562 3450 3634 Χριστὸν,
3481 3563 3593 3618 ἀπὸ
3640 3563 3698 3617 δὲ

2101 3652 2202 3722 τῆς
2227 3652 2537 3721 οἰκονομίας
2560 3653 2957 3725 περιτεθείσοαι
2990 3653 3147 3724 σῶμα
3174 3653 3413 3725 ψυχικὴν
3448 3654 3573 3724 ἔχον
3604 3655 3701 3707 οὑ-

2104 3741 2245 3805 σίαν,
2289 3742 2796 3812 κατεσκευασμένον
2840 3742 2897 3795 δὲ
2942 3744 3167 3815 ἀρῤήτῳ
3207 3746 3371 3815 τέχνῃ
3398 3785 3413 3809 ,
3450 3746 3590 3815 πρὸς
3637 3744 3699 3797 τδ

2102 3835 2197 3888 καὶ
2240 3835 2453 3907 ὁρατὸν,
2499 3836 2593 3888 καὶ
2638 3834 2978 3906 ψηλαφητὺν,
3028 3838 3124 3891 καὶ
3170 3837 3414 3909 παθητὸν
3458 3838 3699 3908 γεγενῆ-

2103 3926 2248 3979 σθαι.
2301 3926 2411 3978 Καὶ
2461 3926 2646 3979 ὑλικὸν
2686 3927 2743 3980 δὲ
2799 3927 2905 3980 οὐδ’
2948 3926 3124 3981 ὁτιοῦν
3169 3928 3452 3997 εἰληφέναι
3503 3928 3697 3996 λέγου-

2104 4036 2189 4073 σιν
2224 4017 2409 4075 αὐτόν.
2446 4017 2556 4089 Μὴ·
2576 4017 2688 4091 γὰρ
2740 4015 2879 4073 εἶναι
2918 4020 3018 4090 τὴν
3050 4018 3183 4090 ὓλην
3219 4020 3475 4092 δεκτικὴν
3516 4038 3701 4094 σωτηο

2105 4110 2246 4182 ρίας.
2286 4128 2306 4162 ι
2338 4109 2602 4176 Quocirca
2626 4120 2681 4163 et
2717 4112 2971 4164 mundum
3005 4113 3283 4166 conditum
3315 4128 3442 4168 esse
3475 4116 3691 4179 dicunt,

2103 4211 2158 4254 et
2181 4202 2526 4255 Servatorem
2557 4200 2625 4254 ad
2663 4199 2897 4254 animale
2929 4200 3058 4255 illud
3088 4204 3396 4268 devenisse,
3426 4206 3692 4274 quoniam

2104 4293 2354 4348 libertate
2383 4293 2592 4347 arbitrii
2622 4293 2805 4362 pollet,
2834 4300 2892 4345 ut
2920 4292 2972 4346 id
3005 4304 3271 4348 servaret.
3298 4295 3514 4361 Quibus
3545 4297 3694 4350 enim

2103 4387 2329 4442 salutem
2366 4397 2782 4456 comparaturus
2809 4397 2993 4452 esset,
3039 4401 3230 4442 eorum
3277 4389 3556 4457 primitias
3602 4406 3699 4443 as—

2104 4476 2400 4545 sumpsisse
2443 4476 2670 4545 dicunt;
2702 4483 2771 4532 ab
2801 4477 3107 4533 Achamoth
3156 4479 3375 4547 quidem
3412 4481 3689 4549 spiritale,

2105 4567 2173 4621 ab
2195 4566 2403 4635 Opifice
2431 4581 2564 4619 vero
2592 4567 2828 4622 animale
2849 4566 3123 4623 Christum
3153 4572 3397 4625 induisse
3424 4590 3437 4624 :
3473 4584 3701 4641 propter

2104 4659 2633 4713 administrationem
2698 4669 2878 4715 autem
2938 4677 3091 4715 suam
3139 4662 3592 4731 circumpositum
3645 4664 3696 4715 ei

2105 4750 2274 4805 fuisse
2307 4765 2506 4819 corpus
2553 4749 2772 4803 animali
2820 4763 3016 4805 natura
3066 4754 3350 4821 praeditum
3379 4792 3397 4817 ,
3434 4753 3697 4806 ineffabili

2104 4855 2234 4896 vero
2263 4852 2381 4896 arte
2403 4850 2802 4907 constructum,
2830 4855 2889 4898 ut
2911 4846 3105 4910 videri,
3140 4848 3284 4914 tangi
3316 4854 3370 4898 et
3421 4848 3535 4911 pati
3574 4860 3700 4914 pos-

2106 4942 2213 4989 set.
2242 4932 2386 4987 Nihil
2417 4945 2597 4988 autem
2630 4939 2859 4991 materia
2889 4947 3146 4991 constans
3193 4937 3347 4990 illum
3382 4939 3700 5004 suscepisse

2107 5026 2342 5092 dicunt;
2390 5027 2675 5085 materiam
2723 5030 2924 5100 quippe
2973 5030 3169 5084 salutis
3208 5029 3531 5098 neutiquam
3573 5044 3699 5083 esse

2108 5133 2386 5187 capacem.
2424 5137 2444 5170 ι

2179 5209 2315 5266 ΧΙΙΙ.
2356 5211 2433 5267 Ac
2472 5212 2733 5282 cogitanti
2768 5214 2898 5269 mihi
2931 5215 3073 5270 unde
3107 5214 3250 5268 hanc
3274 5214 3341 5266 de
3374 5230 3439 5268 se
3475 5214 3701 5265 violata:

2109 5300 2463 5356 humanitatis
2489 5302 2716 5370 Christi,
2749 5306 2905 5375 eique
2940 5306 3058 5359 t‘alsi
3106 5304 3267 5357 aﬂicti
3305 5306 3561 5373 corporis
3601 5318 3700 5354 su—

2108 5394 2403 5462 spicionem
2428 5397 2786 5449 commoverit
2811 5396 3097 5464 Origenes,
3123 5397 3301 5448 locum
3343 5411 3516 5448 unum
3549 5408 3693 5460 prae-

2111 5490 2195 5535 ter
2219 5483 2528 5552 superiores
2564 5483 2702 5538 duos
2748 5486 2980 5552 reperio,
3011 5485 3150 5536 unde
3182 5485 3295 5536 haec
3348 5484 3525 5549 potuit
3556 5481 3695 5533 oriri

2108 5572 2437 5628 criminatio.
2471 5574 2522 5628 Is
2556 5575 2787 5629 habetur
2817 5584 2975 5629 tract.
3006 5589 3149 5627 xxxv
3186 5575 3239 5625 in
3271 5572 3496 5633 Μυκη..
3540 5587 3699 5624 nunt.

2110 5665 2234 5729 £00,
2258 5681 2379 5736 pag.
2412 5666 2557 5720 906:
2592 5684 2611 5718 ι
2636 5665 2798 5720 Venit
2830 5677 3009 5720 autem
3057 5663 3276 5718 traditio
3310 5664 3433 5718 talis
3476 5664 3542 5723 ad
3591 5678 3703 5716 nos

2108 5756 2175 5808 de
2199 5770 2285 5819 eo,
2309 5758 2562 5825 quoniam
2588 5772 2693 5811 non
2718 5756 2890 5813 solum
2916 5757 3034 5811 dua:
3058 5755 3246 5811 forma:
3268 5755 3322 5808 in
3342 5770 3409 5809 eo
3434 5755 3663 5808 fuerunt
3680 5770 3700 5808 :

2112 5862 2215 5900 una
2245 5849 2459 5917 quidem
2505 5849 2801 5906 secundum
2842 5864 3004 5919 quam
3031 5863 3220 5904 omnes
3240 5862 3368 5903 eum
3395 5847 3699 5914 videbant;
