3916 6524
237 434 323 489 821
1014 419 1587 481 ORIGENIANORUM
1626 418 1751 473 LIB.
1794 417 1858 481 ll,
1892 415 2044 472 CAP.
2087 414 2153 477 ll,
2196 411 2476 481 ρυΑΞετ.
2516 412 2605 468 lll.

3342 406 3448 469 εἰς

236 572 339 628 pag.
366 550 485 615 852,
521 548 869 604 continetur:
903 567 921 600 ι
958 547 1185 614 Quidam
1213 553 1394 600 autem
1428 544 1494 599 de
1540 541 1767 612 publicis

1877 539 1943 593 Τὸ
1979 538 2035 591 δὲ
2069 535 2282 607 θνητὸν,
2322 535 2495 604 inquit
2523 535 2617 589 lib.
2649 548 2731 595 Ill,
2768 548 2916 589 num.
2947 533 3041 601 Η,
3070 533 3234 591 αὐτοῦ
3263 535 3445 606 σῶμα,

232 664 263 717 q
284 645 421 700 .idem
449 652 504 698 et
538 641 844 697 manifestis
877 639 1129 708 capitulis
1153 651 1259 690 non
1308 632 1676 694 dissentiunt;
1714 637 1773 683 ut

235 742 362 803 pits,
387 730 451 785 de
480 745 587 784 uno
617 730 749 794 Deo,
778 728 870 797 qui
913 727 1081 795 legem
1112 734 1168 779 et
1193 722 1540 791 Evangelium
1590 720 1768 784 dedit;

234 820 389 875 sutde
420 821 638 874 Christo
666 818 791 875 Jesu
816 817 1170 888 primogenita
1193 815 1460 869 universa:
1489 820 1769 877 creatum,

235 915 309 982 qui
339 914 386 967 in
411 914 513 965 line
550 911 737 966 saeculi
763 913 1056 964 secundum
1096 906 1512 977 praedicationes
1540 903 1772 972 proplte—

234 1017 386 1061 tarum
412 1003 558 1059 venit
610 1004 665 1057 in
705 1002 987 1067 mundum,
1037 1012 1090 1054 et
1132 998 1371 1067 suscepit
1420 997 1473 1051 in
1503 1012 1562 1052 se
1587 1010 1769 1051 veram

236 1097 452 1149 humana:
482 1092 667 1145 carnis
697 1100 966 1151 naturam,
988 1098 1047 1143 ut
1081 1089 1243 1143 etiam
1273 1087 1605 1141 nativitatem
1636 1086 1770 1140 sub-

234 1188 319 1241 iret
359 1199 421 1237 ex
477 1182 719 1252 Virgine,
773 1188 829 1236 et
902 1190 1133 1235 mortem
1188 1178 1369 1235 crucis
1406 1176 1663 1247 suscepit,
1716 1184 1771 1229 et

234 1276 442 1333 surrexit
469 1292 498 1329 a
536 1276 789 1340 mortuis,
830 1284 887 1329 et
936 1272 1211 1327 deificavit
1264 1286 1423 1339 quam
1458 1275 1773 1338 susceperat

235 1374 491 1427 humanam
520 1379 797 1422 naturam.
838 1386 858 1419 ι
899 1365 1018 1432 Quo
1039 1379 1203 1418 sensu
1230 1363 1529 1430 deiﬁcatam
1560 1377 1589 1414 a
1613 1359 1773 1414 Chri-

230 1472 300 1516 sto
350 1468 591 1513 naturam
656 1457 947 1511 humanam
993 1453 1213 1516 dixerit,
1272 1450 1507 1505 dubitari
1552 1458 1769 1515 potest:

233 1564 332 1603 nam
363 1550 405 1601 si
429 1561 619 1601 vocem
648 1547 797 1599 illam
846 1543 1095 1611 dei/icore
1138 1542 1211 1595 ita
1248 1539 1578 1608 accipiamus
1617 1536 1773 1607 quasi

236 1640 435 1694 Verbum
460 1638 512 1691 in
545 1648 805 1691 naturam
838 1636 1132 1690 humanam
1167 1646 1516 1695 conversum,
1568 1641 1625 1685 et
1676 1645 1775 1683 na-

230 1742 379 1783 turam
424 1728 656 1798 proinde
686 1741 1005 1795 corpoream
1028 1725 1082 1779 in
1124 1724 1287 1777 Deum
1334 1737 1458 1776 esse
1486 1729 1767 1784 mutatam,

227 1819 550 1886 ejusdemque
602 1830 732 1872 esse
774 1830 841 1869 ac
883 1815 1118 1869 Verbum
1172 1812 1489 1869 substantia:
1539 1811 1773 1866 voluerit

1870 630 1964 683 καὶ
1991 630 2089 697 τὴν
2116 627 2459 699 ἀνθρωπίνην
2494 629 2549 680 ἐν
2575 625 2721 695 αὐτῷ
2742 624 2937 697 ψυχὴν,
2968 628 3033 695 τῇ
3071 626 3205 696 πρὸς
3239 627 3446 679 ἐκεῖνον

1867 723 1931 775 οὐ
1968 722 2124 791 μόνον
2172 719 2447 790 κοινωνίᾳ,
2471 717 2607 770 ἀλλὰ
2648 719 2741 771 καὶ
2773 716 2987 779 ὲνώσει,
3026 719 3120 772 καὶ⁵
3145 717 3445 788 ἀνακράσει

1868 814 1938 867 τὰ
1979 812 2209 883 μέγιστά
2264 827 2443 881 φαμεν
2494 809 2934 881 προσειληφέναι,
2968 809 3063 864 καὶ
3102 809 3200 879 τῆς
3238 810 3445 861 ἐκείνου

1870 901 2144 971 θειότητος
2198 900 2631 971 κεκοινωνηκότα
2681 901 2763 963 εἱς
2804 899 2935 953 Θεὸν
2988 898 3444 968 μεταϐεϐηκέναι.

1871 992 2008 1046 Τιιιιι
2049 991 2252 1046 Christi
2283 1004 2484 1057 corpus
2514 1004 2638 1044 cum
2674 992 2901 1044 materia
2930 989 3171 1055 confert,
3200 990 3447 1044 omnium

1867 1099 1968 1155 per
2009 1098 2069 1138 se
2123 1081 2449 1153 qualitatum
2499 1089 2743 1150 experte,
2786 1095 2883 1137 eas
2935 1097 3068 1137 vero
3128 1082 3442 1150 recipiente,

1821 1200 1823 1203 ·
1870 1190 2217 1245 quascunque
2245 1174 2293 1228 ei
2315 1172 2493 1244 Opilex
2528 1187 2710 1228 rerum
2743 1174 2928 1229 indere
2956 1174 3219 1233 voluerit:
3252 1174 3447 1228 deinde

1870 1270 2056 1323 addit:
2084 1268 2150 1321 Τί
2179 1266 2489 1339 θαυμαστὸν
2519 1268 2617 1337 τὴν
2643 1267 2904 1339 ποιότητα
2935 1266 3029 1320 τοῦ
3063 1265 3256 1336 θνητοῦ
3302 1264 3452 1318 κατὰ

1867 1360 1960 1414 τὸν
2001 1360 2208 1431 Ἰησοῦν
2240 1358 2489 1428 σώματος
2516 1360 2744 1430 προνοίᾳ
2775 1359 2910 1412 Θεοῦ
2944 1358 3312 1430 βουληθέντος,
3345 1374 3445 1429 με·

1869 1450 2121 1505 ταϐαλεῖν
2164 1452 2243 1513 εἰς
2281 1449 2519 1521 αἰθέριον
2555 1451 2648 1504 καὶ
2684 1450 2834 1504 θείαν
2867 1451 3145 1521 ποιότητα.
3190 1450 3255 1503 Et
3287 1448 3446 1515 paulo

1871 1550 2013 1609 post,
2052 1556 2200 1593 num.
2231 1539 2333 1593 42:
2365 1540 2555 1609 Ὅμως
2598 1538 2654 1591 δὲ
2694 1539 2788 1593 καὶ
2825 1539 2962 1610 πρὸς
3010 1537 3165 1591 τοῦτο
3200 1538 3453 1608 φήσομεν

1869 1632 1953 1685 ὅτι
1984 1631 2141 1701 εἴπερ
2169 1630 2388 1684 δυνατὸν
2420 1630 2667 1701 ἀμείϐειν
2700 1630 2988 1700 ποιότητας
3025 1630 3122 1701 τὴν
3154 1627 3447 1699 ὑποκειμέ·

1869 1739 1968 1793 νην
2009 1721 2211 1784 πάσαις
2257 1721 2535 1793 ποιότησιν
2558 1720 2714 1792 ὓλην,
2758 1722 2874 1784 πῶς
2901 1722 2961 1774 οὐ
2988 1721 3209 1774 δυνατὸν
3232 1720 3327 1773 καὶ
3346 1719 3445 1790 τὴν

1873 1816 2052 1886 σάρκα
2087 1814 2179 1868 τοῦ
2240 1813 2414 1884 Ἰησοῦ
2465 1814 2776 1885 ἀμείψασαν
2827 1814 3115 1886 ποιότητας
3163 1814 3444 1883 γεγονέναι

226 1905 478 1975 Origenes,
512 1904 844 1959 manifestus
869 1903 978 1958 erit
1003 1903 1189 1973 utique
1219 1901 1465 1971 capitalis
1508 1900 1653 1957 illius
1682 1916 1771 1956 er-

1877 1903 2148 1973 τοιαύτην,
2203 1903 2394 1956 ὁποίαν
2422 1903 2590 1974 ἐχρῆν
2623 1899 2873 1974 εἶναιτὴν
2900 1903 2959 1955 ὲν
2994 1901 3192 1972 αἰθέρι,
3217 1903 3446 1966 καὶτοῖς

232 1997 367 2061 roris,
396 2011 557 2065 quem
586 1995 923 2065 Apollinaris
974 1995 1029 2048 in
1083 1992 1380 2048 Ecclesium
1425 1992 1659 2057 invexit;
1691 1992 1773 2045 vel

228 2086 359 2153 hujus
386 2086 489 2139 erit
515 2087 703 2154 potius
728 2084 922 2152 ﬂagitii
954 2096 1100 2147 reus,
1140 2082 1285 2152 quod
1315 2082 1368 2137 in
1396 2096 1457 2136 se
1482 2080 1775 2151 Eutychia-

229 2191 391 2229 norunt
448 2185 601 2230 secta
663 2176 910 2244 quaedam
962 2172 1246 2241 concepit,
1304 2170 1430 2224 dum
1484 2170 1773 2223 humanam

226 2268 393 2321 Christi
443 2276 701 2321 naturam
756 2266 808 2319 in
866 2264 1106 2319 divinam
1144 2272 1268 2333 post
1310 2271 1542 2316 mortem
1576 2258 1691 2327 ejus
1721 2268 1776 2313 et

225 2359 657 2412 resurrectionem
694 2356 961 2411 transisse
1007 2355 1352 2409 decerneret.
1401 2352 1471 2407 At
1499 2350 1544 2405 si
1579 2350 1773 2404 huma-

228 2466 325 2502 nam
353 2448 552 2504 Christi
594 2457 872 2511 naturam,
900 2455 1062 2502 exuta
1112 2453 1236 2515 post
1284 2452 1511 2498 mortem
1544 2439 1771 2495 infirmi-

226 2552 331 2605 tale,
361 2542 593 2596 divinam
618 2540 915 2610 quamdam
937 2537 1245 2607 suscepisse
1269 2535 1589 2604 qualitatem
1618 2532 1775 2587 modo

220 2635 536 2703 significavit,
592 2632 793 2702 ecquid
842 2630 1098 2685 invidiam
1146 2627 1221 2682 illi
1271 2626 1361 2682 vel
1413 2624 1772 2689 movebimus,

223 2728 291 2780 vel
319 2727 516 2780 moveri
558 2726 666 2779 hoc
702 2721 927 2778 nomine
969 2720 1242 2791 patiemur
1280 2718 1305 2773 ἲ
1351 2716 1527 2786 Atque
1556 2729 1624 2771 eo
1652 2728 1777 2785 pro-

222 2819 321 2886 pius
348 2825 604 2886 spectant
638 2817 807 2869 verba
860 2812 1131 2882 Origcnis.
1160 2809 1474 2865 Verisimile
1517 2823 1650 2863 sane
1691 2815 1778 2861 est

224 2918 427 2962 veterem
456 2905 784 2975 Origeniani
837 2905 893 2957 in
942 2903 1254 2957 Matthwum
1294 2899 1777 2955 Commentariiin-

222 3010 483 3069 terpretem
550 3012 741 3054 vocem
805 2999 965 3061 hanc,
1018 2994 1307 3065 deiﬁcavit,
1360 3008 1467 3063 qua
1519 2991 1713 3057 utitur,
1744 3004 1777 3046 θ

220 3090 379 3145 Graeco
405 3090 615 3144 ὲθέωσε
653 3089 736 3143 vel
764 3088 1084 3158 ὲθεοποίησε
1117 3086 1439 3142 reddidisse.
1481 3084 1645 3154 Atqui
1671 3083 1777 3138 bu-

221 3199 407 3237 manant
441 3194 706 3238 naturam
736 3184 787 3237 in
822 3182 1039 3236 Christo
1073 3180 1254 3235 statim
1300 3189 1425 3249 post
1450 3185 1771 3246 conceptum

221 3276 495 3347 Ostﬁvat,
579 3286 635 3331 et
686 3271 1071 3346 θεοποιηθῆναι
1145 3272 1453 3342 complures
1517 3269 1775 3325 Ecclesia:

220 3369 380 3425 Patres
406 3368 863 3442 pronuntiarunt.
893 3367 1187 3437 Gregorius
1235 3364 1509 3435 Nyssenus
1543 3363 1598 3418 in
1628 3360 1774 3418 lam-

223 3458 369 3515 bicis:

275 3551 413 3606 υῦτω
445 3552 511 3606 τὸ
543 3550 779 3613 θεῶσαν,
809 3550 905 3603 καὶ
940 3549 1160 3614 θεωθὲν,
1185 3541 1265 3613 εἷς
1297 3549 1451 3614 Θεός.

222 3654 289 3696 .ta
312 3647 440 3713 quod
476 3644 781 3711 deiﬁcavit,
812 3644 1019 3713 etquod
1048 3644 1350 3712 deiﬁcatum
1392 3653 1495 3709 est,
1528 3659 1662 3698 unus
1694 3654 1771 3700 est

910 3735 1071 3790 Deus.

218 3830 624 3901 Chrysostomus
681 3828 907 3884 homilia
970 3827 1005 3881 2
1052 3825 1126 3881 De
1185 3826 1516 3888 ascensione,
1571 3825 1624 3880 in
1668 3839 1773 3894 qua

215 3920 462 3977 Christum
490 3923 628 3978 dicit
664 3920 803 3990 πρὸς
836 3922 982 3992 ἡμᾶς
1018 3918 1213 3984 ἐλθεῖν,
1250 3917 1346 3970 καὶ
1396 3917 1550 3989 ἡμῶν
1612 3917 1774 3988 φύσιν

217 4014 505 4081 ἁναλαόεῖν,
559 4014 659 4068 καὶ
696 4011 920 4066 θεῶσαι.
979 4030 998 4063 ι
1039 4010 1267 4066 Venisse
1320 4010 1385 4063 ad
1430 4025 1553 4077 nos,
1594 4019 1651 4065 et
1680 4025 1777 4065 no-

216 4116 361 4161 stram
396 4118 657 4162 naturam
689 4102 1049 4172 assumpsisse
1077 4118 1141 4157 ac
1172 4102 1473 4157 deificasse.
1501 4120 1520 4154 ι
1540 4100 1775 4159 Joannes

218 4211 406 4267 quoque
433 4198 819 4252 Damascenus
848 4196 941 4250 lib.
966 4210 1026 4249 ιιι
1064 4194 1140 4248 De
1167 4194 1275 4262 ﬁde
1301 4192 1534 4255 orthod.,
1555 4209 1656 4263 cap
1684 4194 1773 4261 12,

216 4289 373 4359 σάρκα
424 4290 537 4344 ὑπὸ
597 4288 693 4343 τοῦ
752 4288 910 4356 λόγου
967 4286 1234 4357 θεωθῆναι
1299 4285 1521 4340 asserit.
1576 4284 1773 4341 Vocem

218 4380 583 4455 θεοποιηθῆναι
616 4382 808 4436 eadem
848 4380 1071 4434 notione
1112 4377 1398 4446 usurpavit
1441 4376 1773 4431 Athanasius

218 4484 339 4528 orat.
364 4476 419 4543 4,
450 4492 577 4531 cum
608 4472 996 4543 θεοποιηθῆναι
1033 4470 1318 4543 ἄνθρωπον
1356 4469 1407 4523 in
1448 4467 1691 4531 Christo,
1721 4478 1777 4521 et

1874 1995 2128 2066 ἀνωτέρω
2159 1994 2323 2047 αὐτοῦ
2362 1994 2549 2057 τόποις
2580 1992 3023 2065 πολιτευομένην,
3073 1992 3258 2047 οὐκέτι
3293 1992 3447 2064 ἐχου-

1878 2104 1977 2142 σαν
2008 2086 2080 2141 τὰ
2101 2090 2200 2159 τῆς
2227 2087 2496 2158 σαρκικῆς
2522 2086 2804 2150 ἀσθενείας
2832 2086 2963 2139 ἴδια.

1946 2177 2130 2233 XVIII.
2172 2178 2267 2234 Est
2324 2180 2463 2248 apud
2512 2177 2899 2248 Hieronymum
2962 2177 3019 2230 in
3062 2176 3259 2233 Jerem.
3306 2191 3443 2239 xxtt,

1874 2268 2191 2327 Jecboniam
2242 2271 2411 2325 lilium
2445 2269 2714 2333 Joachim,
2763 2271 2855 2340 qui
2907 2268 3107 2323 annulo
3158 2283 3446 2337 comparato

1877 2374 1986 2428 tur,
2013 2371 2067 2418 et
2091 2377 2187 2417 vas
2225 2362 2541 2424 contritum,
2572 2377 2636 2416 ac
2668 2362 2753 2415 vir
2783 2360 2989 2415 sterilis
3023 2360 3344 2430 appellatur,
3375 2360 3446 2415 ad

1874 2454 2150 2515 Christum
2191 2453 2438 2508 retulisse
2482 2452 2767 2522 Origenem
2801 2453 2896 2507 lib.
2946 2468 2979 2506 v
3017 2452 3297 2517 Stromat.,
3324 2467 3447 2517 qua

1876 2547 2291 2601 interciderunt.
2325 2544 2541 2615 Optime
2569 2546 2757 2600 Sixttts
2786 2545 3046 2600 Senensis
3069 2546 3163 2600 lib.
3188 2560 3222 2598 v
3276 2542 3444 2611 Bibl.,

1875 2637 2059 2692 adnot.
2082 2636 2233 2692 2542
2272 2654 2291 2688 ι
2325 2636 2593 2693 Credibile
2618 2654 2649 2692 e
2694 2638 2849 2692 libris
2884 2637 2975 2707 qui
3038 2646 3282 2699 exstant,
3318 2636 3447 2691 Ori-

1875 2744 2067 2800 genem
2103 2730 2216 2784 haec
2245 2737 2430 2798 utpote
2453 2730 2740 2799 allegorice
2772 2739 3137 2799 exponentem
3158 2730 3451 2799 protulisse

1877 2820 2205 2887 deChristo,
2240 2834 2305 2875 eo
2336 2836 2497 2877 sensu
2549 2837 2658 2890 quo
2696 2820 2899 2877 Paulus
2921 2837 3087 2876 ausus
3140 2830 3225 2877 est
3264 2821 3448 2876 dicere

1875 2912 2149 2968 Christum
2182 2911 2383 2968 factum
2412 2928 2507 2983 pro
2541 2914 2696 2969 nobis
2731 2924 3035 2983 peccatum,
3070 2914 3443 2977 maledictum,

1876 3004 2336 3070 exsecrationem,
2372 3004 2475 3060 hoc
2516 3013 2623 3068 est,
2669 3004 3001 3061 oblationem
3048 3021 3147 3075 pro
3193 3014 3442 3075 peccato,

1875 3104 1932 3151 et
1976 3095 2409 3151 maledictionem
2458 3096 2547 3150 cui
2593 3111 2810 3151 eramus
2866 3097 3107 3154 obnoxii.
3147 3115 3168 3149 ι
3205 3098 3358 3164 Quod
3396 3098 3443 3151 si

1878 3188 1999 3257 quis
2029 3196 2289 3255 praterea
2315 3186 2429 3241 haec
2457 3186 2707 3242 Jeremize
2730 3189 2795 3242 ad
2826 3186 2980 3243 Isaiae
3007 3187 3211 3255 1.11,“,
3237 3200 3292 3245 et
3320 3204 3440 3255 LIII,

1876 3278 1933 3344 2,
1957 3280 2013 3344 5,
2037 3278 2374 3347 expenderit,
2407 3277 2656 3350 Origenis
2688 3280 3195 3351 interpretationem
3222 3284 3445 3340 minime

1876 3372 2182 3427 mirabitur.

1946 3464 2091 3519 XIX.
2112 3464 2244 3519 Cum
2268 3462 2492 3519 Patrum
2516 3464 2724 3536 aliquot
2754 3465 3082 3521 testimoniis
3109 3480 3229 3521 sese
3250 3476 3443 3521 tuean-

1876 3566 1966 3612 tur
1997 3554 2319 3625 Ubiquistaz,
2345 3571 2573 3625 quorum
2608 3558 2769 3611 verba
2798 3558 2882 3611 vel
2918 3556 3056 3611 male
3096 3556 3444 3627 intelligendo

1877 3657 2217 3723 pervertunt,
2259 3647 2345 3704 vel
2400 3649 2541 3704 male
2586 3650 3000 3720 interpretando
3042 3658 3441 3718 corrumpunt;

1876 3743 1994 3814 pari
2046 3756 2262 3812 quoque
2311 3741 2434 3811 jure
2484 3741 2737 3812 Origenis
2768 3741 3127 3812 patrocinium
3173 3741 3445 3796 asciscere

1876 3841 2147 3904 poterant,
2197 3848 2306 3901 quo
2358 3842 2571 3888 tractat.
2601 3849 2769 3887 xxxrv
2806 3835 2861 3886 in
2918 3832 3135 3896 Matth,
3162 3849 3309 3887 num.
3352 3832 3442 3897 70,

1876 3941 1998 3999 pag.
2041 3925 2169 3991 887,
2215 3926 2476 3995 scriptum
2512 3926 2562 3979 id
2609 3926 2860 3995 reliquit:
2902 3943 2924 3977 ι
2969 3925 3087 3979 Non
3117 3925 3297 3995 aliquo
3322 3926 3445 3993 qui-

1876 4020 1997 4074 dem
2026 4017 2143 4071 loco
2176 4016 2459 4087 apparebit
2483 4016 2652 4071 Filius
2680 4017 2795 4080 Dei,
2829 4031 2954 4071 cum
2982 4017 3195 4070 venerit
3240 4018 3293 4069 in
3327 4016 3444 4083 glo-

1878 4110 1958 4163 ria
1990 4123 2108 4172 sua,
2136 4108 2191 4161 in
2223 4108 2398 4163 altero
2436 4116 2619 4163 autem
2674 4123 2780 4163 non
2827 4108 3144 4178 apparebit;
3179 4110 3273 4163 sed
3303 4110 3445 4162 sicut

1878 4202 1992 4270 ipse
2033 4200 2330 4257 secundum
2393 4201 2854 4270 comparationem
2904 4200 3135 4271 fulguris
3192 4202 3445 4257 exeuntis

1875 4292 2164 4346 adventum
2200 4306 2358 4346 suum
2406 4292 2577 4346 voluit
2618 4293 2997 4347 demonstrare
3056 4293 3243 4348 dicens
3306 4311 3322 4349 :
3379 4294 3443 4348 Si

1875 4382 2107 4436 dixerint
2138 4382 2275 4435 vobis
2306 4397 2326 4436 :
2368 4381 2503 4435 Ecce
2530 4384 2584 4435 in
2618 4382 2846 4446 deserto,
2888 4382 3049 4436 nolite
3090 4383 3277 4447 exire;
3327 4399 3447 4437 ecce

1876 4475 1933 4525 in
1963 4474 2137 4536 domo,
2164 4472 2322 4527 nolite
2342 4475 2571 4528 credere.
2599 4472 2747 4529 Sicut
2774 4474 2915 4527 enim
2964 4474 3148 4544 fulgur
3176 4475 3446 4545 egreditur

217 4565 395 4621 Christi
421 4566 538 4635 jam
570 4564 908 4633 resurgentis
937 4562 1343 4632 θεοποιηθεῖσαν
1375 4575 1592 4614 carnem
1620 4560 1773 4613 dixit.
1806 4556 1851 4611 D
1880 4566 1943 4618 ab
1970 4566 2185 4627 oriente,
2210 4573 2259 4617 et
2290 4576 2504 4634 apparet
2556 4583 2718 4633 usque
2751 4566 2819 4618 ad
2852 4566 3195 4629 occidentem,
3223 4567 3298 4620 sic
3342 4568 3445 4619 erit

218 4656 372 4723 Atque
401 4656 534 4711 illud
563 4664 651 4710 est
681 4656 825 4723 quod
856 4655 956 4709 sibi
990 4654 1102 4707 vult
1131 4652 1465 4723 Augustinus
1492 4652 1601 4718 .lib.
1637 4649 1777 4705 Con-

219 4758 288 4801 tra
312 4766 539 4803 sermon.
574 4749 922 4810 Arianorum,
955 4762 1073 4815 cap.
1108 4745 1163 4812 8,
1195 4760 1317 4800 cum
1352 4745 1465 4798 ait:
1505 4760 1525 4795 t
1558 4743 1701 4812 Ergo
1723 4752 1777 4797 et

220 4840 306 4895 ista
341 4842 657 4897 humanitas
711 4840 857 4895 illius
897 4839 1200 4894 divinitatis
1247 4852 1444 4892 nomen
1501 4836 1716 4906 accipit.
1750 4854 1770 4888 ι

218 4932 339 4989 Huic
388 4936 489 5005 ipsi
549 4930 962 5002 igitur'naturtn
990 4971 1007 4997 ,
1056 4945 1177 5000 quae
1225 4928 1512 4995 θεωθεῖσα,
1560 4938 1616 4983 et
1656 4927 1775 4981 θεο-

219 5027 504 5098 ποιηθεῖσα,
537 5026 706 5081 simul
735 5034 792 5079 ut
815 5041 932 5080 eam
961 5021 1280 5093 assumpsit,
1310 5031 1363 5076 et
1396 5022 1448 5075 in
1477 5020 1637 5076 terris
1660 5034 1779 5075 ver-

220 5129 352 5173 satus
383 5129 465 5175 est
509 5117 793 5181 Christus,
839 5117 981 5171 dicta
1039 5126 1145 5179 est,
1198 5114 1376 5183 aptius
1411 5114 1576 5168 etiam
1616 5128 1777 5168 voces

223 5208 325 5265 istae
349 5211 710 5275 conveniunt,
743 5220 1027 5278 postquam
1061 5216 1280 5261 mortem
1328 5206 1499 5259 crucis
1526 5205 1773 5272 suscepit,

218 5312 261 5356 et
289 5305 511 5359 surrexit
536 5321 571 5356 a
601 5302 850 5357 mortuis.
882 5300 1016 5354 Nam
1058 5313 1153 5369 per
1183 5307 1414 5353 mortem
1466 5294 1774 5350 mortalium

220 5410 493 5466 corporum
533 5392 967 5450 imbecillitatem
998 5389 1252 5460 deposuit
1282 5386 1449 5459 ipsius
1475 5399 1693 5455 corpus,
1720 5391 1775 5438 et

221 5487 457 5543 virtutem
492 5486 795 5558 quamdam
823 5485 1064 5539 divinam
1093 5480 1352 5551 suscepit.
1397 5477 1549 5533 Hanc
1586 5476 1775 5547 Orige-

223 5580 355 5635 niani
395 5582 523 5647 loci,
571 5594 738 5648 quam
782 5578 997 5641 damus,
1048 5574 1440 5645 expositionem
1487 5569 1775 5626 confirmat

222 5670 378 5739 ipsius
417 5673 674 5744 Origenis
719 5670 790 5725 ad
820 5669 978 5739 Celsi
1024 5669 1396 5727 cavillationes
1443 5662 1772 5737 responsio:

287 5852 533 5910 "Matth.
565 5864 718 5915 xxiv,
744 5847 815 5905 26
849 5862 964 5919 seq.

1880 4660 2134 4710 adventus
2171 4654 2306 4710 Filii
2342 4658 2568 4711 hominis
2602 4658 2670 4711 ".
2716 4658 2872 4711 Sicut
2925 4672 3056 4726 ergo
3083 4658 3261 4727 fulgur
3289 4672 3457 4725 egre-7

1880 4749 2037 4804 diens
2072 4748 2140 4802 ab
2173 4750 2406 4813 oriente,
2444 4758 2498 4803 et
2546 4760 2832 4818 propterea
2869 4749 3012 4819 quod
3045 4749 3226 4803 omnia
3262 4748 3447 4817 implet

1879 4849 2103 4908 apparet
2143 4855 2315 4909 usque
2369 4841 2439 4894 ad
2481 4841 2821 4895 occidentem
2865 4855 2882 4905 ;
2936 4840 3015 4894 sic
3064 4855 3188 4894 cum
3236 4838 3446 4892 venerit

1878 4930 2131 4985 Christus
2160 4931 2211 4983 in
2243 4932 2411 5000 gloria
2450 4947 2569 4995 sua,
2604 4946 2822 5002 propter
2870 4934 3016 5001 quod
3058 4933 3254 5000 ubique
3300 4932 3446 4984 futu-

1886 5039 1976 5077 rus
1998 5032 2104 5087 est,
2136 5033 2190 5077 et
2216 5023 2327 5091 ipse
2354 5025 2407 5077 in
2444 5035 2739 5092 conspectu
2772 5024 3015 5079 omnium
3067 5025 3175 5077 erit
3219 5022 3440 5091 ubique,

1879 5106 1937 5169 et
1966 5130 2155 5170 omnes
2192 5116 2391 5185 ubique
2440 5125 2599 5170 erunt
2629 5117 2681 5170 in
2719 5125 3010 5185 conspectu
3051 5115 3239 5183 ipsius,
3277 5123 3332 5168 ct
3361 5114 3443 5171 sic

1882 5208 2281 5262 constituentur
2302 5216 2427 5263 ante
2460 5209 2643 5263 sedem
2673 5208 2857 5278 gloria:
2881 5206 3018 5275 ejus,
3052 5207 3153 5261 hoc
3180 5216 3285 5271 est,
3314 5217 3442 5262 ante

1884 5314 2107 5368 regnum
2148 5296 2264 5366 ejus
2317 5307 2370 5354 et
2415 5307 2735 5367 potestatem
2773 5296 3156 5352 dominationis
3186 5295 3375 5364 ipsius.
3414 5314 3436 5347 s

1882 5390 1937 5445 ιιι
1965 5390 2176 5445 solvere
2204 5405 2263 5445 se
2290 5398 2439 5462 putat
2465 5390 2865 5453 Genebrardus,
2891 5403 2983 5445 seu
3007 5387 3251 5457 quisquis
3278 5386 3443 5442 verba

1882 5481 2098 5553 bteclad
2143 5496 2295 5537 oram
2340 5481 2603 5537 attexuit:
2644 5500 2663 5532 ι
2712 5480 2924 5549 Ubique
2969 5478 3187 5534 futurus
3235 5480 3439 5534 Christi

1883 5575 2174 5641 adventus,
2230 5575 2323 5631 sed
2376 5573 2758 5630 successive.»
2809 5576 2879 5627 At
2906 5580 3171 5643 repugnat
3216 5570 3443 5639 fulguris

1841 5737 1845 5742 ,
1880 5666 2210 5739 exemplum,
2248 5666 2391 5738 quod
2424 5681 2530 5722 non
2557 5666 2887 5735 successive,
2912 5666 3006 5723 sed
3035 5664 3225 5721 eodem
3270 5662 3443 5723 ferme
