3898 6554
400 400 510 471 8’23

1695 398 1755 457 P.
1797 401 2114 456 DANIEIJS
2152 402 2386 461 llUETlI
3560 415 3652 472 821

400 530 606 594 puncto
642 522 902 593 temporis
932 521 1198 577 orientem
1232 528 1285 575 et
1309 518 1652 575 occidentem
1676 520 1985 583 collustrat,
2019 527 2063 581 Α
2096 537 2357 595 rouymus
2397 524 2620 594 Apolog.
2658 524 2908 580 adversus
2932 523 3210 596 Ruﬁnum,
3243 526 3341 584 lib.
3370 542 3411 592 ι.
3450 544 3567 599 cap.
3606 534 3654 586 5.

405 634 424 661 ε
461 623 750 685 propterea
795 614 943 684 quod
990 612 1176 671 omnia
1236 610 1445 681 implet.
1477 629 1498 661 ι
1557 610 1670 681 Ego
1714 625 1844 664 vero
1881 625 1985 663 non

399 706 759 762 humanitatis
809 706 1015 763 Christi
1072 704 1355 771 corporeis
1408 702 1737 772 usurpandae
1790 701 1986 765 oculis,

398 790 493 854 scd
525 797 830 853 divinitatis
859 796 1027 852 menti
1064 796 1397 868 appariturte
1426 794 1778 865 praesentiam
1817 794 1987 864 signi-

401 889 554 944 ﬁcari
585 904 809 945 censeo.
861 889 1093 966 Faciunt
1144 888 1304 944 tidem
1350 902 1474 957 qua:
1504 886 1754 958 proxime
1783 899 1987 955 praece-

400 983 565 1037 dunt:
607 999 626 1034 ι
656 983 873 1050 Quanto
915 984 1089 1053 magis
1118 989 1268 1036 recte
1296 979 1556 1034 dicuntur
1577 992 1769 1033 omnes
1796 985 1989 1048 gentes

400 1082 529 1127 ante
567 1089 693 1131 eum
738 1074 1135 1146 congreganda:
1160 1060 1222 1129 et
1269 1071 1671 1128 constituenda:
1696 1110 1712 1138 ,
1764 1069 1990 1141 quando

400 1163 578 1235 palam
610 1167 871 1222 omnibus
908 1176 1017 1222 tam
1051 1167 1211 1222 bonis
1236 1180 1397 1235 quam
1430 1164 1613 1231 malis,
1660 1174 1773 1219 tam
1812 1161 1987 1219 ﬁdeli-

399 1259 502 1313 bus
556 1275 719 1328 quam
756 1258 1063 1315 infidelibus
1092 1257 1261 1314 fuerit
1290 1257 1468 1313 factus
1486 1256 1833 1322 manifestus,
1861 1262 1991 1310 ante

400 1350 591 1405 oculos
620 1350 820 1405 mentis
855 1366 1044 1406 eorum
1085 1349 1199 1419 jam
1245 1365 1353 1409 nan
1390 1349 1517 1406 fidei
1558 1334 1655 1404 aut
1697 1348 1990 1420 diligentiae

406 1438 642 1511 alicujus
682 1440 1036 1512 inquisitione
1069 1444 1647 1514 repertus,sedipsius
1693 1442 1991 1499 divinitatis

404 1548 516 1587 suae
552 1533 993 1591 manifestatione
1024 1536 1301 1599 praelatus.
1335 1553 1355 1588 ι
1411 1534 1604 1591 Fidem
1650 1548 1869 1605 quoque
1906 1532 1988 1587 fa-

402 1626 577 1687 ciunt.
610 1642 728 1695 qua!
767 1636 1003 1684 tractatu
1033 1629 1089 1683 in
1119 1628 1431 1685 Matthteum
1467 1627 1761 1699 superiore
1810 1627 1992 1697 legun-

409 1730 514 1781 tur,
565 1736 715 1774 num.
761 1719 859 1785 65,-
898 1737 1023 1792 pag.
1076 1720 1203 1786 882,
1239 1721 1367 1787 883,
1400 1722 1452 1776 in
1480 1735 1590 1792 quo
1649 1720 1988 1784 edisserens,

320 1806 325 1811 ’
407 1808 583 1864 Homo
610 1812 825 1881 quidam
852 1830 1065 1885 peregre
1088 1815 1451 1883 proﬁciscens,
1483 1827 1619 1881 etc.,
1651 1814 1848 1887 quaerit
1895 1815 1986 1885 qui

405 1904 739 1973 peregrinari
765 1905 868 1961 dici
900 1907 1073 1975 possit
1100 1906 1381 1972 Christus,
1434 1910 1595 1978 quem
1632 1908 1838 1978 ubique
1861 1921 1985 1963 esse

403 1996 602 2052 litterae
636 2014 807 2054 sacrae
841 2001 1252 2069 demonstrant;
1277 2010 1391 2057 tum
1420 2004 1640 2073 subjicit
1687 2003 1986 2066 Christum,

403 2106 511 2160 qua
543 2100 627 2147 est
658 2093 799 2149 Deus
822 2094 1085 2159 Verbum,
1115 2101 1170 2148 et
1200 2091 1506 2164 Sapientia,
1550 2102 1608 2150 et
1656 2093 1901 2158 iustitia,
1935 2101 1992 2148 et

403 2182 644 2250 Veritas,
676 2202 942 2256 corporeo
974 2186 1183 2241 ambitu
1225 2201 1333 2251 non
1386 2186 1766 2252 circumcludi,
1801 2197 1856 2243 et
1898 2200 1990 2242 se-

403 2279 640 2333 cundum
676 2280 1019 2334 divinitatem
1048 2293 1201 2334 suam
1230 2293 1295 2333 ac
1328 2280 1585 2334 virtutem
1618 2278 1819 2349 ubique
1843 2292 1988 2343 esse,

404 2368 499 2424 sed
536 2388 557 2422 ι
586 2372 884 2426 secundum
915 2372 1381 2440 dispensationem
1410 2371 1661 2441 corporis
1687 2371 1831 2441 quod
1867 2386 1989 2426 sus-

404 2461 575 2530 cepit,
632 2481 654 2516 r
718 2462 1081 2533 peregrinari.
1133 2462 1280 2519 Idem
1334 2463 1533 2518 astruit
1591 2462 1782 2518 homil.
1834 2462 1869 2517 6
1936 2463 1990 2516 in

404 2549 566 2616 Lua,
599 2562 655 2607 et
682 2552 987 2618 Christum,
1017 2569 1124 2622 qua
1162 2554 1336 2608 virtus
1365 2563 1450 2608 est
1492 2552 1609 2617 Dei,
1647 2552 1831 2607 omnia
1864 2569 1989 2623 per-

406 2644 608 2699 vadere
653 2644 834 2711 docet,
873 2645 1142 2711 cmlestia,
1182 2646 1466 2702 terrestria
1520 2658 1576 2701 et
1626 2645 1865 2701 inferna.
1926 2647 1991 2701 Et

410 2735 504 2791 lib.
548 2752 646 2792 vm
702 2738 757 2791 in
822 2736 1000 2811 Epist.
1040 2740 1108 2792 ad
1141 2738 1323 2804 Rom.,
1377 2754 1528 2794 num.
1579 2739 1637 2803 2,
1682 2754 1807 2811 pag.
1863 2740 1990 2809 622,

409 2839 698 2900 postquam
725 2830 998 2885 Christum
1030 2847 1137 2887 non
1168 2830 1400 2900 alicujus
1448 2832 1551 2887 loci
1596 2834 1845 2890 terminis
1878 2836 1992 2890 cir-

406 2922 723 2988 cumscribi,
756 2923 851 2977 sed
883 2923 1085 2993 ubique
1116 2936 1425 2994 penetrare,
1462 2933 1517 2980 et
1549 2938 1646 2994 per
1675 2926 1863 2981 omnia
1891 2927 1993 2981 dif-

406 3013 562 3068 fundi
595 3014 931 3081 declaravit;
975 3033 994 3069 ι
1040 3017 1136 3072 sed
1172 3018 1270 3084 ita,
1321 3017 1520 3088 inquit,
1565 3019 1734 3075 debes
1783 3020 1991 3076 sentire

408 3106 478 3161 de
506 3105 1033 3179 Christo,'tanquam
1065 3111 1132 3166 de
1162 3108 1367 3177 Verbo,
1402 3120 1459 3167 et
1485 3109 1750 3177 Veritate,
1791 3121 1847 3168 et
1883 3112 1985 3168 Sa-

2094 633 2113 665 c
2158 613 2379 685 Origeni
2416 626 2530 681 tuo,
2563 617 2762 686 inquit,
2812 617 2939 674 licet
2981 619 3261 675 Christum
3306 622 3492 678 dicere
3532 639 3658 691 saepe

2088 723 2334 778 passum,
2358 717 2414 763 et
2437 708 2633 778 saepius
2652 723 2964 779 passurum.
2992 720 3054 764 ut
3081 711 3225 780 quod
3248 713 3417 768 semel
3446 715 3654 784 profuit,

2090 816 2307 872 semper
2340 801 2514 871 prosit
2543 811 2881 871 assumptum
2914 819 2929 868 ;
2974 822 2992 856 ι
3025 814 3079 858 et
3111 806 3273 876 epist.
3301 805 3394 873 6i,
3422 809 3491 861 ad
3515 810 3653 864 Avil.

2091 908 2211 963 cap.
2252 892 2323 947 4':
2349 912 2367 945 ι
2393 892 2640 960 Cumque
2662 892 2891 947 dixisset
2921 893 3229 966 (Origenes)
3250 896 3415 967 juxta
3444 894 3660 955 Joannis

2090 982 2498 1054 Apocalypsim,
2569 982 2921 1055 Evangelium
2975 986 3370 1056 sempiternum
3400 1027 3416 1053 ,
3465 988 3520 1042 id
3565 1000 3658 1053 est,

2046 1118 2047 1121 η
2089 1076 2334 1131 futurum
2368 1077 2422 1130 in
2456 1074 2641 1143 etelis,
2672 1085 2881 1131 tantum
2932 1078 3242 1146 prmcedere
3280 1077 3391 1135 hoc
3429 1090 3659 1135 nostrum

2092 1167 2473 1239 Evangelium,
2507 1176 2779 1237 quantum
2826 1167 3032 1223 Christi
3072 1169 3393 1239 pradicatio
3420 1169 3662 1239 legisve-

2093 1260 2230 1314 teris
2274 1268 2663 1325 sacramenta;
2715 1260 2785 1314 ad
2831 1269 3141 1316 extremum
3194 1260 3376 1315 intulit
3423 1261 3666 1331 (quodet

2091 1350 2367 1421 cogitasse
2424 1349 2749 1421 sacrilegum
2806 1349 2914 1422 est)
2976 1366 3074 1420 pro
3129 1350 3305 1407 salute
3364 1352 3661 1409 daemonum

2092 1442 2374 1499 Christum
2407 1442 2574 1498 etiam
2626 1443 2682 1497 in
2712 1456 2841 1498 aere
2878 1452 2933 1497 et
2980 1442 3035 1498 in
3074 1447 3329 1513 supernis
3357 1443 3520 1502 flocis
3556 1462 3664 1502 esse

2090 1549 2401 1605 passurum.
2453 1534 2519 1590 Et
2570 1534 2703 1590 licet
2752 1534 2842 1589 ille
2893 1549 3007 1589 non
3060 1535 3282 1601 dixerit,
3321 1549 3507 1593 tamen
3535 1540 3663 1608 quod

2090 1641 2441 1699 consequens
2487 1627 2560 1683 sit
2618 1626 2955 1698 intelligitur
2996 1642 3014 1682 :
3052 1628 3193 1684 sicut
3219 1644 3321 1699 pro
3363 1629 3665 1685 hominibus

2094 1723 2254 1778 homo
2296 1721 2472 1777 factus
2499 1731 2609 1789 est,
2636 1731 2697 1776 ut
2726 1722 2978 1777 homines
3024 1721 3284 1777 liberaret
3312 1738 3328 1787 ;
3374 1723 3461 1778 sic
3498 1733 3550 1777 et
3580 1739 3666 1793 pro

2093 1815 2269 1871 salute
2316 1814 2622 1870 daemonum
2672 1813 2840 1868 Deum
2878 1812 3119 1867 futurum
3155 1815 3300 1883 quod
3342 1824 3479 1869 sunt
3504 1815 3579 1881 hi,
3608 1817 3665 1870 ad

2092 1923 2228 1978 quos
2274 1918 2540 1963 venturus
2578 1915 2663 1962 est
2714 1906 3049 1961 liberandos.
3086 1925 3105 1958 ι
3164 1904 3300 1959 Tum
3342 1906 3518 1961 verba
3564 1906 3663 1975 ipsa

2090 1998 2348 2071 Origenis
2379 1999 2623 2067 exhibet,
2659 2000 2805 2053 unde
2835 1998 3173 2055 accusationi
3223 2013 3336 2054 suae
3388 2000 3563 2054 robur
3582 2000 3667 2053 ad-

2091 2095 2205 2161 dat,
2236 2104 2291 2149 et
2328 2109 2428 2149 nos
2455 2108 2519 2149 ea
2547 2106 2767 2163 quoque
2815 2090 2960 2145 infra
3007 2089 3330 2146 referemus.
3367 2089 3666 2146 Notandum

2092 2187 2311 2242 interim
2355 2186 2558 2241 diserte
2601 2183 2878 2240 allirmare
2929 2181 3325 2254 Hieronymum
3360 2183 3666 2251 neutiquam

2092 2281 2296 2337 dixisse
2343 2279 2636 2350 Origenem
2686 2279 2966 2335 Christum
3009 2293 3107 2348 pro
3160 2277 3335 2332 salute
3368 2278 3665 2332 daemonum

2094 2376 2394 2428 dmmonem
2434 2372 2701 2435 futurum,
2741 2372 2886 2440 quod
2918 2387 3091 2442 neque
3119 2370 3261 2441 apud
3291 2371 3450 2426 illum
3481 2372 3667 2441 legerat

2095 2465 2430 2536 Theophilus
2461 2481 2477 2531 ;
2515 2464 2611 2521 sed
2641 2479 2708 2520 ex
2751 2454 3003 2535 Origenis
3043 2465 3207 2520 dictis
3235 2464 3289 2519 id
3331 2474 3574 2534 uterque
3595 2478 3669 2515 ra-

2098 2556 2416 2613 tlocinando
2456 2555 2679 2625 collegit
2714 2571 2730 2620 ;
2763 2570 2887 2611 cum
2926 2556 3203 2612 Christum
3236 2566 3422 2611 tamen
3481 2555 3668 2626 angelis

2097 2661 2152 2704 et
2192 2647 2508 2704 caelestibus
2546 2648 2847 2705 virtutibus
2909 2649 2963 2703 in
3014 2664 3115 2704 sua
3153 2648 3468 2718 quibusque
3513 2647 3666 2701 forma

2098 2740 2413 2809 apparuisse
2466 2740 2772 2810 scripserit,
2817 2750 2879 2796 ut
2929 2740 3278 2796 ostendemus
3325 2738 3496 2808 paulo
3542 2748 3666 2809 post.

2096 2830 2455 2900 Superiorum
2494 2833 2662 2887 etiam
2691 2831 2887 2888 similis
2923 2842 3008 2888 est
3045 2831 3225 2888 Orosii
3257 2832 3400 2901 apud
3433 2830 3669 2900 Augusti-

2095 2939 2225 2978 num
2266 2924 2529 2979 adversus
2575 2920 2921 2989 Origenistas
2963 2923 3286 2995 conquestio
3326 2923 3377 2976 in
3434 2920 3667 2978 Commo-

2096 3016 2317 3081 nitorio,
2357 3016 2499 3086 quod
2528 3016 2668 3071 inter
2696 3016 2987 3087 Augustini
3028 3013 3229 3086 Opera,
3258 3015 3313 3069 in
3353 3014 3538 3082 capite
3559 3011 3668 3066 libri

2094 3118 2278 3160 contra
2312 3104 2760 3163 Priscillianistas
2787 3118 2835 3163 et
2870 3107 3199 3179 Origenistas
3232 3107 3318 3162 edi
3353 3106 3535 3161 solet:
3564 3121 3582 3156 ε
3606 3103 3669 3157 De

410 3201 639 3269 pientis,
678 3209 733 3257 et
762 3198 985 3257 Justitia
1021 3203 1139 3257 Dei.
1177 3202 1303 3259 Haec
1340 3213 1521 3260 autem
1572 3205 1756 3260 omnia
1791 3220 1897 3260 non
1935 3207 1987 3261 in
2019 3215 2061 3272 ο
2094 3212 2326 3268 corpore
2364 3213 2496 3253 vero
2549 3197 2765 3254 Domini
2821 3198 2901 3255 sic
2959 3199 3327 3261 tradiderunt.
3374 3198 3510 3267 quia
3560 3210 3667 3251 cum

406 3289 530 3347 loco
558 3302 896 3362 qtttertntur,
944 3294 1042 3350 sed
1084 3295 1287 3366 ubique
1334 3296 1553 3361 adsunt,
1600 3311 1780 3367 neque
1813 3298 1881 3353 ab
1911 3297 1991 3353 in-

411 3384 581 3440 fernis
598 3386 734 3442 locis
757 3398 1081 3454 evocantur,
1104 3390 1198 3445 sed
1222 3399 1405 3445 mente
1434 3389 1550 3445 sola
1599 3389 1990 3461 intellectuque

407 3478 721 3547 capiuntur.
777 3498 797 3531 ι
852 3480 1031 3549 Atque
1091 3470 1165 3533 ita
1224 3479 1614 3551 intelligendus
1662 3490 1796 3538 tom.
1843 3497 1883 3543 ιι
1936 3484 1992 3536 in

404 3568 593 3636 Jortin,
628 3586 780 3625 num.
808 3570 902 3636 29,
933 3587 1058 3627 cum
1098 3573 1172 3626 ait
1200 3593 1211 3627 :
1240 3572 1396 3626 Μετὰ
1425 3572 1673 3626 δὲταῦτα
1694 3572 1827 3645 ἄλλη
1854 3591 1993 3645 μαρ-

406 3662 567 3728 τυρία
620 3662 714 3716 τοῦ
778 3663 944 3717 αὐτοῦ
1014 3664 1319 3718 Βαπτιστοῦ
1386 3666 1514 3737 περὶ
1563 3665 1802 3738 Χριστοῦ
1852 3668 1992 3731 ἐστι.

406 3755 505 3827 τὴν
550 3756 970 3828 προηγουμένην
998 3757 1164 3811 αὐτοῦ
1196 3757 1495 3812 ὑπόστασιν
1523 3759 1603 3813 ἔτι
1637 3760 1987 3824 διδάσκουσα,

406 3846 699 3916 διήκουσαν
738 3846 833 3900 ἐπὶ
875 3848 1052 3902 πάντα
1085 3849 1178 3900 τὸν
1211 3848 1434 3918 κόσμον,
1480 3849 1623 3922 κατᾲ
1669 3848 1768 3913 τὰς
1817 3851 1994 3922 ψυχὰς

405 3938 505 4001 τὰς
547 3938 791 4008 λογικὰς,
843 3941 933 3993 ὅτε
981 3940 1143 4010 φησί’
1195 3938 1397 4006 Μέσος
1424 3919 1995 4011 ὑμῶν’ἒστηκὲν-δν

406 4031 578 4101 ὑμεῖς
609 4033 722 4086 οὐκ
750 4032 971 4109 οἴδατε,
1002 4033 1197 4086 ὀπίσω
1213 4051 1334 4102 μου
1359 4032 1700 4103 ἐρχόμενος.

478 4121 601 4177 XX.
640 4123 899 4192 Sequitur
931 4123 1191 4193 placitum
1236 4123 1382 4178 aliud
1424 4123 1677 4196 Origenis
1714 4126 1783 4180 de
1817 4135 1996 4180 morte

338 4242 347 4259 κ
409 4213 639 4282 Christi,
668 4230 776 4269 non
805 4214 1122 4271 hominibus
1158 4215 1505 4271 solummodo
1526 4218 1667 4282 utili,
1696 4217 1796 4273 sed
1823 4232 1994 4288 ange-

410 4305 477 4361 lis
529 4306 719 4371 etiam,
762 4316 817 4361 et
859 4308 1152 4371 sideribus,
1194 4322 1259 4363 ac
1306 4312 1468 4363 rebus
1515 4311 1717 4366 creatis
1766 4310 1996 4380 quibus-

410 4414 650 4471 eunque.
675 4402 757 4457 Ab
786 4417 852 4457 eo
895 4401 940 4456 si
967 4403 1089 4470 quis
1115 4404 1352 4461 alienum
1410 4404 1629 4472 penitus
1671 4403 1841 4458 fuisse
1867 4402 1994 4458 Ori-

413 4506 605 4561 genem
649 4492 976 4561 pertendere
1022 4494 1177 4559 velit,
1222 4495 1517 4550 candorem
1558 4493 1650 4549 ille
1682 4508 1898 4549 omnem
1930 4511 1997 4551 ac

2097 3305 2270 3361 usque
2308 3293 2376 3347 ad
2417 3307 2518 3347 nos
2551 3294 2778 3348 veniens
2800 3291 2975 3347 Filius
3002 3291 3096 3346 Dei
3126 3299 3247 3360 post
3275 3298 3355 3344 tot
3386 3288 3563 3342 millia
3586 3303 3668 3341 an-

2094 3399 2286 3439 norum
2312 3386 2524 3440 otiosus
2558 3398 2624 3440 eo
2656 3397 2832 3454 usque
2854 3399 2969 3439 non
2997 3381 3183 3447 fuerit,
3231 3382 3329 3437 sed
3376 3380 3669 3450 praedicans

2096 3477 2475 3532 remissionem
2516 3475 2748 3546 angelis,
2778 3474 3145 3545 potestatibus
3197 3481 3365 3544 atque
3404 3471 3669 3528 universis

2095 3569 2488 3639 superioribus,
2542 3584 2667 3624 cum
2708 3567 3031 3638 qualitatem
3072 3565 3263 3621 formae
3299 3580 3498 3620 eorum
3548 3579 3671 3634 quos

2093 3662 2336 3717 visitaret
2366 3669 2700 3726 assumeret,
2740 3674 2913 3731 usque
2946 3661 3012 3714 ad
3048 3654 3481 3730 palpabilitatem
3502 3658 3667 3712 carnis

2095 3752 2487 3822 assumptionis
2520 3753 2704 3823 specie
2744 3752 3083 3807 transivisse.
3127 3770 3147 3804 ι
3203 3749 3284 3806 Ex
3345 3765 3413 3806 eo
3467 3762 3670 3820 quoque

2095 3845 2438 3916 potissimum
2481 3841 2703 3917 Origeni
2755 3843 3023 3900 conﬂasse
3074 3845 3335 3899 invidiam
3386 3841 3669 3915 Egyptios

2094 3938 2383 4008 episcopos
2421 3937 2592 3992 refert
2620 3936 3045 3992 Posthumianus
3076 3935 3217 4006 apud
3247 3934 3553 4004 Sulpicium
3582 3933 3669 3988 Se-

2097 4046 2285 4086 verum
2328 4029 2539 4100 Dialog.
2566 4044 2604 4093 l,
2645 4044 2777 4103 cap”
2802 4029 2858 4095 '5,
2889 4030 3033 4101 quod
3085 4030 3139 4084 in
3187 4027 3304 4096 ejus
3341 4028 3500 4083 lihris
3536 4028 3667 4097 lege-

2099 4133 2267 4188 retur,
2332 4139 2362 4173 ι.
2408 4122 2534 4191 quia
2595 4121 2856 4177 Dominus
2920 4118 3102 4185 Jesus,
3143 4120 3287 4176 sicut
3324 4135 3425 4190 pro
3466 4120 3667 4175 redem-

2098 4214 2284 4283 ptione
2312 4214 2551 4269 hominis
2578 4213 2630 4267 in
2671 4227 2837 4267 carne
2868 4214 3134 4277 venisset,
3176 4227 3395 4268 crucem
3439 4227 3539 4284 pro
3579 4212 3667 4266 ho-

2097 4304 2265 4361 minis
2313 4304 2490 4360 salute
2521 4320 2737 4374 passus,
2800 4314 3034 4361 mortem
3061 4320 3159 4374 pro
3192 4305 3435 4361 hominis
3463 4303 3667 4360 mterni-

2102 4405 2216 4451 tate
2253 4405 2548 4467 gustasset,
2599 4396 2676 4452 ita
2716 4406 2863 4453 esset
2915 4398 3107 4453 eodem
3164 4396 3358 4454 ordine
3410 4394 3669 4468 passionis

2098 4490 2265 4545 etiam
2295 4489 2572 4545 diabolum
2609 4489 3032 4560 redempturus:
3062 4491 3188 4559 quia
3228 4490 3329 4545 hoc
3359 4489 3590 4546 bonitati
3614 4487 3669 4542 il-

417 4583 676 4650 pudorem
711 4584 1210 4653 projiciatnecesse
1234 4596 1343 4653 est,
1378 4602 1502 4642 cum
1528 4588 1672 4642 hanc
1702 4588 1755 4641 in
1779 4601 1845 4642 eo
1869 4601 1995 4642 sen-
2024 4563 2074 4623 Ῑ)
2100 4581 2233 4647 lius.
2263 4581 2567 4651 pietatique
2589 4592 2940 4651 congrueret,
2980 4590 3041 4641 ut
3067 4583 3158 4652 qui
3200 4583 3473 4654 perditum
3508 4582 3669 4638 homi-

414 4676 642 4729 tentiam
686 4677 960 4748 castigent
988 4692 1053 4734 ac
1091 4688 1627 4751 coarguantveteres
1652 4678 1919 4748 plerique,
1938 4689 1994 4735 et

413 4781 535 4821 eam
569 4766 738 4822 claris
771 4784 834 4824 ac
870 4770 1080 4827 iteratis
1114 4773 1439 4828 testimoniis
1463 4772 1836 4841 consignatum
1862 4771 1994 4826 reli-

414 4861 616 4932 qnerit.
649 4860 754 4918 Sed
788 4863 1047 4934 quoniam
1078 4880 1167 4921 res
1200 4866 1455 4921 intricata
1485 4873 1571 4921 est
1599 4873 1667 4931 ,ct
1715 4865 1991 4935 perplexa,

415 4953 725 5007 accuratius
751 4954 967 5007 videtur
995 4954 1408 5022 perscrutanda.

489 5042 634 5098 XXI.
671 5062 692 5096 ι
726 5042 1059 5114 Theophilus
1103 5045 1328 5115 epistola
1382 5044 1632 5100 Paschal.
1663 5046 1722 5109 2,
1756 5045 1995 5101 sensisse

418 5151 541 5191 eum
578 5137 830 5206 queritur
862 5155 883 5188 ο
917 5136 1195 5192 Christum
1242 5151 1340 5206 pro
1367 5138 1705 5193 daemonibus
1731 5152 1794 5192 ac
1828 5138 1994 5206 spiri-

421 5226 660 5281 Iualihus
691 5227 952 5296 nequitiis
978 5228 1119 5298 apud
1150 5243 1376 5297 superos
1403 5228 1727 5297 alligendum
1754 5230 1940 5296 cruci;
1973 5250 1991 5281 ι

422 5328 587 5387 atque
641 5320 756 5373 haec
804 5320 1037 5375 dicendo
1091 5319 1287 5375 deinde
1340 5320 1677 5389 amplificans
1713 5336 1812 5389 pro
1847 5336 1998 5376 more

418 5421 515 5461 suo
561 5418 617 5463 et
657 5409 981 5473 extendens,
1022 5409 1189 5463 multa
1244 5409 1370 5463 inde
1430 5410 1686 5478 pestifera
1739 5412 1997 5479 consequi

420 5500 681 5555 ostendit.
718 5500 796 5556 Ac
834 5501 992 5571 hujus
1041 5500 1237 5557 deinde
1271 5502 1596 5557 auctoritate
1626 5512 1681 5557 et
1708 5503 1893 5558 verbis
1928 5504 1995 5558 ad

420 5591 671 5646 eumdem
704 5590 1098 5663 profligandum
1128 5608 1368 5649 errorem
1402 5610 1536 5648 usus
1560 5603 1643 5648 est
1672 5594 1995 5650 llincmarus

422 5682 481 5738 in
508 5682 605 5738 lib.
632 5682 707 5738 De
744 5685 1230 5753 pra’destinntione,
1260 5700 1384 5755 cap.
1418 5684 1509 5740 27.
1536 5684 1653 5742 Non
1686 5685 1844 5743 aliter
1869 5686 1993 5743 llic-

502 5848 546 5882 ⁷⁵
574 5849 719 5906 Psal.
748 5868 946 5918 tum,
973 5852 1058 5907 l2.
1136 5854 1180 5886 ⁷⁵
1210 5854 1369 5910 lieni.
1404 5869 1478 5919 γι,
1518 5855 1571 5908 9.

2101 4689 2226 4729 nem
2278 4672 2655 4740 reformasset,
2703 4674 3013 4744 prolapsum
3061 4690 3280 4745 quoque
3324 4676 3575 4746 angelum
3608 4673 3667 4729 li—

2100 4766 2339 4822 beraret.
2379 4784 2399 4818 r
2454 4764 2593 4821 Hinc
2654 4765 2965 4822 Bernardus
3016 4781 3183 4823 serm.
3230 4768 3303 4823 44
3363 4769 3418 4822 in
3463 4768 3668 4823 Cantica

2102 4858 2411 4912 canticor.:
2467 4875 2486 4908 ι
2520 4857 2785 4928 Denique,
2806 4859 3000 4929 inquit,
3032 4870 3293 4929 operatus
3329 4870 3417 4916 est
3449 4861 3666 4917 salutem

2102 4951 2155 5006 in
2215 4948 2395 5009 medio
2434 4958 2595 5005 terra:
2636 4950 2683 4981 ⁷⁵
2725 4966 2739 5004 :
2800 4951 3043 5022 nunquid
3080 4960 3135 5006 et
3180 4953 3233 5006 in
3271 4953 3452 5008 medio
3492 4950 3667 5007 aeris?

2104 5042 2219 5097 Hoc
2272 5042 2555 5096 adversum
2610 5039 2921 5111 Origenem,
2980 5044 3072 5114 qui
3114 5044 3167 5098 in
3208 5059 3336 5100 aere
3393 5045 3664 5100 Dominum

2102 5135 2290 5207 gloriae
2329 5134 2509 5189 denuo
2547 5148 2648 5204 pro
2696 5134 3034 5192 daemonibus
3077 5136 3373 5207 impudenti
3412 5136 3667 5205 crttciligit

2109 5227 2430 5293 intendacio;
2499 5242 2625 5281 cum
2667 5226 2828 5294 hujus
2866 5228 3123 5284 conscius
3176 5229 3422 5297 mysterii
3476 5227 3665 5282 Paulus

2104 5318 2361 5385 afﬁrmet,
2402 5320 2546 5389 quod
2583 5336 2860 5389 resurgens
2890 5337 2956 5375 ea:
2994 5322 3215 5375 mortuis
3237 5322 3355 5390 jam
3382 5338 3482 5375 non
3516 5320 3665 5373 mori-

2105 5419 2230 5474 tur;
2261 5427 2403 5465 mors
2438 5412 2519 5466 illi
2547 5412 2689 5465 ultra
2715 5429 2820 5466 non
2846 5413 3203 5467 dominabitur
3230 5414 3314 5477 7';
3341 5432 3362 5466 ι
3403 5423 3456 5468 et
3484 5412 3665 5466 Alber-

2109 5513 2196 5558 tus
2235 5503 2464 5574 Magnus
2515 5505 2571 5557 in
2621 5504 2893 5573 epistolam
2923 5503 2957 5558 8
2995 5503 3234 5574 Dionysii
3276 5521 3296 5558 :
3324 5526 3341 5556 ι
3374 5504 3486 5560 Νοη
3535 5503 3664 5572 quod

2106 5594 2355 5650 futurum
2398 5596 2470 5651 sit
2507 5595 2789 5652 Christum
2819 5595 3016 5650 iterum
3052 5596 3185 5665 pati,
3220 5600 3510 5651 secnndum
3554 5592 3665 5649 Ori-

2103 5689 2556 5774 genisenror‘em.
2590 5707 2613 5769 ε
2649 5687 2813 5761 Pejus
2837 5689 2964 5760 quid
3005 5703 3073 5746 ex
3111 5688 3244 5760 ipsis
3274 5686 3517 5759 Origenis
3549 5698 3661 5739 ver-
