3898 6522
139 412 253 471 825

965 411 1545 469 ORIGENIANOIIUM
1584 410 1715 465 LIB.
1760 407 1825 471 ll,
1864 409 2019 467 CAP.
2062 411 2127 479 Il,
2163 410 2444 479 QUIEST.
2486 411 2577 467 III.

3327 412 3432 471 826

138 532 227 588 bis
288 541 651 603 repraesentat
696 532 1041 592 Justinianus
1092 536 1394 605 imperator
1423 535 1477 589 in
1501 532 1734 603 epistola
1765 533 1814 593 Α
1846 532 2047 589 finibus
2078 536 2274 591 mortis
2302 535 2506 590 Christi
2541 533 2775 605 pretium
2815 544 2872 591 et
2912 535 3152 593 valorem
3188 536 3432 593 circnm-

136 625 205 676 ad
250 624 489 689 Menam,
517 625 759 680 futurum
793 642 986 697 nempe
1019 636 1080 682 ut
1118 643 1219 698 pro
1244 627 1586 682 daemonibus
1608 641 1737 680 cru-

133 715 398 782 ciﬁgatur
427 716 702 784 Christus,
746 718 909 788 idque
960 734 1333 788 saepenumero
1383 733 1479 788 per
1534 716 1736 772 saecula

136 809 353 864 futura.
383 809 521 864 Tum
560 811 613 864 in
654 811 921 880 subjectis
958 812 1085 868 huic
1129 810 1376 882 epistola:
1414 810 1740 865 anathema-

133 903 327 958 tismis
356 903 653 974 Origenem
694 906 889 974 tangit,
929 921 1053 961 cum
1093 921 1189 961 eos
1210 906 1436 961 damnat
1462 904 1552 973 qui
1583 904 1737 959 dixe-

132 994 254 1047 rint
284 992 529 1050 Verbum
568 994 956 1067 Seraphimum
977 998 1178 1053 factum
1210 1013 1333 1054 esse
1368 997 1736 1068 Serapbimis,

131 1093 193 1138 et
222 1085 472 1142 similem
509 1087 735 1157 reliquis
774 1088 898 1143 ρωιί
939 1090 1235 1145 virtutibus
1276 1107 1291 1157 ;
1333 1098 1388 1144 et
1421 1105 1546 1143 cum
1588 1088 1739 1143 addit

131 1179 442 1235 anathema
474 1196 603 1236 esse
639 1182 732 1252 qui
770 1181 978 1236 dixerit
1006 1181 1284 1237 Christum
1322 1182 1376 1237 in
1412 1182 1611 1237 szeculo
1652 1180 1738 1234 fu-

135 1278 272 1326 turo
318 1271 651 1327 crucifixum
692 1273 759 1327 iri
804 1289 902 1342 pro
943 1274 1304 1338 daemonibus,
1360 1274 1504 1328 sicut
1543 1283 1599 1326 et
1638 1288 1736 1341 pro

136 1363 490 1419 hominibus.
558 1364 711 1421 Unde
751 1363 1090 1436 Nicephorus
1141 1366 1236 1421 lib.
1284 1382 1420 1430 xvn,
1470 1381 1592 1435 cap.
1642 1365 1735 1431 27,

137 1456 299 1510 inter
351 1457 591 1511 haereses
639 1456 862 1528 Origeni
910 1459 1180 1528 ascriptas
1225 1458 1541 1512 damnatam
1590 1458 1735 1512 illam

135 1547 317 1602 fuisse
365 1547 535 1603 refert
568 1565 585 1603 :
617 1549 740 1603 ’Ότι
779 1550 918 1621 ὑπὲρ
937 1549 1207 1622 δαιμόνων
1250 1550 1329 1604 δεῖ
1377 1550 1469 1604 τὸν
1504 1549 1737 1621 Χριστὸν

136 1638 556 1712 σταυρωθῆναι,
598 1623 712 1694 ’καὶ
778 1640 1038 1705 πολλάκις
1105 1641 1265 1695 τοῦτο
1316 1643 1396 1706 είς
1447 1642 1737 1712 ἐσομένους

136 1731 353 1794 αἰῶνας
412 1730 607 1784 παθεῖν
643 1730 747 1783 ὑπὸ
799 1731 909 1784 τῶν
948 1732 1277 1802 πνευμάτων
1319 1732 1418 1803 τῆς
1472 1731 1736 1803 πονηρίας

134 1822 253 1875 τῶν
272 1825 332 1875 ὲν
352 1825 463 1887 τοῖς
488 1822 850 1894 ἐπουρανίοις.
875 1840 895 1875 ι
918 1823 1182 1892 Oportere
1203 1822 1474 1878 Christum
1492 1823 1733 1893 crucifigi

137 1927 247 1980 pro
279 1912 641 1979 daemonibus,
680 1923 735 1968 et
777 1914 973 1982 saepius
1016 1913 1068 1967 iu
1105 1912 1302 1968 futuris
1346 1914 1556 1969 sarculis
1596 1915 1734 1986 idem
1771 1895 1815 1950 Β

137 2006 360 2074 perpeti
380 2020 409 2057 a
432 1990 716 2072 spiritibus
744 2004 999 2073 nequitia:
1017 2004 1106 2073 qui
1135 2014 1260 2059 sunt
1285 2004 1338 2059 in
1363 2003 1697 2059 ctelestibus.
1713 2023 1731 2055 ι

142 2095 429 2151 Ilorribile
469 2111 601 2151 vero
642 2106 726 2150 est
773 2102 829 2150 et
878 2097 1275 2152 exsecrandum
1307 2098 1452 2167 quod
1501 2096 1740 2152 Joannes

137 2184 528 2239 Damascenus
563 2187 615 2239 in
653 2185 795 2240 libro
828 2184 905 2241 De
932 2188 1220 2242 Ita'resibus
1251 2186 1472 2257 Origeni
1510 2203 1740 2257 persna-

138 2291 265 2329 sum
308 2276 477 2330 fuisse
518 2277 616 2344 ait,
665 2292 860 2347 nempe
917 2296 936 2331 ι
988 2277 1266 2333 Christum
1309 2294 1413 2332 una
1458 2294 1581 2333 cum
1618 2280 1740 2333 dia-

144 2369 281 2421 bolo
332 2386 362 2419 a
405 2367 551 2438 Rege
578 2370 941 2439 gubernatum
998 2370 1090 2433 iri,
1146 2384 1381 2440 eumque
1435 2370 1488 2425 in
1520 2386 1737 2426 crucem

140 2469 336 2514 actum
379 2460 720 2515 daemonibus
747 2461 884 2516 falsa
925 2460 1392 2517 denuntiaturutn.
1427 2480 1448 2514 ι

214 2552 388 2606 XXII.
430 2552 605 2615 Nunc,
647 2555 779 2611 rivis
817 2555 1066 2618 omissis,
1116 2570 1185 2609 ex
1232 2555 1350 2624 ipso
1393 2555 1543 2611 fonte
1606 2555 1742 2610 bau-

140 2646 380 2697 riamus.
420 2644 687 2712 Origenes
731 2644 920 2699 homil.
963 2646 1106 2700 10in
1151 2643 1283 2698 Luc.
1317 2660 1383 2700 ex
1430 2660 1496 2698 eo
1545 2646 1741 2714 probat

137 2730 274 2786 Jesu
313 2732 518 2786 Christi
555 2734 850 2788 adventum
880 2732 1093 2789 Veteris
1122 2735 1455 2790 Testamcnti
1486 2736 1740 2791 Patribus

138 2823 447 2893 profuisse,
479 2827 622 2894 quod
652 2826 973 2883 cmlestibns
996 2826 1287 2895 profuerit,
1311 2830 1464 2899 juxta
1506 2832 1741 2900 Aposto-

141 2916 258 2968 lnm
286 2914 500 2970 Coloss.
539 2932 577 2980 ι,
607 2916 697 2970 20.
738 2915 858 2983 Quo
898 2916 1048 2971 Pauli
1100 2919 1220 2974 loco
1247 2920 1299 2974 in
1331 2922 1579 2975 eamdem
1613 2922 1740 2975 abu-

140 3006 284 3058 titur
310 3006 643 3060 sententiam
669 3007 814 3061 bum.
848 3009 941 3061 tin
976 3007 1334 3073 Levit.,nutn.
1370 3011 1425 3075 5,
1464 3020 1520 3065 et
1568 3011 1662 3064 lib.
1707 3027 1738 3064 v

137 3099 198 3152 in
237 3095 412 3167 Epist.
438 3099 508 3151 ad
543 3097 719 3167 Rom.,
752 3116 906 3154 num.
949 3100 1039 3165 10,
1081 3116 1203 3171 pag.
1243 3102 1369 3157 568.
1402 3101 1516 3158 Hoc
1556 3111 1737 3157 autem

138 3194 459 3249 caelestium
494 3195 735 3262 nomine,
775 3210 880 3249 non
921 3195 1240 3267 angelorum
1286 3198 1446 3251 modo
1490 3197 1732 3263 ordines,

138 3286 240 3342 sed
266 3285 447 3341 sidera
486 3300 704 3355 quoque
744 3285 977 3351 notavit,
1021 3293 1205 3356 utpote
1245 3301 1367 3357 qua:
1414 3301 1520 3340 non
1554 3288 1733 3341 anima

138 3378 332 3442 modo,
366 3379 461 3432 sed
502 3380 715 3433 ratione
754 3379 919 3434 etiam
962 3379 1188 3448 praedita
1224 3380 1522 3438 censuerit.
1575 3378 1739 3446 Qua:-

137 3487 369 3541 cunque
400 3480 584 3526 autem
630 3472 841 3525 ratione
867 3471 1094 3541 pollent,
1144 3482 1372 3541 peccato
1410 3488 1532 3527 esse
1567 3477 1741 3527 obno-

140 3566 261 3631 xia,
300 3579 367 3617 ac
401 3564 630 3633 proinde
663 3564 981 3634 purgatione
1006 3563 1250 3635 indigere
1284 3564 1587 3619 arbitratus
1613 3574 1736 3633 est;

138 3656 497 3726 purgationis
556 3670 686 3710 vero
736 3656 972 3711 cilicium
1020 3656 1128 3711 illis
1192 3668 1370 3725 morte
1430 3673 1529 3712 sua
1583 3659 1740 3712 exhi-

138 3749 356 3811 buisse,
396 3749 1087 3821 salutemqueprocurasse
1116 3749 1424 3817 Christum,
1451 3752 1736 3823 ἀπροσδεῆ

136 3840 357 3904 παντὸς
389 3842 721 3906 οὑτινοσοῦν,
767 3842 905 3913 πλὴν
961 3843 1059 3913 τῆς
1102 3841 1406 3915 ἀνθρώπων
1443 3845 1737 3916 σωτηρίας,

136 3931 243 3987 rati.
281 3931 487 3996 παντὸς
516 3930 760 4001 λογικοῦ.
796 3929 889 3986 Sic
932 3946 1088 3986 error
1118 3934 1294 3985 errori
1330 3933 1590 3987 cohaeret.
1627 3931 1738 3984 Ra-

137 4023 373 4077 tiOnalia
395 4039 558 4091 porro
580 4038 914 4078 enumerans
943 4032 1072 4077 tom.
1108 4038 1125 4077 ι
1171 4023 1226 4075 in
1270 4020 1461 4084 Ιοαη..
1491 4021 1738 4086 numini,

137 4116 381 4185 angelos
421 4115 474 4170 in
540 4116 630 4179 iis,
679 4117 929 4170 homines
976 4130 1041 4171 ac
1097 4116 1377 4170 daamoncs
1426 4114 1736 4169 collocavit.

138 4209 333 4264 Astris
375 4218 556 4263 autem
598 4209 834 4263 animam
876 4208 1108 4274 addidit,
1141 4222 1171 4262 e
1199 4207 1452 4278 supernis
1480 4206 1738 4260 nimirum

139 4303 399 4360 caslitum
431 4302 717 4358 ordinibus
750 4303 1147 4371 depromptam,
1185 4304 1251 4355 ad
1282 4315 1445 4369 quam
1490 4314 1741 4369 peraeque

141 4396 352 4449 mortis
399 4393 604 4449 Christi
664 4394 991 4450 beneficium
1037 4392 1386 4461 pertinuerit.
1420 4389 1740 4446 Commenta

142 4487 242 4541 illa
276 4486 460 4554 palam
492 4484 701 4554 profert
735 4494 866 4541 tom.
893 4500 931 4551 I,
966 4501 1120 4539 num.
1146 4484 1216 4539 40
1249 4485 1302 4538 in
1351 4481 1541 4547 Joan.,
1584 4483 1743 4538 Chri-

1846 627 2137 696 scripsisse
2163 631 2313 682 visus
2337 635 2447 694 est,
2481 627 2576 682 sed
2605 627 2672 682 ad
2701 642 2790 682 res
2824 639 3039 683 creatas
3080 644 3271 684 omines
3302 645 3432 698 por-

1846 720 2095 775 rexisse:
2143 720 2221 775 ait
2271 720 2418 774 enim
2464 730 2598 776 tom.
2643 734 2740 773 xm
2788 721 2845 773 in
2910 719 3132 784 Matth"
3194 738 3347 776 nunt.
3372 722 3429 783 8,

1845 811 2121 867 Christum
2153 827 2372 880 passum
2421 812 2564 883 ὑπὲρ
2604 812 2930 884 ἀνθρώπων,
2965 813 2997 884 ἢ
3040 816 3134 868 καὶ
3164 815 3286 868 ὅλου
3335 815 3429 869 τοῦ

1848 902 2081 974 κόσμου,
2118 912 2174 958 et
2203 912 2332 957 tum.
2360 918 2397 957 ιι
2430 904 2484 955 in
2510 902 2699 969 Jaan.,
2735 920 2885 959 num.
2919 907 2953 959 6
2984 922 2998 961 :
3036 908 3107 960 Ἢ
3139 908 3280 978 τάχα
3312 909 3431 963 ἐστὶ

1847 998 1939 1051 καὶ
1965 997 2125 1050 τοῦτο
2145 999 2341 1061 εἰπεῖν,
2370 997 2452 1050 ὅτι
2478 997 2648 1051 ἐδεῖτο
2680 1000 2713 1068 ἡ
2752 997 2932 1062 κτίσις
2961 1000 3102 1073 ὑπὲρ
3135 1001 3229 1055 τοῦ
3273 1002 3427 1056 ἐλευ-

1847 1088 2155 1162 θερωθῆναι
2187 1089 2296 1142 ἀπὸ
2340 1088 2443 1160 τῆς
2477 1089 2726 1155 δουλείας
2766 1092 2868 1161 τῆς
2907 1092 3133 1164 φθορᾶς,
3168 1094 3305 1149 ἀλλὰ
3335 1097 3432 1151 καὶ

1844 1181 1906 1235 τὸ
1936 1180 2046 1234 τῶν
2095 1180 2401 1253 ἀνθρώπων
2445 1182 2622 1251 γένος,
2660 1183 2936 1256 μακαρίας
2963 1186 3058 1239 καὶ
3086 1186 3236 1251 θείας
3266 1188 3428 1242 δυνά-

1848 1288 1997 1343 μεως
2034 1271 2516 1346 ὲνανθρωπούσης,
2550 1275 2673 1345 ἥτις
2707 1274 3062 1347 διορθώσεται
3096 1280 3191 1333 καὶ
3232 1279 3305 1333 τὰ
3335 1277 3431 1334 ἐπὶ

1842 1365 1942 1436 τῆς
1965 1366 2089 1437 γῆς-

1918 1458 2103 1514 XXIII.
2133 1456 2252 1513 Non
2284 1459 2424 1514 satis
2453 1472 2584 1514 vero
2618 1459 2735 1529 ipse
2762 1459 2868 1516 sibi
2902 1462 3118 1518 videtur
3151 1473 3428 1531 constare,

1845 1559 1967 1599 cum
1996 1546 2263 1601 rationem
2302 1548 2629 1619 modumque
2649 1549 2928 1619 explanat,
2948 1566 3057 1620 quo
3082 1569 3168 1608 res
3199 1557 3428 1611 rationis

1842 1648 2122 1708 compotes
2168 1654 2198 1693 a
2248 1640 2619 1708 corruptionis
2648 1643 2911 1698 servitute
2940 1642 3193 1702 Christus
3224 1648 3427 1703 libera-

1844 1731 1940 1785 vit.
1980 1730 2117 1784 Nam
2146 1730 2377 1801 singulis
2406 1732 2720 1802 angelorum
2745 1734 3054 1801 ordinibus,
3091 1738 3144 1791 in
3177 1755 3272 1793 sua
3301 1740 3428 1794 uni-

1843 1824 2044 1892 cuique
2080 1823 2252 1877 forma
2291 1824 2639 1893 apparuisse,
2669 1824 3023 1895 Evangelium
3076 1830 3426 1899 przedicasse,

1841 1924 1895 1969 et
1928 1916 1981 1969 in
2008 1916 2149 1971 caalo
2171 1914 2409 1986 denique
2437 1927 2671 1972 mortem
2720 1932 2819 1986 pro
2867 1918 2935 1974 iis
2958 1922 3162 1977 obiisse
3193 1924 3430 1979 sciscere

1841 2008 2057 2062 videtur
2086 2009 2402 2078 aliquando.
2424 2011 2581 2066 Velut
2615 2028 2737 2067 cum
2762 2013 2840 2066 ait
2870 2014 3015 2068 hom.
3045 2014 3079 2067 8
3129 2016 3184 2067 in
3210 2014 3427 2079 Cenem,

1842 2115 1993 2155 num.
2036 2100 2107 2155 8:
2161 2101 2680 2157 «Considerandum
2732 2112 2818 2157 est
2856 2106 2982 2173 quia
3038 2107 3266 2173 angelus
3312 2108 3429 2163 haec

1842 2191 2085 2246 refertur
2114 2192 2181 2245 ad
2220 2192 2495 2247 Abraham
2548 2193 2784 2259 locutus,
2842 2205 2897 2251 et
2945 2198 3074 2265 quia
3132 2198 3186 2252 in
3232 2214 3429 2254 conse-

1840 2283 2131 2353 quentibus
2157 2284 2441 2340 evidenter
2471 2286 2559 2341 bic
2608 2287 2835 2357 angelus
2870 2288 3129 2343 Dominus
3172 2294 3423 2346 ostendi-

1843 2384 1951 2430 tur.
1981 2374 2137 2431 Unde
2191 2387 2321 2445 puto
2373 2379 2517 2446 quod
2555 2378 2699 2433 sicut
2748 2380 2892 2435 inter
2921 2397 3020 2436 nos
3048 2383 3297 2439 homines
3331 2386 3430 2439 ha-

1840 2466 1955 2521 bitu
2019 2477 2266 2537 repertus
2317 2480 2404 2525 est
2460 2479 2519 2524 ut
2558 2471 2741 2536 homo,
2794 2472 2867 2527 ita
2919 2482 2977 2527 et
3022 2474 3163 2529 inter
3206 2476 3427 2547 angelos

1840 2558 2026 2613 habitu
2051 2570 2136 2614 est
2162 2571 2410 2629 repertus
2441 2572 2499 2615 ut
2531 2563 2774 2632 angelus.
2810 2583 2829 2616 ι
2880 2564 2945 2620 Et
2991 2579 3113 2620 cum
3156 2575 3302 2622 tumo
3355 2583 3427 2621 xv

1840 2654 1894 2705 in
1920 2650 2143 2718 Matth.,
2177 2669 2331 2708 num.
2360 2654 2415 2719 7,
2444 2655 2668 2725 angelos
2726 2655 2928 2712 Christi
2973 2658 3271 2725 discipulos
3323 2674 3423 2727 ap-

1840 2744 2029 2811 pellari
2066 2760 2231 2813 posse
2264 2747 2490 2801 asserit
2524 2762 2548 2810 ,ι
2595 2748 2824 2802 Φθάνειν
2872 2748 2982 2821 γὰρ
3028 2751 3124 2803 ἐπὶ
3170 2750 3427 2816 τοιαύτας

1839 2835 2099 2907 δυνάμεις
2150 2835 2211 2890 τὸ
2262 2837 2371 2891 τῶν
2414 2840 2675 2912 μαθητῶν
2735 2840 2910 2911 Ἰησοῦ
2958 2841 3131 2913 ὄνομα
3181 2842 3425 2912 εὔλογον,

1840 2927 1927 2981 ἴνα
1962 2926 2036 2997 μὴ
2072 2928 2232 2998 μόνον
2255 2931 2303 2983 οἱ
2338 2930 2617 3001 ἄνθρωποι
2642 2931 2793 3002 αὐτῷ
2824 2932 3260 3004 μαθητεύωνται,
3289 2934 3427 2990 ἀλλὰ

1840 3017 1936 3069 καὶ
1961 3019 2010 3070 oi
2038 3018 2257 3086 ἄγγελοι
2295 3012 2376 3083 οἷς
2414 3019 2592 3092 ὤφθη,
2630 3024 2723 3076 καὶ
2757 3023 2813 3076 εἴ
2849 3042 2935 3087 τις
2966 3025 3116 3096 αὐτῷ
3146 3024 3428 3079 πιστεύειν

1842 3107 2090 3178 βούλεται
2144 3108 2252 3162 ἀπὸ
2306 3111 2505 3174 παντὸς
2563 3112 2825 3183 ὀνόματος
2879 3116 3303 3186 ὀνομαζομένου,
3362 3116 3425 3170 οὐ

1843 3197 2001 3268 μόνον
2028 3199 2085 3251 ὲν
2117 3198 2194 3270 τῷ
2226 3198 2383 3253 αἰῶνι
2414 3200 2610 3273 τούτῳ.
2659 3201 2794 3256 ἀλλὰ
2830 3205 2925 3257 καὶ
2960 3206 3018 3257 ὲν
3043 3203 3120 3274 τῷ
3155 3203 3424 3271 μέλλοντι.

1844 3289 1908 3343 Et
1942 3305 2063 3344 cum
2094 3298 2227 3345 tom.
2249 3306 2341 3346 vnt
2369 3301 2556 3345 contra
2581 3290 2744 3357 (ἰδία,
2781 3292 3057 3348 Christum
3092 3294 3224 3348 dicit
3251 3292 3422 3365 πολλῇ

1839 3380 2067 3452 δυνάμει
2118 3382 2527 3455 ὲπεσπαρκέναι
2560 3383 2650 3437 τὸν
2685 3383 2947 3441 καθαρὸν.
2980 3387 3081 3455 τῆς
3116 3384 3425 3448 θεοσεδείας

1840 3475 1997 3545 λόγον
2036 3478 2101 3548 τῇ
2135 3475 2284 3548 πάσῃ
2317 3476 2424 3530 τῶν
2472 3476 2776 3549 ἀνθρώπων
2819 3480 3113 3550 οἰκουμένῃ
3149 3496 3161 3509 ·
3196 3480 3257 3531 οὐ
3289 3477 3425 3549 ψεύ-

1843 3583 2007 3638 σομαι
2036 3567 2123 3639 δὴ,
2162 3569 2355 3638 inquit,
2392 3570 2706 3641 προστιθεὶς
2740 3572 2835 3624 καὶ
2861 3570 3056 3639 λέγων,
3089 3572 3173 3625 ὅτι
3195 3572 3287 3625 καὶ
3314 3570 3426 3624 τῶν

1841 3658 2015 3713 ἄλλων
2036 3659 2271 3729 λογικῶν
2306 3662 2401 3714 καὶ
2428 3661 2698 3733 δεομένων
2718 3661 3078 3734 διορθώσεως,
3114 3664 3210 3717 καὶ
3260 3663 3427 3736 θερα-

1843 3751 2025 3816 πείας,
2061 3752 2155 3805 καὶ
2183 3751 2491 3824 μεταϐολῆς
2528 3754 2629 3825 τῆς
2659 3753 2768 3807 ἀπὸ
2792 3754 2894 3823 τῆς
2928 3755 3148 3817 κακίας.
3210 3754 3275 3808 Et
3300 3768 3424 3808 cuut

1842 3846 2022 3914 primo
2053 3844 2108 3897 in
2141 3845 2405 3900 Joannem
2440 3855 2606 3909 touto,
2635 3861 2787 3901 num.
2818 3846 2910 3908 54,
2952 3845 3305 3901 Servatorem
3346 3848 3432 3900 ait

1842 3936 2046 3990 factum
2078 3936 2258 3991 omnia
2292 3937 2566 4000 omnibus,
2594 3948 2652 3991 ut
2686 3952 2878 3991 omnes
2913 3936 3279 4001 lucrifaceret,
3306 3937 3427 4006 qui-

1841 4042 2054 4097 cunque
2114 4028 2345 4082 salutem
2392 4028 2617 4098 adipisci
2672 4038 2949 4099 poterant,
3002 4031 3145 4097 quod
3198 4028 3435 4083 rationis

1842 4132 2028 4178 essent
2056 4120 2391 4191 participes;
2431 4128 2542 4173 tum
2573 4133 2663 4174 res
2688 4121 2901 4175 ratione
2931 4104 3194 4190 pollentes
3229 4134 3425 4174 recen-

1840 4224 1946 4279 set,
1979 4228 2282 4283 earumque
2314 4213 2584 4283 triplicem
2614 4212 2903 4267 constituit
2940 4212 3137 4266 seriem
3165 4227 3181 4277 ;
3212 4226 3277 4267 ac
3306 4212 3429 4281 pri-

1842 4322 1986 4359 mam
2016 4304 2227 4376 angelis
2256 4305 2519 4373 assignat,
2569 4313 2625 4359 et
2681 4303 2898 4359 dubitat
2938 4303 3133 4357 deinde
3159 4303 3439 4373 posterio-

1842 4412 2004 4453 resne
2032 4407 2215 4468 partes
2240 4398 2480 4453 ascribat
2512 4397 2849 4462 hominibus,
2887 4410 2957 4449 an
3007 4398 3119 4459 τοῖς
3162 4394 3441 4467 καταχθῶ-

1841 4490 1997 4558 νίοις,
2025 4505 2258 4561 quorum
2295 4505 2327 4545 e
2356 4505 2586 4545 numero
2617 4491 2911 4551 daemones,
2966 4488 3051 4543 vel
3086 4504 3299 4555 omnes,
3344 4486 3441 4542 vel;

141 4592 410 4647 stumque
439 4577 643 4632 asserit
673 4592 927 4646 magnum
953 4590 1077 4631 esse
1112 4576 1449 4646 pontificem,
1500 4590 1607 4628 non
1643 4588 1742 4643 pro
1774 4594 1820 4649 Ι)
1846 4584 2060 4653 aliquos
2090 4598 2214 4638 esse
2241 4591 2509 4636 autumat.
2536 4580 2745 4635 Etcum
2779 4582 2918 4636 libro
2950 4581 3124 4652 primo
3147 4580 3447 4635 Comatam.

142 4670 471 4727 hominibus
501 4670 684 4735 modo,
712 4669 805 4724 sed
838 4683 934 4738 pro
958 4668 1105 4723 omni
1137 4670 1302 4723 etiam
1334 4668 1479 4738 quod
1514 4666 1745 4723 rationis

141 4771 300 4819 esset
333 4776 502 4830 capax
533 4779 547 4825 ;
581 4770 746 4829 atque
775 4760 848 4813 ita
879 4759 1099 4814 demum
1131 4761 1414 4815 concludit
1446 4777 1460 4813 :
1493 4759 1605 4813 Καὶ
1632 4758 1743 4832 γὰρ

138 4858 357 4912 ἄτοπον
409 4856 552 4926 ὑπὲρ
592 4854 954 4925 ἀνθρωπίνων
987 4855 1085 4927 μὲν
1115 4853 1278 4907 αὐτὸν
1305 4854 1536 4924 φάσκειν
1562 4855 1745 4926 ἀμαρ-

138 4947 417 5018 τημάτων
470 4946 769 5015 γεύσασθαι
815 4946 1066 5011 θανάτου,
1092 4943 1278 4999 οὐκέτι
1310 4945 1365 4997 δὲ
1397 4946 1540 5016 ὑπὲρ
1581 4945 1743 4999 ἄλλου

140 5041 301 5103 τινὸς
358 5039 508 5110 παρὰ
561 5040 652 5093 τὸν
699 5039 985 5111 ἄνθρωπον
1029 5041 1086 5092 ὲν
1120 5039 1485 5109 ἁμαρτήμασι
1519 5054 1744 5109 γεγενη-

144 5133 344 5204 μένου,
381 5126 493 5185 οἷον
533 5131 673 5204 ὑπὲρ
712 5133 945 5203 ἄστρων,
979 5130 1098 5184 οὐδὲ
1138 5129 1245 5183 τῶν
1277 5128 1493 5201 ἄστρων
1527 5128 1744 5192 πάντως

140 5224 415 5296 καθαρῶν
470 5224 637 5278 ὅντων
689 5222 920 5278 ἐνώπιον
946 5222 1040 5275 τοῦ
1091 5220 1251 5283 Θεοῦ,
1295 5221 1371 5286 ὡς
1415 5222 1472 5273 ὲν
1501 5219 1579 5291 τῷ
1622 5218 1742 5273 Ἱὼὸ

142 5320 503 5389 ἁνέγνωμεν’
529 5318 705 5391 ἄστρα
750 5318 807 5371 δὲ
848 5314 1163 5387 οὐοκαθαρά
1188 5313 1419 5369 ἐνώπιον
1458 5314 1622 5368 αὐτοῦ
1644 5332 1657 5346 ο
1694 5316 1745 5367 εί

146 5412 231 5482 μὴ
264 5411 376 5483 ἄρα
408 5411 785 5483 ὑπερϐολικῶς
818 5410 978 5464 τοῦτο
997 5411 1233 5482 εἴρηται.
1286 5406 1474 5463 Simile
1508 5406 1637 5475 quid
1662 5406 1744 5461 itt-

142 5505 272 5558 nuit
324 5514 457 5559 tom.
508 5520 545 5558 ιι
600 5505 658 5559 in
710 5502 905 5569 Joan.,
959 5518 1110 5557 num.
1150 5500 1238 5567 I6,
1279 5515 1403 5556 cum
1463 5498 1741 5554 Christum

144 5595 334 5651 lucem
360 5611 485 5652 esse
508 5596 604 5663 ait,
643 5612 750 5651 non
790 5596 1073 5651 hominum
1100 5596 1387 5659 duntaxat,
1424 5592 1518 5647 sed
1556 5600 1609 5648 et
1646 5606 1743 5645 co-

145 5705 273 5743 rum
320 5690 569 5743 omnium
619 5689 714 5759 qni
762 5688 995 5747 rationis
1039 5702 1266 5748 capaces
1314 5695 1457 5743 sunt.
1510 5684 1615 5741 Nec
1647 5686 1735 5742 bis

228 5870 276 5904 ’τ
304 5871 477 5941 Apoc.
521 5886 628 5938 xiv,
658 5871 711 5926 6.

1848 4675 2111 4728 tariorum
2158 4674 2213 4727 in
2264 4672 2568 4744 Epistulam
2605 4673 2675 4726 ad
2714 4670 2893 4738 Rom.,
2954 4688 3106 4728 num.
3147 4672 3203 4736 4,
3236 4676 3437 4741 quaerit

1847 4782 1914 4820 an
1938 4782 2044 4819 non
2072 4764 2324 4820 Christus
2355 4782 2376 4816 ι
2398 4763 2781 4819 manifestatns
2806 4764 2859 4818 in
2893 4778 3085 4827 carne,
3114 4779 3238 4820 cum
3264 4779 3438 4834 appan

1848 4858 2024 4913 ruerit
2053 4858 2281 4929 angelis,
2308 4876 2327 4910 ι
2349 4856 2507 4925 juxta
2539 4858 2879 4927 Apostolnm,
2904 4858 2981 4913 eis
3013 4860 3216 4927 absque
3250 4857 3442 4911 Evam.

1851 4951 1992 5021 gelio
2042 4966 2149 5005 non
2196 4949 2512 5020 apparuerit
2561 4968 2574 5004 :
2631 4959 2740 5003 tum
2784 4950 3005 5018 subjicit
3035 4950 3270 5004 deinde:
3316 4967 3334 4999 ι
3371 4947 3437 5002 Si

1850 5057 1980 5112 ergo
2005 5057 2129 5095 cum
2153 5041 2403 5109 apparuit
2434 5040 2591 5095 nobis
2622 5041 2955 5103 hominibus,
2984 5056 3089 5095 non
3115 5040 3231 5093 sine
3260 5039 3436 5092 Evan-

1850 5132 1991 5202 gelio
2041 5132 2313 5201 apparuit,
2381 5132 2767 5198 consequentia
2838 5131 3057 5184 videtur
3105 5130 3433 5194 ostendere,

1852 5224 1998 5293 quod
2025 5222 2192 5275 etiam
2228 5220 2477 5290 angelico
2509 5221 2684 5276 ordini
2716 5236 2824 5275 non
2852 5221 2971 5275 sine
3006 5220 3305 5289 Evangelio
3334 5235 3435 5286 ap-

1854 5315 2123 5383 paruerit,
2159 5313 2251 5368 illo
2274 5311 2524 5368 fortassis
2555 5314 2698 5380 quod
2732 5322 2996 5367 aeternum
3030 5312 3381 5383 Evangelium
3404 5326 3438 5365 ιδ

1850 5405 2060 5461 Joanne
2112 5413 2471 5459 memoratum
2519 5404 2566 5436 ⁷⁷
2627 5419 2791 5475 supra
2831 5404 3173 5459 edocuimus.
3214 5403 3270 5457 Si
3302 5417 3437 5456 vero

1851 5503 2014 5557 etiam
2040 5499 2363 5570 in'reliquis
2401 5500 2725 5555 cmlestibus
2770 5499 3055 5554 ordinibus
3093 5498 3203 5553 tale
3231 5496 3437 5568 aliquid

1852 5604 2063 5665 gestum
2103 5607 2228 5648 esse
2272 5594 2342 5648 ab
2371 5607 2436 5648 eo
2467 5592 2853 5663 suspicandum
2888 5591 2984 5659 sit,
3014 5593 3066 5647 in
3093 5606 3155 5646 ea
3187 5606 3292 5661 qua
3323 5589 3437 5643 sin-

1860 5688 1966 5761 guli
2001 5688 2202 5759 quique
2235 5696 2360 5744 sunt
2385 5684 2557 5742 forma
2587 5702 2855 5759 apparens
2888 5686 2986 5756 cis,
3014 5695 3069 5742 et
3100 5683 3438 5742 annuntians
