3898 6524
555 412 660 467 8‘27

1830 422 1889 479 P.
1924 423 2241 480 DANIELIS
2282 424 2372 482 llU
2385 424 2517 480 [ΞΤΙί
3648 439 3723 495 ἓίε

556 549 770 604 pacem,
798 535 1055 604 quoniam
1087 537 1310 606 quidem
1337 554 1435 607 per
1466 542 1789 612 sanguinem
1822 546 2000 600 crucis
2027 563 2137 601 suae
2166 554 2210 609 Α
2246 547 2679 602 manifestatum.
2709 566 2728 599 ι
2764 545 2870 601 Sed
2899 545 3079 604 Rufini
3114 554 3289 603 tamen
3318 548 3572 619 perfidiam
3597 554 3724 612 denuo

556 627 861 696 pacificavit
900 643 1004 682 nun
1047 629 1223 683 solum
1261 646 1379 699 qua:
1415 632 1466 686 in
1503 643 1672 701 terra,
1705 636 1799 690 sed
1828 648 1883 691 et
1914 654 2034 707 qua:
2081 639 2134 693 ln

554 719 711 773 ccelis
734 728 860 774 sunt
891 719 961 783 "‘,
989 722 1236 776 etiatn‘tu
1269 724 1411 792 apud
1437 727 1783 796 temetipsum
1806 730 2083 786 discutito.
2111 752 2131 786 ι

556 812 622 865 Ει
647 827 768 864 cum
800 812 985 867 ltomil.
1016 815 1041 868 l
1078 824 1133 869 et
1178 815 1215 870 9.
1260 817 1314 868 in
1349 815 1541 883 Leria,
1577 821 1854 875 Christum
1895 842 1913 874 ι
1943 823 1994 877 in
2025 838 2137 879 cte-

554 904 783 960 lestibus
810 907 1027 960 vitalem
1061 910 1310 975 corporis
1364 910 1447 963 sui
1503 912 1783 979 virtutem,
1826 914 1971 969 velut
2008 930 2135 971 cor-

552 996 741 1062 porale
788 998 1060 1065 quoddam
1110 1000 1448 1055 sacriiicimn
1505 1001 1816 1060 immolasse
1864 1025 1883 1057 ›
1933 1007 2029 1072 ait,
2082 1018 2135 1062 et

549 1088 799 1143 caelestia
829 1098 1057 1144 eatenus
1093 1092 1415 1158 paciﬁcasse
1444 1108 1542 1160 per
1574 1097 1899 1165 sanguinem
1952 1114 2132 1168 suum,

551 1189 831 1250 quatenus
873 1183 924 1236 in
958 1184 1117 1237 caelis
1152 1201 1250 1253 pro
1289 1201 1517 1240 munere
1539 1186 1757 1243 oblatus
1786 1199 1892 1244 est.

622 1272 694 1325 At
718 1286 909 1328 contra
946 1289 1052 1329 una
1099 1284 1272 1329 morte
1319 1277 1370 1328 in
1416 1278 1582 1332 terris
1618 1280 1765 1333 obita
1812 1282 1974 1337 rebus
2014 1285 2136 1339 uni-

552 1364 734 1417 versis
800 1365 1015 1420 ratione
1100 1366 1388 1423 instructis
1466 1369 1696 1426 salutem
1766 1377 2135 1443 promeruisse

552 1454 834 1510 Christum
862 1458 1110 1527 pluribus
1143 1459 1279 1513 locis
1309 1462 1577 1520 decernit.
1614 1462 1748 1518 Nam
1778 1477 1981 1536 praeter
2017 1488 2134 1525 ma-

550 1562 711 1615 gnam
754 1561 947 1602 eorum
1014 1561 1223 1618 partem
1268 1551 1361 1618 qui
1411 1566 1576 1621 supra
1632 1555 1934 1625 deprompti
1982 1572 2129 1628 sunt,

552 1637 693 1691 unde
726 1638 774 1690 id
805 1638 962 1693 facile
1011 1641 1260 1709 colligas,
1294 1654 1349 1695 et
1389 1644 1530 1698 hunc
1574 1648 1876 1714 praesertim
1917 1652 2048 1705 torni
2079 1654 2133 1707 in

545 1724 814 1781 Joannem
849 1730 1067 1796 prioris,
1098 1747 1246 1783 lilllll.
1281 1732 1376 1792 40.
1413 1733 1464 1785 in
1508 1748 1615 1802 quo
1650 1735 1906 1793 Christus
1932 1741 2134 1795 dicitur

549 1817 726 1887 μέγας
758 1820 1068 1890 ἀρχιερεὺς,
1118 1824 1215 1894 οὐχ
1259 1826 1397 1899 ὑπὲρ
1438 1827 1740 1900 ἀνθρώπων
1779 1832 1958 1901 μόνον,
1993 1832 2130 1889 ἀλλὰ

2242 640 2613 694 recordemur.

2311 734 2383 788 At
2409 733 2518 787 vim
2547 747 2665 787 eam
2692 732 2822 786 licet
2854 731 3014 786 morti
3049 733 3318 801 quondam
3366 732 3415 787 in
3460 738 3595 791 terris
3615 739 3726 794 Chri.

2239 836 2325 881 sto
2352 826 2515 881 illatae
2566 825 2809 879 tribuant
2845 826 2946 880 loci
2994 839 3156 893 supra
3200 826 3429 888 adducti,
3458 844 3561 897 qu:e
3598 830 3724 886 homi-

2239 934 2369 972 num
2405 917 2836 985 angelorumque
2864 916 3145 972 servandis
3170 918 3445 973 ordinibus
3489 919 3723 989 suliiceret;

2237 1007 2434 1062 iterum
2496 1016 2675 1062 tamen
2733 1008 2785 1061 in
2842 1008 3201 1077 sequentibus
3257 1011 3461 1064 szeculis
3509 1028 3721 1080 passurum

2237 1099 2512 1155 Christum
2538 1100 2752 1155 videtur
2787 1097 3056 1153 alIirmare
3090 1101 3238 1154 hom.
3293 1101 3318 1154 1
3353 1103 3405 1155 in
3438 1101 3721 1166 Levit.,num.

2234 1193 2488 1249 3.1Nisi
2542 1193 2665 1261 quia
2733 1192 2894 1259 forte,
2951 1193 3145 1264 inquit,
3203 1193 3308 1249 hoc
3373 1195 3575 1266 intelligi
3606 1200 3722 1253 voluit

2239 1284 2493 1356 (Moyses)
2511 1286 2652 1355 quod
2685 1288 2906 1355 sanguis
2932 1284 3057 1340 Jesu
3087 1301 3194 1340 non
3230 1286 3398 1340 solum
3429 1286 3722 1345 inJerusalem

2238 1375 2442 1432 ell‘usus
2474 1388 2577 1444 est,
2613 1378 2701 1432 ubi
2730 1387 2848 1433 erat
2882 1378 3072 1443 altare,
3111 1389 3166 1434 et
3200 1380 3348 1435 basis
3374 1378 3503 1447 ejus,
3527 1391 3571 1435 et
3600 1384 3722 1438 taber-

2236 1470 2491 1525 naculum
2553 1471 2888 1538 testimonii;
2921 1470 3036 1540 (24)
3076 1472 3170 1526 sed
3211 1482 3266 1526 et
3312 1472 3448 1542 quod
3476 1489 3611 1541 super
3632 1474 3718 1528 illud

2236 1562 2429 1628 altare,
2461 1565 2606 1633 quod
2636 1573 2721 1619 est
2760 1562 2815 1618 in
2849 1563 3027 1630 ctelis,
3076 1563 3165 1618 ubi
3198 1575 3253 1619 et
3290 1563 3520 1618 Ecclesia
3556 1566 3721 1635 primiti-

2234 1670 2424 1710 vorum
2464 1665 2570 1722 est,
2609 1657 2752 1711 idem
2807 1658 2923 1727 ipse
2954 1656 3179 1728 sanguis
3225 1658 3527 1726 asperserit.
3563 1657 3721 1711 DMani-

2234 1746 2405 1804 festus
2432 1764 2560 1803 vero
2585 1749 2794 1804 erroris
2823 1747 2982 1817 hujus
3014 1747 3167 1802 locus
3197 1747 3288 1802 ille
3329 1758 3410 1803 est
3444 1764 3585 1818 quem
3613 1749 3719 1804 exiti-

2234 1840 2325 1895 bet
2351 1840 2685 1896 .Iuslinianus
2727 1841 2780 1894 in
2812 1841 2971 1910 epist.
3007 1842 3073 1894 ad
3098 1839 3315 1895 Menam
3338 1852 3393 1895 et
3423 1841 3513 1895 lib.
3541 1856 3600 1895 tv.
3625 1842 3716 1909 Περὶ

547 1911 642 1961 καὶ
667 1913 868 1975 παντὸς
897 1912 1137 1981 λογικοῦ,
1166 1916 1266 1986 τὴν
1290 1916 1437 1984 ἅπαξ
1460 1918 1650 1973 θυσίαν
1674 1924 2119 1994 προσενεχθεῖσαν

2233 1931 2456 2002 ἀρχῶν,
2526 1949 2676 1989 num.
2741 1899 2861 1988 25.⁵
2905 1932 2997 1987 Sic
3050 1932 3139 1987 ille
3200 1934 3367 2004 vulgo
3433 1933 3588 1988 editus
3628 1899 3719 1987 esi:

547 2001 737 2055 ἑαυτὸν
772 2003 1114 2073 ἀνενεγκών*
1171 2018 1225 2061 et
1265 2008 1425 2063 istum
1484 2021 1743 2079 praeterea
1775 2029 1805 2067 e
1852 2024 1988 2071 tom.
2050 2033 2123 2072 vu

546 2102 734 2146 contra
770 2094 933 2161 Cels.,
980 2114 1106 2151 num
1158 2100 1245 2165 17,
1299 2115 1422 2170 pag.
1488 2103 1590 2157 706
1647 2124 1660 2158 :
1699 2106 2023 2179 ’Υπὲμεινεν
2052 2109 2129 2173 ὡς

544 2184 710 2252 σοφὸς
736 2186 828 2238 καὶ
860 2186 1087 2251 τέλειος,
1131 2189 1274 2263 ἅπερ
1316 2194 1484 2265 ἐχρῆν
1531 2194 1820 2266 ὑπομεῖναι
1862 2200 1951 2252 τὸν
1986 2201 2128 2275 ὑπὲρ

544 2278 749 2341 παντὸς
768 2280 869 2331 τοῦ
890 2280 1083 2349 γένους
1107 2282 1213 2335 τῶν
1238 2283 1562 2356 ἀνθρώπων,
1590 2288 1622 2359 ἢ
1656 2291 1877 2345 καὶτῶν
1892 2292 2127 2363 λογικῶν

543 2368 727 2422 πάντα
768 2371 1111 2443 πράττοντα⁸
1139 2391 1276 2430 unus
1305 2376 1393 2430 ille
1427 2393 1525 2447 pro
1553 2382 1808 2436 omnibus
1844 2398 1965 2439 esse
2000 2401 2125 2454 pos-

544 2471 651 2523 set,
682 2463 770 2530 qui
809 2463 1040 2517 habetur
1066 2464 1118 2517 in
1155 2464 1259 2519 line
1296 2466 1389 2520 lib.
1459 2483 1490 2520 v
1536 2470 1589 2521 in
1638 2469 1808 2533 Epist.
1841 2476 1911 2526 ad
1940 2472 2122 2543 Rom.,

544 2567 697 2607 num.
742 2554 832 2614 lO.
861 2569 981 2625 pag.
1020 2554 1149 2623 568,
1186 2556 1273 2611 ubi
1307 2559 1492 2613 mirari
1543 2575 1602 2615 se
1643 2562 1776 2617 dicit
1810 2581 1831 2616 ι
1860 2567 2124 2634 quosdam

545 2655 735 2699 contra
769 2647 908 2701 hanc
947 2650 1412 2705 evidentissimam
1456 2652 1605 2707 Pauli
1637 2659 1963 2713 sententiam
1990 2660 2126 2715 velle

545 2749 818 2805 asserere,
849 2741 993 2808 quod
1025 2741 1079 2793 in
1108 2740 1305 2797 futuris
1342 2744 1534 2797 iterum
1573 2747 1789 2802 sarculis
1818 2749 1900 2804 vel
1934 2752 2123 2807 eadem

543 2828 631 2882 vel
671 2830 866 2884 similia
911 2834 1021 2901 pati
1055 2849 1275 2889 necesse
1320 2836 1392 2888 sit
1444 2834 1744 2903 Christum,
1788 2851 1849 2895 ut
1899 2843 2123 2899 liberari

542 2922 754 2988 possint
792 2924 957 2976 etiam
1012 2924 1066 2979 hi
1114 2934 1251 2995 quos
1284 2928 1336 2982 in
1369 2930 1625 2997 prmsenti
1676 2931 1784 2986 vita
1843 2935 2126 3005 dispensa-

545 3011 710 3067 tionis
739 3014 858 3081 ejus
884 3017 1148 3072 medicina
1183 3036 1381 3077 sanare
1434 3041 1537 3079 non
1583 3028 1775 3095 potuit.
1801 3044 1821 3079 ι
1870 3028 1942 3083 Et
1966 3030 2124 3100 paulo

542 3115 699 3174 post:
737 3108 893 3161 «Sed
935 3111 1002 3163 ad
1064 3112 1201 3179 inec,
1261 3113 1453 3185 inquit,
1510 3133 1609 3171 nos
1670 3119 1908 3175 breviter
1963 3133 2124 3191 prout

2231 2022 2354 2076 Ὀτι
2382 2023 2476 2076 καὶ
2493 2023 2633 2094 ὑπὲρ
2650 2023 2921 2094 δαιμόνων
2935 2024 3016 2077 δεῖ
3036 2024 3127 2078 τὸν
3144 2023 3379 2096 Χριστὸν
3406 2026 3719 2097 σταυρωθῆναι,

2230 2117 2324 2170 καὶ
2355 2116 2616 2181 πολλάκις
2639 2116 2796 2170 τοῦτο
2818 2119 2896 2181 εἰς
2918 2118 3045 2180 τοὺς
3077 2117 3369 2188 ἐσομένους
3400 2116 3609 2180 αἱῶνας’

2229 2209 2334 2263 κᾶν
2379 2209 2544 2280 μέχρι
2579 2208 2671 2262 τοῦ
2730 2208 2937 2273 πάθους
2968 2228 3053 2273 τις
3086 2209 3322 2282 ζητήσῃ,
3358 2211 3600 2283 τολμηρὸν
3627 2208 3719 2272 δόξει

2230 2303 2405 2357 ποιεῖν
2452 2302 2578 2373 περὶ
2616 2302 2724 2355 τῶν
2757 2301 3022 2373 οὐρανίων
3066 2302 3251 2355 τόπων
3283 2301 3413 2355 αὐτὸ
3447 2300 3624 2371 ζητῶν
3645 2299 3719 2352 ἀλλ’

2229 2397 2277 2449 ει
2311 2394 2426 2447 ἔστι
2459 2394 2808 2465 πνευματικά
2830 2394 2930 2465 τῆς
2956 2393 3221 2464 πονηρίας
3257 2395 3315 2445 ὲν
3359 2395 3465 2455 τοῖς
3502 2391 3717 2461 οὐρανίοις,

2229 2488 2337 2558 ἄρα
2377 2488 2425 2540 ει
2459 2487 2647 2559 ὥσπερ
2694 2487 2883 2541 ἐνθάδε
2936 2486 3037 2540 οὐκ
3069 2484 3368 2557 αἰδούμεθα
3405 2474 3717 2553 σταυρώμεπν

2227 2578 2512 2649 ὁμολογεῖν
2538 2581 2631 2633 ἐπὶ
2656 2579 2995 2651 καθαιρέσει,
3027 2571 3102 2632 ὧν
3130 2577 3349 2632 καθεῖλε
3377 2577 3459 2630 διὰ
3479 2576 3558 2629 τοῦ
3581 2592 3717 2627 πεπον-

2229 2672 2379 2728 θέναι
2406 2693 2421 2707 ·
2462 2674 2605 2729 οὕτω
2638 2674 2699 2727 τὸ
2733 2673 2894 2727 κάκεὶ
2937 2671 3323 2744 παραπλήσιον
3370 2670 3578 2729 διδόντες
3622 2665 3717 2734 γίνε-

2228 2767 2352 2820 σθαι
2398 2767 2466 2822 τὰ
2506 2769 2599 2822 καὶ
2640 2768 2789 2837 ἑξῆς,
2831 2766 2937 2829 ἓως
2980 2767 3079 2837 τῆς
3122 2764 3433 2828 συντελείας
3470 2763 3550 2816 τοῦ
3580 2758 3717 2821 παντὸς

2226 2859 2442 2923 αἰῶνος,
2475 2858 2534 2913 οὐ
2564 2858 3009 2930 φοϐηθησόμεθα.
3067 2856 3242 2923 Quem
3300 2858 3469 2910 locum
3512 2854 3716 2921 aliquanto

2227 2951 2545 3020 ampliorem
2597 2961 2653 3005 et
2696 2950 2892 3005 Latino
2944 2952 3024 3005 sic
3074 2958 3398 3019 conceptum
3432 2961 3638 3004 sermone
3659 2960 3715 2997 re-

2226 3051 2521 3113 praesentat
2553 3042 2912 3115 Hieronymus
2937 3042 2990 3097 in
3017 3042 3177 3111 epist.
3202 3041 3293 3106 6i,
3320 3044 3384 3097 ad
3414 3035 3714 3108 Avit..cap.l:

2232 3151 2253 3188 ι
2296 3133 2619 3190 Sicutenim
2656 3150 2753 3205 per
2781 3135 3026 3189 umbram
3062 3134 3341 3205 Evangelii
3376 3133 3591 3187 umbram
3628 3129 3715 3196 legis

542 3212 830 3267 possumus
865 3205 1340 3272 respondebimus.
1392 3207 1613 3265 Manere
1658 3213 1876 3281 quidem
1913 3226 2120 3270 natura:
2146 3233 2189 3290 ο
2224 3224 2468 3296 implevit
2507 3245 2524 3290 ς
2573 3227 2674 3293 sic,
2703 3227 2829 3295 quia
2871 3226 3051 3280 omnis
3073 3226 3154 3281 lex
3193 3226 3497 3297 exemplum
3521 3235 3565 3280 et
3584 3223 3713 3277 umbra

543 3291 855 3348 rationabili
913 3311 1132 3365 semper
1178 3299 1406 3354 liberum
1461 3303 1749 3359 arbitrium
1797 3321 1905 3361 non
1954 3322 2122 3378 nega-

540 3396 699 3450 mus;
732 3387 824 3439 sed
853 3396 1056 3442 tantam
1092 3406 1212 3445 esse
1243 3392 1350 3446 vim
1383 3394 1563 3448 crucis
1590 3396 1813 3464 Christi,
1842 3407 1896 3453 et
1928 3402 2122 3456 mortis

542 3473 723 3541 lmjus,
754 3492 916 3546 quam
950 3480 1003 3534 in
1029 3484 1350 3537 saeculorum
1379 3483 1485 3538 line
1511 3488 1770 3558 suscepit,
1799 3492 2117 3559 asserimus,

540 3581 663 3632 qua:
685 3568 750 3621 ad
781 3571 1071 3626 sanitatem
1100 3583 1155 3627 et
1190 3575 1489 3630 remedium
1524 3592 1631 3631 non
1661 3581 1838 3635 solum
1872 3597 2115 3652 praesen-

543 3656 615 3711 tis
655 3668 710 3711 et
748 3659 938 3727 futuri,
987 3666 1079 3718 sed
1119 3669 1284 3721 etiam
1311 3657 1711 3739 praeteritorum
1754 3675 2115 3745 saeculorum;

539 3758 594 3801 et
659 3766 765 3805 non
827 3754 1001 3810 solum
1064 3758 1301 3815 humano
1355 3764 1479 3817 huic
1525 3777 1711 3821 nosuo
1758 3768 1960 3833 ordini,
2021 3772 2117 3825 sed

538 3843 705 3897 etiam
738 3848 1057 3904 ctelestibus
1088 3852 1383 3909 virtutibus
1434 3857 1825 3929 ordinibusque
1866 3862 2113 3921 suiliciat.

540 3934 847 3991 Secundum
880 3942 1211 3997 sententiam
1242 3961 1476 4015 namque
1505 3949 1673 4018 ipsius
1708 3951 1859 4007 Pauli
1887 3957 2115 4024 apostoli

536 4029 785 4085 Christus
844 4033 1149 4101 paciﬁcavit
1208 4052 1305 4104 per
1367 4043 1688 4111 sanguinem
1754 4045 1936 4101 crucis
1978 4062 2113 4114 suae,

537 4137 642 4175 non
667 4125 841 4177 solum
871 4141 991 4194 quae
1020 4128 1070 4181 in
1108 4139 1253 4181 terra
1274 4142 1421 4197 sunt,
1441 4134 1605 4189 sedet
1632 4150 1752 4204 qua:
1782 4137 1835 4191 in
1864 4137 2057 4195 ctelis:
2090 4159 2109 4191 ι

535 4217 619 4271 vel
657 4219 747 4275 ille
796 4237 825 4274 e
856 4220 994 4277 libro
1050 4239 1088 4278 ιι
1124 4226 1267 4294 Περὶ
1312 4228 1538 4297 ἀρχῶν,
1580 4245 1699 4300 cap.
1754 4234 1809 4297 5,
1865 4250 2015 4290 num.
2057 4236 2111 4289 5.

539 4324 561 4359 ι
625 4309 792 4365 Docet
854 4324 1056 4379 autem,
1103 4316 1298 4386 inquit,
1342 4330 1564 4375 sanctus
1604 4324 1893 4391 Apostolus
1965 4325 2110 4396 quod

533 4396 785 4455 Christus
821 4402 872 4455 in
902 4419 967 4458 eo
992 4407 1189 4461 saeculo
1235 4411 1378 4478 quod
1413 4419 1541 4464 ante
1576 4411 1680 4467 hoc
1709 4412 1851 4483 (fuit,
1890 4430 1997 4470 non
2030 4426 2113 4471 est

534 4505 748 4559 passus,
781 4494 875 4547 sed
904 4512 971 4550 ne
999 4498 1049 4550 in
1080 4498 1171 4550 illo
1199 4500 1414 4567 quidem
1437 4504 1578 4568 quod
1607 4512 1734 4557 ante
1766 4505 1940 4573 ipsum
1972 4506 2106 4561 fuit:

2227 3328 2308 3373 est
2334 3319 2781 3373 caaremoniarum
2816 3318 3141 3384 ctelestium,
3163 3318 3475 3388 diligentius
3508 3316 3715 3386 requiren-

2226 3412 2374 3480 dum,
2406 3420 2584 3466 utrum
2622 3420 2769 3467 recte
2808 3410 3176 3478 intelligamus
3227 3411 3400 3483 legem
3436 3422 3616 3480 quoque
3642 3418 3716 3459 cte-

2223 3501 2434 3568 lestem,
2463 3512 2517 3558 et
2538 3503 2893 3559 caeremonias
2921 3505 3138 3573 superni
3186 3504 3369 3559 cultus
3403 3500 3711 3574 plenitudinem

2222 3606 2328 3646 non
2364 3576 2586 3653 habere,
2618 3592 2713 3646 sed
2746 3592 2991 3662 indigere
3038 3591 3327 3659 Evangelii
3368 3592 3592 3651 veritate,
3615 3582 3713 3654 quod

2224 3681 2279 3735 in
2304 3680 2531 3737 Joannis
2556 3680 2880 3752 Apocalypsi
2910 3680 3268 3751 Evangelium
3316 3679 3532 3750 legimus
3576 3670 3714 3741 sempi-

2221 3782 2433 3828 ternum
2467 3774 2537 3839 3°,
2580 3774 2647 3827 ad
2677 3771 3145 3843 comparationem
3182 3772 3443 3829 videlicet
3479 3768 3613 3837 hujus
3646 3778 3711 3817 no-

2220 3867 2318 3921 stri
2356 3867 2657 3938 Evangelii,
2691 3868 2837 3936 quod
2872 3866 3170 3938 temporale
3200 3874 3308 3930 est,
3340 3865 3460 3920 etin
3493 3860 3712 3954 transitura

2220 3961 2423 4013 mundo
2446 3974 2511 4013 ac
2534 3960 2733 4013 saeculo
2761 3959 3140 4029 praedicatum.
3159 3958 3317 4025 Quod
3340 3957 3540 4026 quidem
3562 3951 3711 4005 etiamsi

2218 4066 2393 4120 usque
2432 4051 2498 4104 ad
2528 4052 2838 4120 passionem
2889 4050 3107 4106 Domini
3165 4048 3465 4103 Salvatoris
3507 4040 3713 4137 inquirere

2218 4142 2593 4197 voluerimus:
2643 4157 2951 4213 quanquam
2996 4143 3172 4197 audax
3229 4150 3287 4195 et
3330 4134 3713 4227 tenterariumAS-il

2218 4232 2271 4288 i’n
2299 4232 2437 4288 casio
2472 4233 2592 4303 ejus
2620 4249 2867 4303 quaerere
2904 4234 3246 4303 passionem;
3302 4243 3474 4287 tamen
3522 4227 3560 4281 si
3586 4222 3711 4319 spiri-

2219 4324 2345 4378 talia
2378 4308 2634 4391 n'equitize
2663 4324 2713 4376 in
2739 4323 3057 4379 coelestibus
3087 4333 3235 4388 sunt,
3269 4330 3329 4376 et
3373 4335 3474 4375 non
3502 4310 3709 4372 erubesci-

2216 4429 2337 4467 mus
2369 4427 2585 4467 crucem
2632 4412 2845 4468 Domini
2897 4413 3145 4469 conﬁteri
3200 4421 3423 4483 prepter
3460 4402 3709 4502 destructio-

2215 4520 2342 4559 nem
2371 4519 2581 4568 eorum,
2632 4520 2751 4573 qua:
2781 4521 2877 4560 sua
2919 4506 3173 4576 passione
3212 4505 3478 4561 destruxit
3511 4520 3524 4568 ;
3568 4511 3642 4553 cur
3669 4504 3713 4544 ιι·

534 4590 589 4637 et
647 4585 830 4638 nescio
870 4588 914 4640 si
964 4603 1289 4646 enumerare
1340 4591 1606 4647 suliiciam
1644 4607 1849 4663 quanta
1912 4596 2111 4653 fuerint
2145 4588 2189 4642 D
2221 4613 2464 4652 meamus
2489 4597 2655 4652 etiam
2686 4598 2738 4651 in
2773 4600 3026 4668 supernis
3050 4599 3205 4666 locis,
3234 4601 3287 4653 in
3322 4590 3710 4654 consummatione

532 4680 804 4733 anteriora
836 4680 1027 4734 szecula
1061 4683 1112 4735 in
1143 4685 1339 4751 quibus
1370 4702 1564 4753 passus
1604 4703 1710 4741 non
1738 4698 1843 4743 est.
1884 4691 1963 4745 Ex
1992 4693 2115 4760 qui-

533 4773 631 4824 bus
659 4782 839 4827 autem
882 4775 1226 4831 sermonibus
1260 4775 1411 4832 Pauli
1454 4781 1522 4831 ad
1562 4781 1904 4837 occasionem
1952 4783 2113 4851 hujus

530 4864 908 4934 intelligentia:
940 4870 1203 4931 venerim,
1233 4873 1528 4937 proferam.
1564 4873 1655 4925 Ait
1684 4874 1828 4926 enim
1881 4888 1897 4927 :
1952 4874 2109 4929 Nunc

530 4975 645 5010 vero
681 4959 839 5011 semel
873 4961 925 5012 in
972 4965 1423 5017 consummatione
1480 4965 1796 5018 stimulorum
1845 4967 1915 5020 ad
1954 4967 2113 5037 refel—
2163 4999 2177 5015 ο

527 5049 741 5100 tendum
762 5060 1036 5118 peccatum
1063 5069 1157 5120 per
1186 5054 1411 5106 hostium
1437 5057 1519 5108 sui
1542 5058 1918 5125 manifestatur
1940 5072 2016 5114 est
2043 5060 2110 5114 "’.

528 5141 707 5195 Semel
768 5145 913 5196 enim
976 5146 1053 5199 ait
1095 5146 1323 5200 hostiam
1360 5146 1635 5213 cll'ectum,
1671 5159 1727 5203 et
1757 5151 1811 5203 in
1845 5166 2104 5206 consum-

528 5236 767 5290 matione
798 5235 1124 5291 saeculorum
1160 5238 1225 5291 ad
1262 5238 1614 5294 refellendum
1664 5251 1953 5310 peccatum
1987 5259 2108 5300 esse

599 5369 645 5400 ⁷⁸
672 5370 880 5426 Coloss.
915 5387 955 5439 ι,
984 5372 1075 5426 20.
1152 5373 1385 5430 "llebr.
1436 5390 1513 5441 ιχ,
1559 5375 1652 5434 26.

600 5504 715 5589 (ἓξ)
752 5508 857 5589 Sed
879 5511 1113 5589 etnquod
1149 5529 1306 5589 super
1340 5514 1633 5589 illud,_etc.
1668 5514 1952 5583 Vitiosam,
1984 5534 2105 5589 qum

529 5577 583 5657 in
614 5577 994 5657 Cenebrardi'
1028 5577 1270 5637 editione
1322 5596 1436 5657 est,
1505 5586 1793 5641 lectionem
1855 5577 2105 5657 sequitur

532 5648 796 5724 Iluetius;
835 5666 960 5724 vera
1000 5661 1084 5704 est
1134 5664 1316 5724 autem
1368 5654 1455 5709 illa
1517 5671 1680 5724 quam
1716 5658 1883 5712 editio
1915 5648 2100 5713 nostra

531 5733 606 5795 es
637 5719 740 5771 iide
777 5721 1017 5795 omnium
1064 5722 1309 5795 codicum
1347 5719 1841 5795 tnanus'criptorum
1887 5728 1967 5782 sic
2007 5744 2102 5782 ex-

536 5787 684 5865 hibet
711 5805 725 5839 :
768 5808 794 5865 ¢_
822 5789 927 5865 _Sed
955 5799 1008 5865 et
1059 5793 1198 5865 quod
1228 5809 1520 5865 supernum
1545 5787 1720 5848 altare
1763 5800 1905 5865 quod
1934 5807 2016 5853 est
2044 5799 2098 5852 in

536 5858 712 5923 caelis,
747 5859 834 5913 ubi
867 5867 917 5913 ct
956 5858 1192 5914 Ecclesia
1221 5858 1615 5932 primitivorum
1664 5858 1955 5935 estfidcm
1990 5868 2102 5939 ipse

2219 4690 2541 4746 saeculorum
2600 4691 2804 4761 aliquid
2863 4692 3043 4748 simile
3093 4693 3388 4761 suspicari,
3441 4698 3496 4743 ut
3535 4681 3708 4739 omni"m

2218 4781 2457 4838 locorum
2499 4794 2688 4855 gentes
2728 4784 2872 4840 illius
2906 4786 3162 4853 passione
3190 4780 3501 4840 salventur?
3526 4797 3542 4829 ι
3566 4776 3623 4829 Ex
3644 4772 3709 4823 hac

2219 4874 2533 4948 Hieronymi
2593 4879 3042 4949 interpretatione
3106 4878 3273 4949 liquet
3324 4861 3708 4947 perperamalu'

2214 4970 2449 5025 stiniano
2498 4980 2721 5042 accepta
2765 4972 2933 5027 fuisse
2972 4972 3134 5027 verba
3183 4971 3459 5041 Origeuis;
3487 4978 3589 5021 nam
3611 4953 3707 5025 ειυοτί

2210 5064 2350 5131 apud
2377 5080 2500 5119 eum
2531 5064 2727 5134 legitur
2758 5085 2770 5120 :
2805 5065 2954 5130 Ἕως
2983 5065 3084 5137 τῆς
3115 5063 3421 5127 συντελείας
3449 5059 3532 5115 τοῦ
3566 5048 3707 5109 mitti;

2216 5154 2432 5221 αἰῶνος,
2475 5164 2656 5211 tamne
2713 5155 2906 5225 supine
2957 5164 3011 5211 et
3062 5156 3400 5225 negligenter
3453 5143 3707 5206 intellexisse

2216 5250 2503 5305 credemus
2530 5247 2944 5321 Hieronymum,
2983 5261 3040 5305 ut
3069 5256 3330 5316 verteret,
3393 5266 3412 5299 ι
3445 5246 3492 5300 in
3513 5247 3705 5298 consum-

1728 5376 1776 5408 ⁸⁸
1816 5376 1989 5448 Apoc.
2032 5396 2149 5447 xiv,
2179 5379 2232 5436 6.

2214 5521 2440 5602 sanguis
2465 5524 2831 5602 asperserit...»
2874 5522 2952 5602 Ex
2992 5523 3095 5602 hac
3125 5524 3356 5602 genuina
3407 5516 3704 5602 lectiottﬂf:

2214 5587 2398 5658 peram
2428 5587 2721 5647 inferretur
2757 5595 3033 5649 Christum
3057 5587 3207 5659 juxta
3260 5592 3532 5660 Or-igenein
3559 5587 3701 5660 item!

2216 5647 2266 5713 in
2298 5663 2650 5762 Sequtlriitilius
2694 5664 2908 5719 saeculis
2938 5647 3249 5762 pass'urlum.
3273 5647 3700 5762 'ldvunuﬁt'folm

2216 5739 2383 5762 ιιηιοοι
2491 5732 2641 5762 ludos:
2674 5745 2900 5762 ll|.\nI.-.-\
2934 5750 3035 5762 ..η-ι
3067 5749 3126 5762 sn
3154 5748 3240 5762 ...η
3293 5745 3434 5762 ους-,ις
3465 5744 3499 5762 ιιι
3593 5758 3603 5762 -
3634 5756 3643 5762 .

2210 5727 2410 5797 potest,
2441 5729 2642 5785 Christi
2674 5745 2901 5809 tnortem
2934 5727 3036 5787 ἱιοιι
3067 5732 3243 5809 solum
3273 5727 3688 5809 terrestribll§if€

2212 5793 2267 5853 et
2300 5801 2614 5873 cretes-tibus
2668 5805 2940 5871 profuisse
2985 5820 2998 5856 :
3036 5802 3177 5873 quod
3213 5800 3453 5857 docuisse
3502 5793 3699 5861 Origene!

2212 5870 2411 5940 passim
2452 5870 2683 5927 videtur.
