3916 6518
168 433 247 489 839

954 428 1527 485 ORIGENIANORUM
1568 428 1695 485 LIB.
1738 429 1803 493 ll,
1844 431 1996 487 CAP.
2038 432 2100 497 ll,
2140 433 2420 500 Oli/EST.
2463 436 2549 493 Ill.

3284 440 3392 493 850

170 549 375 606 matioue
414 545 752 601 saeculorum
783 546 805 600 ?
842 566 859 599 ι
902 545 1091 601 Potius
1120 554 1204 601 est
1250 554 1307 599 ut
1359 546 1603 600 dicamus
1637 546 1713 601 le-
1741 553 1785 607 Α
1818 549 2198 615 terrestribus,
2233 552 2326 607 sed
2362 553 2526 607 etiam
2562 566 2661 622 pro
2697 550 3010 607 etelestilms
3051 550 3265 607 oblatus
3307 563 3393 607 est

169 645 385 708 gendum,
437 639 532 692 ἐπὶ
554 640 662 709 τῆς
693 639 1000 702 συντελείας
1041 638 1133 692 τοῦ
1174 638 1390 703 αἰῶνος,
1451 640 1594 693 l'acili
1624 640 1713 693 lit-

170 746 370 788 terarum
405 732 853 800 permutatione:
879 747 1000 785 nam
1030 741 1085 786 et
1109 730 1202 785 lib.
1263 747 1295 784 v
1351 733 1407 785 in
1444 731 1612 797 Epist.
1645 732 1714 785 ad

173 829 317 891 Rom.,
377 840 526 880 num.
595 823 691 889 10,
744 840 865 895 pag.
914 824 1039 887 568,
1097 825 1189 878 ubi
1246 825 1412 878 vertit
1461 824 1710 888 Ruﬁnus,

150 919 372 972 νιιιιοτιίε
395 918 585 984 hujus,
627 934 791 987 qnam
828 921 877 972 in
906 918 1227 973 saeculorum
1267 918 1373 973 ﬁne
1400 920 1662 988 suscepit,
1690 938 1708 970 ι

169 1012 426 1067 verisimile
452 1022 542 1067 est
574 1012 869 1077 scripsisse
904 1012 1091 1065 itidem
1119 1010 1432 1081 Origenem,
1484 1014 1576 1066 ἐπὶ
1614 1015 1715 1085 τῆς

173 1103 440 1166 συντελείας
486 1103 587 1156 τοῦ
640 1104 857 1166 αἰῶνος.
912 1102 967 1156 Id
1019 1102 1063 1157 si
1117 1104 1188 1156 ita
1233 1111 1336 1167 est,
1383 1102 1713 1174 Origeniano

171 1197 267 1252 huic
294 1195 406 1249 loco
440 1195 648 1248 lemma
696 1193 1001 1262 hujusmodi
1049 1192 1391 1248 Justinianus
1442 1195 1716 1251 immerito

171 1285 462 1357 praeﬁxerit:
493 1285 622 1336 Ὅτι
655 1286 749 1337 καὶ
774 1285 911 1356 ὑπὲρ
940 1285 1208 1356 δαιμόνων
1240 1284 1321 1337 δεῖ
1346 1286 1438 1338 τὸν
1483 1286 1717 1357 Χριστὸν

172 1378 535 1450 σταυρωθῆναι,
567 1381 665 1433 καὶ
690 1378 951 1441 πολλάκις
978 1378 1135 1431 τοῦτο
1166 1378 1247 1441 εἰς
1267 1378 1394 1441 τοὺς
1425 1378 1715 1449 ἐσομένους

172 1471 351 1532 αἰῶνας.
383 1488 400 1520 ‹
430 1468 710 1538 Oportere
751 1468 1027 1523 Christmn
1061 1468 1224 1521 etiam
1253 1483 1352 1537 pro
1383 1468 1717 1523 dzemonibus

172 1560 396 1631 cruciﬁgi,
428 1560 601 1629 idque
633 1560 834 1629 sapius
863 1559 915 1612 in
946 1559 1143 1613 futuris
1188 1558 1438 1613 saeculis:
1494 1577 1514 1611 ι
1568 1560 1713 1627 quod

172 1668 267 1707 cum
296 1662 444 1705 extra
481 1651 746 1704 ordinem
777 1651 831 1704 in
867 1649 1047 1704 {route
1079 1649 1500 1705 describendum
1545 1660 1713 1716 esset,

171 1742 278 1799 male
305 1743 665 1811 sequentibus
689 1742 743 1793 in
772 1756 933 1794 unam
963 1741 1159 1795 seriem
1193 1749 1455 1795 attextum
1494 1750 1599 1796 est.

220 1833 384 1889 XXIV.
424 1833 591 1887 Certe
621 1834 690 1887 de
737 1841 913 1887 morte
963 1847 992 1885 a
1028 1831 1247 1888 Christo
1277 1833 1511 1901 appetita
1551 1832 1714 1887 aliter

169 1927 363 1983 sensisse
393 1924 695 1995 Origenem
751 1939 815 1978 ac
862 1925 1022 1993 vulgo
1064 1925 1115 1978 in
1166 1938 1287 1977 eum
1330 1924 1591 1995 jactatnr,
1649 1940 1716 1979 ex

169 2018 425 2088 perspectis
459 2025 681 2071 attenta
731 2016 1171 2071 consideratione
1212 2016 1329 2085 ejus
1375 2017 1559 2071 verbis
1589 2031 1718 2071 con-

166 2108 391 2176 jecturam
447 2111 654 2176 capio;
718 2122 895 2175 neque
948 2107 1091 2161 enim
1133 2096 1447 2176 persuaderi
1497 2122 1715 2175 possunt

169 2211 335 2254 tantum
370 2201 420 2254 in
464 2215 536 2254 eo
572 2198 749 2253 fuisse
778 2199 1043 2254 vecordiae
1067 2241 1081 2264 ,
1116 2208 1174 2253 ut
1211 2199 1407 2253 iterata
1436 2198 1715 2254 Christum

167 2293 228 2346 rel
260 2307 489 2361 passum,
530 2290 622 2345 vel
662 2306 947 2359 passurum
1000 2304 1122 2343 esse
1157 2290 1715 2358 crederctsupplicia,

166 2388 304 2439 autin
330 2386 491 2450 caelo,
534 2393 634 2437 aut
666 2384 718 2436 in
757 2398 924 2446 aere;
960 2381 1044 2435 vel
1087 2381 1298 2451 angeli,
1338 2382 1424 2438 vel
1459 2383 1719 2437 dannonis

166 2478 366 2531 indutum
397 2477 606 2531 forma.
654 2474 953 2530 Calumniae
1002 2473 1129 2528 huic
1166 2474 1463 2539 praebuisse
1506 2474 1720 2528 videtur

165 2582 309 2620 ansam
341 2561 479 2621 unus
516 2567 611 2621 ille
640 2567 798 2620 locus
855 2577 1014 2632 quem
1042 2564 1343 2633 proferunt
1382 2562 1718 2618 Justinianus

164 2671 202 2714 et
227 2661 598 2731 Hieronymus.
638 2658 776 2712 Nam
826 2657 991 2711 alium
1027 2657 1228 2711 nullum
1283 2660 1559 2726 expressis
1613 2659 1719 2713 hm-

165 2767 311 2807 reseos
341 2753 506 2822 hujus
534 2753 686 2806 notis
729 2752 997 2820 insignem
1032 2751 1171 2817 apud
1208 2764 1329 2803 eum
1365 2753 1598 2821 reperio,
1622 2768 1721 2806 nec

163 2846 269 2899 ullos
295 2845 342 2898 in
371 2846 443 2899 iis
477 2843 767 2898 exstitisse
800 2841 1267 2896 lucubrationibus
1311 2842 1606 2898 verisimile
1638 2853 1721 2897 est

163 2951 253 3004 quae
276 2937 676 2990 interciderunt
705 2951 720 2998 ;
755 2949 857 2989 nec
896 2948 991 2988 eos
1027 2934 1227 3003 quippe
1260 2934 1495 2988 intactos
1527 2936 1720 2987 adver-

164 3029 385 3099 sariiejus
409 3027 934 3098 prartermisissent.
960 3026 1029 3079 At
1053 3025 1228 3081 locum
1260 3025 1403 3081 hunc
1430 3024 1722 3080 Iustiniani

164 3133 444 3191 corruptum
489 3120 669 3175 fuisse
703 3118 1222 3174 demonstravimus.
1272 3117 1422 3183 Quod
1455 3118 1498 3172 si
1531 3116 1724 3171 Hiero-

165 3214 281 3284 nymi
308 3211 759 3284 interpretationi
810 3210 1184 3265 adhaereamus
1208 3250 1224 3276 ,
1259 3225 1365 3263 non
1398 3218 1504 3263 tam
1539 3220 1722 3277 aperta

166 3304 547 3368 eritsententia,
584 3312 648 3356 ut
696 3301 824 3355 inde
866 3302 1129 3370 consequi
1165 3301 1355 3355 demus
1403 3302 1455 3355 id
1490 3301 1722 3355 voluisse

165 3399 243 3452 sibi
287 3397 580 3470 Origenem
608 3435 626 3461 ,
686 3394 966 3449 Christum
999 3409 1098 3461 pro
1148 3394 1485 3449 diemonibus
1526 3395 1721 3449 iterum

165 3502 354 3546 mortem
397 3491 810 3561 appetiturum.
871 3490 1158 3544 Maximam
1195 3497 1454 3557 praeterea
1490 3496 1545 3541 et
1588 3502 1725 3555 pne-

164 3584 337 3652 cipuatu
390 3582 679 3653 dogmatis
736 3581 899 3651 bujus
954 3590 1182 3649 partem,
1243 3593 1362 3648 quae
1405 3593 1502 3647 pro
1552 3576 1727 3631 salute

164 3678 432 3733 daemonum
455 3677 771 3730 dazmonem
801 3676 1039 3728 futurum
1070 3672 1344 3727 Christum
1377 3672 1585 3734 statuit,
1624 3671 1726 3723 mi-

165 3770 279 3826 nime
304 3773 353 3824 in
391 3768 662 3838 Origenis
697 3775 915 3820 exstare
947 3766 1101 3819 libris
1132 3764 1335 3817 fatetur
1366 3762 1729 3831 Hieronymus

164 3864 291 3931 epist.
314 3864 376 3917 Gl
410 3863 480 3916 ad
507 3863 698 3925 Avit.,
730 3874 849 3928 cap.
878 3859 934 3925 4,
972 3857 1065 3912 sed
1102 3872 1166 3911 ex
1200 3856 1317 3925 ejus
1350 3863 1552 3908 tantum
1603 3869 1729 3922 pro-

163 3956 393 4011 nunttiatis
423 3951 744 4008 necessario
772 3948 1038 4018 proﬂuere
1060 3948 1361 4003 arbitratus
1398 3956 1515 4013 est;
1544 3946 1729 3999 itidem

164 4057 209 4100 ut
244 4046 658 4101 Alexandrinus
713 4040 803 4096 ille
848 4038 1216 4107 Theophilus,
1271 4037 1728 4107 quemadmodum

164 4137 272 4204 dixi,
299 4153 421 4192 cum
456 4150 658 4191 eorum
698 4130 1082 4186 accusationes
1128 4142 1490 4182 recenserem.
1528 4124 1733 4179 Genui-

164 4246 263 4284 nam
316 4246 448 4301 ergo
496 4230 569 4282 de
634 4232 811 4280 morte
870 4221 1075 4277 Christi
1130 4219 1430 4275 doctrinam
1482 4214 1733 4284 Origenis

166 4321 278 4378 hanc
297 4321 461 4376 fuisse
504 4333 747 4376 censeo:
775 4314 942 4370 semel
966 4311 1189 4367 omnino
1207 4310 1482 4365 Christum
1512 4308 1733 4370 obiisse,

168 4418 207 4470 in
232 4418 381 4472 terris
416 4415 711 4476 nimirum,
765 4424 888 4463 cum
926 4424 954 4462 a
990 4406 1183 4462 Pontio
1222 4403 1394 4458 Pilato
1430 4401 1592 4454 morti
1638 4401 1735 4455 ad-

165 4510 319 4566 dictus
356 4521 443 4566 est
481 4528 496 4564 :
538 4515 837 4578 postquam
868 4512 1045 4556 autem
1084 4506 1313 4553 cruento
1338 4496 1448 4549 illic
1474 4502 1737 4549 mactatus

1817 639 1997 695 hosﬁa
2033 639 2214 708 Jesus,
2261 653 2317 697 et
2344 645 2432 699 hic
2478 643 2694 713 quidem
2737 658 2835 713 pro
2872 643 3183 699 hominibus
3219 647 3390 713 ipsam

1817 732 2152 799 corporalem
2196 736 2473 788 materiam
2509 738 2787 806 sanguinis
2815 738 2898 790 sui
2942 737 3114 789 fudit:
3144 738 3195 791 in
3228 739 3393 791 caele-

1817 824 1989 878 stibus
2021 840 2152 879 vero
2176 826 2614 891 ministrantibus
2666 832 2749 897 (si
2787 829 2878 898 qui
2924 829 2998 881 illi
3051 829 3182 882 inibi
3225 828 3391 897 sum)

1819 915 2221 981 sacerdotibus,
2254 919 2471 973 vitalem
2507 921 2751 990 corporis
2788 921 2869 974 sui
2907 921 3164 974 virtutem
3191 960 3207 986 ,
3246 920 3394 973 velut

1815 1006 2098 1075 corporale
2137 1010 2407 1077 quoddam
2437 1011 2789 1079 sacriﬁcium,
2823 1012 3145 1065 immolavit.
3176 1030 3194 1062 ι
3230 1012 3391 1064 Addit

1817 1097 2011 1154 deinde
2053 1100 2320 1169 duplicem
2355 1102 2406 1155 in
2443 1118 2507 1156 eo
2541 1101 2709 1157 fuisse
2756 1105 2984 1158 hosnatn
3010 1146 3024 1169 ,
3074 1120 3234 1157 unam
3283 1114 3393 1157 ter-

1818 1191 2083 1246 restribus
2135 1193 2570 1257 convenientem,
2605 1195 2765 1248 aliam
2811 1205 2993 1263 aptam
3036 1194 3389 1260 cmlestibns;

1816 1291 2017 1336 etcum
2062 1283 2260 1352 duplici
2309 1284 2399 1340 illo
2451 1285 2751 1351 velamine,
2810 1288 2951 1355 quod
3004 1297 3394 1341 commemorat

1816 1370 2012 1426 Paulus
2040 1374 2092 1428 in
2138 1375 2377 1442 Epistola
2406 1377 2473 1430 ad
2508 1376 2767 1431 llebrams
2798 1378 2868 1443 ⁸³,
2896 1394 3025 1432 caro
3058 1378 3285 1442 Christi,
3338 1386 3393 1430 ct

1819 1465 2015 1520 uelum
2044 1468 2187 1535 quod
2224 1467 2338 1536 ipse
2379 1469 2710 1536 penetravit,
2746 1470 3151 1539 signiﬁcentur,
3197 1469 3390 1537 duplev

1817 1558 2045 1627 proinde
2093 1558 2503 1630 intelligendum
2555 1574 2676 1614 esse
2734 1560 3061 1615 sacriﬁcium
3108 1575 3204 1629 per
3248 1562 3391 1628 quod

1820 1650 2171 1705 terrestribus
2193 1659 2248 1704 et
2275 1652 2589 1707 ctelestibus
2624 1652 2849 1706 salutem
2884 1654 3232 1722 compararit.
3270 1650 3394 1705 Haec

1819 1750 2022 1797 attente
2053 1753 2336 1813 perspecta
2359 1744 2749 1811 expositionem
2774 1759 2895 1813 qum
2918 1744 2982 1797 ad
3017 1759 3167 1796 oram
3186 1744 3393 1811 adjecta

1819 1843 1929 1898 est,
1967 1832 2256 1886 manifesto
2287 1842 2573 1902 respuent,
2608 1850 2711 1903 qua
2748 1836 2969 1889 caeleste
3001 1834 3128 1887 illud
3184 1834 3395 1887 sacriﬁ-

1821 1926 1961 1980 cium
1995 1923 2394 1978 Eucharistiam
2426 1939 2569 1986 esse,
2631 1933 2890 1978 terrestre
2937 1938 3068 1977 vero
3112 1923 3393 1976 toleratam

1822 2015 1875 2071 in
1906 2031 2072 2070 cruce
2104 2026 2329 2070 mortem
2366 2018 2649 2071 asseritur.
2685 2017 2952 2068 Praeterea
3000 2029 3103 2068 non
3141 2030 3237 2082 pro
3265 2030 3390 2083 per-

1820 2117 1963 2170 cato,
2008 2108 2101 2160 sed
2130 2120 2228 2174 pro
2300 2118 2523 2159 munere
2549 2105 2788 2158 oblatum
2841 2105 2893 2158 in
2948 2104 3088 2157 caelo
3120 2102 3397 2156 Christum

1821 2198 2131 2267 pronuntiat
2167 2199 2311 2251 hom.
2361 2212 2399 2252 tt
2431 2197 2486 2249 in
2516 2194 2705 2262 Leuit.,
2739 2209 2885 2248 num.
2913 2194 2947 2247 ’5
2982 2213 2994 2248 :
3032 2213 3049 2245 ι
3080 2194 3213 2248 Vide
3244 2210 3394 2262 ergo,

1824 2290 2019 2357 inquit,
2045 2304 2110 2344 ne
2143 2289 2285 2343 forte
2323 2286 2503 2348 Jesus.
2539 2303 2701 2356 quem
2741 2286 2939 2341 Paulus
2971 2285 3017 2317 ⁸³
3045 2284 3176 2338 dicit
3209 2283 3397 2352 paciﬁ-

1822 2396 1974 2436 Casse
2001 2397 2096 2448 per
2126 2381 2444 2450 sanguinem
2481 2394 2638 2432 suum
2670 2394 2774 2432 non
2802 2378 2976 2433 solum
2995 2392 3114 2446 qua:
3134 2376 3184 2429 in
3216 2377 3397 2435 terris,

1822 2475 1914 2529 sed
1942 2484 1996 2528 et
2030 2490 2151 2543 qua:
2183 2474 2235 2527 in
2264 2472 2422 2527 etelis
2456 2479 2605 2535 sunt,
2644 2470 2784 2525 idem
2820 2472 2933 2539 ipse
2963 2471 3032 2524 sit
3061 2456 3281 2535 vitulus,
3307 2470 3399 2539 qui

1822 2567 1876 2621 in
1917 2567 2069 2621 etelis
2103 2565 2319 2634 quidem
2354 2579 2461 2634 non
2490 2578 2585 2632 pro
2616 2572 2873 2631 peccato,
2920 2562 3010 2614 sed
3049 2575 3148 2626 pro
3177 2573 3403 2612 munere

1821 2656 2036 2711 oblatus
2067 2664 2192 2710 est:
2225 2654 2282 2708 in
2322 2653 2483 2708 terris
2511 2661 2688 2707 autem
2711 2690 2727 2716 ,
2768 2650 2857 2703 ubi
2909 2649 2979 2704 ab
3024 2649 3194 2703 Adam
3231 2663 3406 2717 usque

1823 2749 1889 2803 ad
1924 2747 2159 2817 Moysem
2209 2746 2456 2815 regnavit
2488 2754 2770 2815 peccatum
2820 2741 2889 2807 ⁸⁸,
2944 2741 3158 2796 oblatus
3191 2741 3264 2794 sit
3309 2756 3405 2807 pro

1823 2848 2049 2908 peccato
2078 2855 2093 2892 :
2125 2845 2179 2892 ct
2208 2837 2311 2890 hoc
2356 2844 2441 2889 est
2486 2849 2707 2904 passum
2766 2846 2888 2887 esse
2933 2842 3085 2886 extra
3143 2840 3348 2889 castra.
3381 2848 3400 2882 ι

1823 2930 2103 2997 Quomodo
2133 2939 2311 2982 autem
2338 2927 2630 2996 unicuique
2658 2927 2709 2980 in
2740 2940 2835 2980 sua
2869 2924 3044 2979 forma
3071 2922 3404 2991 apparuerit,

1825 3022 2046 3091 exponit
2077 3021 2193 3088 ipse
2222 3031 2352 3075 tom.
2392 3035 2409 3073 ι
2437 3019 2492 3072 in
2515 3016 2704 3083 Joan.,
2740 3032 2890 3071 num.
2920 3016 3013 3079 54,
3049 3022 3102 3067 et
3133 3014 3406 3068 hominem

1826 3114 2134 3169 hominibus
2172 3112 2373 3166 factum
2419 3124 2543 3165 esse
2575 3110 2750 3171 docet,
2787 3108 3002 3177 quando
3040 3125 3057 3157 ι
3092 3103 3407 3159 manifesta-

1829 3214 1915 3258 tus
1940 3212 2026 3257 est
2062 3202 2115 3256 in
2145 3215 2345 3264 carne;
2370 3197 2418 3230 “
2443 3217 2462 3250 ι
2505 3196 2767 3265 Angelum
2789 3196 2996 3263 angelis
3017 3233 3032 3256 ,
3059 3193 3275 3263 quando
3308 3207 3407 3260 pa-

1830 3292 2080 3347 triarchis
2103 3302 2157 3345 et
2187 3289 2465 3359 prophetis
2492 3288 2641 3341 visus
2673 3296 2777 3351 est,
2811 3285 2982 3356 Moysi
3015 3295 3141 3353 puta
3176 3285 3228 3337 in
3249 3283 3404 3345 rubo;

1827 3383 2016 3440 inferis
2045 3392 2254 3449 autem,
2300 3379 2516 3450 quando
2572 3396 2592 3427 ι
2623 3374 2824 3431 Factus
2870 3385 2953 3429 est
2994 3374 3136 3429 inter
3167 3383 3411 3426 mortuos

1827 3477 1966 3531 lber
2000 3475 2103 3529 ⁸⁸.»
2156 3472 2487 3527 Ριαξᾱίρτιεεθ
2537 3482 2750 3538 quoque
2779 3465 2987 3536 angelis
3027 3462 3409 3532 Evangelium,

1827 3568 1931 3623 dici
1963 3575 2159 3637 potest,
2192 3563 2408 3634 quando
2438 3563 2631 3616 futura:
2663 3558 3057 3614 lncarnationis
3091 3554 3407 3626 mysterium

1830 3660 1958 3729 ipsis
2013 3657 2259 3727 aperuit;
2328 3652 2701 3709 subterraneis
2746 3666 2896 3714 vero,
2930 3648 3145 3717 quando
3192 3663 3211 3697 ι
3238 3646 3413 3698 Pene-

1832 3752 1995 3808 travit
2033 3763 2223 3805 omnes
2286 3746 2573 3802 inferiores
2603 3754 2786 3812 partes
2836 3752 3017 3804 terrae,
3074 3746 3130 3790 et
3180 3735 3417 3805 inspexit

1831 3859 2019 3901 omnes
2061 3840 2416 3902 dormientes,
2451 3845 2505 3891 et
2545 3832 2874 3890 illuminavit
2916 3846 3106 3886 omnes
3134 3837 3417 3899 sperantes

1834 3937 1885 3990 in
1935 3935 2159 3989 Domino
2202 3932 2336 3997 37;»
2410 3930 2625 3999 quando
2689 3944 2709 3979 ι
2779 3923 3140 3981 mortiﬁcatus
3196 3918 3415 3987 quidem

1833 4043 2014 4091 carne,
2057 4024 2357 4079 viviﬁcatus
2386 4032 2567 4075 autem
2595 4018 2815 4085 spiritu,
2874 4016 2927 4069 in
2978 4028 3044 4069 eo
3096 4013 3181 4065 his
3215 4010 3307 4079 qui
3361 4010 3417 4063 in

1836 4133 2056 4175 carcere
2100 4125 2259 4170 erant
2321 4113 2599 4184 spiritibus
2645 4110 2868 4163 veniens
2928 4103 3263 4176 praedicavit,
3322 4102 3415 4169 qui

1837 4210 2100 4267 increduli
2142 4209 2357 4264 fuerant
2382 4204 2715 4275 aliquando,
2750 4201 2971 4271 quando
3015 4198 3413 4266 exspectabant

1840 4303 1931 4357 Dei
1965 4299 2281 4370 patientiam
2310 4298 2363 4350 in
2396 4296 2585 4350 diebus
2616 4292 2728 4348 Noe
2758 4291 2842 4355 ἐς
2874 4308 2893 4343 ι
2947 4288 3163 4358 quando
3218 4304 3237 4338 ι
3269 4300 3420 4338 mor-

1840 4397 1947 4451 tuis
1972 4391 2401 4461 evangelizatum
2433 4398 2537 4453 est,
2564 4398 2622 4440 ut
2649 4386 2962 4455 judicentur
2988 4380 3206 4450 quidem
3227 4393 3421 4432 secun-

1842 4489 1967 4543 dum
2007 4485 2254 4541 homines
2302 4482 2355 4535 in
2408 4495 2596 4543 carne,
2653 4479 2839 4534 vivant
2892 4482 3071 4528 autem
3122 4470 3421 4527 secundum

166 4604 409 4658 sacriﬁcio
442 4560 740 4656 hominum
778 4607 999 4667 peccata
1030 4594 1203 4655 eluit,
1239 4588 1467 4659 spiritali
1500 4587 1729 4656 quodam
1768 4585 1816 4644 D
1847 4582 2011 4634 Deum
2044 4577 2096 4630 in
2134 4576 2327 4647 spiritu
2349 4575 2417 4627 ⁸³.
2449 4590 2470 4627 ι
2509 4570 2604 4626 Vel
2634 4581 2759 4623 ltmc
2790 4568 2954 4624 etiam
2982 4560 3424 4667 angelis-doctri-

167 4696 406 4750 Sacriﬁcio
436 4691 779 4753 ccelestiunt,
816 4688 1156 4755 aliarumque
1183 4697 1360 4736 rerum
1382 4719 1397 4744 ,
1428 4694 1548 4748 qua:
1577 4677 1740 4730 ratio-

170 4785 237 4840 nis
256 4795 531 4856 compotes
573 4789 797 4845 essent,
825 4792 995 4832 noxas
1028 4773 1375 4830 abstersisse.
1418 4788 1437 4821 ι
1468 4767 1580 4822 Νἰεὶ
1611 4766 1735 4835 quia

170 4876 303 4940 forte.
335 4897 352 4931 ι
414 4876 605 4945 inquit
659 4874 806 4926 hom.
846 4871 866 4922 l
902 4870 958 4922 in
1004 4866 1195 4931 Levit.,
1248 4879 1395 4916 num.
1461 4860 1517 4923 3,
1575 4876 1593 4909 ι
1636 4859 1737 4911 hoc

170 4969 366 5041 intelligi
398 4968 582 5024 voluit
627 4960 887 5035 (Moyses)
920 4960 1061 5028 quod
1084 4956 1305 5026 sanguis
1335 4952 1463 5007 Jesu
1499 4952 1550 5004 in
1580 4948 1738 5004 Jeru-

170 5061 307 5115 salem
334 5060 547 5115 el'l‘usus
574 5065 684 5116 est,
711 5054 799 5106 ubi
826 5059 945 5104 erat
978 5050 1172 5109 altare,
1216 5054 1271 5101 et
1311 5044 1455 5099 basis
1500 5042 1616 5111 ejus
1638 5081 1652 5104 ,
1683 5046 1739 5093 et

174 5152 562 5208 tabernaculum
612 5143 955 5208 testimonii;
1005 5141 1099 5196 sed
1150 5148 1201 5193 et
1248 5138 1391 5207 quod
1443 5147 1738 5203 supermnn

175 5248 319 5301 altare
343 5245 495 5316 quod
527 5250 617 5297 est
641 5240 694 5292 in
724 5236 900 5302 caelis,
952 5234 1044 5288 ubi
1091 5241 1144 5285 et
1178 5229 1417 5285 Ecclesia
1446 5226 1743 5297 primitivo-

176 5353 269 5390 rum
292 5350 391 5402 est,
423 5339 573 5392 idem
606 5334 725 5400 ipse
755 5331 978 5397 sanguis
1009 5323 1327 5395 asperserit,
1360 5321 1500 5375 sicut
1531 5318 1745 5386 etApo-

175 5431 319 5486 stolus
344 5430 525 5485 dicit:
566 5425 713 5491 Quia
743 5418 1037 5491 paci/ienuit
1079 5432 1170 5475 per
1213 5412 1520 5483 sanguinem
1566 5409 1740 5462 crucis

177 5540 282 5589 sua,
316 5525 424 5577 sive
464 5535 588 5592 qua:
626 5517 853 5569 interra
879 5520 1020 5573 sunt,
1069 5508 1174 5561 sive
1216 5521 1334 5574 qua:
1378 5504 1432 5556 in
1483 5500 1628 5555 caelis
1668 5500 1737 5554 ⁸⁸.

1839 4687 1963 4724 nam
2002 4683 2153 4721 suam
2193 4666 2526 4737 praedicasse
2550 4662 2808 4717 dicendus
2832 4668 2948 4723 est,
2994 4671 3116 4711 cum
3147 4654 3214 4708 ad
3250 4652 3427 4707 homi-

1837 4779 1932 4816 nes
1960 4763 2122 4816 verba
2166 4758 2407 4822 faciens,
2461 4765 2755 4824 praesentes
2814 4764 3029 4818 quoque
3083 4744 3302 4814 angelos
3342 4751 3427 4796 est

1833 4854 2118 4909 allocutus.
2179 4852 2233 4905 Id
2286 4849 2465 4904 innuit
2508 4845 2771 4913 Origenes
2801 4842 2984 4897 homil.
3049 4840 3120 4893 23
3144 4839 3197 4890 in
3238 4834 3367 4887 Luc.
3403 4846 3422 4884 :

1841 4965 1859 4997 ι
1890 4945 2054 4999 Docet
2087 4943 2252 5012 igitur
2282 4940 2537 4994 Salvator
2572 4946 2781 5001 noster,
2832 4943 2885 4988 et
2921 4932 3159 4999 Spiritus
3186 4935 3411 4981 sanctus

1836 5039 1926 5106 qui
1961 5037 2171 5089 locutus
2198 5041 2283 5086 est
2330 5031 2382 5083 in
2433 5029 2745 5098 pr0phetis,
2795 5041 2898 5079 non
2936 5024 3105 5077 solum
3149 5019 3422 5080 homines,

1838 5128 1932 5181 sed
1992 5126 2155 5178 etiam
2211 5120 2455 5190 angelos,
2516 5130 2571 5171 et
2637 5119 2867 5169 virtutes
2915 5110 3303 5175 invisibiles“
3372 5117 3429 5161 et

1838 5217 2080 5273 deinde:
2126 5232 2144 5264 ι
2184 5210 2345 5267 Venit
2391 5210 2537 5264 enim
2593 5224 2703 5261 non
2762 5205 3004 5260 Joannes
3044 5212 3099 5256 et
3152 5199 3430 5270 propheta:

1843 5318 2073 5372 tantum,
2107 5304 2199 5359 sed
2233 5303 2399 5356 etiam
2435 5301 2550 5368 ipse
2580 5298 2831 5352 Salvator
2853 5336 2868 5359 ,
2908 5305 2964 5350 et
2995 5292 3307 5348 hominibus
3332 5330 3348 5352 ,
3377 5300 3427 5343 et

1849 5399 2072 5469 angelis,
2100 5405 2155 5450 et
2175 5392 2469 5449 virtutibus
2498 5389 2708 5444 caeteris
2738 5388 3030 5442 salutarem
3056 5382 3431 5454 paenitentiam

1850 5491 2168 5563 praedicare,
2211 5495 2269 5539 ut
2300 5485 2355 5539 in
2380 5482 2601 5536 nomine
2628 5478 2752 5534 Jesu
2793 5492 2955 5531 omne
2982 5492 3119 5545 genu
3150 5474 3429 5537 ﬂectatur,

1850 5581 2178 5643 cmlestium,
2217 5576 2554 5633 terrestrium
2591 5583 2645 5629 et
2680 5573 3016 5627 infcrnorum
3047 5569 3113 5625 ⁹⁰.
3141 5587 3160 5621 ι
3198 5566 3436 5636 Angelos

174 5659 354 5758 estiuin
394 5659 737 5756 tabernaculi
774 5687 1093 5754 testimonii,
1139 5684 1265 5756 quia
1298 5659 1418 5737 non.
1438 5679 1612 5736 solum
1644 5692 1743 5747 pro
1851 5676 2050 5748 quippe
2073 5669 2314 5743 peccatis
2365 5666 2629 5723 obnoxios
2657 5679 2779 5720 esse
2808 5660 3063 5728 censuit,
3098 5669 3159 5713 ut
3187 5659 3439 5714 dicemus

231 5820 508 5875 ἰεοιηεε-
568 5830 610 5875 ις
651 5811 746 5866 2οο
860 5807 904 5839 ⁸²
946 5804 1115 5874 δεφεν-
1170 5818 1249 5864 νιι
1301 5798 1409 5875 ἓίὶι
1461 5795 1647 5875 ,θρα
1725 5795 1772 5826 ⁸³
1811 5794 2115 5875 Celer-2-"
2158 5786 2284 5875 ἕξοι.
2331 5784 2571 5875 fili"?
2610 5796 2665 5875 2’;
2711 5773 3437 5875 ¹ἑ.·.κ.¹ῗῗ.ς1ητὲῐ“’.ῑξ¹υί¹⁶σ

232 5847 271 5853 ⁷·
301 5847 508 5875 υυιιιδδ.
571 5847 610 5878 ι,
656 5847 746 5866 auo
950 5847 1079 5874 υμγ,
1102 5847 1115 5856 .
1182 5847 1249 5864 -.,
1306 5847 1409 5879 ._-.,
1461 5847 1470 5850 _
1505 5847 1514 5855 γ

177 5892 215 5924 ⁸⁸
236 5892 365 5947 Psal.
394 5900 647 5952 cxxxvu,
672 5883 726 5948 5,
753 5880 806 5935 6.
882 5877 924 5911 ⁸⁷
954 5875 1117 5931 Eecli.
1144 5887 1288 5939 xxtv,
1320 5872 1407 5924 -ι;›.
1484 5868 1559 5919 “‘l
1589 5870 1728 5920 l‘etr.

1831 5847 1845 5933 ς
1885 5847 2112 5917 rauca;
2158 5859 2203 5891 ⁸⁹
2246 5857 2285 5913 ll
2334 5855 2476 5911 Petr.
2515 5852 2666 5921 tv,6.
2742 5851 2787 5885 9°
2823 5848 3054 5919 Philipp.
3090 5862 3157 5915 tt,
3208 5847 3294 5902 ιο.

178 5609 322 5669 Recte
354 5590 488 5682 ergo
522 5605 772 5663 secundo
828 5600 1075 5655 nominat
1135 5597 1307 5650 altare
1329 5633 1344 5659 ,
1386 5593 1529 5662 quod
1561 5600 1644 5645 est
1676 5590 1742 5644 ad
