3898 6522
552 407 667 464 851.

1830 415 1891 470 Ρ.
1934 416 2117 470 DAN"

2218 417 2251 471 s
2284 417 2518 474 uuern
3643 435 3717 492 ιιι
3812 404 3813 411 Ν

557 526 866 587 infra..Nec
888 527 1170 583 Christum
1200 529 1486 601 duntaxat,
1513 534 1605 588 sed
1639 542 1693 587 et
1722 536 2044 605 prophetas,
2081 545 2138 591 et
2172 540 2208 595 Α
2238 545 2290 596 et
2344 537 2553 605 angelis
2613 536 2751 605 ejus,
2820 552 3095 607 nunquam
3138 549 3310 594 tamen
3366 540 3465 598 illis
3515 549 3717 608 restitutio

555 622 847 693 apostolos,
876 623 1311 692 quotiescunque
1354 626 1423 679 ad
1458 628 1708 683 homines
1729 630 2035 685 orationem
2072 633 2138 687 de

555 714 752 769 divinis
783 715 944 769 rebus
966 714 1292 781 ltabuerunt,
1314 717 1380 770 ad
1407 718 1628 787 angelos
1645 736 1858 792 quoque
1880 724 2138 780 habuisse

551 806 739 861 eadem
765 804 986 860 humilia
1017 806 1344 862 declaravit.
1381 809 1457 865 lta
1510 821 1690 867 autem
1720 824 1774 868 et
1804 815 2010 883 angelis
2035 856 2051 883 ,
2082 828 2137 871 et

549 896 966 962 subterraneis,
1017 909 1073 954 et
1124 900 1439 958 hominibus
1493 902 1769 958 Christum
1824 909 2136 976 apparuisse

551 987 781 1054 putavit,
831 997 891 1042 ut
939 990 1124 1045 unicae
1158 1006 1268 1046 suae
1293 995 1482 1050 mortis
1536 995 1589 1049 in
1626 1010 1852 1065 corpore
1900 999 2134 1054 humano

552 1078 794 1134 toleratae
821 1079 1143 1138 beneficium
1175 1084 1240 1138 iis
1269 1086 1583 1154 applicaret,
1610 1104 1716 1143 non
1758 1101 1815 1143 ut
1839 1093 2135 1160 assumptis

550 1169 764 1225 illorum
795 1172 981 1228 formis
1002 1191 1168 1230 novas
1192 1189 1396 1234 mortes
1421 1180 1734 1237 sustineret.
1766 1183 1922 1249 Quod
1950 1194 2130 1238 autem

548 1262 750 1317 alicubi
805 1268 1010 1321 sentire
1070 1269 1304 1333 videtur,
1348 1270 1628 1326 Christum
1672 1290 1776 1328 non
1826 1289 1924 1344 pro
1965 1276 2131 1332 rebus

551 1355 713 1410 modo
770 1358 985 1414 ratione
1015 1361 1257 1429 praeditis
1297 1362 1499 1417 obiisse
1543 1375 1774 1420 mortem
1801 1406 1815 1431 ,
1883 1368 1977 1422 sed
2033 1384 2131 1439 pro

550 1450 754 1502 creatis
792 1449 952 1503 etiam
984 1452 1403 1522 quibuscunque
1430 1454 1589 1510 facile
1616 1456 2009 1526 explicabimus
2032 1501 2046 1527 ,
2084 1462 2128 1516 si

556 1538 965 1595 meminerimus
1021 1540 1282 1615 refragari
1330 1544 1380 1598 id
1414 1546 1675 1601 doctrinm
1708 1547 1878 1617 ipsius
1905 1561 2131 1606 contex-

550 1627 626 1679 ιιιὶ
662 1637 716 1681 et
745 1630 1001 1698 sequelae,
1038 1647 1163 1686 nam
1196 1635 1423 1689 rationis
1466 1635 1691 1705 capacia
1718 1639 1899 1691 omnia
1935 1654 2127 1710 perpe-

550 1727 700 1771 tuum
756 1720 960 1777 habere
1017 1720 1285 1779 libertatis
1314 1741 1471 1780 nsum
1528 1729 1779 1796 opinatus
1838 1739 1960 1797 est;
2010 1746 2129 1800 quas

547 1808 723 1865 libera
771 1822 981 1877 autem,
1043 1829 1106 1869 ea
1148 1818 1387 1885 peccatis
1442 1818 1709 1884 obnoxia;
1750 1835 1869 1889 qua:
1915 1825 2123 1891 peccati

548 1917 670 1966 rea,
701 1919 763 1958 ea
800 1907 1126 1974 purgatione
1167 1923 1361 1978 egere;
1408 1911 1780 1980 purgationem
1823 1928 1953 1969 vero
1994 1931 2126 1970 con-

551 1993 699 2048 ferre
727 1996 895 2049 solam
924 1997 1128 2051 Christi
1163 2009 1391 2054 mortem
1426 2002 1688 2069 potuisse.
1736 2002 1804 2056 At
1833 2019 1920 2059 res
1952 2006 2124 2060 ratio-

547 2088 633 2140 nis
661 2100 913 2157 expertes
940 2090 1190 2145 libertate
1230 2108 1420 2148 carere
1445 2136 1460 2160 ,
1496 2108 1561 2147 ac
1589 2096 1816 2164 proinde
1866 2111 1968 2149 non
2001 2112 2127 2165 pec-

545 2195 672 2235 care
705 2184 935 2245 censuit,
979 2199 1078 2237 nec
1110 2185 1352 2256 indigere
1398 2190 1721 2256 purgatione
1747 2228 1762 2251 ,
1812 2200 2126 2258 prepterea-

544 2287 652 2340 que
697 2275 891 2328 mortis
921 2274 1124 2329 Christi
1177 2277 1413 2330 fructum
1450 2278 1768 2349 neutiquam
1821 2281 2121 2348 percipere.

542 2360 648 2414 Per
701 2362 878 2415 κτίσιν
941 2364 1127 2431 igitur,
1201 2365 1413 2420 ratione
1468 2368 1691 2436 pradita
1751 2369 1842 2424 Dei
1909 2372 2123 2440 cpilicia

544 2454 885 2522 significasse
914 2455 1090 2526 ipsum
1118 2458 1408 2512 dicendum
1446 2468 1548 2525 est,
1574 2462 1751 2531 posito
1788 2478 1987 2533 genere
2025 2479 2124 2534 pro

542 2545 744 2611 Specie.

614 2634 783 2690 XXV.
811 2636 974 2691 Pater
1000 2637 1186 2706 itaque
1213 2654 1278 2694 ex
1307 2639 1492 2709 priore
1518 2641 1622 2697 hoc
1666 2642 1921 2713 ﬁgmento
1948 2686 1962 2711 ,
2014 2662 2121 2716 quo

540 2739 860 2795 perpetuum
908 2728 1175 2785 libertatis
1213 2746 1369 2785 usum
1419 2733 1582 2789 rebus
1611 2736 1867 2790 omnibus
1909 2738 2121 2793 ratione

540 2820 783 2888 praeditis
813 2821 1084 2889 ascripsit,
1117 2837 1183 2878 eo
1221 2822 1387 2880 fuisse
1441 2827 1749 2895 perpulsnm
1806 2827 2118 2899 Origenen,

542 2920 601 2964 ut
646 2914 1090 2969 reconciliatione
1161 2930 1298 2985 opus
1370 2917 1477 2975 illis
1532 2934 1654 2974 esse
1702 2931 1953 2991 putaret;
2016 2925 2119 2979 hoc

539 3010 718 3056 autem
747 3005 883 3072 ipsis
915 3005 1243 3061 beneficium
1272 3017 1504 3064 mortem
1548 3010 1750 3066 Christi
1797 3014 2114 3073 contulisse.

539 3090 741 3145 Eodem
788 3094 964 3162 ipsum
1011 3097 1357 3151 adduxerunt
1396 3098 1502 3153 duo
1538 3099 1687 3154 Pauli
1726 3101 1852 3169 loci,
1889 3103 2030 3158 alter
2049 3121 2115 3161 ex

538 3181 710 3251 Epist.
743 3184 810 3238 ad
834 3184 1061 3254 Ephes.,
1104 3204 1221 3259 cap.
1253 3204 1292 3255 ι,
1319 3204 1467 3245 vers.
1512 3191 1601 3256 l0,
1640 3193 1781 3247 alter
1824 3209 1893 3250 ex
1937 3196 2108 3266 Epist.

536 3277 602 3327 ad
633 3274 869 3343 Coloss.,
889 3292 1008 3348 cap.
1044 3296 1093 3346 ι,
1126 3296 1270 3337 vers.
1294 3283 1386 3349 20,
1407 3298 1570 3353 quem
1603 3300 1746 3356 saepe
1775 3287 1931 3343 nobis
1958 3304 2118 3360 ogge-

533 3365 631 3422 rit.
685 3365 838 3421 Hunc
890 3370 1091 3426 rectius
1146 3374 1318 3429 multo
1363 3389 1429 3429 ac
1484 3376 1678 3431 melius
1727 3377 2117 3446 interpretatur

537 3457 725 3512 homil.
766 3460 801 3513 4
835 3460 889 3513 in
932 3460 1121 3529 Levit.,
1158 3481 1309 3521 num.
1341 3466 1403 3520 4.
1458 3485 1476 3519 ι
1514 3467 1623 3521 Sed
1673 3479 1729 3523 et
1783 3480 2113 3536 sanctorum,

535 3551 734 3620 inquit,
783 3553 962 3607 socios
1012 3570 1114 3609 nos
1144 3558 1275 3611 dicit
1306 3559 1620 3628 Apostolus,
1658 3577 1757 3617 nec
1796 3562 2015 3618 mirum.
2058 3564 2114 3618 Si

534 3642 679 3694 enim
700 3658 821 3697 cum
846 3644 1006 3701 Patre
1032 3648 1243 3703 etFilio
1269 3650 1470 3704 dicitur
1508 3654 1665 3707 nobis
1687 3668 1810 3708 esse
1855 3658 2115 3722 societas,

536 3739 809 3800 quomodo
849 3754 953 3793 non
1001 3750 1055 3795 et
1100 3758 1221 3796 cum
1275 3749 1508 3813 sanctis,
1557 3763 1661 3801 non
1712 3748 1885 3803 solum
1928 3755 2018 3819 qni
2061 3753 2112 3806 in

536 3833 680 3880 terra
700 3839 848 3892 sunt,
872 3832 966 3885 sed
998 3843 1053 3888 et
1089 3834 1178 3903 qui
1205 3835 1256 3888 in
1279 3835 1614 3906 ccelis?quia
1655 3853 1707 3893 et
1735 3840 1986 3897 Christus
2019 3859 2115 3912 per

534 3922 855 3990 sanguinem
897 3939 1052 3979 suum
1086 3927 1394 3995 pacificavit
1425 3930 1692 3996 cmlestia,
1721 3940 1775 3986 et
1809 3937 2111 4001 terrestria,

535 4021 595 4064 ut
624 4014 938 4070 coelestibus
976 4026 1193 4074 terrena
1234 4022 1473 4077 sociaret
1514 4024 1581 4077 ".
1608 4043 1628 4077 ι
1664 4024 1795 4091 Quze
1822 4028 2003 4083 verior
2032 4040 2115 4084 est

533 4104 877 4176 dicti-hujus
949 4112 1234 4179 apostolici
1275 4116 1563 4185 expositio,
1603 4125 1658 4172 et
1715 4134 1875 4187 qnam
1931 4130 2114 4180 tuetur

530 4195 867 4267 Augustinus
890 4201 940 4254 in
972 4200 1281 4259 Enrhiridio
1313 4208 1379 4262 ad
1404 4208 1824 4282 Laurent.,cap.
1847 4214 1936 4270 6|.
1959 4216 2111 4283 Quod

533 4287 577 4339 si
624 4289 752 4342 olim
804 4307 1022 4360 quoque
1074 4310 1364 4363 passurum
1406 4299 1705 4367 Cltristnm,
1760 4305 1974 4373 reipsa,
2034 4310 2110 4363 nti

532 4377 726 4445 fertur,
769 4385 1071 4438 autumavit
1102 4386 1389 4457 Origenes,
1422 4392 1735 4459 opinionem
1774 4411 1928 4451 suam
1982 4397 2108 4453 fun-

532 4469 742 4525 daverit
786 4488 952 4543 super
985 4476 1193 4533 dictum
1250 4481 1381 4536 illud
1430 4484 1675 4539 'Avaev
1711 4488 1889 4558 μέλλω
1942 4508 2109 4545 σταυ-

2241 629 2568 696 repromissa
2602 639 2706 682 est.
2736 628 2951 684 Nullum
2986 632 3298 685 mandatum
3338 633 3401 687 de
3432 636 3578 693 salute
3598 657 3715 713 ange-

2240 719 2409 774 lorum
2436 723 2675 792 suscepit
2702 722 2949 777 Cbristns
2981 737 3010 776 a
3050 722 3235 779 Patre.
3258 724 3407 792 Quod
3433 726 3569 783 Pater
3594 747 3717 801 neque

2241 814 2570 880 repromisit,
2598 830 2771 884 neque
2801 814 3109 877 mandavit,
3146 813 3389 871 Christus
3418 820 3717 879 administrare

2238 920 2343 958 non
2398 906 2592 969 potuit.
2619 924 2638 958 ι
2690 906 2840 961 lianc
2875 915 3056 960 autem
3103 906 3353 975 Origenis
3389 914 3656 967 sententiam
3681 917 3715 970 in

2236 998 2662 1055 Commentarios
2697 1015 2822 1053 suos
2870 1001 2928 1055 in
2961 1000 3134 1068 Epist.
3191 1003 3258 1055 ad
3302 1000 3481 1068 Ephes.
3515 1008 3719 1061 transtulit

2236 1090 2616 1159 Hieronymus,
2665 1092 2818 1159 cujus
2850 1092 2965 1147 haec
3004 1094 3166 1148 verba
3208 1104 3332 1149 sunt
3372 1094 3457 1149 lib.
3496 1111 3530 1159 ι,
3563 1098 3605 1151 in
3635 1114 3715 1167 cap.

2236 1198 2277 1246 ι,
2316 1196 2462 1237 vers.
2505 1181 2577 1235 22
2616 1201 2631 1237 :
2670 1201 2688 1235 ι
2720 1184 2831 1238 Cur
2871 1194 3052 1238 autem
3090 1186 3313 1251 omnia,
3360 1186 3410 1240 id
3451 1196 3522 1241 est
3573 1191 3713 1257 angeli,

2236 1274 2442 1342 throni,
2483 1273 2911 1338 dominationes,
2962 1284 3260 1344 potestates
3321 1287 3377 1331 et
3416 1277 3614 1333 virtutes
3650 1296 3718 1335 cz-

2235 1378 2386 1431 terae,
2426 1383 2549 1437 quae
2584 1383 2858 1437 nunquam
2898 1367 3123 1423 fuerunt
3165 1369 3448 1425 contrariae
3483 1370 3598 1433 Deo,
3640 1373 3717 1441 ejus

2232 1460 2459 1530 pedibus
2520 1460 2904 1531 subiiciantur,
2968 1460 3188 1516 videtur
3235 1463 3533 1517 obscurum.
3589 1463 3717 1520 Potest

2231 1553 2414 1622 itaque
2460 1554 2780 1624 responderi
2829 1554 2973 1623 quod
3017 1556 3222 1624 absque
3251 1566 3468 1625 peccato
3502 1558 3715 1622 nullussit,

2230 1656 2286 1700 et
2306 1646 2486 1699 sidera
2514 1646 2627 1715 ipsa
2652 1661 2758 1701 non
2777 1646 2886 1701 sint
2922 1648 3121 1700 munda
3150 1662 3337 1702 coram
3360 1648 3484 1712 Deo,
3506 1652 3717 1720 omnisque

2230 1746 2483 1791 creatura
2516 1746 2712 1806 paveat
2749 1737 3028 1793 Creatoris
3057 1740 3368 1794 adventum.
3400 1739 3539 1795 Unde
3560 1750 3605 1796 et
3629 1756 3715 1797 crux

2231 1828 2534 1882 Salvatoris
2564 1842 2668 1882 non
2699 1828 2871 1883 solum
2893 1844 2954 1883 ea
2977 1845 3096 1898 qua:
3125 1829 3179 1884 in
3222 1841 3389 1891 terra,
3424 1831 3511 1886 sed
3534 1833 3715 1887 etiame:

2228 1933 2349 1987 qua:
2391 1918 2444 1972 in
2482 1919 2642 1975 cwlis
2679 1930 2865 1985 erant,
2906 1936 3167 1992 purgasse
3208 1922 3653 1991 perhibeturuet
3680 1926 3715 1978 in

2227 2028 2348 2081 cap.
2388 2027 2448 2076 ll,
2503 2025 2651 2067 vers.
2716 2012 2784 2067 M
2818 2030 2835 2070 :
2873 2032 2892 2065 ι
2919 2014 3186 2069 Caeterum
3250 2015 3341 2084 qui
3400 2016 3517 2070 illud
3540 2018 3713 2085 Apostoli

2226 2103 2375 2172 legit,
2434 2103 2501 2157 de
2536 2103 2754 2159 Christo
2811 2108 3204 2162 memorantis:
3252 2107 3441 2165 Pacem
3472 2109 3715 2180 laciensper

2226 2192 2546 2273 sanguinem
2589 2206 2772 2259 crucis
2810 2219 2925 2260 suae
2962 2206 3049 2261 his
3088 2221 3207 2276 quae
3254 2208 3309 2262 in
3349 2217 3486 2263 terra
3513 2217 3715 2269 erant,et

2226 2297 2310 2352 his
2334 2314 2453 2368 quae
2481 2298 2533 2352 in
2571 2297 2725 2353 cmlis
2756 2299 2824 2351 θ’.
2850 2339 2863 2353 .
2890 2337 2905 2353 .
2926 2338 2940 2353 .
2975 2299 3115 2355 hanc
3174 2308 3345 2355 totam
3388 2300 3711 2371 intelligentiam

2224 2389 2290 2444 ad
2317 2391 2556 2459 angelos,
2580 2393 2915 2462 virtutesque
2948 2392 3214 2460 crelestes,
3246 2404 3302 2450 et
3328 2395 3391 2447 ad
3421 2396 3599 2449 animas
3622 2406 3712 2449 tem-

2222 2478 2433 2548 perabit
2484 2480 2753 2535 hutnanas
2777 2518 2829 2535 ..
2858 2521 2872 2535 .
2900 2519 2915 2534 .
2964 2491 3129 2552 atque
3181 2483 3253 2536 ita
3308 2483 3419 2538 fieri
3456 2484 3639 2553 putabit,
3675 2492 3712 2536 ut

2222 2589 2353 2629 crux
2381 2574 2588 2629 Domini
2617 2590 2722 2629 non
2750 2574 2922 2629 solum
2941 2583 3119 2642 terra,
3144 2577 3236 2631 sed
3266 2586 3323 2631 et
3344 2577 3472 2632 caelo
3492 2575 3710 2647 profuerit;

2221 2681 2328 2719 non
2377 2665 2550 2720 solum
2607 2667 2937 2729 hominibus,
2989 2668 3084 2721 sed
3132 2677 3186 2723 et
3241 2668 3466 2738 angelis,
3509 2677 3556 2721 et
3592 2668 3712 2721 omnis

2221 2766 2470 2812 creatura
2505 2758 2721 2812 Domini
2752 2759 2842 2814 sui
2873 2773 3068 2814 cruore
3096 2770 3324 2830 purgata
3350 2762 3452 2827 sit;
3478 2779 3495 2811 ι
3522 2768 3568 2815 et
3593 2758 3662 2813 lib.
3686 2772 3711 2811 ιι

2221 2848 2272 2901 in
2300 2848 2537 2919 ejusdem
2566 2848 2819 2919 Epistolas
2857 2864 2978 2918 cap.
3011 2864 3107 2916 ιιι,
3134 2865 3280 2907 vers.
3329 2850 3412 2914 l0,
3458 2864 3632 2904 crucem
3661 2847 3711 2899 ait

2218 2939 2443 3005 Christi,
2476 2954 2582 2994 non
2618 2940 2790 2994 solum
2810 2942 2986 3008 nobis,
3014 2942 3107 2997 sed
3134 2951 3188 2996 et
3217 2941 3442 3011 angelis,
3472 2939 3710 3006 cunctisque

2218 3032 2271 3086 in
2299 3033 2438 3087 coelo
2464 3033 2755 3089 virtutibus
2782 3034 3050 3103 profuisse
3074 3076 3090 3101 ,
3136 3048 3233 3103 per
3272 3051 3391 3090 eam
3425 3037 3593 3105 quippe
3624 3033 3708 3093 illiS.

2218 3124 2403 3179 itidem
2439 3135 2497 3178 ut
2526 3127 2704 3195 nobis,
2756 3126 3047 3183 revelatam
3080 3127 3251 3183 fuisse
3303 3127 3611 3198 multiplicem
3647 3123 3708 3179 Dei

2142 3232 2187 3292 α
2220 3217 2575 3285 sapientiam;
2600 3227 2656 3272 et
2686 3219 2742 3273 in
2778 3235 2901 3289 cap.
2942 3235 3019 3286 tv,
3046 3235 3190 3275 vers.
3226 3220 3321 3286 l0,
3358 3238 3376 3271 ι
3405 3220 3567 3288 Neque
3594 3218 3707 3276 enim,

2219 3308 2412 3378 inquit,
2450 3310 2593 3366 scire
2627 3326 2916 3379 possumus
2940 3354 2955 3378 ,
2985 3312 3257 3382 quomodo
3288 3322 3345 3369 et
3365 3312 3575 3383 angelis,
3596 3320 3638 3365 et
3656 3309 3709 3362 bis

2216 3402 2309 3470 qui
2354 3401 2406 3454 in
2459 3402 2673 3457 inferno
2720 3412 2879 3458 erant
2906 3404 3127 3474 sanguis
3172 3404 3376 3459 Christi
3406 3400 3639 3474 profuerit,
3676 3408 3710 3450 et

2218 3502 2400 3548 tamen
2435 3495 2561 3564 quin
2589 3495 2851 3564 profuerit
2882 3496 3094 3551 nescire
3139 3513 3246 3552 non
3267 3512 3587 3565 possumus.»
3624 3490 3709 3558 Qui:

2216 3588 2358 3656 quod
2393 3587 2599 3656 absque
2647 3588 3021 3643 confutatioue
3059 3589 3372 3657 protulisset
3411 3588 3705 3655 Hieronymus

2216 3694 2243 3730 a
2274 3677 2469 3733 Rufino
2500 3682 2861 3747 reprehensus
2905 3692 2988 3736 est
3048 3682 3143 3739 lib.
3193 3698 3209 3736 ι
3258 3682 3518 3745 Invectiv.,
3567 3678 3639 3735 sed
3671 3677 3705 3729 in

2215 3770 2469 3840 Apologia
2496 3771 2843 3829 nihilominus
2868 3774 3045 3829 valide
3076 3789 3137 3829 se
3170 3783 3368 3829 tuetur.
3398 3774 3536 3829 Facit
3557 3781 3708 3840 quoque

2214 3865 2281 3916 ad
2319 3867 2726 3921 excusationem
2778 3866 3029 3939 Origenis
3060 3866 3300 3938 Cyrilltts
3321 3868 3423 3939 Jib.
3454 3883 3500 3921 tx
3534 3864 3597 3918 De
3617 3863 3708 3916 ada-

2214 3955 2440 4022 ratione,
2486 3956 2577 4009 ubi
2634 3958 2714 4010 sic
2748 3957 3291 4031 ιοαυὶιιιιιΧριστοῦ
3340 3959 3443 4030 γὰρ
3493 3950 3706 4028 μέτοχος*

2215 4044 2365 4099 πᾶσά
2410 4047 2557 4100 ἐστιν
2580 4048 2775 4119 ὁρατὴ,
2812 4050 2907 4103 καὶ
2938 4050 3168 4121 ἀόρατος
3195 4052 3390 4115 κτίσις.
3430 4043 3637 4115 Ἀγγελοξ
3668 4055 3707 4091 τε

2213 4137 2342 4208 γὰρ,
2374 4138 2469 4191 καὶ
2511 4138 2861 4209 ἀρχάγγελοι,
2911 4142 3003 4194 καὶ
3045 4141 3114 4194 τὰ
3162 4140 3241 4193 ἔτι
3281 4141 3477 4194 τούτων
3503 4135 3707 4193 ἐπέκεινα,

2213 4230 2308 4282 καὶ
2340 4229 2479 4282 αὐτὰ
2514 4230 2571 4283 δὲ
2600 4231 2668 4285 τὰ
2700 4232 2988 4303 χερουὸὶμ,
3020 4234 3117 4303 οὐχ
3147 4234 3350 4304 ἑτέρως
3379 4233 3499 4301 ἆγια
3531 4224 3707 4298 πλήνὸτι

2210 4318 2299 4373 διὰ
2333 4320 2495 4391 μόνου
2527 4323 2762 4394 Χριστοῦ
2789 4326 2846 4377 ὲν
2878 4326 3019 4394 ἁγίῳ
3039 4324 3378 4395 Πνεύματηι
3421 4320 3590 4378 Chriin
3610 4315 3707 4371 enim

2213 4413 2484 4481 particeps
2514 4422 2597 4467 est
2620 4415 2796 4468 omnis
2827 4415 3193 4483 aspemabilis,
3223 4424 3278 4469 et
3304 4430 3406 4469 non
3441 4403 3707 4481 aspecllltilis

2212 4512 2492 4558 creatura.
2514 4504 2705 4576 Angeli
2747 4507 2969 4575 quippe,
2999 4516 3054 4560 et
3078 4506 3411 4575 archangeli,
3446 4514 3495 4557 et
3521 4512 3707 4572 quaecun-

532 4562 784 4635 ροῦσθαι,
828 4566 972 4634 quod
1009 4568 1061 4622 in
1095 4569 1240 4625 Actis
1277 4571 1430 4627 Pauli
1475 4574 1697 4632 Christo
1731 4581 2008 4647 tribuitur,
2050 4595 2108 4639 ut
2140 4570 2184 4626 Ῑ)
2214 4609 2319 4663 que
2345 4562 2633 4665 praeterea:
2648 4562 2799 4663 sunt,
2824 4562 2897 4651 et.
2918 4598 3031 4666 ipsa
3063 4613 3284 4667 quoque
3307 4562 3601 4657 cherubim,
3633 4601 3704 4641 πιθα

529 4667 594 4707 ex
626 4654 861 4725 Origene
900 4659 1020 4729 ipso
1048 4661 1308 4719 discimus
1345 4674 1493 4721 torno
1533 4684 1602 4722 xx
1637 4670 1691 4724 in
1726 4670 1912 4738 Joan.,
1955 4692 2103 4734 num.

529 4745 618 4805 12.

601 4840 792 4900 XXVI.
833 4843 1019 4914 Neque
1060 4861 1191 4902 vero
1224 4847 1276 4902 itt
1308 4863 1373 4903 eo
1418 4851 1649 4919 primum
1689 4854 1803 4911 haec
1837 4858 1901 4912 de
1931 4872 2106 4917 morte

526 4933 725 4989 Christi
775 4937 1027 4991 damnata
1076 4947 1160 4993 est
1206 4940 1387 5008 Opinio
1418 4958 1434 4997 :
1461 4944 1704 4999 confutat
1740 4962 1861 5002 eam
1893 4949 2106 5005 Tertul-

526 5025 703 5081 lianus
731 5028 822 5083 lib.
863 5028 936 5082 De
973 5046 1130 5085 carne
1151 5031 1369 5100 Christi,
1430 5050 1551 5103 cap.
1598 5037 1666 5091 14
1697 5052 1712 5091 :
1742 5058 1761 5090 ι
1791 5039 1896 5095 Sed
1939 5057 2104 5113 augeo

526 5117 660 5183 lum,
693 5120 863 5186 aiunt,
890 5123 1123 5189 gestavit
1144 5123 1416 5181 Christus.
1445 5126 1562 5195 Qua
1611 5132 1868 5186 ratione?
1900 5134 2016 5201 Qua
2048 5147 2103 5190 et

527 5212 825 5269 hominem.
880 5217 1080 5271 Eadem
1125 5232 1255 5285 ergo
1294 5231 1378 5275 est
1410 5234 1465 5277 et
1508 5240 1694 5291 causa,
1736 5235 1795 5280 ut
1826 5227 2099 5284 hominem

525 5314 782 5370 gestaret.
818 5305 1065 5363 Christus
1106 5311 1251 5365 salus
1279 5312 1515 5369 hominis
1542 5317 1674 5385 fuit;
1708 5334 1871 5375 causa
1897 5321 2106 5377 scilicet

524 5396 590 5449 ad
643 5399 1035 5454 restituendum
1097 5405 1240 5470 quod
1296 5406 1554 5472 perierat.
1624 5408 1797 5462 Ilomo
1841 5413 2101 5481 perierat,

524 5483 797 5540 hominem
834 5491 1045 5543 restitui
1088 5503 1427 5561 oportuerat.
1472 5496 1541 5551 Ut
1575 5499 1824 5568 angelum
1870 5512 2106 5571 gestaret

525 5572 806 5643 Christus,
859 5582 992 5633 nihil
1032 5583 1139 5637 tale
1166 5586 1231 5640 de
1256 5602 1416 5642 causa
1449 5598 1555 5655 est,
1609 5607 1734 5645 nam
1769 5594 1870 5648 etsi
1922 5596 2099 5665 angeli

524 5666 754 5733 perditio
803 5680 1082 5739 reputatur
1127 5675 1181 5730 in
1238 5678 1416 5747 ignem
1460 5694 1821 5753 prazparatnm
1864 5685 2098 5754 diabolo,

596 5851 639 5884 ⁹¹
669 5852 880 5911 Coloss.
914 5872 955 5924 ι,
979 5857 1071 5913 9.0.
1150 5860 1194 5895 "
1218 5861 1349 5917 ibid.

2212 4687 2371 4743 aliter
2419 4700 2609 4744 sancta
2641 4698 2788 4753 sunt,
2832 4705 2994 4759 quam
3024 4705 3120 4759 per
3182 4706 3348 4744 unum
3394 4688 3627 4744 Christum
3671 4680 3704 4731 in

2211 4788 2397 4835 sancto
2426 4780 2651 4850 Spiritu.
2683 4800 2702 4833 ι
2737 4780 2803 4835 Ει
2843 4781 3173 4849 Augustinus
3197 4780 3295 4835 lih.
3337 4797 3374 4847 ι,
3415 4780 3485 4834 De
3517 4784 3703 4868 consent!

2211 4872 2681 4941 evangelistarnm,
2712 4886 2835 4940 cap.
2861 4870 2952 4934 35,
2987 4870 3075 4924 ubi
3115 4881 3321 4925 mentes
3343 4885 3517 4923 omnes
3542 4864 3705 4960 rationis

2212 4972 2510 5030 compotes,
2536 4962 2654 5017 sive
2677 4962 3015 5031 angelorum,
3058 4962 3171 5017 sive
3216 4962 3520 5021 hominum,
3550 4964 3701 5010 nonne!

2210 5052 2443 5119 Christi,
2468 5054 2560 5124 qni
2597 5054 2863 5122 sapientia
2895 5064 3021 5118 est,
3058 5056 3461 5125 participatione
3503 5047 3702 5117 sapienla

2208 5161 2329 5201 esse
2361 5146 2569 5210 definit,
2601 5146 2987 5215 Christumque
3042 5161 3318 5218 «congrua
3367 5143 3513 5201 saluti
3560 5144 3701 5191 nosln

2207 5236 2438 5292 dicendo
2461 5248 2518 5292 et
2539 5236 2787 5291 faciendo
2811 5255 2826 5302 ;
2856 5237 3108 5305 patiendo
3130 5247 3184 5291 et
3213 5235 3530 5296 sustinendo,
3555 5229 3698 5283 factum

2202 5340 2323 5381 esse
2345 5336 2397 5380 et
2433 5328 2684 5381 deorsum
2710 5328 3021 5383 hominibus
3050 5330 3350 5397 exemplum
3391 5319 3642 5381 redeundi,
3666 5320 3699 5363 ει

2202 5416 2282 5471 eis
2321 5418 2411 5486 qui
2442 5433 2657 5473 sursum
2692 5428 2819 5473 sunt
2850 5419 3056 5487 angelis
3094 5421 3399 5491 exemplum
3434 5408 3693 5470 manendi.’

2202 5508 2455 5565 Ecclesia:
2506 5526 2639 5566 sane
2692 5512 2926 5567 decretis
2970 5514 3283 5581 neutiquam
3347 5512 3580 5581 repugﬂal
3618 5500 3698 5553 ll“

2178 5602 2533 5670 propositio;
2588 5603 2815 5673 primam
2856 5608 3119 5675 gratiam
3160 5604 3396 5676 angelis,
3451 5614 3507 5654 ac
3557 5585 3699 5647 deinde

2211 5694 2633 5763 perseverantiae
2657 5694 2859 5751 donum
2901 5697 3177 5754 Christum
3213 5694 3465 5767 sanguine
3494 5702 3575 5744 suo
3608 5690 3698 5750 μω·
