3898 6536
156 411 279 469 εδδ

973 371 1573 473 οιιισιεΝιειΝοιιιιιι
1613 417 1740 474 LIB.
1786 419 1850 485 ιι,
1889 420 2042 478 CAP.
2080 421 2146 486 ιι,
2187 421 2467 490 QUEST.
2498 424 2589 479 ιιι.

3334 426 3439 483 854

157 524 466 589 meruisse,
499 533 558 579 ut
582 538 650 580 eo
680 539 842 581 sensu
870 526 1191 594 angelorum
1221 543 1438 597 quoque
1468 544 1760 586 conserva-
1787 537 1834 595 Α
1863 533 2150 602 scripsisse
2203 533 2371 589 refert
2395 535 2751 605 Serapionem
2817 539 2869 592 in
2927 536 3318 596 Commentario
3383 546 3441 596 in

156 628 280 679 tor,
322 627 380 673 et
416 626 474 671 ut
509 617 746 687 loquitur
789 617 1194 684 Tertullianus,
1243 620 1612 678 Salutificator
1652 624 1758 678 dici

152 712 362 782 possit.
403 709 624 765 Minime
649 726 777 765 vero
829 710 1040 781 Didymi
1089 711 1405 784 suffragium
1468 715 1557 770 hic
1621 731 1759 785 prae-

154 805 359 871 ternio,
388 804 587 873 quippe
610 804 701 873 qui
731 803 1055 875 Origenismi
1105 822 1270 862 causa
1306 808 1447 862 male
1481 807 1754 875 audierit;

157 896 289 949 haec
321 895 671 949 nihilominus
704 894 865 949 verba
906 896 1074 964 ipsius
1104 898 1377 965 proferam
1415 914 1446 953 e
1480 896 1758 954 Commen-

155 989 313 1041 tario
343 987 397 1041 in
429 985 458 1040 1
494 983 641 1040 Petr.
672 1003 757 1052 ιιι,
802 1001 923 1056 qua
950 987 1282 1060 Origeniano
1324 989 1593 1047 fermento
1637 1004 1755 1046 tur-

151 1090 339 1149 gent:
383 1097 402 1131 ι
431 1079 590 1135 Sicut
619 1081 764 1135 enim
790 1080 1040 1136 homines
1082 1082 1419 1138 abstinentes
1448 1100 1476 1137 a
1517 1085 1756 1153 peccatis

151 1172 399 1243 subjecti
427 1181 585 1237 sunt;
636 1174 708 1228 ita
752 1185 807 1229 et
851 1177 1134 1245 superiora
1182 1178 1464 1233 rationalia
1507 1188 1755 1235 correcta

151 1264 488 1333 spontaneis
512 1264 707 1334 culpis,
735 1281 855 1334 qua
884 1264 1112 1321 forsitan
1156 1268 1484 1334 habuerunt,
1528 1270 1576 1323 ei
1629 1270 1755 1324 sub-

144 1353 305 1423 jecta
338 1365 485 1425 sunt,
518 1356 785 1427 completa
811 1359 1220 1430 dispensatione
1253 1361 1437 1416 habita
1459 1376 1557 1432 pro
1579 1361 1755 1418 saluto

150 1458 512 1502 cunctorum.
543 1467 563 1500 ι

229 1536 361 1593 Huc
386 1539 544 1604 adde,
580 1554 919 1609 quacunque
945 1542 1060 1598 fere
1103 1557 1271 1613 super
1319 1560 1385 1599 eo
1432 1554 1753 1615 argumento

151 1632 447 1700 preposuit
478 1631 741 1703 Origenes
765 1672 781 1699 ,
815 1634 1117 1691 hasitando
1151 1646 1205 1692 et
1253 1637 1602 1706 inquiremlo,
1644 1656 1749 1693 non

156 1722 488 1778 aﬂirmando
512 1728 857 1795 proposuisse
882 1743 896 1780 :
927 1727 1071 1783 velut
1096 1730 1147 1783 in
1183 1730 1276 1783 illo
1307 1731 1502 1800 insigni
1532 1732 1652 1786 loco
1682 1747 1749 1785 ex

155 1816 361 1871 homil.
388 1832 404 1870 ι
435 1817 489 1870 in
514 1815 707 1880 Levit.,
732 1835 884 1877 num.
910 1821 946 1876 5
979 1837 991 1873 :
1036 1841 1054 1873 ι
1087 1822 1194 1877 Sed
1239 1832 1294 1876 et
1348 1822 1451 1877 hoc
1493 1822 1747 1889 fortasse,

1857 626 2049 695 psalm.
2109 642 2263 681 xvm.
2313 626 2567 683 Profecto
2620 627 2961 699 Origenistas
3013 632 3275 700 quosdam
3333 650 3439 689 non

1862 718 2091 772 multum
2112 719 2382 774 absimilis
2408 719 2581 787 culpa
2608 721 2883 777 insimulat
2926 722 3161 779 Orosius
3195 725 3248 779 in
3281 725 3441 781 Com-

1859 812 2143 864 monitorio
2177 810 2246 865 ad
2297 812 2689 880 Augustinum;
2745 817 3068 883 pertendere
3112 832 3207 872 eos
3254 819 3443 873 dicens

1858 904 2144 958 Christum
2182 914 2477 973 antequam
2507 907 2560 959 in
2603 916 2778 961 terras
2807 908 3164 963 descenderet
3188 950 3203 972 ,
3246 911 3440 964 remis-

1858 994 2066 1049 sionem
2108 995 2338 1063 angelis,
2381 1007 2663 1065 assumpto
2693 1012 2882 1051 eorum
2921 1014 3056 1067 quos
3092 1001 3280 1055 adibat
3308 1017 3433 1054 cor-

1856 1098 2026 1153 pore,
2088 1085 2447 1154 praedicasse;
2502 1103 2566 1139 ac
2621 1088 2838 1141 tandem
2891 1089 3187 1144 lmmanmn
3235 1105 3441 1160 corpus

1857 1176 2121 1242 induisse,
2171 1196 2189 1229 ι
2222 1178 2325 1233 hoc
2356 1180 2612 1247 passione
2634 1189 2689 1233 et
2728 1182 3131 1237 resurrectione
3177 1185 3439 1238 determi-

1856 1280 2100 1331 nantem,
2158 1285 2350 1324 rursus
2396 1270 2570 1325 donec
2611 1285 2782 1340 usque
2826 1274 2892 1327 ad
2940 1272 3149 1326 Patrem
3198 1275 3436 1340 veniret,

1855 1362 2201 1416 ascendendo
2232 1372 2481 1417 tenuasse
2502 1379 2517 1416 :
2539 1364 2613 1417 ita
2646 1379 2821 1432 neque
2855 1365 3165 1434 deposiuun
3196 1381 3436 1436 unquam

1856 1451 2023 1507 fuisse
2060 1468 2279 1522 corpus,
2324 1469 2425 1508 nec
2454 1452 2508 1507 in
2543 1470 2774 1524 corpore
2826 1456 2934 1510 ullo
2972 1467 3287 1525 regnantem
3321 1459 3437 1512 cir-

1855 1543 2146 1598 cumscribi
2190 1546 2379 1601 Deum.
2413 1526 2617 1612 s/Qua
2659 1561 2783 1601 cum
2839 1549 2891 1603 in
2952 1549 3092 1604 libro
3145 1552 3437 1621 Augustini

1853 1646 2037 1690 contra
2066 1636 2508 1691 Priscillianistar
2538 1651 2584 1691 et
2619 1641 2975 1709 Origenistas,
3010 1652 3069 1695 ut
3094 1643 3185 1697 alii
3207 1660 3427 1699 eorum-

1855 1730 1979 1782 dem
2001 1743 2218 1783 errores
2242 1730 2343 1799 ipsi
2380 1729 2447 1783 ab
2475 1728 2670 1785 Orosio
2694 1732 2980 1801 propositi,
3010 1750 3277 1802 nusquam
3307 1751 3439 1791 con-

1853 1816 2027 1872 futata
2063 1829 2383 1889 appareant,
2434 1821 2705 1876 concludo
2740 1832 2953 1891 partem
2991 1825 3229 1894 aliquam
3266 1826 3363 1882 libt
3379 1826 3433 1882 ili

153 1910 365 1979 inquit,
404 1927 510 1965 non
539 1912 658 1966 sine
687 1927 850 1967 causa
889 1916 982 1979 sit,
1021 1934 1038 1967 ι
1076 1924 1183 1970 etc.
1218 1915 1347 1970 Item
1380 1916 1538 1985 paulo
1566 1916 1745 1971 infra:
1782 1899 1825 1955 Β
1855 1907 2015 1977 huius
2049 1911 2421 1967 interemisse-

156 2022 178 2052 ι
207 2000 326 2056 Nisi
352 2003 479 2071 quia
533 2004 672 2057 forte
708 2004 811 2059 hoc
852 2006 1070 2077 intelligi
1128 2008 1320 2073 voluit,
1355 2026 1374 2060 ι
1428 2016 1641 2073 etc.,et
1691 2008 1745 2063 in

153 2093 336 2148 altero
375 2108 441 2148 ex
478 2094 665 2151 homil.
700 2097 756 2161 Ξ,
800 2114 951 2151 ιιιιιη.
999 2099 1033 2154 5
1059 2116 1074 2154 :
1105 2099 1284 2155 «Vide
1327 2114 1457 2171 ergo
1498 2114 1566 2156 ne
1609 2101 1747 2157 forte

151 2182 338 2248 Jesus,
371 2204 391 2237 ι
434 2195 540 2241 etc.
575 2186 710 2241 Tum
746 2188 798 2240 in
828 2202 892 2241 eo
923 2189 1013 2258 qui
1047 2190 1246 2258 petitus
1277 2199 1361 2245 est
1403 2205 1434 2245 e
1468 2199 1599 2245 tom.
1629 2207 1646 2246 ι
1690 2193 1746 2246 in

149 2273 388 2342 Joann.,
448 2293 597 2333 num.
644 2278 754 2346 54,
820 2281 1093 2348 quomodo
1138 2280 1513 2336 subterraneis
1548 2282 1747 2338 similis

151 2368 341 2422 factus
371 2369 465 2430 sit,
502 2368 666 2424 dubie
699 2370 947 2440 inquirit.
976 2371 1335 2439 Apertissime
1366 2387 1495 2425 vero
1524 2372 1745 2428 fluctua-

151 2459 365 2514 tionem
406 2476 558 2515 suam
604 2462 982 2531 exprimitlib.
1034 2479 1048 2518 ι
1104 2464 1157 2517 in
1206 2463 1380 2533 Epist.
1446 2465 1515 2517 ad
1564 2464 1742 2533 Rom.,

148 2564 306 2604 num.
332 2550 388 2610 4.
414 2568 535 2607 cum
568 2554 750 2608 varias
776 2554 894 2609 illas
928 2554 1131 2611 Christi
1159 2557 1528 2626 apparitiones
1554 2573 1744 2612 recen-

148 2653 287 2697 set:
333 2661 354 2695 ι
388 2643 461 2698 De
525 2644 742 2714 quibus,
799 2644 1001 2714 inquit,
1063 2647 1313 2715 quamvis
1376 2647 1741 2715 periculosum

145 2736 407 2790 videatur
472 2736 734 2791 chartulis
785 2740 1132 2794 committere
1188 2755 1517 2805 sermonem,
1562 2750 1739 2795 tamen

148 2842 265 2882 non
298 2828 473 2884 otiose
512 2833 885 2897 pratereunda
936 2840 1063 2887 sunt
1112 2832 1255 2886 dicta
1307 2832 1633 2900 sapientium
1665 2841 1740 2903 .et

144 2922 448 2991 aenigmata
488 2920 562 2987 ",
591 2923 683 2976 sed
733 2922 918 2976 subtili
951 2923 1240 2977 admodum
1276 2924 1473 2977 mentis
1501 2924 1619 2977 acie
1648 2924 1738 2995 (in

145 3025 422 3084 quantum
448 3029 536 3069 res
565 3015 807 3084 patitur)
844 3015 991 3068 velut
1030 3030 1127 3083 per
1164 3016 1431 3083 quoddam
1459 3016 1737 3085 speculum

145 3105 601 3172 contemplanda;
638 3119 704 3158 ne
728 3106 867 3160 forte
917 3107 962 3159 is
994 3105 1086 3173 qui
1131 3108 1353 3160 verbum
1387 3120 1514 3161 caro
1562 3106 1739 3162 factus

142 3196 406 3266 apparuit
434 3197 646 3267 positus
678 3196 729 3250 in
761 3212 946 3259 carne,
988 3215 1007 3247 ι
1032 3208 1142 3252 etc.

228 3284 443 3340 XXVII.
476 3284 624 3341 Inter
651 3288 912 3357 sacrilega
938 3286 1359 3341 Manichaorum
1387 3287 1529 3342 dicta
1568 3287 1736 3343 refert

144 3380 370 3448 insigne
408 3379 542 3434 illud
590 3382 925 3450 Augustinus
982 3380 1076 3433 lib.
1113 3395 1180 3432 xx
1234 3391 1416 3433 contra
1451 3377 1737 3450 Faustum,

144 3487 274 3542 esp.
308 3471 367 3527 2.
405 3471 677 3526 Christum
713 3472 804 3540 qui
835 3471 930 3526 Dei
976 3470 1153 3525 virtus
1201 3482 1255 3526 et
1304 3472 1570 3541 sapientia
1630 3483 1738 3539 est,

142 3566 305 3635 quasi
340 3564 652 3633 bipertitum
694 3563 745 3617 in
789 3565 904 3619 sole
937 3575 992 3619 et
1035 3566 1161 3619 luna
1211 3566 1494 3631 habitare;
1557 3579 1621 3619 ac
1684 3566 1738 3620 in

143 3656 263 3710 sole
286 3654 528 3724 quidem,
557 3669 662 3724 qua
697 3655 785 3709 Dei
818 3656 991 3711 virtus
1033 3664 1146 3716 est;
1188 3657 1241 3710 in
1285 3656 1409 3709 luna
1438 3670 1601 3724 vero,
1632 3672 1737 3727 qua

143 3746 443 3812 sapientia.
475 3744 782 3801 Philastrus
823 3746 950 3801 item
989 3748 1123 3802 har.
1169 3763 1255 3808 ιγ.
1310 3758 1366 3801 et
1400 3748 1735 3818 Augustinus

143 3835 216 3889 ad
244 3834 699 3901 Quodvultdeum,
740 3837 854 3890 har
902 3853 1015 3901 ιιι,
1063 3837 1349 3891 Seleucum
1376 3847 1430 3892 et
1465 3836 1737 3892 llermiam

140 3937 411 3995 arguunt,
442 3936 699 3993 negantes
728 3945 745 3978 ι
777 3925 1117 3981 Salvatorem
1152 3928 1204 3980 in
1235 3942 1400 3982 carne
1431 3928 1620 3983 sedere
1663 3931 1730 3983 ad

142 4017 402 4071 dextram
432 4014 630 4084 Patris,
660 4019 753 4073 sed
789 4018 1119 4088 esspoliasse
1144 4031 1387 4083 carnem,
1411 4028 1465 4073 et
1493 4020 1738 4088 posuisse

143 4109 203 4163 in
234 4108 350 4164 sole
372 4109 736 4176 astimarint;
790 4110 892 4165 hoc
917 4111 1179 4165 adductos
1217 4113 1494 4181 propheta
1536 4112 1733 4181 psalm.

143 4218 308 4268 xvtu,
362 4201 417 4267 6,
474 4220 493 4253 ι
524 4201 578 4255 In
627 4203 743 4258 sole
793 4204 972 4273 posuit
1035 4205 1439 4259 tabernaculum
1498 4222 1677 4260 suum.
1711 4224 1731 4257 ι

146 4295 411 4351 Criminis
437 4294 679 4364 ejusdem
729 4294 1123 4367 Hermogenem
1165 4297 1455 4367 compellat
1483 4296 1734 4354 Theodo-

143 4399 299 4443 retus
324 4388 420 4441 lib.
452 4402 466 4443 ι
524 4386 725 4441 Ilwret.
768 4387 963 4456 fabul.,
990 4403 1111 4457 cap.
1136 4386 1225 4452 l9,
1248 4403 1278 4441 a
1308 4403 1417 4458 quo
1445 4388 1737 4443 verisimile

142 4486 235 4534 est
303 4478 452 4533 virus
498 4477 830 4546 hujusmodi,
896 4487 958 4531 ut
1006 4478 1112 4530 alia
1162 4476 1352 4541 multa,
1406 4477 1736 4534 Manichaos

146 4571 397 4634 suxisse;
457 4586 563 4624 non
610 4572 678 4623 ah
724 4566 978 4640 Origene,
1024 4583 1184 4639 quem
1236 4579 1414 4624 tamen
1457 4570 1735 4625 insimulat

146 4663 414 4731 Serapion
446 4661 756 4726 Tmuensis,
778 4671 1140 4732 cognomento
1162 4661 1545 4727 Scholasticus,
1578 4664 1731 4732 quasi

144 4758 355 4810 erroris
395 4754 558 4825 hujus
609 4753 922 4808 Manichais
966 4762 1161 4807 auctor
1194 4754 1380 4819 fuerit,
1410 4762 1602 4824 utpote
1633 4755 1728 4824 qui

145 4849 398 4919 proxime
450 4846 728 4900 laudatum
781 4846 1003 4901 Davidis
1041 4846 1218 4901 locum
1254 4845 1536 4901 illustrans
1570 4845 1732 4901 Chri-

146 4955 292 4999 stum
318 4943 638 5012 scripserit,
685 4958 806 4998 cum
840 4942 894 4997 in
922 4941 1119 4997 calum
1157 4941 1503 5007 ascenderet,
1535 4943 1736 4997 obdor-

149 5038 345 5100 misse,
404 5045 461 5090 et
525 5036 772 5098 deposito
813 5035 867 5087 in
923 5033 1038 5089 sole
1093 5050 1345 5105 corpore,
1385 5034 1624 5088 animam
1681 5035 1733 5089 in

150 5128 350 5183 calum
376 5128 444 5181 ad
468 5127 717 5182 dextram
759 5124 939 5181 Patris
970 5126 1241 5182 intulisse.
1284 5125 1409 5182 llaec
1433 5128 1648 5195 quidem
1678 5127 1731 5182 in

152 5223 294 5276 libro
324 5222 646 5290 Serapionis
677 5223 932 5276 adversus
966 5221 1291 5274 Manichaee:
1320 5219 1505 5274 haberi
1537 5218 1729 5274 scribit

149 5314 341 5369 Sixtus
371 5313 634 5367 Senensis
659 5313 908 5368 Biblioth.
934 5324 1106 5367 sanet.
1138 5313 1232 5367 lib.
1259 5327 1312 5375 ν,
1331 5322 1387 5366 et
1416 5321 1535 5382 post
1557 5312 1731 5380 ipsum

149 5406 536 5463 Genebrardus
588 5405 639 5458 in
679 5403 1029 5458 Collectaneis
1091 5403 1313 5474 Origeni
1361 5404 1620 5472 praftxis.
1654 5406 1736 5472 ,Αι

152 5498 287 5553 nihil
339 5494 648 5564 bujusmodi
681 5495 897 5564 reperio
943 5496 997 5549 in
1048 5496 1151 5549 hoc
1194 5494 1513 5564 Serapionis
1546 5509 1731 5565 opere,

148 5602 307 5666 prout
349 5593 557 5647 editum
609 5590 879 5660 reperitur
914 5590 967 5643 in
1000 5589 1331 5643 Bibliotheca
1360 5588 1605 5642 Patrum.
1640 5587 1733 5644 Bi-

152 5701 306 5743 netus
336 5700 467 5740 vero
510 5686 563 5740 in
606 5684 789 5740 libello
822 5684 896 5738 De
924 5684 1093 5739 salute
1143 5681 1389 5753 Origenis
1420 5682 1525 5739 hoc
1558 5682 1732 5752 ipsum

150 5866 194 5899 ’³
234 5863 390 5920 Prov.
420 5876 460 5933 ι,
486 5860 541 5919 6.
615 5861 662 5895 ⁸⁸
696 5860 839 5919 Psal.
874 5874 1027 5928 xvut,
1055 5857 1111 5916 6.

1924 2022 2024 2090 Qui
2056 2033 2237 2078 autem
2272 2025 2323 2079 in
2368 2040 2430 2080 ea
2461 2025 2669 2081 versari
2713 2014 2980 2083 sententia
3029 2031 3204 2099 potuit
3244 2028 3437 2100 Orige-

1854 2130 1985 2179 nes,
2019 2130 2179 2185 quem
2209 2116 2323 2171 hac
2347 2116 2635 2186 scripsisse
2667 2118 2831 2172 refert
2856 2118 3169 2190 Pamphilus
3204 2122 3254 2175 in
3298 2122 3438 2188 Apo-

1851 2203 1991 2274 logia
2033 2220 2053 2258 :
2098 2222 2118 2257 ι
2150 2205 2291 2273 Quid
2331 2216 2415 2260 est
2440 2208 2582 2276 quod
2618 2208 2755 2261 dixit
2787 2224 2801 2261 :
2835 2208 2899 2262 In
2926 2210 3036 2262 sole
3062 2212 3237 2278 posuit
3262 2212 3436 2264 taber-

1853 2299 2100 2350 naculum
2140 2312 2293 2351 suum
2321 2298 2407 2351 “‘l
2451 2298 2680 2364 Quidam
2729 2302 2945 2369 quidem
2999 2302 3251 2356 dicebant
3290 2304 3434 2372 quod

1853 2388 2103 2444 Salvator
2148 2400 2340 2445 noster
2377 2393 2680 2447 ascendens
2723 2407 2754 2446 e
2796 2394 2959 2447 terris
3009 2395 3075 2447 ad
3116 2395 3350 2460 calum,
3379 2404 3436 2450 et

1852 2498 2049 2552 corpus
2078 2499 2235 2537 suum
2272 2499 2577 2550 assumens,
2614 2486 2858 2553 pervenit
2882 2501 3053 2554 usque
3082 2488 3148 2541 ad
3172 2503 3298 2542 eum
3325 2488 3435 2543 cir-

1850 2577 2032 2631 culum
2064 2576 2155 2646 qui
2194 2575 2331 2631 solis
2363 2591 2499 2630 zona
2526 2579 2870 2643 nominatur;
2904 2589 2957 2632 et
2989 2578 3083 2644 ibi,
3114 2581 3299 2647 aiunt,
3335 2595 3435 2649 po-

1850 2669 1962 2723 suit
1998 2668 2413 2723 tabernaculum
2458 2669 2707 2738 corporis
2751 2669 2834 2723 sui
2885 2684 2898 2721 :
2936 2684 3043 2722 non
3093 2670 3240 2725 enim
3290 2671 3431 2726 ultra

1848 2771 1967 2817 erat
2001 2759 2258 2831 possibile
2287 2760 2338 2813 id
2370 2759 2643 2829 progredi.
2673 2758 2778 2814 Sed
2813 2760 2924 2813 hac
2953 2760 3027 2814 illi
3061 2761 3131 2815 ita
3166 2762 3430 2827 sentiunt,

1848 2866 1947 2921 pro
1974 2866 2040 2905 eo
2076 2851 2220 2920 quod
2263 2851 2577 2919 allegoriam
2608 2849 2803 2904 nolunt
2834 2850 2887 2903 in
2922 2849 3205 2918 Scriptura
3246 2852 3430 2907 divina

1848 2942 2113 3011 recipere,
2144 2952 2201 2996 et
2242 2942 2361 2996 ideo
2400 2954 2550 3009 purae
2594 2940 2837 2994 historia
2879 2940 3283 3008 deservientes,
3328 2942 3433 2995 hu-

1840 3032 2075 3103 jusmodi
2108 3033 2317 3089 fabulas
2356 3043 2412 3087 et
2448 3034 2704 3101 figmenta
2732 3043 3092 3104 componunt.
3129 3052 3149 3086 ι
3173 3033 3309 3088 Tum
3352 3035 3431 3088 lo-

1849 3141 1970 3180 cum
2009 3126 2153 3179 hunc
2185 3126 2462 3194 propheta
2492 3124 2835 3193 postmodum
2888 3126 2959 3179 ita
3012 3126 3428 3195 interpretatur,

1850 3217 2256 3273 tabernaculum
2283 3217 2483 3271 Christi
2534 3230 2655 3271 esse
2688 3215 3016 3281 Ecclesiam;
3060 3214 3227 3269 solem
3276 3230 3430 3281 vero,

1850 3309 2040 3374 Deum,
2094 3307 2187 3377 qui
2245 3307 2334 3361 lux
2383 3314 2585 3361 aterna
2622 3315 2736 3372 est,
2785 3314 2841 3361 et
2871 3305 2951 3361 sol
2983 3303 3231 3373 iustitia.
3288 3303 3429 3371 Quin

1843 3402 2007 3456 etiam
2041 3399 2441 3468 Hermogenem
2491 3396 2655 3467 hujus
2700 3404 3157 3467 propugnatorem
3204 3396 3433 3451 insania

1843 3491 2160 3548 eonfutasse
2222 3490 2514 3561 Origenem
2588 3490 2757 3543 tradit
2823 3487 3198 3544 Theodoretus
3276 3486 3427 3543 "mf.

1843 3580 1938 3636 lib.
1977 3596 2018 3647 ι,
2059 3595 2180 3651 cap.
2232 3580 2322 3636 l9.
2354 3580 2539 3636 Placet
2583 3595 2714 3650 ergo
2743 3577 2884 3634 Sixti
2927 3579 3189 3634 Senensis
3233 3587 3287 3633 et
3321 3577 3431 3634 Geo

1844 3673 2101 3727 nebrardi
2154 3673 2512 3742 conjectura,
2555 3669 2812 3726 delirium
2864 3668 2995 3722 illud
3038 3683 3068 3721 a
3115 3667 3432 3723 .‘slanichais

1844 3764 2014 3820 fuisse
2048 3764 2268 3835 Origeni
2313 3764 2585 3831 affictum,
2638 3772 3037 3832 corruptosque
3091 3760 3208 3829 ejus
3258 3760 3429 3815 libros

1846 3854 1911 3908 ad
1945 3854 2339 3909 conciliandam
2370 3853 2630 3922 impietati
2662 3867 2773 3908 sum
2802 3854 2982 3907 tidem.
3034 3849 3257 3904 Minime
3297 3863 3433 3902 vero

1842 3946 2018 4013 placet
2038 3946 2207 4000 altera
2219 3943 2550 3999 Genebrardi
2576 3944 2875 4013 responsio,
2900 3942 3086 4011 negari
3111 3941 3432 4010 simpliciter

1841 4035 1892 4090 id
1933 4052 2113 4106 posse,
2164 4039 2288 4106 quia
2329 4035 2578 4105 Origenis
2609 4036 2744 4090 liber
2777 4052 2882 4089 non
2914 4045 3090 4089 exstat
3123 4050 3137 4087 :
3168 4048 3289 4087 nam
3319 4046 3432 4102 quo

1842 4128 2047 4182 recidet
2082 4128 2400 4199 Serapionis
2430 4129 2762 4192 auctoritas,
2799 4143 2960 4197 quem
2985 4124 3201 4180 extollit
3236 4125 3428 4179 lliero-

1840 4220 2075 4291 nymus?

1914 4312 2154 4368 XXVIII.
2205 4312 2489 4368 Difficilius
2530 4312 2803 4368 sententia
2837 4312 2955 4366 hac
3001 4308 3179 4363 atiinis
3224 4307 3429 4376 prioris

1837 4405 1983 4461 illius
2029 4405 2277 4461 excusari
2331 4413 2536 4475 potest,
2587 4418 2751 4472 quam
2804 4402 2996 4457 homil.
3054 4400 3124 4455 29
3182 4401 3235 4453 in
3292 4397 3425 4452 Luc.

1840 4498 2181 4567 consignavit
2209 4497 2494 4566 Origenes.
2525 4514 2543 4548 ι
2587 4494 2742 4563 Quod
2790 4494 2875 4561 si,
2922 4494 3129 4564 inquit,
3161 4500 3426 4557 tentatus,

1840 4587 1992 4642 illum
2033 4587 2359 4657 (Christum)
2390 4588 2636 4641 imitatus
2663 4586 2835 4642 fueris
2868 4588 2959 4657 qui
3014 4601 3112 4656 pro
3156 4594 3210 4640 te
3245 4593 3425 4639 tenta-

1840 4691 1925 4735 tus
1950 4689 2108 4736 estet
2136 4695 2302 4735 omne
2324 4680 2523 4736 viceris
2560 4688 2981 4743 tentamentum,
3021 4676 3246 4732 habebis
3272 4688 3424 4746 spem

1836 4787 1959 4827 cum
1991 4787 2057 4826 eo
2090 4772 2180 4841 qui
2212 4780 2341 4826 tunc
2372 4772 2533 4826 homo
2566 4769 2690 4835 fuit,
2722 4786 2865 4825 nunc
2891 4780 3073 4824 autem
3116 4771 3277 4823 homo
3303 4780 3428 4822 esse

1836 4864 2094 4919 cessavit.
2120 4863 2255 4918 Nam
2279 4864 2325 4918 si
2355 4864 2448 4933 qui
2480 4862 2758 4932 quondam
2778 4865 2945 4917 homo
2970 4871 3108 4926 erat,
3134 4870 3422 4930 postquam

1837 4966 2078 5011 tentatus
2127 4964 2234 5019 est,
2284 4964 2339 5010 et
2385 4955 2609 5010 recessit
2646 4957 2715 5010 ab
2740 4970 2808 5009 eo
2837 4952 3112 5016 diabolus,
3149 4964 3325 5019 usque
3353 4947 3421 5001 ad

1838 5055 2046 5115 tempus
2079 5045 2270 5099 mortis
2302 5059 2331 5097 ιι
2366 5047 2595 5100 mortuis
2644 5057 2934 5113 resurgens
2985 5041 3125 5095 ultra
3161 5054 3267 5093 non
3310 5052 3424 5090 mo-

1836 5137 2044 5206 rietur;
2095 5138 2273 5191 omnis
2315 5147 2497 5192 autem
2558 5139 2722 5192 homo
2778 5135 2938 5190 morti
2989 5134 3280 5196 subiacet:
3322 5130 3423 5184 iste

1836 5246 1966 5300 ergo
1990 5230 2080 5299 qui
2113 5244 2459 5299 nequaquam
2493 5230 2748 5296 moritur,
2779 5227 2891 5297 jam
2946 5240 3053 5279 non
3098 5230 3183 5278 e'st
3235 5225 3420 5287 homo,

1836 5323 1929 5376 sed
1962 5318 2105 5376 Deus
2131 5331 2235 5374 est.
2276 5339 2297 5372 ι
2333 5320 2451 5374 Dixi
2497 5320 2825 5374 sententiam
2869 5326 3009 5372 hanc
3036 5315 3235 5386 prioris
3276 5314 3422 5368 illius

1833 5426 1955 5467 esse
1985 5411 2234 5477 atiinem;
2265 5427 2386 5465 nam
2433 5412 2477 5465 si
2529 5426 2853 5481 persuasum
2904 5423 3093 5463 revera
3139 5407 3423 5461 habuisset

1836 5500 2099 5570 Origenes
2134 5517 2333 5571 corpus
2362 5516 2519 5556 suum
2550 5501 2604 5555 in
2633 5500 2747 5555 sole
2765 5499 3043 5554 Christum
3078 5497 3418 5567 deposuisse,

1841 5595 2240 5650 consectarium
2266 5604 2386 5649 erat
2411 5610 2533 5650 eum
2577 5608 2793 5663 quoque
2830 5592 3171 5647 humanitate
3198 5598 3420 5643 exutum

1840 5685 2117 5743 arbitrari.
2155 5685 2365 5743 Similis
2404 5685 2803 5758 propemodum
2849 5683 3017 5740 fuisse
3070 5681 3249 5737 fertur
3279 5678 3419 5734 Mar-
