3916 6530
437 405 569 487 βπδ
1730 391 1791 448 P.
1835 392 2050 449 nsum

2190 392 2235 447 Η
2246 392 2428 450 UETII
3627 390 3738 446 856

459 520 582 576 celli
615 524 887 589 Ancyraui
922 513 1196 579 doctrina,
1222 513 1463 568 futurum
1501 513 1799 579 credentis,
1836 524 1892 565 ut
1920 528 2043 568 car-
2070 527 2117 576 Α
2146 515 2446 584 responsio,
2508 528 2630 569 nam
2698 511 2979 568 Christum
3030 524 3131 581 pro
3176 509 3421 581 peccatis
3467 522 3604 562 vero
3647 510 3747 559 do-

462 628 582 666 nem
636 620 755 681 post
807 607 1263 662 resurrectionem
1309 605 1564 660 Christus
1618 603 1920 674 abjiceret,
1975 620 2039 661 ac

460 703 621 757 homo
656 702 880 771 proinde
935 709 991 753 et
1039 714 1134 753 rex
1186 713 1309 753 esse
1360 698 1655 753 desineret.
1688 698 1759 752 At
1800 698 1906 752 alia
1944 696 2042 751 fuit

461 792 711 862 Origenis
756 790 1111 845 ratiocinatio
1131 828 1149 855 ,
1200 804 1324 843 nam
1370 804 1547 859 neque
1575 789 1854 844 Christum
1885 805 1913 841 a
1943 802 2042 842 suo

461 899 691 954 corpore
726 884 1026 953 sejunctum
1062 896 1183 935 esse
1223 882 1433 950 putavit
1468 882 1560 951 (de
1592 879 1901 949 tridnojam
1935 893 2040 933 non

461 977 675 1045 loquor,
704 990 810 1044 quo
845 975 897 1028 in
928 973 1180 1043 sepulcro
1211 982 1480 1026 mortuum
1514 973 1683 1041 ipsius
1738 987 1934 1039 corpus
1954 970 2040 1039 ja—

460 1066 621 1137 cuit),
658 1076 716 1119 ttt
757 1066 1284 1132 demonstravimus;
1321 1074 1376 1119 et
1435 1081 1557 1119 eum
1601 1065 1712 1134 jam
1771 1065 2042 1119 hominem

462 1158 666 1213 idcirco
692 1172 815 1213 esse
848 1168 1032 1225 negat,
1060 1158 1185 1226 quia
1218 1158 1467 1227 quisquis
1499 1158 1663 1211 morti
1702 1174 1807 1211 non
1859 1156 2045 1225 subia-

462 1260 571 1313 cet,
611 1252 925 1319 neutiquam
955 1250 1228 1302 hominem
1259 1264 1383 1303 esse
1406 1257 1617 1303 censet.
1646 1249 1701 1301 In
1731 1264 1839 1316 quo
1875 1264 2047 1317 quan-

462 1358 622 1411 quam
657 1344 804 1396 circa
845 1344 1080 1397 hominis
1114 1356 1307 1395 nomen
1336 1343 1564 1409 qumstiu
1603 1353 1852 1395 versetur
1876 1380 1891 1405 ,
1920 1356 2043 1396 cum

461 1438 528 1501 de
578 1451 637 1489 re
669 1444 913 1499 constet,
964 1434 1242 1487 fatettdum
1292 1434 1646 1487 nihilominus
1702 1434 2043 1488 temerariam

460 1539 584 1580 esse
629 1539 815 1577 vocent
854 1524 1015 1588 hanc,
1048 1522 1279 1591 ideoque
1312 1522 1720 1589 repudiandam.

532 1613 725 1667 XXIX.
756 1612 999 1668 Celebris
1024 1622 1109 1667 est
1147 1611 1413 1666 Bernardi
1448 1614 1711 1666 adversus
1751 1610 2042 1681 Origenem

461 1708 678 1777 querela
708 1745 725 1769 ,
781 1706 835 1759 itt
885 1720 1140 1759 sermone
1187 1704 1279 1769 qui
1341 1703 1696 1768 inscribitur,
1750 1702 1826 1755 De
1876 1701 2043 1756 verbis

464 1800 744 1868 Origenis,
787 1800 837 1851 in
878 1813 987 1867 quo
1028 1798 1268 1866 graviter
1314 1812 1436 1849 eum
1485 1796 1910 1864 incessit,qnod
1944 1797 2042 1850 lto—

2145 606 2295 671 loris,
2329 622 2492 662 sensu
2524 607 2765 676 torqueri
2800 604 2972 658 voluit
3002 602 3263 673 Origenes
3285 642 3300 665 ,
3341 610 3399 654 et
3453 609 3647 669 aperte
3676 613 3743 651 ac

2148 698 2346 752 iterato
2395 695 2704 751 aﬂirmavit.
2739 696 2872 751 Tale
2913 705 3093 749 autem
3141 694 3419 762 quidpiam
3463 689 3747 760 persenti-

2147 803 2302 843 scere
2328 773 2591 855 Spiritum
2616 798 2864 844 sanetnm
2891 790 3114 843 minime
3143 787 3366 841 Paulum
3401 782 3746 839 intellexisse

2153 891 2285 951 puto
2312 896 2328 943 ;
2375 896 2471 935 nec
2499 889 2651 933 certe
2684 888 2875 948 putant
2907 881 3255 948 interpretes.
3290 876 3382 930 Sic
3416 874 3601 929 locum
3648 888 3747 925 ex-

2146 974 2296 1044 ponit
2322 973 2436 1041 ipse
2462 971 2720 1042 Origenes
2764 971 2851 1025 lib.
2878 986 2949 1024 vn
2983 971 3035 1025 iit
3063 969 3229 1038 Epist.
3260 970 3329 1021 ad
3372 966 3561 1029 Rom.,
3588 980 3741 1018 num.

2158 1064 2235 1118 6:
2274 1082 2294 1115 ‹
2330 1064 2561 1117 Sanctus
2610 1060 2845 1133 Spiritus
2898 1061 2984 1115 ubi
3030 1059 3535 1130 oppugnationibus
3560 1056 3746 1111 carnis

2145 1156 2445 1226 perturbari
2461 1162 2698 1209 nosti-unt
2718 1154 2965 1223 spiritum
2979 1154 3243 1218 viderit,et
3261 1152 3597 1205 nescientem
3618 1146 3748 1217 quid

2148 1261 2304 1300 orare
2328 1246 2520 1339 debeat
2540 1247 2835 1301 secundum
2854 1246 2995 1315 quod
3026 1255 3257 1313 oportet,
3278 1246 3391 1312 ipse
3410 1242 3749 1311 velutmagi-

2146 1347 2261 1392 ster
2291 1331 2591 1391 orationem
2636 1337 2917 1405 przemittit
2942 1376 2957 1401 ,
2983 1351 3143 1404 quant
3190 1345 3376 1389 noster
3406 1334 3667 1400 spiritus,
3698 1331 3748 1387 si

2148 1438 2329 1482 tamen
2385 1429 2682 1500 discipulus
2737 1444 2859 1485 esse
2904 1429 3081 1482 sancti
3141 1425 3382 1494 Spiritus
3436 1426 3745 1488 desiderat,

2145 1532 2511 1591 prosequatur
2557 1538 2575 1576 :
2634 1522 2754 1593 ipse
2797 1522 3033 1592 gemitus
3086 1521 3264 1583 offert,
3321 1517 3529 1588 quibus
3564 1526 3750 1571 noster

2146 1615 2373 1685 spiritus
2418 1615 2592 1669 discat
2656 1614 3050 1683 ingemiscere,
3104 1622 3162 1665 ut
3226 1609 3557 1679 repropitiet
3642 1607 3747 1660 sibi

2150 1706 2339 1760 Deum.
2384 1726 2403 1757 s
2436 1706 2738 1760 Confirmat
2779 1706 2921 1759 hanc
2958 1704 3358 1772 expositionem
3409 1699 3548 1754 illud
3594 1698 3749 1752 Pauli

2146 1798 2322 1855 Galat.
2357 1814 2431 1861 tv,
2464 1798 2496 1851 6
2523 1816 2537 1851 :
2579 1818 2597 1849 ‹
2630 1798 2893 1864 Quoniam
2925 1806 3103 1850 autem
3128 1796 3257 1850 estis
3283 1793 3403 1859 filii,
3429 1792 3584 1847 misit
3609 1791 3751 1845 Deus

464 1894 580 1946 mil.
609 1891 639 1943 7
672 1893 725 1943 in
758 1890 996 1955 Levitic.,
1026 1905 1177 1942 num.
1218 1889 1275 1951 2,
1312 1890 1588 1942 Christum
1624 1889 1824 1941 dixerit
1876 1892 2040 1942 etiam
2075 1875 2117 1931 Β
2150 1890 2412 1960 Spiritum
2434 1889 2559 1943 Filii
2584 1890 2667 1943 sui
2699 1889 2754 1943 in
2778 1888 2941 1942 corda
2968 1896 3169 1951 vestra,
3194 1883 3751 1947 clatnautetn,Abba,

466 1999 607 2038 nunc
634 1982 815 2051 lugere
845 1988 1065 2049 peccata
1102 1988 1326 2042 nostra;
1358 1978 1635 2031 Christum
1679 1979 1878 2049 quippe
1914 1979 2041 2033 dunt

466 2078 698 2136 viveret,
756 2071 1022 2139 ejusmodi
1077 2068 1455 2124 aﬂectiouibus
1505 2069 1671 2123 fuisse
1723 2071 2045 2136 obnoxium,

465 2170 559 2221 sed
594 2174 874 2236 postquam
906 2163 1045 2217 cutio
1072 2160 1356 2223 successit,
1381 2159 1493 2227 jam
1523 2177 1628 2214 non
1651 2161 1837 2216 dolore
1867 2163 2006 2232 tangi
2031 2179 2047 2226 ;

464 2258 827 2329 gaudentibus
855 2256 1073 2325 quidem
1104 2255 1414 2321 adgauderc
1435 2296 1449 2319 ,
1482 2254 1576 2307 sed
1612 2270 1737 2309 cum
1775 2256 2053 2310 ιιιωτεηιί-

465 2351 567 2404 bus
594 2364 703 2402 nun
740 2360 1005 2411 interere;
1034 2345 1292 2413 lquamvis
1338 2344 1698 2399 eiiicacioretn
1741 2360 1840 2415 pro
1879 2346 2050 2399 delin-

465 2440 758 2508 quentibus
793 2437 990 2491 habeat
1015 2435 1290 2502 affectum,
1323 2454 1480 2505 quant
1521 2438 1611 2506 qui
1666 2452 1762 2506 pro
1792 2435 2049 2494 ﬂentibus

466 2530 615 2593 ﬂent.
654 2540 747 2583 aut
772 2530 1009 2583 animant
1043 2541 1248 2596 ponunt
1279 2547 1294 2582 :
1330 2531 1582 2599 idemque
1622 2531 1689 2584 de
1716 2531 1895 2585 Beatis
1927 2546 2048 2585 esse

466 2618 832 2672 sentiendum.
862 2618 1170 2685 Respondet
1193 2618 1576 2673 Genebrardus
1605 2617 1823 2674 Collect.
1850 2636 1968 2690 cap.
1990 2620 2046 2686 6,

466 2709 558 2777 pio
592 2724 755 2763 sensu
784 2709 835 2763 id
873 2712 943 2764 ab
971 2708 1206 2778 Origene
1234 2712 1437 2765 dictum
1470 2711 1672 2765 frustra
1708 2726 1737 2763 a
1770 2711 2047 2767 Bernardo

469 2801 821 2870 reprehendi,
852 2816 975 2855 cum
1006 2801 1201 2855 Paulus
1255 2803 1368 2870 ipse
1398 2800 1558 2855 Rom.
1603 2817 1720 2865 vni,
1762 2800 1854 2863 26,
1896 2803 2050 2857 dixe-

472 2892 542 2946 rit
574 2912 593 2944 ι
628 2894 890 2961 Spiritum
940 2893 1214 2962 postulare
1270 2910 1369 2962 pro
1423 2893 1581 2947 uobis
1631 2894 1924 2963 gemitibus
1969 2895 2051 2950 itt-

471 2984 887 3037 enarrabilibus.
928 3001 948 3035 ι
988 2983 1103 3052 (25)
1149 2985 1218 3037 At
1254 2998 1445 3053 parum
1491 2982 1622 3037 tttihi
1650 2982 1910 3053 probatur
1937 2985 2052 3039 haec

2154 1996 2341 2056 pater;
2374 2004 2392 2035 ι
2429 1994 2481 2038 et
2513 1982 2657 2037 aliud
2688 1981 2867 2036 simile
2884 1980 3043 2034 Rom.
3073 1995 3192 2047 viti,
3222 1978 3311 2034 15.
3352 1977 3543 2032 Nihilo
3577 1975 3755 2045 magis

2155 2077 2362 2132 arridet
2415 2074 2554 2129 Sixti
2606 2072 2870 2128 Senensis
2930 2072 3208 2127 excusatio
3263 2070 3418 2139 (26),
3484 2067 3751 2136 Origenis

2156 2170 2323 2221 verba
2359 2169 2429 2220 ita
2456 2163 2799 2235 accipientis,
2826 2174 3053 2218 eatenus
3083 2161 3363 2217 Christum
3394 2160 3751 2228 lugere-pec-

2152 2267 2276 2315 eata
2331 2266 2516 2311 nostra
2542 2296 2557 2321 ,
2604 2262 2880 2324 quatenus
2930 2270 2949 2303 ι
2986 2252 3039 2306 in
3078 2252 3336 2306 membris
3367 2250 3490 2305 suis
3520 2260 3749 2319 peccata

2158 2356 2343 2404 nostra
2378 2346 2554 2415 luget,
2588 2344 2714 2397 dum
2751 2340 2945 2397 electis
2985 2341 3098 2395 suis
3145 2339 3332 2394 ﬂetum
3382 2348 3439 2393 et
3484 2354 3748 2408 compas-

2157 2440 2368 2495 sionent
2410 2437 2597 2491 alienat
2636 2433 2939 2502 iniquitatis
2978 2432 3233 2486 infundit.
3270 2449 3291 2483 ι
3333 2431 3416 2484 Ad
3439 2430 3749 2496 Christum,

2155 2546 2261 2587 non
2294 2530 2360 2583 ad
2389 2528 2591 2583 Christi
2634 2526 2877 2581 membra
2923 2524 3197 2594 pertinere
3240 2523 3577 2578 sententiain
3621 2522 3753 2578 Orio

2154 2624 2307 2695 genis
2340 2622 2457 2675 bzec
2485 2620 2658 2689 ipsius
2686 2620 2853 2673 verba
2880 2618 3170 2671 ostendunt
3206 2617 3357 2671 hom.
3404 2617 3437 2670 7
3467 2618 3525 2669 in
3557 2614 3751 2677 Lerit..

2157 2728 2308 2768 num.
2342 2710 2396 2776 Ξ,
2430 2726 2550 2780 pag.
2581 2710 2685 2763 221
2723 2726 2739 2763 :
2782 2726 2802 2759 ‹
2869 2708 3123 2763 Salvator
3161 2722 3313 2762 meus
3365 2706 3523 2777 luget
3584 2706 3753 2761 etiam

2157 2818 2301 2857 nunc
2331 2813 2554 2873 peccata
2578 2814 2717 2856 mea.
2745 2799 2997 2857 Salvator
3034 2814 3184 2854 meus
3211 2799 3386 2854 laetari
3411 2815 3521 2853 non
3548 2809 3755 2869 potest,

2157 2895 2329 2951 donec
2358 2910 2457 2965 ego
2493 2895 2546 2947 iit
2579 2893 2868 2963 iniquitate
2909 2907 3223 2962 permaneo.
3276 2890 3463 2957 Quare
3499 2907 3611 2945 non
3649 2906 3753 2960 po-

2160 2988 2309 3043 test?
2341 2987 2481 3054 Quia
2515 2988 2630 3057 ipse
2667 2996 2752 3041 est
2778 2987 3074 3041 advocatus
3116 2999 3217 3056 pro
3252 2983 3498 3053 peccatis
3545 2984 3757 3038 nostris

544 3178 664 3261 (9.51
696 3177 760 3258 ᾼι
786 3194 973 3242 parum
1009 3178 1138 3261 mihi
1173 3178 1864 3261 probatur/twc._rr_sporrsio
1882 3190 2048 3261 ,“etc.
2078 3202 2120 3259 α
2156 3182 2359 3250 angelis
2400 3182 2627 3261 gignunt
2662 3197 2677 3235 :
2715 3181 2787 3235 ita
2822 3194 3032 3261 -}'ereor
3086 3194 3153 3234 ne
3210 3178 3349 3261 mala
3393 3179 3758 3261 conversatio

472 3248 591 3315 Ipse
626 3250 895 3317 Origenes
946 3260 1179 3318 mentem
1221 3265 1377 3302 suam
1421 3250 1593 3318 aperit
1640 3249 1827 3303 bomil.
1882 3251 1954 3305 25
1995 3253 2047 3304 iu

476 3320 761 3381 Numeros,
794 3335 948 3371 lllllll.
976 3317 1031 3379 Ξ,
1062 3335 1179 3387 pag.
1209 3320 1337 3379 557,
1382 3317 1471 3371 ubi
1494 3321 1562 3369 ait
1595 3323 2046 3386 quemadmodum

473 3390 599 3442 ltntti
639 3400 793 3442 actus
840 3390 1034 3450 nostri,
1065 3397 1118 3441 et
1160 3389 1415 3441 virtutum
1457 3390 1731 3456 profectus
1758 3431 1771 3451 ,
1807 3392 2047 3444 laetitiam

474 3459 938 3525 festivitatemque
986 3458 1096 3511 Deo
1140 3460 1327 3521 Patri,
1389 3460 1619 3511 Dontino
1682 3474 1869 3513 noser
1920 3460 2048 3515 .lesu

472 3528 698 3583 Christo
732 3536 788 3580 et
830 3528 1054 3597 Spiritui
1110 3537 1322 3591 sancto,
1352 3528 1635 3596 etangelis
1687 3532 1933 3595 pariunt,
1977 3533 2048 3584 ita

478 3597 675 3651 tttalattt
724 3598 1193 3661 conversationem
1231 3612 1475 3651 nostrain
1515 3614 1617 3651 non
1654 3599 1826 3652 solum
1867 3602 2047 3663 terris,

477 3671 571 3738 sed
616 3678 671 3721 et
701 3667 871 3726 caelo.
901 3677 956 3738 et
996 3667 1092 3733 ipsi
1139 3668 1247 3720 Deo
1286 3668 1698 3738 lamentationes
1738 3671 2051 3738 luctumque

477 3737 768 3804 inducere;
814 3738 907 3789 sed
943 3737 1055 3789 hicc
1090 3739 1268 3790 omnia
1296 3737 1347 3789 iit
1374 3736 1569 3805 quibus
1614 3737 1695 3790 vel
1730 3738 1931 3806 lugere,
1963 3736 2053 3794 vel

480 3809 743 3873 gaudere,
781 3806 864 3859 vel
907 3806 1107 3869 odisse,
1147 3808 1227 3860 vel
1260 3807 1429 3860 lzetari
1477 3807 1677 3860 dicitur
1714 3808 1895 3872 Deus,
1936 3820 2050 3863 tro-

479 3880 599 3945 pico
643 3887 701 3932 et
731 3878 985 3948 humano
1016 3892 1165 3929 more
1196 3875 1510 3948 accipienda
1534 3892 1657 3931 esse
1700 3894 1729 3931 a
1760 3877 2048 3948 Scriptura

477 3948 587 4002 dici
632 3963 646 4000 :
695 3945 923 3999 alienam
969 3948 1168 4015 quippe
1216 3962 1339 4001 esse
1395 3945 1633 4000 divinam
1684 3945 1933 4002 naturain
1984 3950 2052 4003 ab

476 4017 627 4070 omni
678 4016 945 4086 passionis
980 4027 1049 4086 et
1093 4018 1511 4085 permutationis
1562 4017 1802 4081 ati‘ectu,
1856 4021 1906 4071 iit
1965 4021 2054 4073 illo

480 4085 695 4155 semper
736 4085 1087 4140 beatitudinis
1131 4090 1284 4154 apice
1314 4087 1645 4141 immobilem
1687 4099 1743 4141 et
1774 4090 2055 4143 inconcus-

479 4174 595 4210 sam
625 4159 1028 4224 perdurantem.
1071 4173 1087 4205 ι
1123 4156 1295 4209 liabet
1332 4172 1484 4225 ergo,
1523 4158 1717 4225 inquit,
1758 4160 1897 4212 Dens
1939 4160 2055 4213 dies

482 4225 651 4279 festos
685 4226 852 4279 suos?
893 4225 1085 4278 Habet.
1115 4227 1212 4280 Est
1247 4229 1391 4279 enim
1424 4244 1617 4295 magna
1652 4228 1922 4281 festivitas
1955 4230 2056 4281 ltu-

481 4313 642 4349 tnana
674 4296 844 4367 salus.
887 4296 999 4365 Ego
1036 4308 1163 4365 puto
1196 4297 1338 4367 quod
1382 4312 1479 4365 per
1511 4298 1756 4364 singulos
1812 4314 2056 4367 quosque

480 4366 852 4426 credentium,
919 4381 1012 4433 per
1071 4366 1313 4435 singulos
1362 4369 1452 4434 qui
1533 4366 1928 4422 convertuntur
1976 4366 2054 4422 ad

484 4436 691 4499 Deuut,
744 4436 831 4501 qui
878 4436 1169 4502 proliciunt
1228 4438 1277 4487 itt
1334 4438 1473 4497 fide,
1526 4436 1798 4491 festivitas
1848 4439 2056 4491 oriatur

484 4507 719 4557 Domini.
767 4504 1050 4570 Quomodo
1102 4515 1261 4572 putas
1292 4505 1527 4558 laetificat
1573 4524 1736 4570 eunt,
1794 4522 1917 4560 cutn
1961 4508 2051 4575 qui

484 4577 661 4627 fuerat
689 4574 1017 4642 impudicus,
1057 4578 1116 4627 lit
1150 4587 1354 4636 castus,
1385 4586 1435 4628 et
1475 4578 1566 4643 qui
1597 4578 1773 4630 fuerat
1798 4574 2049 4643 injustas,

479 4643 749 4713 justitiam
790 4645 942 4707 colit,
968 4654 1020 4695 et
1046 4649 1150 4715 qui
1179 4646 1352 4697 fuerat
1384 4646 1600 4714 impius,
1633 4645 1865 4701 eﬂicitur
1891 4648 2053 4715 pius?

485 4722 607 4769 ista:
641 4729 830 4768 omnes
884 4713 1214 4779 singulorum
1255 4713 1592 4783 quorumque
1639 4713 2053 4781 conversiones,

486 4784 808 4839 festivitates
848 4795 1105 4852 generant
1132 4784 1257 4837 Deo.
1303 4786 1410 4837 Nec
1447 4786 1664 4839 dubium
1689 4795 1867 4838 autent
1922 4787 2052 4853 quitt

486 4866 541 4910 et
571 4853 831 4908 Dominus
874 4864 1059 4906 noster
1083 4854 1242 4908 Jesns
1286 4855 1533 4909 Christus
1556 4894 1571 4918 ,
1604 4856 1695 4924 qui
1742 4870 1839 4923 pro
1881 4858 2057 4908 salute

487 4938 670 4981 nostra
710 4924 875 4978 etiam
923 4926 1243 4992 sanguinem
1289 4941 1442 4978 suum
1488 4924 1643 4989 fudit,
1691 4936 1815 4994 agat
1852 4924 2057 4979 festivi-

489 5007 653 5049 tatem
700 4996 1027 5058 ntaxitnant,
1072 5010 1194 5047 cunt
1246 5010 1423 5063 opera:
1473 4997 1703 5064 pretium
1754 4996 1897 5048 videt
1937 5010 2057 5049 esse

488 5067 634 5135 quod
674 5082 733 5117 se
789 5066 1128 5131 huutiliavit,
1185 5076 1237 5117 et
1279 5070 1503 5117 formant
1557 5067 1695 5119 servi
1756 5064 2057 5131 suscipiens

493 5142 669 5188 lactus
708 5146 792 5187 est
824 5135 1083 5187 obedieus
1122 5150 1291 5202 usque
1319 5136 1383 5187 ad
1448 5149 1697 5188 mortem.
1744 5135 1870 5204 Agit
1920 5136 2053 5187 festa

490 5216 769 5273 pariteret
797 5205 1032 5272 Spiritus
1059 5216 1314 5269 sanctus,
1358 5204 1447 5257 ubi
1484 5206 1635 5273 plura
1674 5207 1775 5259 sibi
1806 5206 1966 5259 .videt
2003 5206 2057 5257 itt

492 5280 559 5329 iis
596 5279 685 5343 qui
727 5286 1119 5327 convertuntur
1153 5279 1219 5326 ad
1253 5277 1414 5328 Deum
1439 5314 1455 5339 ,
1497 5276 1697 5344 templa
1733 5285 2054 5343 pratparata.

491 5346 625 5399 Nam
652 5355 708 5398 et
738 5348 802 5397 de
832 5346 1040 5409 angelis
1086 5347 1214 5412 quid
1246 5346 1419 5397 dicant
1445 5384 1460 5408 ,
1485 5346 1551 5397 ad
1588 5361 1815 5413 quorum
1853 5346 2058 5398 festivi-

494 5426 659 5470 tatem
703 5416 998 5466 lauantiunt
1026 5418 1278 5466 dtcuntur
1303 5420 1559 5468 accedere
1584 5432 1794 5478 omnes,
1819 5415 1911 5484 qui
1930 5429 2060 5468 cou—

493 5498 788 5538 vertuntur
813 5487 878 5536 ad
926 5484 1246 5536 Dominam?
1276 5487 1382 5538 Aut
1433 5501 1536 5537 nutt
1590 5493 1673 5537 est
1718 5486 1825 5539 illis
1865 5501 2059 5551 magna

494 5554 785 5616 festivitas,
819 5569 940 5631 cum
973 5553 1222 5606 lat-tantur
1262 5556 1314 5607 in
1358 5555 1495 5608 catlo
1523 5572 1684 5624 super
1722 5572 1829 5609 uno
1870 5569 2061 5623 pecca-

499 5636 615 5676 tore
642 5628 1015 5701 puenttentiant
1042 5634 1270 5701 agente,
1308 5628 1477 5701 magis
1505 5640 1665 5693 quam
1709 5638 2060 5701 supernona-

499 5707 646 5763 ginta
688 5694 1117 5763 ttovettt_justis,
1157 5696 1246 5762 qui
1290 5710 1394 5746 non
1454 5697 1690 5759 indigent
1737 5694 2059 5763 poenitentia

500 5761 653 5831 (Luc.
685 5776 773 5823 xv,
811 5762 864 5829 7)
1066 5761 1188 5816 Sed”
1222 5765 1363 5817 sicut
1407 5764 1530 5817 boni
1565 5774 1715 5816 actus
1738 5761 1929 5817 'nostri
1957 5801 1972 5827 ,
2005 5772 2061 5816 et

502 5830 759 5885 virtutum
788 5830 1081 5899 profectus,
1114 5834 1351 5887 laetitiam
1386 5833 1844 5903 festivitatctnque
1870 5833 1978 5888 Deo
2006 5842 2059 5887 et

2155 3249 2338 3307 nostra
2380 3249 2485 3305 n'on
2518 3251 2692 3306 solum
2722 3249 2898 3315 terris,
2932 3252 3026 3305 sed
3071 3260 3124 3303 et
3156 3250 3293 3305 caelo
3328 3249 3757 3303 lamentationes

2154 3325 2376 3377 inducat
2400 3334 2454 3374 et
2482 3323 2680 3385 luctus,
2708 3331 2761 3374 et
2788 3322 3037 3374 fortassis
3067 3320 3230 3373 etiam
3260 3319 3365 3387 ipsi
3398 3320 3513 3373 Deo
3541 3319 3753 3373 luctum

2153 3395 2423 3447 incutiant
2453 3393 2692 3445 humana
2723 3401 2966 3460 peccata.
2997 3391 3103 3442 Aut
3130 3404 3238 3442 non
3277 3390 3521 3460 lugentis
3548 3399 3633 3443 est
3657 3388 3747 3443 illa

2152 3478 2252 3516 vos
2302 3478 2422 3516 cum
2469 3462 2671 3515 dicitur
2706 3458 2735 3515 ε’
2774 3459 2997 3514 Paenitet
3046 3475 3163 3523 me,
3203 3460 3291 3526 qui
3327 3458 3429 3523 [eri
3481 3459 3755 3513 hominem

2151 3549 2308 3597 super
2350 3543 2543 3585 terram
2586 3530 2740 3601 (Gen.
2774 3547 2843 3593 vt,
2892 3530 2984 3599 6)?
3042 3530 3153 3601 Sed
3195 3539 3251 3582 et
3300 3528 3387 3581 illa
3434 3529 3653 3601 Domini
3698 3541 3756 3585 et

2154 3602 2451 3657 SaIVatoris
2482 3597 2653 3655 nostri
2676 3605 2727 3656 in
2754 3597 3049 3668 Evangelia
3069 3638 3083 3663 ,
3105 3598 3194 3651 tibi
3221 3600 3351 3652 dicit
3375 3614 3389 3650 :
3416 3597 3752 3662 Jerusalem,

2151 3672 2471 3733 Jerusalem,
2503 3688 2620 3738 qua:
2646 3673 2852 3738 lapidas
2880 3675 3161 3738 prophetas
3185 3669 3466 3738 etioccidis
3502 3685 3592 3721 eos
3620 3671 3748 3721 mis-

2155 3760 2242 3796 sos
2278 3741 2347 3795 ad
2383 3752 2450 3806 te,
2473 3737 2675 3811 quoties
2701 3743 2839 3795 volui
2874 3737 3363 3811 eottgregaregﬁtios
3395 3750 3542 3802 tuos,
3566 3754 3752 3811 quem-

2154 3814 2436 3865 admodum
2487 3809 2697 3879 gallina
2768 3819 3041 3877 congregat
3094 3809 3287 3879 pullos
3318 3824 3445 3861 suos
3504 3812 3603 3879 sub
3644 3809 3748 3879 alis

2153 3883 2285 3943 suis,
2310 3894 2357 3935 et
2395 3876 2655 3952 noluisti?
2683 3876 3089 3952 (Matthrxitgttt,
3115 3878 3230 3944 57.)
3259 3876 3367 3931 Sed
3401 3887 3461 3931 et
3509 3878 3601 3952 illa
3645 3877 3753 3952 bu-

2157 3967 2373 4004 tnanuttt
2402 3967 2572 4021 genus
2604 3948 3089 4021 lamentantisJDei
3113 3964 3215 4003 vox
3247 3958 3352 4021 est,
3387 3963 3497 4021 qua
3549 3948 3756 4021 dicitur

2156 4036 2252 4089 per
2290 4016 2606 4088 prophetam
2637 4038 2650 4072 :
2691 4020 2809 4073 Heu
2837 4036 2914 4072 me
2937 4016 3128 4087 (Mich.
3163 4034 3257 4080 vn,
3294 4018 3349 4082 l,
3382 4017 3464 4087 2),
3497 4019 3752 4087 quoniam

2157 4092 2327 4159 factus
2350 4107 2466 4144 sum
2505 4091 2639 4143 sicut
2674 4092 2765 4159 qui
2790 4100 3068 4158 congregat
3093 4088 3351 4157 stipulam
3375 4091 3431 4139 in
3467 4104 3641 4141 messe
3659 4126 3676 4150 ,
3698 4098 3751 4141 et

2154 4161 2287 4213 sicut
2310 4176 2553 4213 racemus
2580 4165 2633 4213 in
2661 4161 2942 4221 vindemia,
2980 4160 3105 4227 quia
3142 4175 3246 4212 non
3266 4168 3341 4210 est
3384 4160 3561 4223 spica,
3587 4174 3753 4225 neque

2157 4233 2332 4283 botrus
2356 4234 2422 4283 ad
2454 4231 2655 4282 edenda
2675 4226 3059 4297 primogenita!
3100 4226 3201 4281 Hei
3226 4228 3353 4279 mihi
3378 4231 3567 4280 anima
3600 4227 3753 4281 mea!

2155 4302 2405 4368 quoniam
2441 4301 2595 4367 periit
2634 4311 2889 4352 revertens
2923 4315 2953 4349 α
2988 4309 3152 4360 terra,
3196 4310 3243 4350 et
3272 4298 3363 4367 qui
3407 4299 3653 4366 corrigat
3692 4297 3751 4348 in

2157 4370 2458 4423 hominibus
2492 4384 2595 4421 non
2641 4380 2737 4422 est.
2778 4368 2995 4422 Domini
3040 4378 3168 4421 sunt
3211 4368 3328 4420 istae
3372 4382 3543 4421 voces
3580 4381 3755 4434 genus

2160 4440 2455 4493 ltuntanunt
2515 4440 2859 4507 lugentis
2896 4438 3119 4490 Certum
3167 4448 3254 4491 est
3305 4438 3452 4505 quod
3501 4440 3599 4491 ubi
3653 4452 3757 4505 pro

2162 4510 2316 4563 bonis
2340 4510 2532 4577 gaudia
2557 4520 2812 4576 aguntur,
2836 4508 2909 4560 ibi
2940 4523 3035 4576 pro
3060 4508 3348 4561 contrariis
3372 4507 3750 4561 lamentetur:

2160 4582 2202 4633 si
2232 4594 2359 4646 ergo
2386 4580 2621 4648 gaudent
2649 4591 3053 4648 proiconverso,
3089 4592 3313 4648 necesse
3336 4587 3423 4629 est
3447 4589 3507 4629 ut
3531 4578 3755 4648 lugeant

2158 4665 2254 4717 pro
2283 4646 2569 4717 peccante.
2592 4688 2607 4701 .
2722 4647 2846 4701 llaec
2876 4657 3051 4700 autem
3092 4646 3275 4700 omnia
3316 4648 3369 4699 in
3417 4650 3629 4715 quibus
3665 4647 3753 4700 vel

2158 4720 2378 4786 lugere.
2410 4719 2492 4772 vel
2528 4718 2762 4788 gaudere
2783 4756 2798 4780 ,
2832 4717 2915 4769 vel
2952 4720 3133 4771 odisse
3154 4756 3170 4782 ,
3211 4717 3292 4769 vel
3325 4718 3507 4770 laetari
3548 4718 3752 4771 dicitur

2158 4789 2321 4848 Deus,
2358 4789 2569 4857 tropico
2622 4798 2677 4840 et
2724 4789 2961 4840 humano
2998 4801 3146 4839 more
3194 4788 3514 4856 accipienda
3557 4799 3685 4840 sunt
3719 4802 3749 4857 a

2156 4856 2604 4926 Scriptura’dici.
2648 4856 2835 4909 Aliena
2894 4872 3055 4923 porro
3098 4863 3179 4909 est
3203 4858 3382 4926 divina
3427 4867 3633 4909 natura
3677 4856 3749 4926 ab

2158 4924 2305 4982 omni
2366 4928 2634 4995 passionis
2687 4938 2741 4979 et
2798 4927 3229 4995 permutationis
3264 4924 3509 4988 πτερω.
3552 4926 3605 4977 in
3660 4925 3751 4978 illo

2157 4994 2377 5067 semper
2402 4997 2754 5063 beatitudinis
2798 4994 2954 5067 apice
2996 4994 3287 5067 immobilis
3324 5005 3379 5067 et
3420 4996 3747 5049 incutienssa

2159 5063 2476 5137 perduratus.
2506 5085 2525 5117 ι
2561 5067 2615 5119 id
2644 5068 2744 5120 sibi
2780 5068 2892 5119 vult
2920 5064 3188 5135 Origenes
3225 5063 3515 5137 Christum
3550 5068 3748 5117 etiam-

2161 5136 2290 5190 nunt
2334 5138 2519 5206 lugere
2553 5147 2775 5205 peccata
2828 5150 3040 5198 nosrra,
3090 5136 3556 5206 quetttadntodum
3604 5136 3748 5206 luget

2158 5206 2340 5273 Pater,
2372 5204 2517 5275 luget
2546 5204 2601 5259 et
2627 5207 2866 5275 Spiritus
2900 5217 3121 5258 sanctus
3160 5217 3176 5255 :
3217 5218 3384 5275 porro
3422 5204 3613 5271 lugere
3641 5204 3747 5254 l’a-

2164 5290 2298 5332 trem
2328 5288 2383 5331 et
2412 5273 2680 5344 Spiritum
2706 5285 2952 5331 sanctum
2976 5278 3181 5342 tropico
3206 5273 3557 5327 solummodo
3589 5285 3743 5344 more

2162 5347 2249 5400 ltic
2293 5340 2576 5415 profitetur
2626 5363 2642 5401 :
2689 5362 2793 5399 non
2846 5361 2973 5413 ergo
3015 5340 3298 5415 Christum
3348 5340 3747 5415 progpeccalis

2159 5412 2522 5470 verovdoloris
2546 5430 2708 5469 sensu
2736 5412 3033 5469 etiamnum
3066 5413 3301 5480 torqueri
3329 5452 3343 5475 ,
3386 5412 3484 5465 sed
3530 5414 3745 5478 tropico

2160 5501 2312 5542 more
2371 5487 2553 5555 lugere
2606 5486 2771 5539 voluit
2830 5486 3018 5538 eodem
3053 5487 3216 5536 modo
3288 5498 3397 5555 quo
3428 5481 3747 5555 ait_Paulus

2167 5575 2184 5607 ι
2219 5552 2481 5625 Spiritum
2512 5556 2787 5625 postulare
2833 5568 2956 5625 pro,
2984 5555 3136 5607 nobis
3181 5554 3493 5625 gemitibus,
3521 5552 3747 5604 inenar-

2162 5623 2456 5691 rabilibus;
2504 5623 2525 5679 ἰ
2565 5642 2629 5681 ac
2671 5623 2897 5695 proinde
2938 5624 3136 5676 frustra
3176 5640 3206 5674 a
3253 5623 3535 5678 Bernardo
3579 5633 3735 5675 accu-

2162 5708 2334 5750 satum
2372 5713 2493 5750 eum
2522 5696 2685 5750 fuisse
2723 5694 2993 5748 fatendum
3025 5706 3127 5747 esr.

2234 5767 2345 5837 (26}
2381 5766 2519 5821 Sixt.
2554 5771 2682 5822 Sen.
2712 5767 2806 5822 lib.
2842 5780 2869 5817 γ
2897 5762 3255 5817 Bibliothrcw.
