3898 6524
144 394 257 447 837

974 390 1551 448 ORlCENlANURUM
1592 391 1720 447 LIB.
1757 392 1822 458 ll,
1864 393 2018 451 CAP.
2064 394 2127 462 il,
2170 395 2446 463 QUEST.
2484 398 2576 451 Η,

3321 408 3424 463 858

139 516 292 585 apud
324 512 997 579 Patrem,sicut.loannes
1049 524 1347 585 symmysta
1396 515 1566 583 ipsius
1614 529 1738 582 pro-
1769 520 1815 576 Α
1845 516 2133 570 manifesta
2184 518 2505 573 alterutrins
2555 519 2829 575 hmreseos
2877 520 3103 592 vestigia
3154 538 3422 592 nusquam

141 609 369 662 nuntiat
401 609 588 661 dicens
634 624 649 660 :
696 606 833 674 Quia
872 607 966 660 etsi
1005 608 1121 676 quis
1163 608 1482 673 peccaverit,
1517 608 1734 661 aduoca-

138 710 260 753 tum
290 700 541 754 habemus
570 703 712 770 apud
746 699 963 753 Patrem
999 699 1183 753 Iesum
1208 698 1478 753 Christum
1500 700 1731 767 justum,

138 802 191 845 et
258 794 369 859 ipse
424 803 500 847 est
550 793 912 859 reprom'tiatio
961 808 1055 857 pro
1084 792 1311 858 peccatis
1356 804 1549 846 nostris
1588 793 1654 845 ⁸⁸.
1710 812 1729 844 ι

140 886 282 950 Qua:
312 901 416 938 non
439 886 599 938 aliter
626 900 755 937 sane
782 899 941 952 quam
973 885 1039 936 de
1072 884 1294 938 Christo
1318 896 1543 953 possunt
1572 886 1734 938 intel-

143 978 267 1045 ligi.
299 976 498 1033 Merito
527 992 656 1046 ergo
684 978 774 1032 hic
802 989 1118 1033 accusatum
1157 994 1187 1033 a
1228 979 1504 1033 liernardo
1544 980 1735 1047 Orige-

140 1084 271 1122 ttent
307 1069 536 1122 candide
568 1068 706 1122 fatea
719 1084 859 1126 mur.

222 1160 394 1215 XXX.
423 1162 720 1216 Videndum
755 1177 897 1216 nunc
923 1172 1005 1217 est
1028 1178 1094 1216 an
1130 1161 1330 1217 Christi
1363 1178 1585 1233 regnum
1612 1171 1735 1232 post

140 1253 616 1309 resurrectionem
646 1253 946 1308 desiturum
974 1255 1229 1308 senserit.
1275 1255 1329 1308 id
1362 1256 1576 1324 quidem
1623 1256 1736 1309 cri-

140 1346 282 1399 mini
349 1345 442 1399 dat
513 1344 616 1413 ipsi
693 1343 1025 1415 Theophilus
1107 1343 1508 1398 Alexandrinus
1579 1347 1730 1413 epist.

139 1436 351 1490 Pasch.
400 1436 460 1500 Ξ,
516 1437 609 1491 dat
662 1445 717 1489 el
772 1436 1108 1505 Epiphanius
1170 1437 1222 1489 in
1279 1437 1734 1504 Auacephalwosi.

136 1530 483 1597 Augustinus
528 1532 582 1582 in
637 1528 778 1583 libro
816 1541 1002 1582 contra
1047 1528 1492 1583 Priscillianistas
1527 1539 1573 1582 et
1611 1528 1735 1583 Ori-

138 1626 380 1695 genistas
407 1623 674 1692 idipsum,
709 1633 768 1676 ut
810 1622 878 1675 ab
909 1620 1239 1691 Origenistis
1288 1632 1584 1684 assertum,
1635 1621 1735 1674 int-

136 1728 353 1790 pugnat
383 1734 503 1789 cap.
543 1718 596 1771 7.
634 1719 791 1785 Quod
820 1734 943 1773 cmn
989 1720 1041 1771 in
1069 1716 1489 1771 Commonitorio
1531 1717 1732 1781 Orosii,

137 1812 231 1866 cui
277 1815 381 1866 hoc
421 1811 602 1865 lihello
658 1810 947 1881 respondet
997 1810 1366 1878 Augustinus,
1404 1809 1545 1863 inter
1596 1808 1735 1864 alias

1846 611 2041 677 reperi.
2079 609 2267 680 Itaque
2293 611 2374 665 vel
2408 628 2471 664 ex
2508 612 2678 681 ipsius
2709 613 2871 667 dictis
2905 613 3011 668 tale
3053 615 3260 684 aliquid
3289 634 3426 671 con-

1844 702 1993 769 sequi
2026 702 2380 756 crediderunt
2409 702 2525 769 ejus
2556 704 2880 764 adversarii,
2924 705 3009 758 vel
3047 706 3098 758 in
3138 708 3201 759 iis
3241 720 3429 761 exsta-

1843 794 1935 847 bat
1960 794 2215 861 operibus
2242 810 2363 863 qua:
2410 805 2680 849 vetustate
2715 797 2916 849 abolita
2954 807 3098 850 sunt.
3153 798 3427 864 Quemad-

1844 885 2058 937 modum
2100 895 2285 939 autem
2324 885 2503 940 nullus
2536 887 2772 954 suppetit
2804 887 3054 956 Origcnis
3077 888 3252 953 locus,
3282 890 3425 944 unde

1842 978 2179 1030 accusationi
2244 978 2371 1032 huic
2415 978 2547 1033 fides
2598 979 2712 1033 ﬁeri
2771 982 2974 1048 possit;
3011 981 3082 1033 ita
3141 985 3229 1037 vix
3283 984 3425 1039 ullus

1840 1078 2052 1132 exstat,
2083 1071 2228 1123 unde
2263 1069 2421 1123 facile
2458 1070 2588 1123 dilui
2632 1069 2721 1123 illa
2764 1073 2953 1140 possit.
2990 1073 3258 1128 Nonnulla
3305 1076 3428 1143 qui-

1842 1160 1961 1212 dem
1995 1162 2171 1230 coegit
2219 1160 2534 1226 llalloxius,
2577 1161 2668 1215 sed
2726 1162 2938 1216 intirma
2985 1175 3038 1217 et
3068 1165 3237 1230 levia,
3274 1173 3328 1219 et
3356 1168 3423 1220 ad

1842 1265 1954 1303 rcnt
1982 1266 2173 1318 parum
2204 1252 2473 1321 apposita,
2506 1253 2680 1321 qualis
2715 1263 2797 1306 est
2822 1255 3083 1309 solemnis
3114 1256 3200 1309 illa
3246 1257 3423 1310 homi-

1843 1341 2035 1394 liarum
2061 1342 2310 1412 Origenis
2336 1343 2582 1396 clausula
2620 1358 2636 1395 :
2675 1363 2695 1395 t
2739 1345 2969 1399 Domino
3005 1345 3131 1400 Jesu
3179 1346 3424 1415 Christo,

1841 1434 1926 1487 cui
1955 1445 2038 1488 est
2064 1434 2232 1504 gloria
2256 1445 2311 1489 et
2342 1435 2629 1504 imperiunt
2678 1437 2728 1490 in
2776 1438 2971 1493 saecula
3012 1439 3357 1493 suzcnlorum.
3400 1458 3420 1491 ι

1843 1524 2152 1594 Scripserat
2181 1528 2326 1580 enim
2356 1527 2545 1582 Graece
2585 1526 2847 1596 Origenes
2884 1548 2897 1582 :
2934 1532 3028 1594 Εἰς
3061 1531 3186 1595 τοὺς
3221 1530 3427 1594 αἰῶνας

1840 1614 1949 1667 τῶν
1976 1613 2216 1669 αἰώνων·
2245 1626 2302 1669 at
2328 1617 2549 1671 vocibus
2591 1618 2698 1672 illis
2728 1635 2832 1672 non
2864 1635 3023 1673 uuam
3064 1636 3184 1675 esse
3216 1622 3393 1691 signili
3418 1654 3427 1663 ο

1842 1705 2111 1760 sationem
2134 1745 2146 1765 ,
2180 1721 2275 1760 nec
2309 1722 2526 1775 semper
2563 1710 2926 1762 a‘tcrnitatent
2978 1710 3085 1765 fine
3143 1721 3420 1766 carentem

1843 1802 2019 1856 notari
2052 1801 2191 1856 infra
2226 1803 2602 1871 probabimus.

138 1904 413 1958 adversus
429 1896 1202 1972 Origenlsiascriminationes
1225 1902 1384 1957 hodie
1412 1911 1733 1965 nonexstet,
1770 1897 1812 1952 B
1914 1896 1993 1949 Ac
2029 1893 2359 1963 Theophilus
2395 1896 2615 1964 quidem
2654 1896 2871 1951 nescire
2915 1911 2974 1951 se
3004 1898 3135 1951 dicit
3170 1897 3313 1952 unde
3341 1897 3427 1950 in-

139 1994 331 2063 aliqua
360 1994 441 2047 sui
471 2003 629 2061 parte
672 1993 957 2046 multatum
997 2009 1118 2049 esse
1164 1993 1516 2061 conjecerim.
1561 1993 1733 2050 Justi-

139 2084 348 2139 nianus
374 2099 592 2154 quoque
626 2085 678 2137 in
743 2085 973 2155 epistola
1024 2090 1091 2139 ad
1148 2088 1398 2155 quintant
1444 2086 1732 2157 synodum,

138 2191 308 2246 quam
345 2175 511 2231 refert
538 2175 854 2240 Cedrcnus,
901 2176 1207 2232 futurarum
1260 2194 1442 2233 rerum
1492 2178 1732 2233 omnium

138 2271 591 2324 ἀποκατάστασιν
618 2266 943 2338 Origenistis
984 2268 1282 2339 objicieus,
1336 2269 1589 2323 arbitrari
1641 2284 1736 2324 eos

138 2364 245 2421 ait.
276 2362 394 2415 fore
429 2371 487 2413 ut
514 2361 662 2429 impii
702 2360 932 2429 quilibet
974 2375 1098 2415 cum
1159 2361 1265 2414 Deo
1310 2359 1732 2429 conjungantur,

138 2454 337 2509 codem
368 2455 526 2506 modo
556 2468 665 2521 quo
713 2452 813 2521 ipsi
856 2450 1202 2522 conjungitur
1244 2451 1523 2516 Christus,
1564 2452 1635 2505 ita
1677 2461 1735 2506 ut

141 2546 301 2611 prius
330 2543 600 2612 conjuncti
634 2553 816 2604 erant,
860 2543 949 2606 Ὠς
986 2543 1257 2614 μηδεμίαν
1299 2539 1437 2596 εἶναι
1471 2543 1733 2615 διαφορὰν

137 2633 221 2704 τῷ
275 2631 497 2705 Χριστῷ
542 2633 677 2704 πρὸς
710 2633 776 2686 τὰ
813 2632 977 2685 λοιπὰ
1014 2634 1209 2702 λογικὰ
1253 2634 1563 2698 παντελῶς,
1608 2634 1733 2687 οὔτε

138 2727 209 2797 τῇ
246 2725 431 2796 οὐσίᾳ,
455 2724 577 2777 οὔτε
600 2728 665 2796 τῇ
696 2723 930 2793 γνώσει,
959 2723 1082 2777 οὔτε
1116 2728 1180 2796 τῇ
1217 2724 1479 2796 δυνάμει,
1515 2723 1638 2778 οὔτε
1664 2728 1732 2797 τῇ

136 2817 423 2888 ἐνεργείᾳ.
456 2835 473 2867 t
510 2818 658 2871 Adeo
690 2827 747 2871 ut
771 2818 916 2871 nulla
949 2832 1007 2871 re
1036 2816 1249 2871 diﬂerat
1276 2818 1527 2873 Christus
1569 2834 1598 2871 a
1643 2834 1731 2874 re-

136 2907 311 2976 liquis-
343 2907 551 2960 ratione
600 2907 874 2975 praeditis,
929 2921 1105 2976 neque
1159 2907 1460 2962 substantia
1490 2949 1506 2974 ,
1560 2922 1735 2978 neque

136 2999 500 3068 cognitione,
555 3013 731 3068 neque
793 2999 1035 3067 virtute,
1088 3014 1263 3068 neque
1326 3001 1667 3070 operatione.
1706 3019 1726 3053 ι

136 3088 368 3142 Jactant
395 3090 496 3143 hoc
525 3089 666 3143 idem
701 3090 963 3144 adversus
990 3090 1283 3159 Origenem
1313 3102 1366 3145 et
1394 3090 1734 3162 Origenistas

140 3181 497 3250 Sophronias
534 3181 1061 3254 Hierosolyinitanns
1090 3184 1379 3253 episcopus
1406 3184 1459 3237 in
1507 3183 1730 3252 cpistola

138 3275 211 3328 ad
249 3275 502 3344 Sergium
546 3277 913 3344 patriarcham
947 3275 1611 3344 Constantinopolitanum
1633 3314 1649 3339 ,
1678 3284 1734 3328 et

138 3382 458 3437 anonymns
508 3368 597 3421 ille
655 3367 831 3421 Pltmii
881 3370 1002 3424 cod.
1045 3383 1211 3429 cxvtt.
1254 3379 1310 3422 et
1345 3367 1581 3421 Joannes
1630 3365 1735 3419 Da-

139 3473 439 3513 tuascenns
467 3458 519 3512 in
548 3459 643 3513 lib.
679 3460 752 3513 De
785 3461 973 3516 lateres.
999 3501 1014 3525 ,
1046 3471 1101 3515 et
1144 3460 1387 3515 Zonaras
1429 3460 1520 3513 lib.
1554 3473 1591 3513 It
1632 3460 1735 3513 Ili-

137 3560 306 3615 star.,
335 3561 390 3605 et
428 3549 604 3605 Guido
626 3550 946 3617 Carmelita,
975 3553 1026 3605 in
1061 3551 1264 3605 Ilwresi
1284 3550 1732 3621 Origenistarum.

215 3644 367 3698 Idem
428 3642 530 3697 fuit
581 3656 706 3713 post
767 3643 1057 3713 Origenem
1135 3643 1375 3697 Marcelli
1436 3642 1733 3713 Ancyrani,

138 3736 377 3805 eiusque
403 3735 654 3805 discipuli
704 3734 920 3791 Photini
966 3751 1150 3799 error;
1198 3735 1285 3804 qui
1329 3744 1387 3787 ut
1431 3736 1735 3789 humanita-

138 3837 255 3881 tem
293 3827 543 3880 relictum
573 3842 601 3879 a
627 3826 845 3880 Christo
873 3842 935 3879 ac
961 3827 1265 3895 depositum
1295 3826 1388 3890 iri,
1414 3842 1477 3880 ac
1508 3842 1735 3895 regnum

136 3916 386 3986 proinde
417 3916 562 3987 quod
596 3916 663 3969 ad
700 3917 974 3971 Christum
1021 3933 1127 3987 qua
1166 3916 1326 3970 homo
1365 3926 1449 3971 est
1479 3917 1733 3985 pertinet,

138 4007 534 4062 dimittendum
576 4008 645 4062 ab
696 4025 761 4062 eo
810 4008 1155 4074 sentiebant;
1201 4008 1273 4062 ita
1315 4007 1576 4077 Origeni,
1619 4015 1741 4078 post

140 4101 472 4154 attributam
519 4100 835 4155 deserenda:
876 4100 1005 4154 olim
1042 4116 1072 4153 a
1114 4099 1333 4155 Christo
1376 4100 1562 4154 carnis
1616 4115 1741 4153 sen-

139 4192 403 4255 tentiam,
435 4199 493 4245 ut
524 4206 689 4261 supra
721 4193 979 4257 diximus,
1011 4207 1154 4245 nunc
1190 4192 1362 4246 altera
1396 4206 1614 4261 quoque
1661 4188 1736 4243 illi

141 4284 513 4349 consectaria,
541 4284 828 4353 abjiciendi
882 4283 1174 4352 aliquando
1220 4283 1299 4337 abi
1328 4285 1515 4337 eodem
1564 4283 1736 4351 regni,

140 4376 472 4429 ascribitur.
541 4374 863 4444 Quanquam
910 4373 1155 4428 nonnihil
1204 4374 1492 4443 utriusque
1532 4372 1739 4428 discre-

144 4476 243 4537 pat
304 4481 504 4532 causa;
561 4483 685 4519 nam
736 4468 883 4537 regia
936 4474 1206 4537 potestate
1262 4466 1585 4520 humanitati
1626 4480 1738 4520 sua:

144 4561 443 4630 conjuncta
481 4570 702 4613 exutum
752 4561 814 4613 iri
869 4559 1151 4614 Christum
1194 4559 1463 4613 sentiebat
1501 4557 1733 4613 Marcel-

143 4651 264 4716 lus;
296 4652 587 4722 Origenem
619 4667 749 4705 vero
798 4666 1060 4720 regnum,
1114 4665 1222 4719 quo
1277 4660 1540 4717 tanquaut
1595 4649 1738 4704 Deus

142 4747 404 4816 potitur,
458 4744 837 4797 abdicaturum
885 4757 1008 4796 eum
1070 4742 1351 4796 censuisse
1408 4741 1739 4809 Theophilus

142 4836 404 4898 credidit,
436 4835 890 4903 quemadmodum
916 4850 981 4889 ex
1004 4832 1121 4902 ejus
1142 4833 1517 4887 confutatione
1548 4833 1734 4902 liquet,

142 4928 198 4980 in
232 4942 342 4995 qua
373 4924 553 4977 Patris
575 4932 629 4979 et
656 4924 777 4977 Filii
815 4927 1077 4979 unitatem
1105 4924 1321 4993 prohat.
1343 4922 1457 4990 Qua
1485 4938 1737 4992 quaenam

144 5019 396 5071 atrocior
433 5019 712 5071 accusatio
748 5017 953 5071 intendi
984 5015 1193 5086 potest?
1219 5016 1275 5069 Si
1310 5027 1530 5085 putasse
1560 5015 1733 5069 dixis-

143 5121 232 5166 set
261 5110 556 5178 Origenem
588 5111 740 5179 regio
769 5110 1073 5173 dominatu,
1105 5124 1212 5178 quo
1243 5107 1445 5162 Christi
1484 5106 1739 5160 humani-

145 5215 235 5257 tas
274 5206 499 5271 prasdtta
528 5215 645 5266 est,
675 5203 947 5271 privatum
1000 5202 1065 5255 iri
1101 5209 1222 5270 post
1272 5201 1736 5255 resurrectionem

144 5295 473 5358 Christum;
519 5294 796 5363 aliquibus
840 5294 1073 5349 fortasse
1136 5293 1468 5364 argumentis
1513 5306 1740 5345 accusa-

146 5389 364 5441 tionem
441 5401 595 5440 suam
655 5397 929 5456 utcunque
980 5389 1388 5451 confirmasset;
1438 5400 1535 5448 eo,
1585 5392 1738 5454 puta,

145 5480 296 5546 quod
347 5492 414 5530 ex
462 5479 633 5531 atlicta
686 5477 907 5548 Origeni
940 5480 1213 5533 sententia
1262 5477 1493 5547 depositi
1540 5476 1593 5530 in
1624 5474 1740 5531 sole

149 5574 366 5631 Christi
406 5574 652 5641 corporis
681 5583 734 5627 et
762 5573 1114 5627 humanitatis
1149 5574 1253 5641 peti
1284 5579 1516 5640 poterat.

228 5666 435 5723 Verum
467 5661 989 5734 inOrigenianarum
1024 5662 1459 5719 lucubrationum
1492 5661 1736 5731 reliquiis

226 5846 276 5882 ”
307 5846 328 5902 ι
359 5843 519 5901 Joan.
554 5859 616 5914 ll,
654 5845 706 5912 t,
734 5844 786 5903 Ξ.

1837 1986 2050 2040 saniam
2100 1987 2363 2056 ejusmodi
2405 1986 2668 2057 Origenes
2715 1988 2982 2043 hauserit.
3014 1988 3126 2059 Ego
3175 2005 3307 2045 vero
3359 1990 3426 2044 li-

1835 2079 2003 2147 quido
2044 2077 2232 2146 jurare
2278 2094 2497 2148 possum
2551 2080 2666 2133 haec
2702 2080 2947 2149 Apostoli
2994 2096 3116 2150 quae
3168 2082 3425 2152 leguntur

1836 2169 2006 2223 lCor.
2039 2170 2223 2235 “,25
2268 2181 2324 2224 et
2378 2186 2518 2240 seq.,
2574 2188 2857 2242 perperam
2903 2183 3161 2242 accepta,
3198 2189 3422 2227 causam

1836 2261 2057 2329 Origeni
2094 2264 2297 2318 erroris
2329 2263 2489 2332 hujus
2528 2266 2762 2333 dedisse,
2798 2267 2843 2319 si
2880 2266 3039 2319 modo
3066 2267 3114 2320 ei
3153 2266 3421 2331 ailhzcsit;

1837 2370 1963 2409 ttatn
1993 2365 2047 2408 et
2085 2356 2137 2410 itt
2165 2358 2413 2411 eamdem
2461 2358 2585 2411 inde
2635 2360 2962 2413 sententiam
3015 2360 3236 2428 impulsi
3293 2368 3425 2412 sunt

1836 2448 2155 2512 Marcellus,
2210 2459 2261 2503 et
2299 2450 2576 2518 popularis
2614 2448 2731 2518 ejus
2759 2450 3059 2515 thinus;
3092 2462 3147 2506 et
3191 2452 3421 2506 alterius

1835 2556 2051 2611 quoque
2084 2540 2424 2612 contingendi
2463 2544 2733 2613 dogmatis
2781 2544 2850 2598 ab
2882 2544 3136 2599 Ecclesia:
3182 2544 3423 2599 decretis

1835 2630 2026 2684 absoni
2082 2646 2304 2685 causam
2380 2632 2503 2685 inde
2568 2631 2830 2703 Origenes
2863 2632 3114 2701 arripuit,
3144 2638 3203 2684 ιιι
3246 2630 3299 2684 in
3337 2644 3424 2685 se-

1835 2724 2128 2794 quentibus
2158 2725 2593 2779 observabimus.
2619 2724 2817 2779 Verum
2847 2726 3047 2778 frustra
3083 2723 3136 2777 id
3176 2722 3344 2790 quaeri
3390 2736 3421 2775 a

1836 2814 2031 2877 nobis,
2085 2824 2139 2868 et
2192 2814 2329 2868 labis
2371 2814 2532 2883 hujus
2580 2826 2860 2884 expertem
2905 2814 3075 2868 fuisse
3128 2811 3420 2880 Origenem

1836 2904 2106 2974 conjicere
2149 2920 2433 2974 possumus
2467 2921 2533 2961 ex
2582 2906 2769 2977 Cyrilli
2805 2904 3281 2975 llierosolymitani
3327 2918 3422 2955 ca-

1837 2997 2041 3052 techesi
2082 3012 2182 3060 xv,
2212 2997 2304 3066 qui
2336 2997 2585 3052 ineresim
2626 2999 2771 3051 illam
2816 2999 2868 3050 in
2905 2996 3163 3051 Marcello
3198 3002 3252 3048 et
3281 2990 3426 3049 Pho-

1840 3090 1951 3143 tino
1992 3089 2261 3143 ulciscens
2292 3104 2480 3144 recens
2518 3088 2683 3143 illant'
2705 3101 2954 3144 exortam
2986 3089 3137 3151 dicit,
3165 3088 3421 3161 προπειρά-

1836 3198 1943 3244 τως
1981 3182 2334 3250 ἀναφυείσαν,
2366 3182 2509 3250 quod
2557 3181 2743 3250 utique
2780 3196 2884 3234 non
2931 3180 3193 3244 dixisset,
3241 3182 3284 3235 si
3309 3180 3421 3248 jam

1762 3255 1804 3313 (ἶ
1841 3274 1966 3327 inde
2027 3272 2221 3327 fuisset
2277 3274 2345 3327 ab
2396 3272 2651 3342 Origenis
2713 3270 3052 3340 temporibus
3100 3280 3421 3343 propagata.

1839 3364 2124 3435 Reliquam
2155 3367 2419 3420 adversus
2468 3365 2519 3419 id
2568 3374 2933 3419 commentum
2974 3363 3258 3432 Theophili
3308 3363 3423 3417 dis-

1838 3456 2187 3509 sertationem
2213 3455 2595 3524 pra-termino,
2621 3471 2740 3524 qua:
2765 3455 3068 3509 maledictis
3091 3464 3299 3508 tantum
3322 3471 3424 3523 pu-

1842 3555 1994 3613 gnat,
2013 3561 2112 3599 nec
2127 3545 2416 3615 quidquam
2434 3546 2640 3614 profert
2653 3546 2793 3598 seria
2815 3549 3162 3615 responsione
3179 3544 3422 3616 dignum.

2398 3635 2726 3704 eumsrto
2766 3636 2854 3691 tv.
3402 3656 3405 3659 η

2260 3746 2326 3785 DE
2355 3745 2527 3784 ΒΕΑΤᾹ
2559 3745 2727 3782 MARIA
2756 3744 2996 3784 VIRGINB.

1840 3820 1881 3877 1.
1910 3824 2100 3879 Utrum
2128 3821 2396 3877 Christum
2422 3836 2465 3874 et
2494 3823 2697 3873 beatam
2739 3820 2966 3873 Mariam
3004 3818 3264 3888 Virginem
3294 3837 3425 3886 pur-

1910 3894 2122 3965 gatione
2143 3904 2256 3965 post
2296 3904 2506 3965 partum
2530 3906 2656 3965 Opus
2690 3888 3220 3965 Itubttisse_0r_iq_ette_s
3247 3891 3426 3965 existi-

1910 3960 2149 4035 maverit.
2199 3960 2262 4014 ll.
2313 3960 2504 4013 Utrum
2549 3961 2841 4035 claustrum
2904 3960 3426 4035 virginitatisjeute
3518 4012 3537 4035 .

1916 4033 2107 4087 Maria:
2145 4035 2199 4084 in
2223 4046 2380 4099 partu
2405 4041 2691 4082 reseratum
2711 4031 2955 4099 opinatus
2988 4026 3082 4081 stt.
3109 4027 3195 4080 Ill.
3233 4026 3425 4081 Utrum

1911 4104 2116 4157 beatam
2139 4097 2373 4154 Mariam
2397 4101 2626 4163 peccatis
2667 4097 2950 4152 obnoxiam
2972 4100 3259 4166 putaverit.

1910 4192 1952 4249 ι.
1976 4191 2289 4257 Geminam,
2318 4204 2490 4259 eoque
2526 4188 2757 4257 amplius
2776 4224 2794 4252 ,
2824 4189 2981 4241 unica
3015 4185 3230 4241 homilia
3251 4228 3266 4250 ,
3298 4202 3420 4255 qua:

1842 4297 2070 4347 numero
2112 4282 2321 4336 decima
2371 4289 2565 4350 quarta
2613 4287 2699 4333 est
2743 4278 2798 4332 in
2837 4276 3069 4342 Lucam,
3126 4272 3425 4348 reprehen-

1838 4376 2005 4430 dendi
2054 4374 2137 4428 sui
2182 4386 2401 4428 causam
2453 4371 2603 4425 dedit
2665 4370 2930 4439 Origenes
2973 4386 2988 4423 :
3023 4374 3259 4438 priorem
3302 4387 3424 4425 cum

1840 4469 2117 4524 Christum
2156 4467 2397 4521 asseruit
2435 4474 2489 4520 et
2521 4464 2745 4517 Mariam
2778 4462 3103 4533 purgatione
3142 4473 3266 4533 post
3303 4480 3426 4533 par-

1846 4569 2116 4626 tumOpus
2150 4556 2438 4619 habuisse;
2469 4554 2733 4619 alteram,
2784 4569 2909 4607 cum
2958 4563 3206 4621 apertum
3257 4554 3429 4609 fuisse

1844 4652 2145 4705 claustrum
2184 4646 2510 4718 virginitatis
2546 4646 2721 4700 beata:
2744 4644 2927 4699 Mariae
2956 4646 3007 4698 in
3039 4656 3195 4715 partu
3219 4646 3425 4700 docuit.

1843 4742 2148 4811 Utrumque
2173 4755 2271 4794 suo
2294 4741 2487 4793 ordine
2513 4738 2927 4803 ventilabimus;
2958 4747 3013 4791 et
3035 4753 3179 4791 nunc
3208 4738 3424 4806 quidem

1842 4834 1910 4887 de
1938 4834 2138 4903 priore.
2176 4830 2462 4901 Origenes,
2519 4828 2682 4883 Lucae
2728 4838 2889 4898 caput
2941 4843 2978 4881 ll
3030 4830 3421 4898 interpretans,

1842 4926 1896 4980 in
1938 4926 2053 4979 hare
2109 4926 2273 4978 verba
2316 4938 2509 4977 versus
2547 4921 2617 4973 22
2657 4939 2670 4973 :
2704 4920 2813 4975 Καὶ
2874 4918 2972 4972 ὅτε
3018 4919 3427 4988 ἐπλήσθησαν

1841 5023 1899 5073 αἱ
1927 5016 2138 5085 ἡμέραι
2165 5015 2273 5068 τοῦ
2317 5012 2688 5082 καθαρισμοῦ
2717 5010 2952 5073 αὐτῶν,
2989 5011 3140 5063 κατὰ
3181 5009 3290 5062 τὸν
3326 5008 3428 5062 νό-

1837 5127 1960 5180 μον
1979 5107 2297 5172 Μωῢσέως,
2323 5106 2401 5160 sic
2428 5115 2645 5174 perorat
2670 5119 2684 5155 :
2718 5122 2735 5154 ι
2766 5101 2994 5171 Propter
3025 5102 3423 5171 purgationem,

1842 5202 2041 5270 inquit,
2079 5215 2288 5253 eorum.
2316 5198 2582 5264 Quorum,
2625 5194 2853 5249 eorum?
2897 5193 2953 5247 Si
3030 5192 3291 5261 scriptum
3333 5205 3424 5243 es-

1841 5304 1926 5349 set
1968 5301 2194 5363 proptcr
2226 5289 2609 5361 purgationem
2641 5286 2796 5356 ejus,
2833 5288 2885 5339 id
2929 5296 3048 5347 est.
3093 5284 3275 5338 Mariae
3306 5298 3427 5351 quat

1842 5394 2161 5457 pepererat,
2194 5381 2332 5435 nihil
2386 5379 2707 5450 qumstionis
2749 5378 3010 5443 oriretur,
3058 5388 3115 5432 et
3167 5375 3427 5429 audacter

1842 5478 2150 5531 diceremus
2181 5471 2433 5537 Mariam,
2463 5486 2584 5541 quae
2609 5472 2775 5525 homo
2798 5479 2941 5534 erat,
2978 5470 3302 5538 purgatione
3340 5468 3426 5519 itt-

1841 5568 2083 5638 diguisse
2129 5577 2254 5635 p05t
2298 5574 2539 5634 partum.
2593 5560 2750 5616 Nunc
2796 5576 2927 5617 vero
2962 5562 3014 5615 in
3051 5574 3118 5614 eo
3148 5559 3291 5629 quod
3326 5559 3426 5624 ait,

1841 5662 1959 5717 dics
1980 5657 2321 5732 purgationis
2351 5671 2541 5713 eorum
2567 5695 2583 5724 ,
2619 5670 2725 5711 nou
2755 5654 2970 5711 videtur
3010 5669 3176 5708 unum
3222 5652 3423 5722 signiti-
