3898 6522
558 380 668 437 839

1835 381 1899 439 P.
1937 380 2254 437 DANlELlS
2291 382 2527 438 HUETII
3650 400 3723 456 8i0

565 517 731 564 care,
761 499 856 555 sed
903 499 1135 553 alterum
1161 539 1176 563 ,
1213 514 1309 554 seu
1354 500 1559 570 plures.
1600 520 1621 553 ι
1666 501 1896 571 Legerat
1933 516 2151 570 nempe,
2183 507 2225 563 Α
2256 503 2411 572 piunt
2435 512 2490 558 et
2547 503 2799 573 pariunt;
2834 520 2953 575 qua:
2983 522 3109 561 vero
3139 508 3339 562 semine
3364 509 3625 577 neutiquam
3643 527 3724 567 sus-

525 598 530 603 '
566 592 645 645 uti
680 606 823 645 nunc
852 606 1069 659 quoque
1105 590 1327 660 legitur,
1373 590 1481 643 τοῦ
1511 592 1884 660 καθαρισμοῦ
1911 591 2141 645 αὐτῶν

565 700 728 754 quam
771 684 1057 738 lectionem
1100 684 1582 752 interpretationes
1620 684 1880 755 Syriaca,
1931 683 2146 739 Aithio-

563 776 707 845 pica,
741 785 798 831 et
827 774 1067 837 Persica,
1095 785 1151 830 et
1186 774 1383 830 Patres
1413 776 1639 845 aliquot,
1673 790 1739 829 ac
1767 776 1983 830 codices
2005 776 2143 829 bene

566 868 721 921 multi
748 876 1010 921 tuentur.
1061 867 1197 933 Alii,
1255 882 1432 936 neque
1487 868 1643 935 pauci
1696 868 1898 922 habent.
1932 865 2142 933 αὐτοῦ,

564 959 659 1013 sed
686 958 967 1029 legendum
1017 962 1239 1014 omnino
1275 961 1502 1029 αὐτῆς,
1543 960 1697 1029 juxta
1744 960 2025 1030 Vulgatam
2091 970 2145 1014 et

563 1051 855 1106 Arabicam
916 1052 1425 1120 interpretationem
1494 1052 1816 1122 Erpenianae
1866 1052 2140 1107 editionis.

564 1142 669 1196 Uni
697 1143 966 1213 siquidem
1006 1158 1289 1212 puerpera:
1331 1144 1725 1211 purgationem
1776 1142 1944 1197 fuisse
1984 1143 2143 1197 adhi—

564 1236 756 1301 bitam,
793 1251 898 1289 non
938 1236 1100 1289 etiam
1134 1235 1326 1288 infanti
1348 1244 1563 1289 constat
1593 1250 1657 1290 ex
1702 1234 1874 1289 Levit.
1920 1250 1981 1290 ιι.
2019 1236 2147 1289 Cor-

563 1338 721 1397 rupta
755 1328 936 1396 itaque
958 1328 1109 1382 vocis
1136 1327 1280 1381 illius
1307 1325 1499 1394 αὑτῆς
1524 1326 1690 1380 lectio
1709 1326 1928 1395 Origeni
1964 1327 2141 1382 fucum

563 1419 715 1483 fecit,
745 1428 802 1474 et
846 1419 1126 1473 Christum
1168 1418 1354 1473 itidem
1405 1429 1462 1471 ut
1499 1418 1725 1472 Mariam
1766 1420 2145 1489 puriﬁcatione

563 1527 700 1581 opus
724 1510 982 1565 habuisse
1012 1511 1303 1581 persuasit.
1349 1510 1568 1566 Christo
1600 1512 1785 1581 itaque
1820 1522 1875 1565 ut
1920 1514 2144 1582 reliquis

564 1603 884 1659 hominibus
944 1602 1251 1674 applicabat
1311 1604 1518 1658 dictum
1580 1604 1702 1659 Jobi
1739 1645 1754 1670 ,
1810 1623 1830 1657 ι
1866 1604 2144 1659 Neminem

560 1713 682 1752 esse
717 1698 982 1752 mundum
1029 1713 1058 1749 a
1086 1698 1270 1752 sorde
1307 1712 1321 1750 :
1360 1712 1425 1751 ne
1460 1699 1503 1751 si
1550 1698 1715 1752 unius
1768 1698 1983 1766 quidem
2038 1698 2142 1751 diei

562 1790 732 1845 fuerit
758 1791 868 1844 vita
906 1787 1024 1855 ejus
1064 1789 1132 1843 ".
1181 1807 1200 1840 ι
1244 1788 1444 1843 Sordes
1486 1798 1670 1843 autem
1716 1802 1746 1841 a
1794 1798 2018 1857 peccato
2056 1788 2146 1842 hic

2249 606 2406 663 cepto
2431 598 2661 665 peperit,
2700 612 2819 651 eam
2842 613 2972 652 vero
3009 598 3334 652 immundam
3357 613 3452 652 non
3490 615 3607 655 esse.
3624 602 3724 669 Quo-

2253 702 2370 739 rum
2402 700 2464 740 ea
2494 703 2750 756 germana
2774 699 2921 752 sunt,
2945 705 3064 758 qnze
3088 699 3467 758 reprzesentant
3494 690 3662 744 Catena
3682 710 3725 746 ex

2250 776 2484 847 Origene
2504 780 2560 831 in
2580 777 2743 836 Leuit.
2761 796 2901 846 xxtt,
2923 781 2959 834 ‘2
2981 800 2993 834 :
3019 781 3160 853 Γυνὴ
3180 781 3298 851 ἥτις
3320 782 3647 853 σπερματισθῇ
3666 787 3726 837 καὶ

2248 869 2397 923 τέκοι
2423 871 2622 943 ἄρσεν’
2666 872 2961 944 παρέλκειν
2991 874 3133 941 δόξει
3172 874 3230 926 τό
3250 892 3264 906 °
3292 874 3384 927 ἐὰν
3415 878 3725 945 σπερματυσῦῇ,

2250 963 2688 1033 προτασσόμενον
2723 964 2816 1017 τοῦ
2837 980 2851 993 ⁶
2896 966 2991 1018 κα)⁵
3018 967 3151 1038 τέκῃ
3181 966 3342 1035 ἄρσεν
3360 984 3373 997 ·
3409 966 3512 1018 ἀλλ’
3541 968 3725 1037 salsura;

2254 1055 2463 1125 μήποτε
2493 1056 2581 1109 ἵνα
2612 1058 2968 1128 προφητικῶς
2994 1059 3026 1127 ἡ
3053 1058 3240 1129 Μαρία
3274 1058 3373 1110 οὐκ
3398 1059 3456 1110 ὲκ
3476 1058 3555 1110 τοῦ
3595 1062 3727 1129 ἑσπερ-

2253 1144 2509 1214 ματίσοαι
2534 1146 2768 1199 τεκοῦσα.
2794 1147 2958 1218 ἄρσεν
2992 1146 3065 1218 μὴ
3092 1146 3319 1216 νομισϐῇ
3358 1145 3622 1215 ἀκάθαρτος
3639 1142 3726 1197 εἶναι

2250 1240 2609 1308 γεγεννηκυία
2623 1237 2713 1291 τὸν
2729 1239 2979 1310 Σωτῆρα,
3016 1238 3227 1308 εἴρηται
3274 1238 3390 1290 ὅλον
3413 1237 3568 1292 τοῦτο.
3608 1238 3728 1291 Adda-

2251 1343 2371 1381 mus
2401 1328 2635 1398 deniqne
2663 1328 2925 1398 insignem
2954 1331 3129 1383 locum
3153 1344 3216 1382 ex
3244 1328 3424 1383 homil.
3453 1328 3513 1381 12
3536 1330 3581 1381 in
3601 1326 3727 1394 Lavit,

2252 1435 2401 1472 num.
2434 1420 2490 1483 4,
2523 1436 2630 1488 quo
2659 1422 3030 1490 generationis
3059 1420 3264 1477 Christi
3294 1431 3349 1474 et
3385 1420 3631 1490 virginalis
3655 1422 3729 1474 ll:-

2253 1512 2346 1566 rize
2394 1511 2644 1580 corporis
2688 1512 2983 1567 mundities
3025 1511 3382 1566 disertissime
3445 1511 3726 1582 praedicatur:

2256 1620 2275 1654 ι
2314 1602 2506 1656 Omnis
2540 1602 2631 1670 qui
2689 1602 2993 1673 ingreditur
3020 1602 3165 1657 hunc
3200 1604 3451 1656 mundum
3499 1603 3543 1655 in
3566 1604 3727 1671 quadam

2250 1695 2712 1753 contaminatione
2741 1692 2879 1749 eﬁici
2913 1694 3136 1749 dicitur.
3168 1692 3400 1763 Propter
3423 1694 3550 1763 quod
3575 1703 3618 1747 et
3633 1694 3729 1749 Scri-

2250 1796 2407 1855 ptura
2438 1786 2569 1839 dicit
2592 1801 2608 1839 :
2649 1783 2818 1838 Nemo
2844 1786 3071 1839 mundus
3106 1802 3138 1838 a
3165 1786 3339 1850 sorde,
3365 1801 3425 1838 ne
3445 1785 3486 1837 si
3512 1786 3635 1837 unius
3661 1786 3727 1837 diei

562 1881 831 1946 distinxit,
878 1892 1041 1950 atque
1080 1880 1403 1935 sordescere
1447 1880 1684 1933 animam
1734 1879 1980 1949 putavit,
2024 1895 2145 1934 eum
2178 1869 2219 1924 Β
2249 1880 2409 1947 fuerit
2444 1878 2549 1931 vita
2573 1877 2686 1947 ejus
2714 1877 2787 1932 "'.
2820 1877 2933 1931 lloc
2967 1877 3083 1946 ipso
3103 1891 3233 1947 ergo
3270 1877 3408 1946 quod
3437 1876 3485 1929 in
3510 1875 3637 1928 vulva
3653 1891 3725 1928 Im-

564 1974 795 2029 mortale
826 1974 972 2028 subit
998 1988 1200 2042 corpus
1257 1988 1287 2027 e
1330 1973 1420 2026 vili
1474 1983 1529 2027 et
1569 1974 1787 2027 sordida
1832 1981 2145 2027 concretum

563 2066 830 2131 materia;
877 2080 946 2121 ac
993 2080 1114 2120 sese
1145 2064 1375 2134 proinde
1421 2065 1738 2134 inquinasse
1782 2064 1985 2120 Christi
2031 2064 2149 2118 ani—

565 2173 705 2211 mam
747 2172 868 2211 eum
896 2172 1097 2227 corpus
1128 2156 1182 2210 in
1231 2156 1514 2210 muliebris
1546 2157 1689 2212 uteri
1715 2158 1980 2228 angustiis
2020 2158 2151 2211 deli-

565 2259 782 2305 tescens
831 2250 932 2304 sibi
978 2249 1250 2319 adjunxit.
1289 2248 1380 2303 Sic
1427 2249 1517 2303 ille
1549 2250 1599 2303 in
1641 2252 1828 2304 eadem
1869 2249 2089 2304 homilia
2129 2268 2143 2303 :

566 2358 586 2391 ι
626 2339 782 2395 Unde
815 2348 871 2394 et
904 2338 1161 2394 Salvator
1206 2337 1449 2409 loquitur
1498 2353 1513 2390 :
1561 2336 1674 2407 Ego
1714 2354 1829 2393 sum
1859 2340 2067 2403 vermis,
2100 2349 2147 2393 et

462 2446 481 2471 ³η
561 2448 668 2487 non
715 2432 905 2494 homo,
948 2431 1290 2500 approbrium
1339 2430 1650 2497 hominum,
1690 2440 1738 2485 et
1777 2431 2001 2501 obiectio
2037 2431 2148 2499 ple-

561 2525 640 2576 bis
666 2523 734 2578 ⁸⁷.
791 2521 1021 2577 Videbat
1063 2522 1115 2575 in
1171 2521 1363 2574 matris
1407 2531 1564 2574 utero
1599 2521 1999 2576 immunditiam
2025 2536 2146 2576 eor-

565 2629 781 2684 porum,
809 2614 1115 2669 visceribus
1149 2613 1269 2684 ejus
1298 2613 1425 2667 hinc
1457 2611 1582 2667 inde
1613 2612 1849 2667 vallatus
1870 2653 1886 2680 ,
1918 2620 2148 2670 terrena:

560 2706 711 2762 furcis
736 2708 1043 2778 patiebatur
1064 2709 1375 2777 angustias:
1408 2707 1552 2762 unde
1579 2706 1846 2761 assimilat
1870 2721 1935 2761 se
1971 2706 2143 2762 vermi

558 2808 620 2856 et
643 2800 775 2853 dicit
806 2815 820 2851 :
860 2797 970 2866 Ego
1001 2814 1117 2851 sum
1152 2800 1359 2863 vermis,
1411 2808 1458 2851 et
1493 2814 1596 2850 non
1632 2796 1807 2850 homo.
1839 2815 1858 2848 ι

633 2890 705 2944 At
742 2889 1111 2945 Tertullianus
1136 2889 1275 2944 libro
1302 2890 1380 2944 De
1420 2905 1578 2943 carne
1608 2888 1826 2955 Christi,
1856 2903 1975 2959 cap.
2006 2888 2062 2954 4,
2091 2897 2147 2944 et

562 2980 657 3036 lib.
696 2995 755 3035 ιιι
785 2989 968 3034 contra
1002 2978 1287 3044 Marciam,
1324 2993 1446 3048 cap.
1481 2978 1571 3043 ll,
1607 2978 1673 3033 de
1703 2977 1917 3033 Domini
1972 2977 2144 3032 nostri

556 3072 946 3143 corporatione
982 3087 1168 3141 agens,
1197 3070 1387 3142 pejora
1417 3072 1584 3125 etiam
1645 3070 1992 3135 deblatterat,
2020 3085 2144 3125 nam

559 3174 761 3236 praeter
786 3182 805 3216 ι
825 3162 1115 3235 spurcitias
1137 3161 1448 3233 genitalium
1470 3162 1522 3216 in
1548 3170 1706 3217 utero
1727 3161 2141 3225 elementorum,

562 3257 810 3312 humoris
836 3265 891 3310 et
928 3255 1230 3325 sanguinis,
1270 3254 1415 3310 foeda
1467 3255 1695 3324 coagula
1730 3255 1910 3310 carnis
1944 3270 2009 3309 ex
2046 3270 2144 3311 eo-

558 3349 683 3403 dem
716 3361 874 3402 cmno
901 3346 1108 3401 alenda:
1135 3361 1231 3415 per
1265 3360 1460 3400 novem
1485 3360 1737 3411 menses;
1784 3356 1974 3415 partus
2003 3360 2143 3416 quo-

555 3456 668 3513 que
702 3440 976 3494 immunda
1016 3446 1070 3492 et
1120 3438 1369 3506 pudenda
1422 3448 1722 3501 tormenta,
1755 3447 1805 3493 et
1851 3439 2017 3508 ipsius
2047 3453 2142 3492 ex-

563 3533 688 3587 inde
718 3530 991 3600 puerperii
1025 3543 1268 3598 spurcos,
1301 3530 1515 3593 anxios,
1560 3530 1802 3585 ludicros
1832 3531 2011 3584 exitus
2037 3529 2142 3583 lin-

562 3623 662 3691 git.
700 3640 718 3673 ι
745 3620 876 3688 Quae
902 3621 969 3675 ab
1009 3620 1289 3673 llzereticis
1325 3618 1537 3687 obiecta
1563 3622 1874 3689 neutiquam
1907 3621 2021 3690 ipse
2048 3621 2147 3674 dif-

569 3708 842 3772 litebatur,
869 3709 964 3762 sed
1008 3709 1117 3761 Deo
1136 3707 1356 3776 indigna
1379 3722 1500 3763 esse
1523 3709 1777 3777 negabat,
1796 3717 1986 3764 contra
2008 3708 2145 3765 Mar-

564 3798 821 3853 cionitas.

552 3974 557 3978 _
633 3912 897 3967 Sanctam
920 3927 1052 3966 vero
1079 3910 1354 3983 Virginem
1379 3927 1503 3969 cum
1540 3927 1692 3969 more
1722 3911 1952 3967 aliarum
1989 3912 2144 3968 femi-

561 4018 758 4059 narum
796 4018 893 4073 per
923 4003 1094 4057 vulvae
1148 4004 1542 4058 reserationem
1594 4001 1870 4058 Christum
1924 4004 2142 4058 enixam

560 4111 683 4152 esse
715 4098 816 4153 sibi
841 4095 1104 4167 Origenes
1138 4094 1379 4159 finxerit,
1416 4103 1476 4149 ut
1506 4082 1651 4149 'mox
1700 4094 2098 4164 disputabimus
2124 4135 2141 4163 ,

562 4190 715 4243 credi
750 4204 971 4260 quoque
1017 4197 1203 4258 posset
1235 4186 1508 4257 profusam
1543 4189 1612 4241 ab
1651 4202 1735 4251 ea,
1772 4187 1956 4242 itidem
1988 4197 2049 4241 ut
2075 4188 2144 4242 ab

564 4282 709 4345 aliis,
739 4291 928 4351 partus
985 4280 1269 4335 colluviem
1319 4280 1692 4344 existimasse,
1723 4281 1869 4335 unde
1919 4280 2144 4336 minime

558 4373 767 4426 mirum
798 4372 934 4427 foret
957 4372 1289 4440 purgandum
1320 4386 1536 4441 quoque
1587 4372 1755 4426 fuisse
1778 4371 1950 4441 ipsum
1988 4386 2142 4427 asse-

564 4477 785 4516 verasse
811 4479 826 4529 ;
859 4462 953 4516 sed
981 4462 1206 4516 omnino
1237 4461 1403 4529 istud,
1433 4461 1538 4516 nisi
1573 4478 1658 4517 me
1696 4476 1816 4517 mea
1842 4462 2038 4518 fefellit
2062 4463 2144 4519 di-

2252 1973 2351 2025 tris
2385 1979 2468 2025 est
2499 1970 2731 2039 positus,
2765 1978 2818 2024 et
2852 1970 2997 2038 quod
3030 1969 3314 2024 materiam
3348 1968 3569 2035 corporis
3586 1966 3637 2020 ab
3657 1968 3727 2018 ori-

2248 2062 2371 2131 gine
2397 2059 2607 2130 paterni
2662 2059 2887 2114 seminis
2942 2059 3127 2122 sumit,
3173 2059 3226 2112 in
3256 2068 3411 2128 patre
3450 2067 3500 2111 et
3537 2057 3580 2110 in
3615 2067 3727 2109 matrs

2246 2149 2657 2205 contaminatus
2679 2149 2788 2203 dici
2815 2159 3009 2218 potest.
3041 2150 3150 2204 Aut
3179 2151 3380 2213 nescis,
3403 2148 3516 2218 quia
3540 2163 3634 2203 cum
3647 2163 3729 2216 qua-

2250 2242 2503 2311 draginta
2538 2242 2746 2297 dierum
2788 2243 2965 2295 factus
2995 2240 3160 2295 fuerit
3184 2256 3321 2311 puer
3345 2239 3727 2304 masculus,olicr-

2248 2343 2339 2387 tur
2372 2333 2438 2386 ad
2470 2333 2665 2398 altare,
2704 2340 2764 2386 ut
2800 2332 2872 2387 ibi
2906 2332 3251 2401 purificetur,
3302 2342 3538 2403 tanquam
3563 2331 3634 2400 qui
3654 2330 3726 2399 pol-

2248 2423 2394 2479 lutus
2428 2424 2595 2478 fuerit
2620 2424 2675 2477 in
2710 2423 2823 2494 ipsa
2849 2423 3228 2493 conceptione,
3258 2422 3344 2478 vel
3402 2423 3584 2493 paterni
3619 2422 3726 2476 semi-

2250 2518 2358 2583 nis,
2399 2516 2483 2571 vel
2521 2516 2660 2572 uteri
2686 2515 2960 2569 materni?
2983 2515 3174 2571 Omnis
3199 2530 3333 2586 ergo
3355 2516 3505 2569 homo
3548 2515 3590 2568 in
3627 2522 3726 2582 patre

2248 2609 2376 2664 etin
2405 2616 2580 2662 matre
2610 2605 2847 2675 pollutus
2874 2614 2996 2671 est;
3042 2604 3193 2660 solus
3224 2620 3355 2659 vero
3377 2602 3519 2658 Jesus
3542 2602 3724 2656 Dominus

2248 2716 2401 2755 meus
2438 2700 2489 2754 in
2524 2699 2668 2752 hanc
2692 2698 3104 2767 generationem
3138 2696 3372 2750 mundus
3404 2695 3634 2767 ingressus
3657 2702 3726 2751 est.

2248 2790 2302 2846 in
2328 2799 2503 2846 matre
2523 2805 2630 2844 non
2649 2798 2734 2843 est
2760 2788 3015 2858 pollutus.
3050 2787 3331 2858 Ingressus
3355 2796 3436 2843 est
3455 2789 3576 2842 enim
3594 2798 3726 2852 corpus

2249 2881 2763 2937 incontaminatum.
2819 2880 2940 2950 Ipse
2972 2879 3119 2933 enim
3150 2889 3269 2935 erat
3291 2880 3381 2950 qui
3408 2889 3460 2933 et
3485 2878 3643 2931 dudum
3664 2889 3726 2944 per

2249 2972 2595 3028 Salomonem
2616 2972 2867 3027 dixerat:
2895 2970 3070 3041 Magis
3098 2980 3273 3024 autem
3305 2986 3418 3023 cum
3443 2984 3578 3024 essem
3595 2968 3722 3027 bonus,

2247 3065 2362 3119 veni
2393 3064 2461 3117 ad
2490 3079 2682 3132 corpus
2709 3062 3169 3131 incoinquinatum
3201 3061 3269 3116 °’.
3293 3060 3405 3115 Non
3426 3070 3500 3115 est
3525 3072 3627 3128 ergo
3646 3070 3725 3109 con-

2249 3154 2545 3208 taminatus
2584 3153 2637 3207 in
2674 3164 2873 3217 matre,
2908 3151 3002 3206 sed
3036 3166 3103 3207 ne
3144 3152 3197 3205 in
3233 3162 3384 3221 patre
3403 3152 3611 3221 quidem.
3629 3145 3722 3200 Nihil

2246 3245 2390 3299 enim
2421 3242 2619 3313 Joseph
2652 3245 2703 3297 in
2726 3243 3077 3313 generatione
3100 3243 3215 3312 ejus
3233 3252 3430 3312 praeter
3452 3237 3723 3295 ministerium

2245 3335 2498 3404 praestitit
2529 3345 2580 3389 et
2606 3332 2881 3389 allectum.
2919 3352 2939 3387 ι

2317 3424 2409 3480 Sic
2439 3434 2616 3478 autem
2650 3425 2715 3479 de
2743 3439 2903 3479 sacro
2946 3422 3128 3477 Mariae
3175 3423 3459 3492 puerperio
3503 3422 3635 3477 sentit
3666 3433 3724 3473 ca.

2248 3518 2448 3574 tholica
2477 3516 2743 3582 Ecclesia,
2773 3517 3122 3586 antiquorum
3158 3515 3385 3572 Patru‘n
3415 3514 3636 3585 dogmatis
3659 3514 3723 3565 itr-

2246 3608 2372 3663 bttta
2410 3611 2513 3663 etsi
2547 3619 2725 3662 uterus
2783 3610 2846 3662 de
2881 3610 2966 3661 die
2996 3609 3051 3662 in
3088 3610 3199 3662 dies
3227 3609 3539 3663 insolescere!
3580 3604 3725 3677 (placet

2245 3700 2387 3755 enim
2417 3700 2731 3754 Tertulliani
2765 3701 2929 3753 verba
2960 3700 3051 3754 lib.
3075 3698 3149 3753 De
3177 3715 3340 3753 carne
3368 3697 3566 3763 Christi,
3586 3711 3673 3764 cap.
3691 3690 3723 3749 ι.

2247 3793 2528 3863 repudiata
2574 3792 2701 3848 licet
2740 3793 2912 3863 ipsius
2957 3795 3245 3859 sententia,
3302 3791 3549 3861 retinere)
3588 3799 3725 3857 grat‘tl

2244 3896 2446 3951 tamen,
2483 3889 2723 3952 nimium,
2752 3888 3009 3941 incertum
3040 3885 3349 3939 libidinibus
3370 3881 3556 3955 fastidii
3580 3890 3616 3934 et
3638 3875 3724 3946 gub!

2242 3980 2558 4048 neutiquam
2582 3978 2782 4045 fuisse;
2807 3977 2955 4034 foras
2980 3992 3109 4032 vero
3136 3978 3400 4045 infantem
3434 3991 3527 4030 non
3546 3987 3635 4028 cum
3652 3966 3725 4021 sui!

2242 4073 2627 4143 impedimentis
2658 4071 2935 4143 profusum
2968 4080 3019 4125 et
3055 4070 3274 4125 oblitum
3301 4110 3316 4134 ,
3364 4060 3724 4139 quemadmodum

2242 4168 2367 4223 aliis
2394 4167 2647 4223 onmibus
2681 4166 2966 4237 puerperis
3012 4164 3150 4220 solet
3184 4166 3512 4234 contingere,
3540 4158 3614 4214 sed
3650 4153 3726 4206 abs-

2241 4276 2348 4332 que
2377 4262 2499 4317 ullis
2529 4259 2955 4330 inquinamentis
2969 4266 3023 4312 et
3036 4256 3288 4312 sordibus
3312 4248 3725 4327 prodiisse.0uam-

2242 4356 2430 4409 obrem
2484 4366 2692 4407 canone
2711 4351 2778 4407 79
2822 4350 3013 4421 synodi
3039 4349 3361 4419 quinisextte
3379 4348 3724 4413 abrogaturcon-

2243 4444 2475 4501 suetudo
2495 4458 2525 4498 a
2550 4442 2823 4498 nonnullis
2844 4442 3122 4497 observari
3147 4440 3306 4496 solita
3332 4438 3433 4495 illis
3454 4429 3723 4504 temporibus.

566 4520 891 4621 ligentia,'in
924 4549 1159 4621 Origene
1189 4520 1508 4621 expressum
1537 4568 1642 4608 non
1676 4563 1781 4608 est.
1812 4552 1906 4609 Sui
1933 4569 2063 4625 ergo
2087 4557 2135 4611 ei
2170 4558 2215 4613 Β
2246 4537 2482 4601 “mnam
2512 4534 2785 4603 coq“e"‘n
2813 4544 2937 4603 po“
2962 4532 3105 4625 diu“
3136 4530 3450 4625 Pauﬁwis
3493 4520 3667 4625 9”“???

563 4640 847 4696 sufﬁciunt
868 4656 1110 4709 errores,
1139 4656 1238 4696 nec
1262 4641 1424 4697 alieni
1458 4651 1664 4699 temere
1690 4644 1817 4698 huic
1852 4643 2141 4716 alllugendi

562 4740 711 4786 sunt.
748 4730 898 4786 Hanc
926 4732 1103 4802 potius
1129 4732 1268 4787 Sixti
1304 4733 1563 4789 Senensis
1583 4735 1986 4791 adnotationem
2012 4738 2140 4804 l56,

561 4836 688 4893 qua:
714 4821 808 4876 lib.
840 4836 890 4875 vt
920 4820 1175 4876 Biblioth.
1210 4822 1427 4877 intexta
1451 4832 1558 4891 est,
1584 4824 1969 4879 admittamus:
2007 4843 2025 4877 ι
2060 4824 2144 4879 ln-

567 4913 761 4985 telligit
793 4911 1026 4967 fortasse
1051 4911 1336 4983 Origenes,
1363 4928 1470 4968 non
1500 4913 1566 4968 de
1596 4915 1919 4986 purgatione
1942 4916 2009 4969 ab
2044 4915 2147 4969 im-

563 5005 847 5061 munditiis
885 5015 941 5060 et
966 5006 1221 5060 sordibus
1247 5014 1460 5075 partus,
1491 5006 1690 5074 quibus
1740 5006 1872 5061 nulli
1913 5006 2136 5062 dubium

564 5106 650 5150 est
675 5094 897 5149 Mariam
932 5111 1037 5150 non
1070 5096 1240 5150 fuisse
1261 5097 1574 5164 obnoxiam,
1619 5098 1714 5152 sed
1737 5098 1803 5152 de
1838 5097 2035 5153 ritibus
2085 5109 2140 5153 et

564 5184 929 5247 caeremoniis,
968 5185 1164 5255 quibus
1193 5183 1410 5258 Moyses
1440 5202 1737 5257 puerperas
1774 5187 1996 5242 lustrari
2022 5188 2140 5257 juso

560 5286 748 5330 serat:
783 5277 880 5330 has
904 5292 1126 5331 necesse
1153 5287 1273 5331 erat
1316 5280 1519 5332 servari
1570 5293 1599 5331 a
1642 5288 1817 5334 matre
1846 5279 2010 5345 illius,
2046 5282 2136 5348 qui

564 5365 739 5436 legem
791 5367 1111 5437 impleturus
1154 5378 1400 5433 venerat,
1451 5384 1556 5422 non
1586 5368 1983 5423 destructurus.
2021 5388 2039 5419 ι
2071 5369 2142 5422 ιι-

564 5460 656 5514 lud
695 5473 762 5513 ex
813 5473 879 5514 eo
915 5461 1290 5526 confirmatur,
1329 5461 1474 5529 quod
1522 5462 1710 5515 homil.
1761 5460 1796 5515 8
1855 5462 1908 5515 in
1948 5460 2136 5528 Leril.,

565 5568 715 5607 num.
745 5551 802 5617 2,
827 5552 1017 5607 scribit
1041 5552 1301 5621 Origenes
1331 5567 1425 5606 eas
1452 5552 1624 5606 solum
1664 5554 1920 5607 mulieres
1952 5554 2005 5606 in
2044 5569 2137 5621 pa-

564 5645 760 5699 riendo
793 5659 913 5700 esse
947 5645 1275 5709 immundas,
1307 5659 1427 5714 qua:
1451 5645 1661 5699 semine
1692 5645 1928 5701 admisso
1954 5643 2139 5700 conci-

634 5842 681 5877 "
708 5841 827 5901 Job.
852 5859 966 5913 xrv,
994 5843 1048 5898 4.
1116 5843 1168 5905 ,⁸⁷
1198 5842 1340 5900 Psal.
1369 5842 1557 5915 nu].
1637 5842 1681 5876 ’⁸
1712 5840 1833 5901 Job.
1864 5858 1970 5911 xxv,
1995 5841 2051 5911 4,
2078 5842 2127 5895 5.

2243 4645 2363 4684 eam
2396 4628 2497 4683 sibi
2543 4626 2773 4681 invicem
2825 4622 3210 4693 impertiendi,
3263 4640 3283 4675 ι
3340 4617 3543 4676 honoris
3581 4607 3722 4667 scilin

2242 4732 2508 4794 praetextu
2528 4720 2944 4776 secundinarum
2965 4716 3259 4785 impolluta:
3280 4712 3505 4784 Virginis
3525 4704 3669 4761 matris
3682 4714 3718 4794 ιι

2246 4789 2511 4867 rationem
2544 4810 2723 4865 reddit
2749 4809 3005 4879 synodus,
3043 4821 3172 4863 esse.
3187 4807 3385 4877 quippe
3415 4802 3650 4872 ἀλόχευτον
3665 4789 3721 4841 τὸν

2242 4906 2309 4958 ὲκ
2340 4905 2439 4976 τῆς
2467 4900 2736 4974 παρθένου
2792 4900 2934 4953 οεῖον
2965 4898 3146 4964 τόκον,
3194 4899 3269 4963 ὼς
3308 4900 3401 4951 καὶ
3434 4892 3644 4962 ἀσπὸρως
3666 4900 3723 4935 συ·

2249 4998 2469 5050 στάντα.
2505 5012 2525 5047 s
2575 4992 2899 5048 Secundinis
2949 5000 3225 5046 carentem
3282 4986 3509 5057 Virginis
3554 4978 3722 5035 divinum

2249 5096 2483 5156 partum,
2522 5094 2583 5139 ut
2607 5083 2699 5152 qui
2736 5082 2945 5138 semine
2985 5080 3246 5137 caruerit.
3285 5098 3305 5134 ι

2318 5175 2383 5231 ll.
2406 5176 2526 5230 Alia
2560 5190 2777 5245 quoque
2802 5189 2865 5229 ac
2888 5174 3110 5243 gravior
3138 5170 3441 5225 criminatio
3464 5180 3519 5219 ex
3544 5156 3722 5224 hisel""

2247 5272 2366 5323 dem
2402 5267 2636 5322 homilia:
2664 5266 2731 5320 14
2758 5268 2812 5321 in
2849 5266 3044 5319 Lucam
3080 5263 3260 5319 verbis
3287 5262 3455 5316 oritur
3496 5276 3508 5311 :
3542 5268 3559 5305 ι
3590 5249 3724 5339 θυατυὲ

2248 5374 2462 5430 cunque
2491 5359 2555 5413 de
2578 5368 2736 5413 utero
2785 5355 3017 5411 effusum
3068 5369 3273 5409 marem
3330 5351 3534 5409 dixeris,
3577 5345 3723 5434 noustc

2248 5453 2420 5520 aperit
2460 5451 2673 5505 vulvam
2709 5449 2902 5504 matris
2923 5462 3054 5512 suae,
3085 5455 3145 5501 ut
3178 5445 3430 5501 Dominus
3457 5439 3613 5498 Jesus;
3638 5437 3721 5522 quia

2246 5546 2488 5601 omnium
2518 5545 2801 5598 mulierum
2838 5557 2941 5597 non
2977 5550 3166 5610 partus
3195 5538 3431 5601 infantis,
3456 5532 3538 5588 sed
3555 5523 3632 5579 viri
3648 5533 3722 5571 col-

2249 5652 2336 5697 tus
2365 5638 2581 5694 vulvam
2612 5646 2840 5694 reserat.
2865 5633 3051 5692 Matris
3085 5648 3216 5692 vero
3244 5628 3446 5689 Domini
3472 5640 3526 5682 eo
3552 5618 3724 5685 temP°'°

2204 5840 2248 5875 θ’
2278 5840 2403 5913 Sap.
2434 5854 2551 5906 \‘lll,
2581 5837 2672 5893 20.
