3898 6522
123 429 224 484 διι

949 424 1520 484 ORIGENIANORUM
1559 423 1690 481 LIB.
1733 425 1798 491 ll,
1834 423 1986 494 CAP.
2030 424 2092 490 ll,
2135 424 2414 491 QUAEST.
2455 425 2546 480 IV.

3291 430 3396 484 842

121 543 289 600 vulva
315 554 554 601 reserata
595 553 698 608 est.
727 560 833 616 quo
867 555 921 602 et
976 558 1167 618 partus
1191 547 1391 611 editus,
1425 545 1550 616 quia
1587 561 1712 601 sane
1745 545 1789 604 Α
1818 542 2071 598 Basilium
2113 555 2168 600 et
2195 545 2331 602 alios
2367 555 2649 616 przeterea,
2680 545 2774 614 qui
2821 543 2888 599 de
2921 544 3178 616 virginea:
3227 546 3399 602 vnlvte

119 644 279 690 ctum
314 644 554 698 uterum,
600 645 654 690 et
682 637 828 690 omni
864 636 1180 706 dignatione
1214 639 1584 694 venerationis
1617 654 1708 691 ve-

118 728 430 781 nerandum
456 738 582 784 ante
601 729 943 784 nativitatem
964 729 1170 786 Christi
1201 730 1473 785 masculus
1489 732 1712 787 omnino

119 835 234 874 non
287 822 491 892 tetigit.
531 841 549 874 ι
601 821 706 876 Per
758 824 1151 878 reserationem
1208 824 1378 880 vulvte
1432 824 1709 879 Christum

115 913 332 967 editum
357 922 564 968 censet.
588 913 693 967 l’ar
708 924 791 970 est
810 914 1132 969 Tertulliani
1167 915 1458 986 cespitatio
1489 915 1540 969 in
1572 916 1710 971 libro

118 1003 202 1059 De
228 1021 391 1059 carne
407 1003 627 1069 Christi,
661 1021 780 1075 cap.
803 1005 894 1072 25;
925 1007 996 1061 ibi
1025 1006 1222 1077 quippe
1241 1007 1456 1062 beatam
1483 1007 1708 1062 Mariam

117 1096 457 1165 virginitatis
489 1096 657 1151 decus
684 1098 1032 1165 (integritatis
1055 1113 1246 1166 nempe
1271 1097 1555 1166 cujusdam
1585 1113 1710 1152 cor-

118 1189 297 1256 poris,
322 1204 441 1258 qua:
461 1190 762 1259 virginibus
788 1192 970 1246 inesse
995 1190 1152 1256 solet,
1175 1200 1230 1244 et
1253 1191 1427 1260 primo
1457 1191 1557 1244 viri
1581 1206 1712 1245 eon-

119 1296 319 1350 gressu
348 1282 618 1337 obteritur
647 1296 712 1336 ac
741 1283 999 1353 violatur)
1026 1294 1266 1338 reserata
1292 1283 1343 1336 in
1370 1293 1530 1352 partu
1551 1283 1708 1336 vulva

115 1373 374 1428 amisisse
413 1373 591 1429 docet.
627 1372 754 1428 Ροει
811 1376 914 1428 alia
948 1389 1079 1431 vero
1129 1376 1210 1430 sic
1241 1375 1499 1430 disserit:
1540 1379 1704 1429 Omne

115 1464 480 1518 masculinum
515 1465 824 1532 adaperieus
872 1467 1103 1532 vulvam,
1151 1477 1394 1521 sanctum
1434 1469 1713 1522 vocabitur

117 1556 353 1611 Domino
379 1559 420 1612 ι.
458 1578 475 1609 ι
507 1560 640 1626 Quis
685 1573 808 1615 vere
859 1571 1105 1624 sanctus,
1158 1575 1318 1630 quam
1359 1561 1448 1616 Dei
1495 1560 1709 1616 Filius?

116 1648 254 1716 Quis
302 1653 521 1719 proturie
555 1651 769 1705 vulvam
809 1651 1114 1721 adaperuit,
1152 1669 1315 1721 quam
1343 1654 1433 1723 qui
1466 1653 1708 1708 clausam

119 1740 422 1806 patefecit?
459 1739 730 1795 therum
778 1743 1032 1797 omnibus
1091 1743 1290 1812 nuptiae
1343 1741 1704 1812 patefaciunt.

116 1830 312 1901 Itaque
343 1831 517 1902 magis
546 1831 819 1901 patefacta
849 1843 954 1898 est,
989 1825 1112 1902 quia
1138 1833 1311 1903 magis
1348 1843 1468 1887 erat
1499 1833 1704 1887 clausa.

1815 636 2093 703 apertione
2125 637 2378 692 similiter
2404 639 2698 692 disserunt.
2726 636 2831 692 Sed
2858 652 2920 690 ea
2941 639 3190 692 onmibns
3219 639 3284 693 iis
3304 655 3400 692 ev-

1814 729 1992 796 ceptio
2013 728 2314 783 adhibenda
2346 740 2449 796 est,
2510 744 2614 800 qua
2663 730 2728 784 ad
2766 731 3084 786 solvendum
3122 731 3395 786 Ambrosii

1817 821 1991 875 locum
2027 836 2155 874 usus
2176 820 2518 876 estThomas
2539 836 2591 890 p.
2627 837 2706 886 Ill,
2727 837 2785 890 q.
2815 817 2908 885 28,
2939 836 2989 876 a.
3015 825 3072 884 2.
3104 825 3175 876 ita
3203 839 3398 893 nempe

1815 912 2022 967 locutos
2051 912 2237 968 Patres
2277 913 2418 977 illos,
2461 929 2584 967 cum
2620 913 2748 966 illud
2781 915 3128 985 evangelista:
3148 931 3392 982 expone-

1815 1015 1934 1059 rent
1964 1023 1976 1059 :
2016 1023 2035 1056 ι
2070 1006 2240 1060 Omne
2271 1005 2628 1059 masculinum
2659 1005 2983 1074 adaperiens
3008 1009 3240 1071 vulvam,
3270 1025 3397 1062 san-

1813 1107 1957 1152 ctum
1992 1097 2218 1153 Domino
2236 1098 2554 1153 vocabitur‘
2583 1117 2597 1164 ;
2631 1116 2650 1151 ι
2679 1099 2819 1169 quod
2845 1099 3059 1167 quidem
3086 1116 3152 1154 ex
3179 1103 3392 1169 vulgata

1813 1187 2064 1260 loquendi
2087 1191 2482 1246 consuetudine
2514 1201 2834 1262 usurpatum
2872 1203 2974 1257 eSt,
2995 1192 3195 1246 non‘ad
3226 1193 3397 1264 signi-

1815 1281 2084 1336 ﬁcandam
2116 1283 2348 1354 virginei
2378 1284 2602 1338 claustri
2647 1285 3009 1354 apertionem,
3064 1288 3156 1339 sed
3187 1289 3391 1340 exitum

1815 1373 2078 1428 duntaxat
2110 1374 2276 1444 prolis
2304 1375 2370 1430 de
2395 1386 2568 1430 utero.
2602 1374 2824 1431 Thema:
2852 1377 3264 1446 reSponsionem
3298 1377 3393 1432 de-

1817 1465 2043 1520 fendunt
2093 1467 2186 1521 alii
2240 1466 2510 1523 Ambrosii
2562 1477 2618 1522 et
2667 1467 2980 1540 Hieronymi
3027 1467 3156 1531 loci,
3195 1469 3394 1538 quibus

1818 1557 2086 1626 irruptum
2113 1573 2498 1629 perseverasse
2550 1560 2603 1614 in
2638 1560 2925 1630 puerperio
2961 1561 3292 1630 virginitatis
3320 1561 3396 1615 sio

1815 1647 1999 1717 gillum
2031 1650 2318 1704 manifeste
2355 1634 2598 1718 tradunt,
2634 1651 2813 1720 qualis
2847 1651 2935 1704 ille
2962 1662 3045 1705 est
3069 1653 3395 1706 Atnhrosiic

1816 1740 1954 1794 libro
1980 1739 2054 1794 De
2085 1740 2415 1795 institutione
2439 1743 2678 1812 virginis,
2715 1757 2835 1812 cap.
2876 1743 2944 1797 7:
2977 1761 2996 1794 t
3037 1743 3196 1798 Porta
3230 1744 3395 1814 igitur

1815 1831 2007 1894 Maria,
2031 1847 2125 1902 per
2152 1847 2314 1902 quam
2335 1832 2588 1889 Christus
2612 1833 2838 1888 intravit
2863 1835 2914 1888 in
2945 1835 3088 1889 hunc
3113 1836 3394 1900 mundum,

117 1899 331 1994 Utique
362 1899 681 1995 mavgis'nnn
721 1926 875 1996 virgo
909 1899 1138 1982 dicenda
1167 1899 1254 1981 est
1296 1941 1457 1994 quam
1510 1927 1659 1993 virgo
1687 1969 1701 1990 ,
1741 1899 1782 1954 Β
1815 1899 2045 1992 quando
2071 1899 2322 1991 virginali
2376 1924 2533 1980 fusus
2567 1933 2654 1980 est
2687 1935 2870 1994 partu,
2904 1935 2958 1980 et
2989 1926 3247 1995 genitalia
3278 1899 3393 1979 vir?

116 2017 265 2072 saltu
293 2018 530 2085 quodam
559 2029 730 2072 mater
759 2027 1050 2088 antequam
1080 2027 1270 2088 nupta.
1307 2015 1374 2070 Et
1398 2015 1530 2086 quid
1562 2015 1701 2069 ultra

117 2108 185 2162 de
220 2109 324 2161 hoc
352 2099 758 2161 retractandum
786 2107 909 2162 est?
935 2123 1058 2161 cum
1099 2108 1202 2161 hac
1228 2109 1439 2160 ratione
1473 2107 1705 2175 Aposto-

117 2198 204 2252 lus
235 2213 344 2252 non
372 2213 438 2253 ex
471 2199 708 2268 Virgine,
756 2199 850 2253 sed
899 2214 968 2254 ex
1005 2199 1234 2254 muliere
1272 2199 1475 2254 editum
1506 2197 1702 2252 Filium

117 2289 213 2344 Dei
252 2290 666 2355 pronuntiavit,
707 2290 929 2359 agnovit
967 2287 1240 2359 adaperta:
1288 2289 1459 2343 vulvae
1492 2289 1707 2360 nuptia-

118 2380 224 2435 lem
251 2381 591 2449 passionem.
629 2400 647 2433 ι
691 2381 946 2436 Eamdem
1000 2383 1342 2452 postmodum
1395 2382 1704 2452 opinionem

117 2474 410 2542 amplexus
423 2482 505 2527 est
523 2472 551 2526 J
559 2472 844 2528 ovinianus
871 2474 1182 2537 luereticus,
1212 2484 1268 2528 et
1301 2490 1417 2528 eam
1443 2473 1708 2541 hodieque

118 2578 349 2620 tuentur
415 2565 733 2621 heterodoxi
782 2575 1076 2632 nostrates,
1127 2575 1342 2621 uterum
1403 2567 1706 2636 virgineum

112 2659 667 2713 Christotranseunti
723 2667 1024 2713 reseratum
1079 2657 1321 2727 quidem,
1360 2667 1550 2726 patens
1603 2657 1708 2710 iter

114 2752 424 2822 praebuisse
437 2751 709 2817 docentes,
733 2751 826 2806 sed
844 2767 963 2808 mox
983 2750 1217 2807 divulsus
1248 2760 1430 2820 partes
1455 2749 1549 2805 Dei
1577 2759 1706 2802 nutu

114 2844 384 2914 pristinas
408 2843 696 2917 repetiisse‘
711 2843 888 2907 sedes,
908 2852 961 2896 et
985 2843 1036 2896 in
1059 2857 1224 2896 unum
1251 2840 1536 2896 coaluisse.
1598 2840 1709 2896 Nec

115 2932 360 2986 multum
401 2933 526 2987 hinc
558 2931 766 2986 abludit
795 2932 1077 2988 Durandus
1113 2946 1144 2986 a
1176 2931 1382 2988 Sancto
1413 2933 1702 2997 Porciano,

114 3025 442 3081 inviolatum
469 3025 685 3096 quidem
709 3041 1089 3096 perseverasse
1123 3027 1450 3097 virginitatis
1471 3028 1706 3098 sigillum

115 3119 413 3182 deﬁniens.
441 3121 534 3175 sed
561 3118 921 3190 ampliliCatos
947 3131 1157 3176 meatus
1190 3124 1330 3175 viam
1359 3119 1703 3192 patefecisse.

189 3211 540 3283 Jrigenianm
592 3213 874 3268 sententia
923 3215 1197 3268 contraria
1229 3213 1598 3268 decernuntur
1654 3213 1704 3266 itt

117 3305 300 3374 prima
338 3305 684 3359 homiliarum
742 3306 794 3360 in
827 3306 1094 3370 diversos,
1118 3321 1238 3375 qua:
1279 3315 1556 3360 auctorem
1599 3320 1706 3359 non

116 3397 333 3450 habere
362 3393 654 3466 Origenem
684 3397 768 3452 vel
817 3398 943 3452 hinc
1001 3404 1182 3467 potest
1239 3395 1568 3450 existimari.
1616 3393 1708 3449 Sic

115 3492 206 3546 illa
250 3509 262 3546 :
303 3509 322 3542 ι
355 3491 814 3558 Quemadmodum
849 3491 1053 3546 Danieli
1087 3491 1228 3545 intra
1267 3489 1446 3544 lacum
1488 3487 1704 3542 leonum

115 3587 339 3642 incluso
368 3587 414 3650 ¹,
443 3585 699 3642 claustris
722 3601 828 3641 non
857 3585 1059 3656 apertis
1089 3584 1310 3638 allatum
1342 3589 1426 3638 est
1452 3581 1502 3636 ei
1541 3595 1712 3649 pran-

113 3682 272 3737 dium
305 3681 374 3734 ah
403 3678 688 3746 Habacuc;
732 3679 805 3733 ita
853 3689 907 3732 et
943 3683 1055 3733 haec
1095 3677 1256 3748 Virgo
1291 3685 1476 3730 sancta
1521 3672 1712 3743 genuit

114 3772 435 3836 Dominum,
457 3774 551 3828 sed
581 3773 780 3828 intacta
809 3770 1105 3841 permansit
1131 3787 1147 3831 ;
1181 3777 1352 3822 mater
1383 3765 1576 3821 effecta
1601 3773 1708 3828 est,

112 3866 216 3922 sed
253 3865 623 3934 virginitatem
650 3880 752 3919 non
779 3863 994 3928 amisit;
1030 3860 1219 3932 genuit
1242 3857 1528 3922 infantem,
1559 3867 1630 3919 et.
1655 3866 1713 3912 ut

113 3959 327 4012 dictum
384 3966 497 4021 est,
549 3957 700 4026 virgo
743 3956 1061 4024 permansit.
1112 3952 1281 4018 Virgo
1333 3965 1466 4019 ergo
1523 3947 1712 4020 genuit

113 4060 169 4104 et
227 4048 383 4118 virgo
435 4047 783 4116 permansit:
821 4057 996 4099 mater
1035 4042 1158 4098 Filii
1189 4043 1330 4096 facta
1359 4051 1446 4095 est
1473 4079 1490 4104 ,
1524 4048 1580 4093 et
1622 4053 1713 4093 ca-

112 4144 327 4200 stitatis
378 4142 613 4211 sigillum
669 4155 776 4195 non
838 4137 1090 4208 perdidit.
1144 4154 1162 4186 ι
1218 4136 1395 4202 Atque
1446 4131 1574 4186 illud
1629 4138 1714 4185 est

111 4235 344 4306 optimae
402 4231 643 4294 Patrum,
703 4241 812 4283 tum
846 4228 1183 4290 Graecorum,
1220 4234 1332 4279 tum
1385 4223 1710 4277 Latinorqu

114 4327 316 4396 partis,
353 4334 406 4377 et
431 4323 687 4391 Ephesini
713 4331 972 4391 praeterea
1005 4317 1222 4374 concilii
1266 4315 1711 4384 decretum,per-

112 4427 286 4485 petuo
315 4413 574 4468 Ecclesiae
599 4411 884 4466 catholicae
936 4421 1211 4464 consensu
1250 4403 1663 4474 comprobatum
1695 4443 1710 4466 ,

111 4520 168 4563 et
198 4510 307 4563 hoe
350 4505 650 4560 Ezechielis
676 4503 956 4573 propheta:
989 4498 1214 4553 oraculo
1249 4495 1663 4550 corroboratuut
1694 4511 1709 4547 :

1815 2015 2064 2085 ginitatis
2100 2015 2337 2070 claustra
2386 2031 2492 2069 non
2551 2015 2734 2070 solvit.
2766 2014 2970 2071 Mansit
3011 2017 3394 2072 intemeratum

1815 2119 2026 2179 septum
2054 2109 2301 2178 pudoris,
2343 2118 2398 2164 et
2430 2095 2687 2164 inviolaia
2742 2109 3080 2177 integritatis
3131 2110 3397 2164 duravere

1817 2199 2119 2269 signacula,
2181 2215 2303 2252 cum
2339 2201 2516 2254 exiret
2565 2215 2632 2254 ex
2669 2197 2928 2268 Virgine;
2981 2217 2999 2250 ι
3039 2208 3092 2252 et
3139 2199 3228 2252 ille
3282 2200 3399 2267 ipse

1817 2289 2129 2362 Hieronymi
2155 2307 2185 2346 e
2220 2291 2314 2347 lib.
2366 2309 2402 2347 ιι
2434 2303 2616 2346 contra
2663 2291 2966 2363 Pelagiau.,
2992 2305 3152 2360 quem
3204 2288 3385 2361 Orige-

1815 2382 1982 2436 niano
2013 2382 2249 2437 similem
2281 2399 2404 2438 esse
2431 2383 2544 2438 vult
2573 2382 2980 2448 Genebrardus,
3013 2383 3216 2452 quique
3257 2385 3307 2437 ei
3329 2399 3394 2438 ex

1815 2473 2082 2528 diametro
2102 2476 2382 2545 oppositus
2403 2487 2509 2530 est.
2546 2475 2622 2529 En
2669 2475 2819 2528 illum
2847 2491 2861 2527 :
2897 2492 2916 2526 ι
2957 2474 3118 2528 Solus
3143 2474 3398 2529 Christus

1815 2563 2034 2619 clausas
2069 2576 2256 2633 portas
2288 2566 2458 2620 vulvae
2486 2567 2768 2636 virginalis
2799 2567 3033 2634 aperuit,
3063 2580 3182 2635 quae
3217 2576 3396 2620 tamen

1815 2653 2013 2709 clausze
2039 2655 2248 2725 jugiter
2290 2663 2729 2724 permanserunt.
2764 2673 2782 2707 ι
2826 2654 3024 2710 Utilius
3068 2669 3201 2723 ergo
3241 2669 3396 2708 suam

1816 2741 2040 2812 Origeni
2077 2744 2395 2798 excusando
2427 2754 2685 2800 navasset
2730 2759 2952 2814 operam
2990 2743 3394 2799 Genebrardus.

1817 2834 1864 2890 si
1891 2835 2118 2890 dixisset
2167 2838 2234 2890 de
2277 2835 2464 2903 Mariae
2515 2836 2831 2905 virginitate
2879 2835 3296 2906 haudquaquam
3332 2839 3399 2891 ah

1815 2926 2048 2998 Origene
2073 2928 2242 2983 fuisse
2263 2931 2590 2993 detractum,
2623 2929 2836 2983 etiamsi
2868 2928 3174 2997 perfractas
3209 2929 3262 2982 in
3297 2943 3396 3007 pa-

1817 3022 2012 3076 riendo
2044 3021 2382 3091 virginitatis
2446 3022 2595 3076 fores
2639 3021 2935 3077 crediderit
2995 3020 3174 3091 (quod
3223 3019 3395 3087 ipsum

1817 3119 1997 3168 tamen
2029 3114 2096 3167 ah
2127 3113 2371 3169 Ecclesia
2415 3113 2904 3184 reprobatumest);
2945 3127 3050 3166 non
3087 3112 3140 3164 in
3175 3111 3399 3180 integri-

1819 3214 1926 3261 tate
1953 3207 2151 3276 quippe
2167 3207 2369 3270 carnis,
2399 3209 2490 3262 sed
2509 3207 2559 3261 in
2575 3205 2847 3261 constanti
2881 3204 3176 3261 voluntatis
3203 3217 3398 3273 propo-

1816 3297 1920 3351 sito
1951 3298 2322 3368 virginitatem
2349 3299 2692 3352 consistere:
2743 3311 2868 3350 nam
2904 3313 2921 3348 ι
2958 3295 3244 3364 lntegritas
3273 3311 3397 3350 cor-

1814 3389 2023 3459 poralis
2056 3391 2283 3444 membri
2312 3405 2406 3458 per
2435 3388 2688 3445 accidens
2712 3404 2772 3444 se
2800 3388 2965 3443 habet
2999 3389 3068 3442 ad
3108 3387 3396 3470 virginita-

1819 3496 1949 3544 tem.
1988 3483 2039 3537 in
2060 3491 2320 3552 quantum
2345 3481 2554 3537 scilicet
2581 3496 2679 3550 per
2713 3481 2816 3536 hoc
2845 3480 2988 3548 quod
3015 3494 3082 3534 ex
3119 3475 3398 3550 proposito

1816 3576 2122 3634 voluntatis
2149 3575 2391 3630 abstinet
2419 3575 2543 3644 quis
2563 3591 2591 3628 a
2626 3573 2988 3629 delectatione
3018 3588 3272 3639 venerea,
3307 3589 3396 3626 re-

1815 3677 1998 3724 manet
2023 3665 2306 3734 integritas
2339 3665 2390 3718 in
2419 3664 2663 3719 membro
2688 3678 2970 3732 corporeo.
3013 3661 3166 3718 Unde
3194 3663 3238 3716 si
3265 3678 3398 3717 eon-

1815 3761 1986 3830 tingat
2014 3759 2162 3829 quod
2196 3772 2289 3828 per
2313 3758 2479 3811 alium
2517 3759 2736 3811 modum
2773 3756 2957 3824 aliquo
3003 3771 3134 3810 casu
3168 3755 3394 3809 membri

1816 3849 2102 3920 integritas
2131 3857 2542 3918 corrumpatur,
2583 3863 2690 3902 non
2727 3847 2901 3915 magis
2936 3845 3257 3916 praeiudicat
3284 3845 3396 3896 vit-

1813 3944 2050 4015 ginitati,
2082 3959 2245 4012 quam
2283 3943 2325 3994 si
2375 3949 2758 4009 corrumpatur
2811 3955 3005 3993 manus
3055 3947 3148 3992 ant
3203 3954 3320 4007 pes.
3371 3959 3389 3991 ι

1815 4036 1992 4090 Verba
2021 4042 2148 4089 sunt
2173 4031 2231 4087 S.
2271 4031 2492 4086 Thomas
2533 4031 2654 4093 2-2,
2684 4046 2740 4097 q.
2774 4030 2898 4091 152,
2945 4046 2995 4082 a.
3031 4029 3056 4082 l
3088 4047 3102 4083 :
3137 4048 3154 4080 ι
3189 4029 3394 4084 Notan-

1814 4127 1942 4180 dutn
1977 4139 2132 4189 sane,
2165 4141 2184 4174 ι
2226 4122 2407 4190 inquit
2441 4121 2649 4191 Eligius
2683 4120 3063 4174 Noviomensis
3093 4119 3279 4174 hontil.
3335 4120 3392 4182 2,

1820 4238 1838 4271 ι
1877 4219 2018 4286 quod
2050 4217 2252 4271 dicitur
2285 4234 2298 4268 :
2335 4213 2506 4270 Omne
2531 4213 2887 4268 tuaaculinum
2935 4214 3252 4281 adaperiens
3284 4215 3396 4266 rul-

1815 4327 1954 4374 aam,
1995 4311 2121 4379 quia
2159 4308 2244 4362 his
2269 4307 2453 4362 verbis
2480 4305 2814 4375 evangelista
2864 4319 3071 4360 morem
3121 4311 3396 4358 consuete

1817 4403 2117 4456 nativitatis
2154 4400 2447 4469 expressit.
2509 4399 2573 4452 Et
2613 4413 2723 4451 non
2772 4398 2852 4452 sic
2912 4397 3141 4467 intelligi
3185 4397 3392 4462 voluit,

1818 4497 1960 4550 sicut
1988 4493 2188 4547 latrant
2226 4492 2492 4554 haeretici,
2550 4492 2695 4558 quod
2735 4489 2988 4544 Christus
3024 4499 3238 4542 uterum
3281 4504 3396 4541 mae

117 4621 139 4655 ε
179 4602 250 4656 Et
275 4599 416 4654 dixit
453 4597 713 4653 Dominus
739 4597 808 4649 ad
841 4609 925 4648 tne
949 4611 962 4648 :
989 4591 1149 4646 Porta
1182 4591 1299 4644 hazc
1325 4587 1510 4641 clausa
1559 4586 1706 4640 erit:
1742 4625 1784 4679 ὓ
1821 4589 1920 4642 tris
1972 4587 2246 4642 nascendo
2277 4584 2594 4654 virginitate
2644 4582 2982 4650 privaverit;
3041 4581 3399 4678 cumntulier

114 4710 227 4752 non
248 4691 550 4762 aperietur,
586 4699 641 4743 et
672 4704 778 4742 non
813 4683 1063 4740 transibit
1112 4697 1211 4751 per
1240 4696 1398 4734 eam:
1447 4677 1705 4748 quoniam

115 4786 389 4842 Dominus
433 4784 570 4837 Deus
593 4781 758 4836 Israel
791 4779 1068 4848 ingressus
1092 4785 1176 4829 est
1205 4789 1302 4843 per
1325 4787 1470 4834 eam,
1497 4770 1710 4839 eritque

113 4881 305 4933 rlausa
351 4874 577 4946 principi
612 4873 651 4927 ³.
690 4891 709 4925 ι
738 4871 854 4938 Quo
884 4870 1144 4924 illibatam
1170 4875 1225 4920 et
1259 4865 1310 4918 in
1343 4869 1608 4931 conceptu
1654 4868 1708 4914 et

113 4973 168 5026 iu
204 4981 369 5042 partu
429 4967 610 5022 alariae
667 4964 1034 5035 virginitatem
1089 4959 1360 5021 futuram,
1394 4952 1708 5021 Christique

112 5077 323 5133 corpus
363 5060 563 5115 clausis
605 5058 744 5112 uteri
809 5053 1076 5124 repagulis
1113 5053 1308 5106 eodem
1365 5047 1526 5100 modo
1562 5043 1706 5098 foras

111 5155 490 5225 proditurum,
519 5166 625 5220 qun
647 5150 714 5202 ad
747 5146 1041 5214 discipulos
1067 5141 1342 5197 obseratis
1374 5137 1581 5192 foribus
1612 5149 1706 5204 pe-

113 5245 382 5308 netravit,
412 5239 762 5312 przenuntiari
797 5236 1070 5292 afﬁrmant
1113 5232 1301 5287 Patres
1332 5229 1599 5300 plerique.

189 5337 401 5392 Verum
433 5332 685 5402 Origeuis
730 5325 1141 5399 reprehensioni
1191 5321 1480 5378 intercedit
1531 5318 1709 5374 Gene-

113 5430 360 5487 hrardus
391 5426 607 5481 Collect.
643 5438 764 5492 cap.
795 5423 853 5485 6,
880 5430 936 5475 et
967 5416 1242 5473 Ambrosii
1283 5429 1348 5469 ac
1391 5409 1707 5481 Hieronymi

112 5521 507 5579 auctoritatem
547 5527 602 5572 et
632 5514 939 5584 exemplum
971 5509 1257 5581 praetexit,
1296 5519 1527 5576 quorum
1563 5512 1709 5556 uter-

112 5630 225 5685 que
255 5613 563 5668 claustrum
605 5604 938 5677 virginitatis
965 5621 995 5656 a
1026 5602 1247 5658 Christo
1282 5600 1334 5654 in
1361 5606 1517 5667 partu
1544 5610 1707 5664 aper-

114 5721 233 5764 tum
279 5705 456 5759 fuisse
505 5701 659 5756 dicit.
712 5698 1022 5766 Adiungere
1054 5702 1264 5758 poterat
1320 5688 1702 5750 Athanasium,

180 5870 197 5898 ³
233 5864 372 5920 Luc.
401 5859 572 5926 tt,‘23.
649 5859 668 5888 ²
689 5856 824 5911 Dan.
849 5871 966 5919 xw,
995 5854 1083 5907 56.
1165 5853 1183 5885 ⁸
1212 5851 1409 5908 Ezceh.
1450 5863 1594 5912 κων,
1621 5846 1678 5900 2.

446 5955 722 6016 ΡΑτιιοι.
752 5952 874 6013 Gs.
899 5951 1104 6012 XVII.

1817 4694 1920 4732 non
1956 4688 2087 4731 tunc
2120 4675 2488 4744 virginitatem
2520 4671 2758 4734 amittat,
2814 4669 3032 4738 quando
3079 4668 3241 4737 parit,
3301 4669 3396 4721 sed

1816 4771 2031 4836 quando
2053 4783 2174 4822 cum
2211 4767 2328 4818 viro
2358 4763 2585 4818 dormit.
2632 4779 2652 4814 ι
2695 4760 2808 4814 llnc
2843 4760 3057 4815 confert
3113 4759 3255 4829 quod
3288 4769 3398 4813 tra-

1814 4868 1926 4915 ctat
1959 4875 2087 4913 XXVI
2115 4860 2170 4912 in
2207 4856 2424 4918 Matt/1.,
2467 4870 2620 4909 num.
2661 4853 2753 4917 25,
2799 4869 2924 4921 pag.
2959 4853 3085 4913 846,
3119 4869 3184 4906 ex
3226 4853 3394 4905 tradi-

1817 4950 1960 5005 tione
1988 4950 2222 5018 quadam
2269 4947 2467 5000 litteris
2506 4945 2788 4998 mandavit
2821 4942 3088 5012 Origenes
3121 4945 3188 4996 de
3214 4953 3393 4995 morte

1814 5039 2090 5094 Zacharias
2115 5039 2322 5092 ideirco
2346 5036 2518 5100 illata,
2549 5037 2675 5104 quia
2708 5033 2914 5099 Mariae,
2943 5043 3229 5102 postquam
3266 5032 3394 5085 Ser-

1815 5147 2055 5190 vatoretn
2090 5132 2252 5186 enixa
2280 5141 2387 5195 est,
2417 5131 2469 5183 in
2504 5131 2738 5198 quodam
2783 5129 2972 5196 templi
3018 5127 3136 5181 loco
3170 5127 3395 5194 virgini-

1813 5227 1916 5282 bus
1947 5225 2220 5280 destinato
2275 5223 2579 5278 consistere
2641 5220 3005 5288 permisisset,
3051 5228 3106 5273 et
3159 5218 3394 5274 dixisset

1819 5335 1837 5368 ι
1869 5315 2284 5388 prohibentibus
2315 5330 2459 5378 eam,
2507 5312 2763 5388 quoniam
2797 5311 2962 5380 digna
2991 5319 3072 5364 est
3118 5310 3394 5378 virginum

1814 5411 1954 5475 loco,
1982 5425 2103 5462 cum
2127 5408 2197 5461 sit
2218 5395 2406 5476 virgo.
2425 5425 2444 5457 ι
2675 5386 2691 5408 ’

1885 5501 1972 5554 lli.
2003 5499 2223 5555 Beatam
2259 5497 2538 5568 Virginem
2567 5495 2776 5550 nullum
2817 5509 3054 5562 unquam
3098 5495 3150 5547 in
3183 5508 3242 5546 se
3259 5508 3392 5548 con-

1814 5593 2025 5659 cepisse
2044 5601 2349 5660 peccatum,
2377 5589 2536 5644 hodie
2563 5587 2818 5642 Ecclesia:
2847 5597 3023 5640 ratum
3041 5594 3147 5647 est,
3171 5594 3228 5638 et
3270 5581 3394 5636 Tri-

1813 5682 2019 5737 dentini
2044 5681 2261 5736 concilii
2291 5681 2565 5736 firmatum
2599 5677 2924 5733 auctoritate
2954 5671 3392 5742 decretutn.Quo

1755 5845 1773 5877 ἰ
1805 5842 1937 5900 Luc.
1967 5855 2026 5903 II,
2050 5837 2141 5895 25.

3033 5920 3109 5979 27
