3916 6530
487 427 595 483 8ήὸ

489 541 945 616 acquiescendum
975 536 1155 606 potius
1193 541 1298 598 est,
1327 545 1488 601 quam
1524 535 1771 581 veterum
1801 523 1985 584 dictis,
2015 519 2059 574 si
2094 524 2138 578 A

489 638 580 706 qui
607 649 766 689 secus
788 630 991 685 sentire
1023 627 1121 680 visi
1155 635 1304 680 sunt.
1334 623 1482 676 Inter
1518 619 1640 672 illos
1696 614 2067 671 munerandus

487 729 777 796 Origenes,
813 723 903 790 qui
934 719 1035 788 legi
1060 717 1269 785 peccati
1304 714 1534 768 Mariam
1586 709 1792 764 Christi
1843 714 2070 759 matrem

488 835 595 875 non
625 815 914 871 obnoxiam
979 797 1148 864 finisse
1185 807 1370 866 modo,
1424 805 1518 857 sed
1570 811 1625 856 et
1669 798 1914 869 paruisse
1938 807 2070 862 pro-

487 907 760 966 nuntiavit
790 905 874 959 his
898 901 1079 957 verbis
1104 918 1118 955 :
1157 917 1174 950 ι
1210 897 1386 964 Quid?
1412 893 1676 948 Putamus
1703 887 1848 959 quod
1903 897 2070 939 scan-

489 1000 744 1058 dalizatis
771 995 1033 1067 apostolis
1085 999 1257 1047 Mater
1293 985 1508 1042 Domini
1547 1000 1576 1037 a
1613 979 1872 1037 scandan
1907 976 2075 1031 fuerit

425 1131 456 1162 δ,
489 1091 793 1151 immunis?
825 1091 881 1146 Si
933 1085 1250 1144 scandalum
1312 1083 1365 1135 in
1419 1077 1630 1132 Domini
1667 1073 1920 1146 passione
1967 1085 2074 1124 non

421 1169 426 1186 ι
489 1203 654 1260 passa
689 1196 796 1252 est,
855 1198 960 1238 non
1006 1187 1091 1235 est
1145 1184 1392 1232 mortuus
1447 1170 1607 1227 Iesus
1670 1182 1766 1238 pro
1834 1163 2078 1235 peccatis

489 1280 630 1349 ejus.
657 1279 714 1334 Si
750 1285 929 1331 autem
967 1288 1144 1327 omnes
1192 1272 1564 1339 peccauerunt,
1599 1268 1649 1314 et
1701 1268 1850 1328 egent
1902 1254 2076 1327 gloria

490 1366 921 1440 Dei,justi[icali
950 1363 1128 1435 gratia
1149 1361 1288 1430 ejus,
1315 1368 1364 1412 et
1388 1352 1638 1422 redempti
1669 1350 1716 1417 ⁵,
1771 1349 1964 1416 utique
2019 1356 2078 1401 et

489 1465 660 1522 Maria
689 1463 779 1517 illo
803 1472 1049 1528 tempore
1079 1451 1453 1510 scandalizata
1475 1456 1584 1502 est.
1605 1445 1674 1499 Et
1699 1444 1803 1497 hoc
1824 1449 1909 1495 est
1933 1441 2077 1508 quod

491 1573 635 1614 nunc
659 1556 880 1611 Simeou
905 1550 1215 1620 praphetat,
1247 1546 1436 1600 dicens
1465 1559 1479 1595 :
1512 1540 1578 1593 Et
1604 1550 1750 1592 tuam
1771 1537 1937 1605 ipsius
1959 1531 2080 1587 ani-

490 1665 634 1705 mam
659 1648 705 1712 °,
730 1661 849 1715 qua:
879 1643 990 1697 scis
1020 1643 1230 1708 absque
1260 1636 1381 1690 viro
1409 1632 1685 1703 peperisse
1712 1639 1765 1683 te
1789 1627 2075 1696 virginem,

491 1757 614 1814 quae
637 1737 836 1793 audisti
873 1751 902 1789 a
933 1733 1229 1790 Gabriele:
1265 1729 1499 1799 Spiritus
1547 1737 1760 1782 sanctus
1787 1723 1956 1778 veniet
1990 1738 2080 1776 su-

490 1850 583 1900 per
608 1842 744 1896 te,et
767 1831 930 1884 virtus
957 1824 1219 1881 Altissimi
1248 1820 1580 1877 obumbrabit
1609 1817 1765 1881 tibi",
1796 1825 2079 1885 pertrans-

493 1927 598 1982 ibit
652 1921 994 1979 intidelitatis
1031 1918 1268 1990 gladius,
1305 1924 1360 1970 et
1411 1910 1784 1984 ambiguitatis
1819 1918 2078 1961 mucrone

493 2018 733 2075 ferieris.
781 2036 800 2068 ι
839 1989 1049 2069 ,ἰθοθιιιί
1086 2011 1173 2065 illa
1219 1989 1289 2063 ‘in
1349 2005 1542 2061 homil.
1576 2005 1639 2058 I7
1682 2005 1737 2056 in
1765 2000 1921 2062 Luc.,
1959 2011 2080 2066 qua:

493 2109 776 2176 αὑτολεξεὶ
808 2103 1197 2177 propemodum
1228 2103 1280 2155 in
1323 2098 1605 2170 epistolam
1634 2094 1738 2149 517
1771 2090 1952 2147 retulit
1979 2089 2080 2143 Ba-

495 2204 688 2270 silius;
719 2199 897 2271 gladio
932 2197 1077 2252 enim
1129 2193 1220 2248 illo
1267 2190 1659 2246 dubitationem
1717 2183 2007 2253 quamdam
2049 2193 2079 2232 a

497 2295 756 2350 Simeone
791 2300 1030 2347 notatam
1061 2302 1182 2345 esse
1221 2287 1432 2352 scribit,
1467 2297 1589 2353 qua:
1624 2279 1808 2334 Mariae
1842 2275 2081 2330 animam

496 2388 551 2442 in
577 2397 783 2458 partes,
830 2393 1061 2439 mortem
1106 2380 1345 2451 patiente
1366 2377 1609 2440 Christo,
1643 2372 1881 2428 divisura
1915 2377 2035 2422 erat
2063 2407 2080 2430 ,

493 2479 652 2548 juxta
673 2474 880 2531 Christi
913 2472 1196 2528 oraculum
1225 2487 1240 2524 :
1277 2489 1295 2521 ι
1326 2469 1530 2524 Omnes
1573 2456 2082 2520 scandalizabimiui

498 2547 554 2623 in
595 2584 681 2622 me
705 2567 727 2598 ⁸
755 2583 768 2620 :
805 2563 1103 2634 ralioquin
1140 2561 1206 2615 ad
1239 2575 1358 2615 eam
1387 2555 1580 2612 mortis
1608 2549 1813 2608 Christi
1846 2547 2082 2600 fructum

499 2673 609 2713 non
639 2656 808 2710 fuisse
835 2662 1244 2723 perventurum.
1272 2648 1473 2702 Eodem
1502 2642 1670 2697 νει-ιω
1696 2635 1970 2694 Simeouis
1993 2635 2087 2689 de-

501 2759 758 2819 torquent
789 2747 945 2802 Titus
972 2744 1298 2807 Bostrenus,
1338 2734 1753 2806 Amphilochius
1777 2738 1919 2786 orat.
1943 2727 1978 2782 5
2011 2725 2085 2778 De

427 2867 432 2914 ζ
501 2817 723 2897 occursu
741 2838 977 2904 Domini,
1005 2836 1429 2900 Chrysostomus
1457 2829 1512 2882 in
1570 2825 1709 2895 psal.
1747 2838 1875 2884 xm,
1905 2817 2086 2892 Cyril-

438 2927 440 2929 ’
502 2932 588 2988 lus
619 2934 674 2986 in
706 2931 866 2985 Joan.
896 2971 911 2995 ,
943 2937 1131 2984 auctor
1187 2924 1310 2980 libri
1350 2921 1716 2988 Quaestionum
1780 2912 1982 2968 Veteris
2036 2920 2088 2964 et

503 3022 643 3079 Novi
672 3021 1013 3081 Testamenti,
1048 3016 1354 3087 Augustino
1387 3011 1631 3079 ascripti,
1682 3013 1878 3076 quast.
1914 3004 1984 3058 75
2033 3011 2090 3057 et

504 3111 940 3183 Tbeopbylactus
968 3111 1022 3163 in
1044 3107 1173 3162 Luc.
1207 3104 1519 3172 it.Quorum
1547 3097 1785 3154 nonnulli
1817 3094 2088 3165 Virginem

507 3218 634 3279 post
662 3207 1074 3262 ﬂuctuationem
1117 3200 1263 3255 illam
1292 3196 1470 3251 animo
1509 3191 1888 3247 conﬁrmatam
1918 3184 2088 3238 fuisse
2116 3227 2160 3284 ο

507 3304 714 3369 dicunt,
741 3301 1000 3357 Basiliam
1026 3295 1189 3366 hujus
1226 3303 1506 3349 auctorem
1531 3284 1816 3343 sententiae
1848 3280 2093 3354 pressius

507 3397 790 3455 assectati.

565 3510 842 3581 Origenes
872 3507 1060 3562 itidem
1090 3501 1276 3558 homil.
1311 3499 1383 3555 20
1411 3499 1467 3552 in
1503 3495 1633 3550 Luc.
1677 3492 1856 3548 dubia:
1896 3499 1952 3545 et
2006 3488 2093 3542 in-

488 3615 675 3660 certae
709 3601 831 3655 fidei
869 3597 1095 3652 Mariam
1153 3595 1226 3649 ita
1279 3598 1504 3647 accusat
1538 3605 1552 3639 :
1589 3605 1609 3638 ι
1649 3583 1824 3641 Simul
1875 3591 1931 3636 et
1963 3581 2094 3634 illud

515 3695 802 3758 attendite,
830 3689 974 3761 quod
1021 3685 1262 3758 quandiu
1317 3683 1370 3737 in
1413 3679 1758 3752 possessione
1791 3674 1969 3728 Patris
2009 3671 2094 3726 sui

490 3788 618 3844 fuit
646 3785 875 3858 (Jesus),
908 3797 1122 3837 sursum
1155 3786 1298 3841 erat,
1331 3775 1456 3845 quia
1505 3772 1734 3828 necdum
1783 3769 1996 3840 plenam
2028 3767 2097 3820 li-

515 3882 638 3935 dem
657 3877 863 3947 doseph
897 3885 954 3929 et
996 3870 1166 3926 Maria
1206 3867 1508 3929 habebant,
1561 3873 1848 3935 propterea
1880 3873 2096 3915 sursum

514 3990 640 4031 cum
669 3987 734 4028 eo
775 3982 1014 4025 manere
1069 3980 1174 4020 non
1235 3969 1512 4033 poterant.
1551 3978 1569 4011 ι
1605 3958 1670 4012 Et
1709 3954 1872 4026 paqu
1927 3959 2096 4023 post:

521 4084 542 4118 ι
574 4063 740 4119 Maria
766 4069 958 4115 autem
1014 4053 1381 4112 conservabat
1432 4049 1616 4104 otiinia
1676 4048 1843 4101 verba
1894 4043 2008 4097 haec
2041 4041 2096 4094 in

515 4157 681 4213 corde
710 4169 810 4208 suo
833 4152 878 4202 θ.
910 4149 1036 4205 Plus
1081 4144 1284 4215 aliquid
1317 4157 1482 4212 quam
1513 4140 1580 4194 de
1614 4136 1834 4192 homine
1857 4133 2101 4200 suspica-

519 4249 704 4305 batur.
738 4264 755 4298 ι
787 4242 1042 4297 Eamdem
1079 4238 1292 4306 exigua:
1319 4233 1441 4288 fidei
1467 4230 1680 4299 culpam
1727 4225 1909 4280 Maria:
1939 4219 2100 4276 aliin-

519 4339 596 4410 git
614 4330 1120 4393 Tertulliauus-‘lib.
1145 4328 1229 4383 ‘De
1262 4340 1418 4380 carne
1442 4320 1664 4385 Christi,
1695 4333 1818 4386 cap.
1843 4317 1910 4370 7:
1948 4331 1966 4364 ι
1992 4311 2101 4366 Sed

519 4403 642 4502 quae
672 4429 815 4483 ratio
867 4422 1137 4493 responsi,
1197 4416 1396 4488 inquit,
1446 4425 1675 4468 matrem
1701 4421 1754 4464 et
1777 4409 1977 4462 fratres
2032 4403 2101 4457 ad

523 4495 762 4592 prmsens
785 4513 1051 4584 negantis,
1083 4513 1258 4565 discat
1273 4508 1440 4563 etiam
1464 4502 1698 4575 Apelles.
1735 4499 1962 4554 Fratres
1992 4495 2100 4550 Do-

529 4585 1172 4664 inininon-credidertmt
1204 4598 1472 4657 initium.
1507 4595 1648 4649 sicut
1678 4600 1734 4645 et
1778 4590 1832 4642 in
1861 4585 2107 4654 Evange-
2143 4589 2184 4643 D

525 4702 601 4757 lio
635 4710 763 4752 ante
802 4693 1132 4748 Marcionem
1169 4689 1330 4743 edito
1381 4685 1711 4740 continetur.
1745 4677 1915 4730 Mater
1953 4687 2109 4740 teque

526 4808 636 4848 non
698 4792 1108 4844 demonstratur
1135 4779 1452 4836 adhaesisse
1495 4773 1602 4840 illi,
1639 4785 1764 4826 cum
1798 4765 2009 4821 Martha
2055 4773 2110 4818 et

527 4883 698 4941 Maria
728 4881 830 4935 alia
856 4880 908 4933 in
931 4875 1263 4933 commercio
1290 4870 1408 4939 ejus
1435 4867 1867 4934 frequenteutur.
1887 4858 2002 4912 Hoc
2025 4857 2114 4910 de-

529 4978 694 5046 nique
721 4975 773 5027 in
803 4971 920 5025 loco
960 4975 1184 5037 apparet
1244 4959 1599 5017 incredulitas
1647 4969 1860 5016 eorum,
1893 4965 2016 5004 cum
2067 4947 2112 5002 is

531 5068 756 5123 doceret
785 5063 928 5116 viam
963 5061 1107 5122 vitae,
1156 5071 1279 5111 cum
1315 5053 1410 5107 Dei
1465 5062 1692 5118 regnum
1742 5043 2066 5115 praedicaret
2095 5078 2112 5105 ,

531 5175 654 5215 cum
681 5154 1036 5228 languoribus
1069 5161 1122 5206 et
1154 5149 1304 5203 vitiis
1335 5142 1614 5200 medendis
1645 5146 1988 5209 operaretur,
2014 5149 2114 5187 ex-

533 5250 739 5310 traneis
777 5244 967 5302 defixis
994 5243 1053 5296 in
1088 5241 1242 5294 illum
1274 5247 1382 5291 tam
1419 5231 1654 5305 proximi
1679 5229 1928 5284 aberant.
1955 5242 1977 5278 ι
2007 5221 2113 5278 Sed

534 5357 761 5399 causam
791 5353 890 5410 pro
913 5353 983 5392 eo
1005 5335 1139 5392 dicit
1179 5329 1476 5394 Pamelius,
1517 5335 1572 5381 et
1613 5334 1782 5380 tOtam
1821 5317 2119 5376 increduli-

535 5435 664 5490 tatis
696 5443 880 5488 notam
923 5429 976 5483 in
1008 5427 1204 5481 fratres
1235 5418 1532 5485 transfert;
1559 5426 1613 5472 et
1645 5413 1870 5468 Matrem
1893 5411 2118 5467 Christo

537 5538 643 5584 non
693 5517 988 5576 adhmsisse
1011 5523 1240 5570 eatenus
1281 5519 1490 5566 tantum
1541 5507 1648 5561 dici
1674 5503 1810 5568 vult,
1846 5513 2119 5571 quatenus

536 5633 644 5672 non
678 5595 936 5669 omnibus
968 5607 1172 5664 Christi
1206 5605 1563 5660 concionibus
1604 5597 1874 5654 interfuit.
1902 5593 2116 5648 Lauda-

537 5705 663 5760 bilis
687 5701 929 5771 quidem,
963 5698 1059 5752 sed
1088 5695 1278 5750 irritus
1305 5704 1391 5749 est
1417 5690 1652 5746 Pamelii
1680 5694 1922 5743 conatus
1948 5701 1962 5738 :
2015 5697 2112 5740 ec-

1758 404 1816 457 P.
1863 394 2178 455 DANIELIS
2217 388 2456 448 HUETII

3657 370 3772 427 8H

2169 529 2416 585 quaenam
2450 511 2594 566 enim
2628 509 2892 563 adversus
2963 512 3072 556 tam
3126 509 3379 570 apertam
3433 494 3770 548 sententiain

2175 610 2352 665 valeat
2376 605 2665 675 exceptio?
2700 603 2829 656 Nam
2858 601 2936 653 ait
2965 616 2984 648 ι
3031 598 3133 650 hoc
3175 593 3230 647 in
3281 592 3404 646 loco
3441 584 3770 658 apparuisse

2174 700 2614 757 incredulitatem
2658 711 2873 754 eorum,
2904 711 2922 744 ›
2961 706 3082 744 cum
3130 684 3461 756 praedicaret
3509 679 3775 735 Christus

2176 808 2400 865 regnum
2431 775 2546 854 Dei,
2585 799 2640 844 et
2661 786 2940 842 extraneis
2981 783 3032 836 in
3076 781 3228 834 illum
3265 775 3461 831 defixis
3513 774 3776 826 abessent

2176 864 2436 958 proximi.
2463 881 2626 949 Atqui
2663 879 2927 948 virginem
2966 873 3103 928 dixit
3130 886 3240 926 non
3276 882 3436 938 aeque
3469 864 3778 919 adhtcsisse

2176 957 2396 1034 ChriSto
2423 990 2490 1029 ac
2527 971 2804 1027 Martham
2834 979 2891 1023 et
2920 964 3171 1019 Mariam.
3226 959 3507 1030 Virginem
3560 957 3734 1026 igitur
3757 995 3773 1015 ,

2178 1072 2362 1128 itidem
2404 1077 2463 1122 ut
2486 1063 2700 1120 Domini
2729 1061 2944 1123 fratres,
2979 1053 3388 1128 incredulitatis
3407 1048 3614 1120 arguit.
3649 1047 3778 1102 Ori-

2179 1176 2370 1234 geuem
2398 1169 2616 1230 quoque
2637 1165 2828 1208 contra
2860 1151 3186 1205 Rhenanqu
3221 1121 3510 1212 idem‘ipsi
3562 1140 3775 1194 crimen

2177 1231 2524 1322 obiicientem
2575 1243 2864 1299 defendere
2927 1245 3082 1308 parat
3116 1231 3391 1290 Pamelins
3437 1231 3546 1284 hoc
3607 1242 3777 1295 argu-

2182 1318 2386 1406 mento,
2411 1336 2554 1408 quod
2582 1335 2800 1390 beatam
2822 1328 3102 1398 Virginem
3138 1320 3552 1378 immaculatam
3585 1318 3775 1388 appel-

2181 1437 2272 1491 let.
2296 1429 2647 1490 Commodius
2675 1426 2851 1481 locum
2876 1435 2943 1476 ex
2965 1418 3156 1474 homil.
3183 1416 3255 1471 20
3276 1415 3330 1467 in
3368 1413 3500 1467 Luc.
3525 1411 3780 1481 proxime

2180 1527 2476 1581 adductum
2524 1530 2798 1590 exponere
2843 1511 3039 1582 satagit
3069 1509 3261 1564 Sixtus
3301 1503 3571 1560 Senensis
3610 1501 3708 1557 lib.
3745 1514 3778 1552 ν

2180 1618 2459 1680 Biblioth.,
2478 1617 2662 1667 adnot.
2685 1608 2823 1664 MO:
2851 1624 2867 1657 ι
2895 1604 3053 1669 Puto,
3076 1599 3270 1670 inquit,
3294 1597 3590 1667 Origenem
3616 1607 3782 1647 voca-

2183 1711 2312 1766 bulo
2347 1708 2519 1778 plenae
2563 1703 2688 1758 fidei
2742 1697 3075 1754 intellexisse
3128 1693 3346 1763 plenam
3396 1686 3777 1758 cognitionem

2183 1803 2428 1858 omnium
2478 1795 2868 1869 mysteriorum
2926 1786 3230 1844 divinitatis
3293 1792 3348 1839 et
3408 1776 3781 1835 humanitatis

2110 1877 2152 1932 Β
2181 1893 2412 1956 Christi,
2440 1904 2605 1958 quam
2635 1885 2805 1940 Maria
2834 1881 2997 1950 Virgo
3030 1877 3267 1932 nondum
3295 1888 3362 1928 eo
3387 1880 3644 1940 tempore
3675 1869 3781 1923 ha-

2183 1988 2380 2052 bebat;
2414 1979 2665 2051 quamvis
2703 1991 2768 2032 ea
2797 1973 3002 2037 omnia,
3028 1985 3150 2041 qua:
3174 1978 3286 2022 tum
3321 1967 3389 2020 de
3413 1963 3642 2019 Christo
3678 1975 3781 2015 no-

2182 2087 2356 2140 verat,
2405 2072 2716 2130 certissima
2768 2076 2822 2121 et
2854 2066 3178 2119 inconcussa
3218 2060 3323 2112 lide
3362 2064 3608 2112 teneret.
3643 2073 3663 2106 ι
3697 2053 3779 2106 Ad

2182 2170 2420 2241 priorem
2457 2178 2588 2218 vero
2619 2176 2685 2216 ex
2719 2157 2911 2214 homil.
2958 2155 3016 2208 l7
3068 2151 3382 2206 diluendum
3433 2149 3619 2202 locum
3650 2161 3782 2201 con-

2183 2263 2383 2317 ducere
2409 2264 2622 2328 poterat
2655 2253 2879 2307 Thomze
2919 2246 3144 2312 solutio,
3171 2241 3576 2298 dubitationem
3609 2239 3779 2301 illam,

2185 2351 2591 2408 admirationem
2623 2354 2679 2400 et
2707 2340 3086 2397 discussionem
3121 2332 3576 2404 interpretantis,
3600 2330 3644 2384 si
3673 2345 3778 2384 non

2186 2443 2423 2514 rcjiculte
2455 2440 2558 2494 illae
2596 2433 2839 2490 scandali
2863 2441 2917 2486 et
2947 2425 3285 2493 inﬁdelitatis
3331 2424 3488 2476 vocis
3525 2437 3784 2475 occurre-

2186 2546 2329 2591 rent.
2355 2533 2523 2588 Porro
2561 2532 2764 2585 absona
2803 2528 2938 2590 haec,
2957 2533 3012 2577 et
3034 2523 3102 2576 ab
3127 2520 3384 2574 Ecclesiae
3411 2517 3634 2587 placitis
3665 2515 3779 2568 dis-

2186 2640 2416 2696 crepans
2454 2635 2704 2678 veterum
2761 2618 2967 2687 aliquot
3003 2616 3069 2670 de
3099 2613 3266 2667 Maria
3309 2609 3616 2667 sententia.
3647 2607 3788 2660 alia.

2187 2734 2292 2790 que
2317 2715 2588 2788 ejusmodi
2615 2711 2917 2788 nonnullas,
2945 2724 3081 2778 quas
3125 2707 3390 2763 brevitati
3423 2703 3788 2758 consulentes

2188 2809 2682 2882 praetermittimus,
2740 2819 2962 2861 causam
3011 2802 3282 2856 dederunt
3334 2795 3676 2852 Lutheranis
3732 2803 3788 2848 et

2187 2901 2526 2968 Calvinistis,
2572 2914 2670 2954 cur
2710 2897 2924 2952 beatam
2961 2891 3190 2947 Mariam
3247 2889 3595 2960 reliquorum
3632 2901 3788 2941 more

2191 2996 2474 3053 hominum
2514 3005 2775 3048 peccasse
2803 2987 3136 3041 sciscerent.

2757 3101 2847 3168 QU
2859 3099 3084 3156 tES'I'lO
3139 3095 3205 3153 V.

2814 3212 2882 3250 DE
2917 3207 3160 3250 ANGELIS.

2201 3294 2244 3351 I.
2293 3290 2392 3348 Via:
2424 3291 2552 3345 certi
2578 3286 3134 3359 quidquaniOrigenis
3159 3290 3316 3338 relate
3336 3280 3404 3334 de
3431 3276 3641 3348 angelis
3668 3276 3789 3359 fuco

2273 3373 2360 3418 rat
2385 3348 2686 3429 deﬁnitum.
2723 3348 2800 3414 'II.
2847 3348 3119 3422 Qua'iitur
3165 3370 3269 3429 quo
3303 3363 3544 3429 tempo‘re
3578 3348 3792 3426 angelos

2263 3445 2309 3489 et
2352 3420 2574 3487 rationis
2601 3420 3104 3498 compotesvnaturas
3131 3420 3425 3498 réliqnas_a
3453 3420 3565 3498 ,ρεο
3601 3421 3794 3498 condi—

2277 3485 2456 3566 ἀέξει
2478 3503 2532 3554 in
2566 3485 2834 3568 peccatum
2881 3497 3123 3565 delapsas
3154 3485 3557 3568 ratus__s_it.‘_l_ll_.
3597 3485 3790 3568 trum

2270 3559 2482 3642 angelos
2522 3559 2826 3638 corporales
2862 3583 2972 3621 esse
2995 3559 3276 3642 censuerit.
3303 3561 3394 3617 IV.
3581 3559 3791 3642 videtur

2273 3630 2560 3713 aliquando
2585 3630 2710 3713 non
2735 3647 2995 3713 constare.
3042 3635 3102 3690 V.
3141 3634 3246 3713 sed
3287 3633 3652 3713 conciliantur
3675 3630 3793 3681 dis-

2277 3701 2550 3769 cordantes
2610 3709 2730 3762 loci.
2777 3707 2860 3761 VI.
2893 3705 3080 3760 Utrum
3106 3705 3340 3758 animam
3362 3701 3472 3754 illis
3503 3701 3690 3761 inesse,
3721 3716 3790 3751 an

2276 3788 2415 3850 ipsos
2455 3798 2564 3834 esse
2597 3781 2801 3832 animos
2831 3773 3182 3850 dixerit._\’ll.
3213 3771 3540 3850 Angelorum
3579 3773 3718 3821 inter
3740 3778 3790 3821 et

2276 3841 2572 3910 dwmonum
2622 3865 2845 3916 corpora
2897 3847 3179 3900 discrimen
3235 3845 3460 3916 aliquod
3517 3841 3791 3894 tenuitatis

2276 3924 2568 3980 constituit.
2606 3910 2736 3972 Vlll'.
2791 3916 3187 3971 Consentientes
3224 3910 3378 3967 habet
3429 3910 3624 3964 Patres
3664 3911 3794 3963 bene

2270 3996 2481 4051 multos.
2510 3989 2605 4044 IX.
2646 3988 2982 4058 Origeniana:
3004 3985 3275 4039 sententia:
3302 3983 3466 4058 rudia:
3505 3981 3793 4058 investiga-

2275 4078 2390 4134 tur.
2424 4062 2492 4118 X.
2524 4059 2713 4116 Utrum
2745 4052 2926 4134 'aquas
2958 4071 3073 4126 qua?
3122 4071 3282 4134 supra
3329 4063 3378 4106 et
3431 4054 3589 4134 infra.
3605 4052 3796 4134 ﬁrma-

2277 4130 2510 4190 mentum
2552 4140 2697 4193 sunt,
2733 4121 2944 4196 angelos
2968 4121 3078 4179 esse
3104 4125 3396 4196 arbitratus
3433 4125 3532 4196 sit.
3554 4121 3644 4175 XI.
3682 4121 3794 4174 Ec-

2276 4213 2398 4277 quid
2428 4208 2492 4277 de
2522 4194 2825 4277 angelorum
2852 4194 3589 4277 libertate,meritishgratia,
3620 4209 3795 4245 remu-

2281 4262 2555 4331 neratione
2583 4262 2645 4323 ac
2684 4269 2848 4332 poenis
2894 4266 3162 4319 statuerit.
3193 4262 3307 4317 Xll.
3339 4264 3567 4316 Patrum
3603 4263 3797 4314 multo-

2277 4362 2395 4399 rum
2426 4331 2837 4398 adversushanc
2859 4339 3020 4404 ipsius
3041 4337 3336 4390 doctrinam
3376 4335 3631 4388 convicia.
3655 4331 3792 4386 XIII.

2287 4416 2471 4471 Utram
2503 4413 2725 4481 priorem
2758 4406 3346 4481 credideritjiaminum
3377 4421 3448 4481 an
3487 4407 3796 4457 demortuae

2284 4472 2551 4546 naturam,
2591 4479 2917 4548 exploratur.
2947 4474 3087 4530 XIV.
3121 4475 3205 4529 Ex
3234 4474 3361 4548 ipsis
3394 4472 3641 4548 0rigenis
3680 4488 3790 4525 eer-

2287 4558 2364 4611 bis
2415 4545 2672 4608 sententia
2716 4548 2861 4602 illius
2893 4563 3048 4616 super
3095 4545 3402 4616 angelorum
3439 4545 3680 4616 libertate
3729 4558 3796 4595 ac

2281 4627 2478 4681 meritis
2505 4621 2759 4692 aperitur.
2790 4614 3180 4692 X_V_._-_ln__qua'
3203 4614 3630 4692 tanienﬁuidetur
3668 4628 3797 4664 non-

2285 4683 2552 4756 nunquam
2570 4692 2817 4744 titubare.
2848 4686 2984 4741 XVI.
3013 4683 3201 4756 Causa:
3227 4685 3350 4737 huic
3375 4683 3563 4756 Patres
3587 4684 3794 4752 aliquot

2289 4755 2674 4835 salit-agantur.
2703 4757 2870 4835 XVII,
2896 4756 3110 4835 Origeni
3157 4755 3333 4835 favent
3369 4755 3482 4808 alia
3526 4755 3792 4835 quietiam.

2289 4825 2482 4892 XVIII:
2504 4831 2689 4888 Utrum
2719 4828 2933 4898 angelos
2965 4825 3365 4898 ab__liominibus
3422 4825 3623 4898 erudiri
3671 4839 3792 4891 per-

2289 4921 2505 4961 suasum
2548 4893 2810 4953 ltabueril'.
2843 4897 2981 4952 XIX.
3016 4895 3347 4960 Expenditur
3392 4893 3508 4962 ejus
3537 4905 3794 4946 sententia

2289 4980 2353 5031 de
2390 4965 3075 5044 angelisjudicandiszXX.
3100 4964 3266 5034 Cujus
3291 4965 3641 5033 fundamenta
3675 4979 3797 5044 ape-

2293 5035 2525 5100 riuntur.
2577 5035 2719 5094 XXI.
2759 5037 2893 5092 Eam
2933 5038 3134 5107 frustra
3177 5051 3432 5089 excusare
3467 5043 3692 5087 conatur
3733 5035 3794 5087 δ.

2295 5117 2542 5196 Thomas:
2600 5109 2781 5196 XXII,
2813 5104 2942 5196 Quo
2977 5117 3203 5196 tempore
3250 5119 3503 5196 extrema.
3537 5104 3797 5171 supplicia

2291 5176 2614 5241 dwmo‘nibus
2635 5180 2708 5233 vel
2748 5179 2952 5248 inﬂicta
2984 5177 3059 5230 vel
3087 5177 3374 5244 inﬂigenda
3407 5175 3661 5248 Origenes
3685 5189 3798 5248 cre-

2293 5257 2508 5312 diderit.
2550 5244 3000 5318 XXlllaorigeni
3050 5244 3646 5318 assentiuntur_Patres
3686 5245 3800 5308 ple-

2290 5331 2456 5398 rique.
2489 5323 2676 5398 XXIV.
2715 5314 2906 5398 Utrum
2957 5317 3228 5371 hominum
3269 5314 3798 5398 sanctitaterﬂoren:

2290 5382 2422 5454 tium
2454 5397 2657 5450 animos
2697 5389 2912 5458 angelos
2944 5404 3055 5441 esse
3093 5387 3336 5440 senserit.
3358 5383 3524 5439 XXV.
3551 5382 3804 5436 Nonnul-

2297 5473 2470 5523 lorum
2500 5453 2957 5516 criminationibus
3006 5458 3267 5526 opinionis
3299 5457 3464 5524 ltujus
3508 5469 3670 5522 causa
3695 5453 3804 5520 fuit

2301 5516 2575 5592 ovfitioirius.
2613 5530 2801 5586 XXVI.
2859 5516 3149 5581 Ventilatur
3185 5531 3300 5595 ejus
3331 5516 3787 5595 sententiahde'tu

2300 5590 2552 5662 talaribus
2591 5590 3223 5671 angelisg;___ac_primuni
3275 5601 3530 5671 gentium,
3581 5590 3804 5671 XXVII.

2299 5665 2683 5737 Ecclesiarum,
2759 5665 3000 5724 XXVIII.
3065 5667 3362 5721 Hominum
3446 5665 3806 5735 singulorum,

557 5867 560 5871 '
603 5867 630 5898 ³
667 5863 824 5920 Rom.
861 5877 944 5930 ut,
968 5860 1062 5931 25,
1092 5860 1184 5916 24.
1249 5921 1257 5930 ,
1310 5858 1441 5916 Luc.
1481 5871 1542 5924 ιι,
1566 5855 1655 5911 55.
1732 5856 1752 5888 ⁷
1782 5853 1915 5910 Luc.
1945 5867 1982 5920 ι,
2011 5848 2092 5906 55.

2238 5842 2397 5903 Marc.
2429 5861 2541 5914 xiv,
2563 5845 2654 5900 27.
2731 5846 2754 5879 ⁹
2788 5843 2919 5900 Luc.
2945 5852 3006 5907 ιι,
3032 5834 3122 5892 BI.
