3916 6518
189 440 270 497 845

982 437 1564 496 ORIGENIANORUM
1605 437 1734 494 LIB.
1775 438 1842 506 ll,
1885 438 2039 496 CAP.
2085 440 2149 508 ll,
2190 441 2471 510 QUAEST.
2515 443 2580 502 V.

3320 450 3354 509 '8
3362 449 3430 508 ιθ

243 564 410 645 XXIX.
447 565 514 617 Et
556 581 740 645 rerum
776 567 1297 645 nn_:'ma_cnrentium.
1329 566 1500 645 XXX.
1542 565 1729 645 Utrum

1848 565 2129 619 conditum
2157 605 2174 630 ,
2221 575 2280 620 ut
2331 576 2538 623 naturae
2595 567 2701 623 illze
2741 569 3039 628 rationales
3089 572 3142 626 in
3176 585 3300 627 eum
3329 587 3433 645 pro

240 639 503 706 unicuique
561 638 709 706 genti
756 647 804 689 et
833 639 1030 690 homini
1072 639 1284 705 angelos
1337 641 1503 702 duos,
1549 641 1740 694 bonum

242 705 423 778 unum,
452 705 668 778 malum
725 706 950 760 alterum
984 708 1143 761 simul
1181 712 1424 764 assistere
1457 716 1739 778 putaverit.

243 777 411 832 ΧῙΧΙ.
444 775 596 829 Fons
623 777 1073 845 Origeninnnrum
1103 782 1166 831 de
1201 781 1398 845 angelis
1430 775 1741 837 tutelnribus

236 849 597 919 sententiarum
661 847 1013 919 ostenditur._
1054 849 1271 919 XXXVII.
1361 850 1741 919 Astipulatores

239 918 404 970 Patres
452 917 1114 990 recensentur._XXX|ll.
1173 918 1268 974 Eu’
1295 933 1342 972 et
1387 937 1450 972 ea:
1480 917 1740 990 'Origenis

234 988 567 1057 ﬂuctuatione
607 988 859 1040 excusari
907 1001 1146 1057 possunt.
1205 990 1442 1046 XXXIV.
1488 988 1630 1056 Qui}!
1677 997 1742 1048 de

232 1056 409 1132 augetis
479 1056 1185 1132 ιὲυχοττομποίςςορῦηαιιιε
1267 1065 1378 1122 sit,
1431 1063 1738 1132 indugatur.

235 1127 430 1184 XXXV.
476 1127 762 1194 Quaeritur
810 1131 934 1200 quid
971 1127 1184 1185 senserit
1221 1132 1285 1186 de
1317 1133 1517 1200 angelis
1559 1127 1732 1189 remu-

229 1200 542 1268 neralionnm
607 1209 660 1252 et
729 1197 1000 1268 pwiiarum
1061 1197 1410 1256 administris.
1477 1203 1721 1261 XXXVI.

229 1267 647 1345 Utruqt_nnqelos
684 1271 990 1345 neutiquam
1021 1272 1336 1326 invocandos
1367 1289 1477 1327 esse
1506 1287 1728 1345 putave-

223 1343 298 1412 rit.
361 1338 632 1412 XXXVII.
697 1337 892 1393 Utrum
961 1351 1011 1395 et
1082 1345 1345 1412 quomodo
1409 1337 1723 1402 cherubinos

226 1410 340 1464 Filii
386 1411 740 1478 cogitationes
779 1427 890 1464 esse
932 1410 1147 1466 dixerit.
1201 1413 1489 1468 XXXVIII.
1536 1415 1729 1470 Utrum

230 1483 471 1534 dentones
520 1482 716 1536 nidore
773 1491 821 1533 et
890 1483 1142 1552 sanguine
1202 1487 1348 1552 pasci
1396 1487 1729 1542 existimave-

223 1553 294 1606 rit.

223 1647 254 1701 l.
277 1643 660 1716 Origenianam
692 1645 761 1700 de
788 1645 996 1715 angelis
1026 1646 1326 1702 doctrinam
1357 1689 1370 1714 ,
1401 1650 1506 1704 iter
1556 1651 1726 1706 insti-

173 1746 304 1790 luhtm
341 1743 760 1804 prosequentes,
793 1739 1149 1807 explicemus.
1179 1739 1258 1794 Ac
1281 1740 1597 1808 angelorum
1631 1756 1727 1797 no-

172 1829 297 1890 mine,
325 1835 431 1880 tum
460 1829 642 1882 bonos
670 1829 917 1900 angelos,
952 1840 1060 1886 tum
1092 1831 1286 1893 malos,
1312 1834 1402 1902 qui
1436 1835 1570 1887 datm
1591 1848 1729 1889 ones

1845 653 2058 708 meritis
2076 655 2512 710 demitterentur.
2534 658 2698 727 Atqui
2720 659 2839 715 sine
2871 664 3071 716 mundo
3093 662 3258 718 Deum
3294 681 3433 718 nun-

1845 759 2006 814 quam
2037 743 2208 800 fuisse
2227 745 2368 802 idem
2391 750 2758 818 opinabatur;
2791 754 2866 806 ait
2887 756 3031 810 enim
3064 757 3153 810 lib.
3183 774 3242 812 Ill
3288 759 3430 828 Περὶ

1844 836 2067 906 ἀρχῶν,
2113 851 2235 906 cap.
2273 837 2333 903 5,
2381 855 2532 894 num.
2567 841 2602 895 5
2642 859 2656 896 :
2715 862 2735 895 ‹
2785 843 2840 898 Si
2880 848 3049 916 etrapit
3091 849 3325 904 nnmdus
3363 865 3433 904 ex

1847 942 2091 1000 tempore
2116 969 2132 994 ,
2170 930 2298 999 quid
2331 941 2457 987 ante
2490 932 2727 989 faciebat
2776 936 2916 994 Deus
2940 977 2955 1002 ,
2992 954 3156 1008 quam
3195 942 3428 995 mundus

1845 1024 2156 1093 inciperet?
2193 1024 2438 1081 Otiosam
2479 1025 2623 1079 enim
2653 1035 2710 1082 et
2742 1026 3073 1083 immobilem
3111 1032 3294 1085 dicere
3335 1047 3427 1086 na-

1845 1125 2025 1171 turam
2068 1117 2206 1180 Dei,
2251 1117 2479 1188 impium
2516 1127 2601 1172 est
2635 1118 2798 1174 simul
2846 1128 2902 1175 et
2951 1121 3246 1176 absurdum
3274 1164 3290 1190 ,
3339 1122 3429 1178 vel

1845 1217 2037 1276 putare
2070 1209 2215 1278 quod
2273 1209 2487 1263 bonitas
2529 1207 2818 1278 aliquando
2864 1208 3006 1264 bene
3041 1227 3145 1266 non
3194 1213 3425 1280 fecerit,

1847 1299 1928 1356 vel
1984 1301 2378 1369 omnipotentis
2438 1301 2732 1372 aliquando
2783 1319 2889 1357 non
2947 1302 3118 1372 egerit
3172 1317 3428 1374 potenta-

1847 1405 1981 1449 tum.
2030 1414 2049 1446 ι
2081 1395 2248 1460 Igitur
2279 1410 2346 1449 ne
2377 1395 2674 1449 rationales
2702 1396 2921 1465 quidem
2959 1409 3169 1450 natura:
3187 1413 3254 1451 ex
3289 1409 3429 1454 tem~

1845 1502 1976 1557 pore
2016 1501 2136 1542 esse
2174 1496 2476 1556 cmperunt.
2521 1486 2675 1543 Unde
2707 1489 3021 1543 necessario
3054 1490 3305 1559 sequitur
3331 1507 3427 1546 eas

1844 1577 1912 1632 ab
1949 1577 2096 1633 omni
2139 1593 2255 1634 aevo
2304 1580 2554 1634 conditas
2605 1594 2634 1635 a
2689 1580 2803 1635 Deo
2840 1578 3038 1647 fuisse;
3098 1589 3208 1635 tum
3261 1583 3427 1636 variis

1844 1669 2022 1723 modis
2069 1668 2365 1724 voluntatis
2405 1670 2659 1725 libertate
2687 1685 2815 1725 usas
2841 1707 2858 1736 ,
2915 1673 3016 1726 bas
3055 1680 3202 1726 recte
3225 1713 3242 1740 ,
3279 1672 3426 1729 male

1845 1760 1966 1816 illas
2005 1761 2182 1830 egisse
2205 1801 2220 1825 ,
2258 1763 2564 1829 statimque
2594 1762 2893 1818 sceleribus
2919 1777 3104 1818 carum
3135 1764 3422 1833 expiandis

1845 1853 2107 1906 mundum
2157 1852 2328 1908 fuisse
2374 1853 2732 1908 fabrefacutm
2783 1854 2836 1910 in
2882 1871 3043 1925 quem
3076 1857 3424 1913 detruderen-

170 1920 485 1990 sppellantur,
547 1923 1112 1990 comprehendimus,
1162 1927 1418 1994 quoniam
1463 1927 1726 1996 permista

1835 1951 1944 2011 tur,
1977 1947 2111 1999 adeo
2133 1953 2189 1997 ut
2215 1946 2328 1999 haec
2359 1959 2418 2000 re
2445 1944 2571 2000 licet
2599 1946 2840 2012 diversa,
2868 1947 3032 2002 simul
3064 1955 3244 2002 tamen
3295 1964 3426 2003 con-

167 2021 321 2079 spoate
365 2027 462 2066 sua
517 2022 577 2067 et
614 2014 903 2069 cohaerens
953 2023 1039 2069 est
1089 2025 1451 2087 utrorumque
1503 2018 1720 2072 notitia.

178 2100 340 2156 Horum
397 2113 662 2158 naturam
730 2108 844 2160 suis
903 2107 1238 2174 temporibus
1300 2110 1538 2162 nondum
1593 2111 1725 2165 satis

167 2204 310 2263 aperte
339 2194 504 2251 fuisse
539 2197 826 2267 cognitam
852 2239 868 2264 ,
902 2215 1002 2255 nec
1027 2199 1281 2256 Ecclesiae
1310 2201 1724 2258 deﬁnitionibus

165 2287 466 2354 explanatam
499 2293 707 2346 scribit
755 2292 1020 2364 Origenes
1055 2295 1108 2349 in
1161 2296 1426 2364 prommio
1455 2297 1720 2352 librorum

164 2378 268 2448 Περὶ
293 2379 510 2450 ἀρχῶν,
537 2399 699 2436 num.
728 2383 796 2438 10
823 2403 836 2438 :
863 2404 881 2437 ι
905 2385 1001 2440 Est
1027 2387 1190 2441 etiam
1223 2387 1350 2440 illud
1384 2387 1436 2442 in
1466 2387 1726 2444 ecclesia-

164 2472 269 2524 stica
301 2473 696 2540 praedicatione
727 2515 743 2539 ,
773 2488 896 2531 esse
923 2479 1145 2548 angelos
1179 2479 1268 2533 Dei
1313 2481 1580 2549 quosdam
1611 2522 1626 2546 ,
1664 2467 1732 2537 et.

164 2561 348 2617 virtutes
380 2565 580 2628 bonas,
615 2566 712 2634 qui
751 2566 801 2621 ei
842 2568 1151 2622 ministrant
1178 2570 1245 2624 ad
1281 2570 1513 2626 salutem
1541 2571 1722 2626 homi-

162 2673 257 2710 num
285 2649 784 2713 consummandam
811 2677 826 2725 ;
858 2661 952 2715 sed
979 2663 1200 2731 quando
1231 2663 1315 2718 isti
1347 2665 1516 2720 creati
1567 2668 1680 2721 sint
1701 2711 1718 2736 ,

160 2747 438 2820 veLquales,
471 2758 572 2803 ant
604 2752 885 2820 quomodo
915 2753 1047 2819 sint,
1077 2769 1184 2809 non
1217 2755 1351 2811 satis
1383 2757 1434 2811 in
1473 2759 1711 2814 manife-

159 2853 223 2896 sto
248 2844 575 2914 designatur.
619 2862 640 2896 ι
676 2844 744 2898 Et
785 2845 948 2912 paulo
975 2847 1229 2914 superius
1277 2863 1428 2906 num.
1460 2848 1535 2904 6:
1571 2867 1591 2902 ι
1637 2850 1716 2906 De

158 2934 330 2991 diabolo
360 2977 374 3000 ,
402 2946 459 2992 et
505 2937 733 3007 angelis
778 2937 898 3008 ejus
920 2979 935 3000 ,
969 2940 1368 3009 contrariisque
1416 2943 1714 3002 virtutibus

157 3026 478 3082 ecclesiastica
520 3028 850 3098 praedicatio
881 3028 1086 3095 docuit,
1115 3032 1380 3101 quoniam
1412 3043 1543 3088 sunt
1592 3037 1717 3106 qui-

158 3115 246 3167 dem
273 3115 379 3170 haec
408 3135 421 3171 :
457 3116 587 3186 qua:
622 3125 807 3172 autem
830 3119 939 3172 sint
966 3158 980 3184 ,
1013 3127 1108 3173 aut
1134 3121 1408 3190 quomodo
1435 3123 1568 3189 sint,
1605 3140 1712 3181 non

157 3203 260 3257 satis
285 3206 423 3261 clare
459 3207 753 3278 exposuit.
780 3207 934 3276 Apud
965 3209 1231 3280 plurimos
1262 3218 1445 3266 tamen
1474 3211 1579 3269 ista
1618 3216 1714 3270 ha-

155 3292 277 3349 betur
296 3297 473 3366 opinio
497 3337 512 3361 ,
538 3275 706 3367 quod
739 3275 982 3367 angelus.
1009 3298 1174 3354 fuerit
1202 3299 1307 3356 iste
1332 3299 1582 3360 diabolus
1606 3345 1624 3372 ,
1658 3314 1713 3360 et
1741 3275 1784 3335 θ

151 3401 354 3459 apostata
405 3390 649 3446 effectus
686 3391 1122 3462 quamplurimas
1168 3395 1487 3464 angelorum
1525 3412 1712 3453 secum

153 3482 385 3538 declinare
438 3484 832 3554 persuaserit,
867 3485 957 3552 qui
1013 3494 1071 3540 et
1122 3502 1268 3542 nunc
1309 3502 1478 3558 usque
1527 3491 1709 3560 angeli

153 3573 286 3642 ipsius
319 3585 744 3646 anticupantur.
800 3593 821 3628 ι
863 3575 1125 3632 Proclivis
1164 3593 1293 3648 ergo
1341 3590 1460 3634 erat
1485 3580 1706 3652 Origeni

151 3663 190 3716 in
215 3680 265 3719 re
292 3666 498 3723 lubrica
529 3675 591 3722 et
641 3667 850 3721 incerta
884 3666 1069 3737 lapsus
1092 3709 1108 3732 ,
1144 3679 1392 3740 prompta
1428 3681 1486 3726 et
1533 3671 1712 3731 facilis

150 3757 432 3814 intenebris
461 3758 731 3814 offensio.
784 3757 852 3812 Et
887 3757 990 3811 fuit
1029 3772 1160 3812 sane
1206 3758 1486 3828 multiplex
1515 3803 1532 3826 ,
1582 3765 1707 3819 dum

149 3847 325 3921 ingenio
339 3866 438 3906 suo
468 3851 648 3906 nimis
680 3849 919 3904 conlisus
935 3859 1094 3903 extra
1122 3848 1271 3905 oleas
1315 3868 1707 3925 nonnunquam

147 3941 408 4013 divagatnr.
445 3943 686 4014 Singula
722 3943 811 3998 hic
851 3945 1133 4002 enucleate
1166 3948 1505 4004 discutienda
1559 3959 1707 4005 sunt.

195 4033 248 4090 ll.
282 4037 654 4104 Quaerendum
699 4034 884 4104 priore
922 4033 1041 4091 loco
1085 4036 1215 4093 illud
1266 4049 1352 4095 est
1378 4078 1394 4105 ,
1430 4056 1540 4110 quo
1567 4050 1706 4096 tem-

144 4141 244 4195 pore
266 4130 493 4201 angelos
549 4145 582 4183 a
644 4129 756 4184 Deo
806 4131 1056 4186 conditos
1104 4131 1374 4204 Origenes
1406 4133 1703 4202 statuerit;

145 4234 284 4290 neque
308 4225 534 4295 angelos
561 4225 850 4289 duntaxat,
894 4225 989 4280 sed
1025 4226 1261 4281 rationis
1287 4226 1454 4282 etiam
1484 4227 1705 4296 partici-

144 4327 213 4380 pes
234 4326 448 4371 naturas
479 4329 683 4370 omnes
708 4353 724 4378 ,
759 4317 875 4371 sive
906 4316 1183 4372 daemones
1208 4357 1224 4382 ,
1265 4317 1380 4372 sive
1433 4319 1706 4375 humanas

142 4408 333 4478 animus,
360 4413 478 4466 sive
513 4411 661 4464 alias
685 4423 1037 4479 quascunque
1064 4410 1210 4480 (nam
1243 4421 1299 4466 et
1327 4413 1462 4466 alias
1492 4413 1702 4484 pleras-

141 4515 220 4570 que
249 4505 471 4560 rationis
523 4511 812 4570 compotes
842 4515 963 4556 esse
1013 4504 1205 4575 sensit)
1249 4507 1508 4574 quoniam
1549 4507 1706 4577 ejus-

142 4596 234 4646 dem
291 4609 383 4651 eas
440 4607 646 4648 omnes
697 4607 820 4647 esse
859 4595 1000 4648 inter
1034 4609 1093 4648 se
1129 4603 1374 4659 naturae,
1413 4604 1468 4650 et
1504 4598 1696 4652 eodem
1733 4623 1777 4678 ι)

142 4690 347 4756 tempore
384 4701 416 4740 a
469 4686 586 4740 Deo
623 4683 909 4752 conditas,
945 4695 1165 4755 tumque
1203 4687 1370 4742 fuisse
1408 4688 1557 4753 νόας,
1593 4689 1699 4745 hoc

140 4785 235 4840 est,
277 4790 510 4843 mentes;
573 4777 777 4831 deinde
808 4791 938 4830 vero
986 4787 1214 4846 propter
1243 4779 1428 4834 varios
1477 4780 1694 4835 illarum

137 4879 282 4925 motus
304 4913 318 4936 ,
369 4887 435 4927 ac
471 4873 758 4926 diversum
813 4869 966 4924 liberi
997 4871 1204 4925 arbitrii
1243 4888 1398 4927 usum
1433 4873 1487 4928 in
1517 4876 1696 4932 varios

137 4962 338 5027 ordines,
372 4966 493 5018 sive
522 4962 846 5030 angelorum
877 5001 893 5025 ,
933 4963 1047 5017 sive
1077 4963 1353 5018 hominum
1384 5005 1399 5028 ,
1449 4967 1566 5021 sive
1593 4969 1701 5022 dae-

138 5066 321 5108 monum
368 5056 736 5119 distributas,
779 5054 1055 5109 constanti
1099 5065 1155 5109 et
1199 5055 1390 5110 iterata
1424 5058 1696 5127 Origenes

137 5146 404 5203 assertione
433 5145 724 5217 prodidit,
767 5153 824 5199 ut
851 5159 996 5216 saepe
1027 5146 1080 5202 in
1115 5149 1473 5217 sequentibus
1507 5158 1700 5203 osten-

136 5237 311 5298 demus.
341 5242 702 5311 Atquoniam
723 5241 877 5312 vulgo
903 5241 1140 5312 ignorari
1179 5241 1392 5305 scribit,
1423 5255 1533 5310 quo
1562 5250 1704 5295 tem-

135 5344 238 5396 pore
280 5349 481 5390 creata:
525 5336 636 5390 illa:
680 5335 792 5390 sint
823 5350 853 5390 a
891 5335 1020 5400 Deo,
1050 5350 1149 5390 nec
1183 5335 1475 5405 quidquam
1507 5344 1694 5404 aperte

133 5435 268 5490 super
290 5442 348 5478 ea
386 5444 446 5481 re
476 5427 754 5494 definivit,
782 5426 1112 5496 coniecturis
1137 5427 1403 5482 duntaxat
1431 5427 1693 5482 utendum

132 5523 213 5568 est.
257 5516 549 5572 Probabile
598 5519 732 5573 mihi
775 5521 992 5588 quidem
1026 5521 1085 5573 lit
1126 5530 1350 5573 naturas
1384 5518 1692 5588 bujusmodi

133 5605 185 5657 ab
223 5618 421 5664 aeterno
471 5621 692 5665 creatas
735 5627 765 5665 a
821 5612 929 5667 Deo
967 5611 1256 5680 Origenem
1305 5612 1688 5679 existimasse;

131 5703 566 5762 Quemadmodum
601 5718 878 5772 nunquam
906 5721 1010 5759 non
1042 5707 1159 5759 sine
1185 5707 1304 5759 luce
1342 5704 1441 5758 sibi
1483 5719 1686 5772 coaeva,

133 5786 234 5843 licet
266 5795 666 5865 aseproducte
700 5795 779 5849 sol
801 5793 920 5850 fuit.
958 5796 1465 5851 Demonstrabimus
1490 5798 1690 5866 quippe

131 5878 272 5950 infra,
305 5900 636 5955 persuasum
675 5886 846 5980 fuisse
876 5889 950 5944 illi
988 5889 1245 5945 mundqu
1287 5890 1492 5947 idcirco
1521 5905 1550 5944 ιι
1574 5889 1686 5947 Deo

1830 2035 2077 2104 tigerint.
2113 2035 2268 2103 Quod
2309 2045 2367 2090 ut
2405 2035 2792 2092 Adamantium
2832 2039 2904 2092 ita
2936 2039 3175 2094 sensisse
3211 2049 3421 2110 putem,

1831 2127 1960 2182 facit
1990 2126 2400 2182 Platonicorum
2438 2131 2803 2184 recentiorum
2837 2131 3160 2196 auctoritas,
3185 2145 3417 2199 quorum

1829 2219 2136 2275 consimilis
2168 2229 2285 2274 erat
2315 2221 2705 2290 prOpemodum
2742 2221 2935 2276 iisdem
2978 2222 3045 2278 de
3086 2223 3251 2278 rebus
3292 2239 3419 2278 sen-

1827 2313 2022 2376 tentia,
2047 2321 2105 2366 ut
2127 2323 2211 2367 est
2238 2315 2381 2383 apud
2416 2314 2778 2383 Augustinum
2809 2315 2903 2372 lib.
2938 2331 2973 2370 x
3032 2315 3107 2370 De
3129 2317 3268 2371 civit.
3295 2315 3415 2383 Dei,

1825 2419 1945 2474 cap.
1982 2405 2071 2461 31.
2113 2405 2271 2463 Facit
2317 2415 2370 2462 et
2422 2408 2525 2463 iste
2562 2407 2880 2479 Hieronymi
2926 2411 3078 2465 locus
3113 2411 3179 2462 ad
3229 2423 3352 2480 cap.
3397 2424 3420 2464 ι

1827 2497 1999 2567 Epist.
2031 2498 2099 2552 ad
2133 2497 2314 2551 Titum
2348 2516 2363 2552 :
2411 2517 2431 2552 ι
2470 2499 2576 2554 Sex
2609 2499 2774 2553 millia
2807 2500 3036 2554 necdum
3073 2500 3245 2554 nostri
3263 2499 3416 2557 orbis

1824 2589 2125 2660 implentur
2174 2592 2350 2657 anni;
2414 2601 2470 2647 et
2526 2601 2763 2663 quantas
2823 2592 2977 2662 prius
3029 2594 3413 2660 aetornitates,

1825 2692 2026 2752 quanta
2071 2691 2337 2753 tempora,
2357 2693 2596 2755 quantas
2615 2685 2940 2740 szeculorum
2973 2685 3214 2755 origines
3243 2685 3414 2743 fuisse

1824 2773 2201 2830 arbitrantium
2230 2785 2344 2841 est,
2375 2774 2430 2829 in
2460 2775 2659 2844 quibus
2685 2775 2885 2846 angeli,
2927 2777 3132 2844 throni,
3162 2776 3413 2830 domina-

1827 2865 2021 2930 tiones,
2063 2875 2384 2938 czeterteque
2423 2868 2654 2920 virtutes
2689 2868 2980 2923 servierint
3017 2868 3149 2932 Deo,
3185 2877 3240 2922 et
3282 2868 3413 2924 abs-

1826 2971 1934 3026 que
1991 2966 2297 3028 temporum
2328 2960 2539 3016 vicibus
2567 2972 2731 3030 atque
2755 2960 3025 3014 mensuris
3047 2960 3156 3014 Deo
3181 2959 3412 3030 jubente

1819 3047 2210 3104 substiterint?
2247 3069 2265 3102 ι
2308 3049 2434 3106 Haec
2467 3051 2870 3121 Origcuismum
2921 3050 3182 3121 sapiunt,
3225 3049 3409 3120 qualia

1821 3141 1993 3196 multa
2031 3141 2458 3198 Commentariis
2506 3144 2620 3198 suis
2667 3143 3029 3217 Hieronymus
3064 3156 3426 3216 asperserat.

1818 3233 2018 3288 Facilis
2059 3250 2203 3289 nunc
2229 3244 2311 3290 est
2343 3234 2558 3290 Leontii
2597 3235 2841 3308 Byzantii
2873 3236 3191 3293 intellectus
3214 3279 3228 3301 ,
3279 3253 3403 3293 cum

1815 3323 1893 3378 ait
1939 3323 2207 3378 Scltolior.
2239 3334 2345 3379 act.
2380 3326 2485 3379 10:
2520 3325 2632 3381 Καὶ
2669 3326 2871 3392 οὕτως,
2911 3328 3122 3398 inquit,
3148 3330 3406 3403 περὶτῆς

1817 3413 2215 3487 προῦπάρξεως
2261 3415 2513 3483 ἐδόξαζεν
2571 3417 2910 3491 (Ὢριγένης)
2947 3419 3142 3487 οὕτως,
3176 3422 3258 3475 ὅτι
3296 3422 3404 3496 πρὸ

1813 3505 1922 3560 τῶν
1963 3504 2176 3560 αἰώνων
2209 3507 2328 3571 νόες
2363 3502 2505 3580 ἦσαν
2551 3510 2752 3574 πάντες
2795 3511 3049 3583 καθαροὶ,
3086 3513 3180 3567 καὶ
3203 3512 3256 3566 οἱ
3288 3513 3406 3570 δαε-

1816 3615 1997 3670 μονες,
2025 3600 2120 3653 καὶ
2161 3603 2219 3655 αι
2245 3601 2442 3672 ψυχαὶ,
2483 3601 2579 3656 καὶ
2623 3604 2672 3656 οἱ
2715 3604 2934 3674 ἄγγελοι
2963 3603 3404 3676 λειτουργοῦντες

1811 3689 1890 3760 τῷ
1927 3689 2068 3762 Θεῷ,
2113 3693 2208 3744 καὶ
2253 3692 2354 3756 τὰς
2401 3693 2623 3756 ἐντολὰς
2677 3693 2843 3748 αὐτοῦ
2901 3695 3200 3762 ποιοῦντες.
3246 3698 3306 3752 '0
3343 3699 3406 3754 δὲ

1810 3776 2056 3842 διάΰολος
2085 3773 2166 3843 εἷς
2197 3778 2292 3845 ὢν,
2330 3782 2520 3854 ἐπειδὴ
2548 3783 2612 3838 τὸ
2655 3783 3001 3849 αὐτεξούσιον
3039 3783 3205 3858 εἶχεν,
3237 3790 3404 3859 ἠϐου-

1811 3868 1949 3941 λήθη
1979 3870 2298 3943 ἀντιστῆναι
2325 3873 2402 3945 τῷ
2428 3873 2566 3945 Θεῷ,
2594 3877 2688 3930 καὶ
2720 3876 2978 3932 ἀπώσατο
3001 3879 3162 3933 αὐτὸν
3178 3882 3207 3934 ὁ
3233 3881 3366 3946 Θεός
3384 3899 3401 3915 ο

1813 3961 2226 4033 συναπέστησαν
2251 3963 2308 4017 δὲ
2332 3964 2482 4036 αὐτῷ
2510 3968 2682 4021 πᾶσαι
2722 3969 2780 4022 αἱ
2807 3969 2965 4023 ἄλλαι
2990 3970 3271 4040 δυνάμεις,
3302 3973 3402 4028 καὶ

1809 4053 1858 4106 οἱ
1894 4052 1994 4123 μὲν
2037 4055 2176 4108 πάνυ
2215 4055 2639 4128 ἁμαρτήσαντες
2667 4059 2923 4131 δαίμονες
2963 4062 3312 4131 ἐγένοντο-οἱ
3342 4065 3402 4120 δὲ

1809 4144 1889 4198 ἔτι
1927 4144 2166 4214 ἔλαττον,
2202 4147 2442 4216 ἄγγελοι·
2484 4151 2534 4203 οι
2571 4150 2628 4203 δὲ
2662 4151 2979 4206 ἐτιέλαττον
3019 4155 3348 4226 ἀρχάγγελοι.
3378 4171 3397 4187 ⁸

1808 4239 1902 4292 καὶ
1916 4239 2090 4303 οὕτως
2107 4239 2306 4313 ἐφεξῆς
2327 4240 2560 4308 ἕκαστος
2585 4244 2726 4317 πρὸς
2753 4244 2852 4316 τὴν
2878 4247 3086 4300 οἰκείαν
3120 4248 3399 4320 ἁμαρτίαν

1807 4331 2105 4386 ἀπέλαϐεν·
2161 4334 2518 4389 ὑπελείποντο
2568 4336 2626 4390 δὲ
2663 4338 2720 4391 αἱ
2765 4337 2970 4410 ψυχαὶ,
3024 4340 3226 4404 αἵτινες
3274 4341 3400 4396 οὐδὲ

1805 4424 2040 4478 τοσαῦτα
2070 4421 2210 4498 ἦσαν
2248 4429 2658 4502 ἀμαρτήσασαι,
2700 4431 2788 4486 ἵνα
2817 4431 3070 4503 δαίμονες
3091 4434 3356 4504 γένωνται
3379 4452 3395 4467 ο

1805 4515 1924 4569 οὐδὲ
1955 4515 2117 4570 πάλιν
2137 4516 2280 4572 οὕτω
2307 4519 2676 4592 κουφοτέρως,
2718 4522 2807 4576 ἵνα
2844 4521 3065 4592 ἄγγελοι
3095 4524 3361 4593 γένωνται
3379 4543 3394 4558 ⁸

1805 4609 2064 4680 ἐποίησεν
2107 4607 2199 4665 οὖν
2243 4612 2334 4666 τὸν
2377 4615 2620 4684 παρόντα
2665 4615 2894 4686 κόσμον,
2937 4616 3033 4670 καὶ
3071 4617 3170 4690 τὴν
3217 4618 3398 4692 ψυχὴν

1809 4699 2065 4772 συνέδησε
2099 4701 2182 4772 τῷ
2220 4700 2434 4773 σώματι
2469 4703 2607 4774 πρὸς
2649 4703 2888 4760 κόλασιν.
2928 4722 2948 4756 ι
2997 4705 3177 4774 Atque
3207 4706 3281 4759 ita
3314 4708 3399 4760 in-

1811 4793 1969 4846 terim
2012 4795 2076 4848 de
2106 4795 2539 4863 praaexsistentia
2569 4795 2878 4869 (Origenes)
2925 4798 3233 4864 sentiebat,
3266 4807 3395 4853 ante

1810 4883 2004 4938 saecula
2034 4893 2244 4938 mentes
2275 4884 2444 4940 fuisse
2473 4901 2637 4954 puras
2663 4902 2856 4941 omnes
2877 4926 2894 4949 ,
2926 4896 2980 4941 et
3012 4887 3310 4952 daemones,
3335 4896 3395 4944 et

1810 4979 2040 5040 animas,
2071 4986 2128 5032 et
2162 4979 2383 5048 angelos
2413 4981 2789 5034 ministrantes
2821 4981 2952 5045 Deo,
2985 4981 3211 5049 ejusque
3237 4995 3393 5035 man-

1809 5069 1932 5121 data
1965 5079 2350 5136 exsequentes.
2400 5067 2684 5123 Diabolum
2716 5081 2898 5123 autem
2929 5109 2945 5131 ,
2977 5084 3099 5124 cum
3135 5085 3274 5125 unus
3300 5085 3391 5125 es-

1806 5171 1930 5225 set,
1965 5160 2224 5228 quoniam
2264 5159 2481 5213 arbitrii
2514 5160 2771 5214 libertate
2813 5160 3081 5230 pollebat,
3110 5161 3222 5217 Deo
3255 5165 3392 5218 resi--

1803 5260 1949 5304 stere
1997 5248 2232 5304 voluisse
2263 5291 2278 5315 ,
2333 5264 2569 5318 eumque
2610 5268 2640 5304 a
2696 5252 2806 5304 Deo
2852 5251 3018 5306 fuisse
3065 5253 3389 5322 expulsum;

1805 5355 2018 5411 unaque
2043 5354 2164 5395 cum
2191 5341 2307 5409 ipso
2337 5343 2633 5396 descivisse
2648 5357 2838 5398 omnes
2866 5344 3004 5400 alias
3031 5346 3261 5400 virtutes
3286 5387 3302 5410 ,
3331 5357 3391 5401 et
3488 5349 3496 5355 “

1803 5447 1922 5502 qua:
1950 5431 2070 5502 plus
2118 5443 2442 5502 peccassent
2465 5473 2482 5498 ,
2511 5434 2788 5489 daemones
2823 5435 3097 5503 evasisse;
3133 5453 3255 5508 quae
3285 5438 3390 5494 mi-

1802 5541 1906 5580 nus
1930 5565 1946 5590 ,
1976 5524 2198 5592 angelos
2229 5543 2245 5592 ;
2281 5541 2401 5594 quae
2431 5526 2611 5580 minus
2656 5529 2824 5583 etiam
2850 5567 2866 5594 ,
2908 5531 3294 5600 archangelos;
3330 5540 3388 5586 et

1802 5617 1875 5671 ita
1925 5626 2325 5687 consequenter
2377 5633 2822 5691 unumquemque
2865 5637 2962 5692 pro
3012 5637 3111 5676 suo
3159 5633 3386 5691 peccato

1803 5710 2073 5779 recepisse
2108 5711 2386 5780 praernium
2424 5729 2438 5765 :
2477 5709 2714 5780 reliquas
2747 5723 2927 5770 autem
2949 5714 3119 5770 fuisse
3148 5715 3384 5782 animas,

1802 5818 1924 5872 quae
1946 5819 2052 5857 non
2086 5812 2294 5857 tantum
2327 5817 2683 5872 peccaverant
2708 5846 2724 5872 ,
2761 5818 2820 5862 ut
2849 5811 3121 5865 daemones
3148 5808 3382 5876 ﬁerent;

1805 5911 1983 5966 neque
2040 5910 2250 5951 rursum
2309 5895 2382 5951 ita
2440 5895 2653 5967 leviter,
2713 5911 2771 5957 ut
2817 5902 2992 5976 angeli
3045 5902 3379 5972 evaderent;
3449 5893 3454 5898 ’
