3916 6522
495 417 602 472 8ήῖ

1773 413 1829 466 Ρ.
1877 413 2194 470 DANIELIS
2231 413 2481 470 HUETII-

3654 414 3765 470 858

490 531 746 589 mundum
783 532 965 600 itaque
999 529 1144 584 hunc
1179 527 1491 584 condidisse
1515 569 1529 589 .
1558 530 1914 600 animamque
1937 547 2065 600 sup-
2097 539 2141 593 Α
2173 547 2292 587 esse
2316 529 2568 601 Origeuis
2596 529 2781 599 opinio
2813 529 2916 583 l‘uit
2940 571 2954 597 ,
2993 531 3087 585 sed
3118 545 3180 586 ea
3215 539 3392 586 tamen
3427 539 3658 601 propter
3685 533 3769 586 in-

490 626 635 697 plicii
668 638 828 680 causa
859 622 1075 691 corpori
1108 621 1418 692 colligasse.
1455 640 1474 673 ι
1509 620 1854 676 Creationem
1901 624 2064 691 inter,

489 729 548 773 et
591 727 870 785 peccatum
895 755 910 778 ,
941 724 996 768 et
1041 727 1255 782 pinnam
1285 754 1300 777 ,
1329 723 1666 769 momentum
1699 715 1810 770 fere
1843 715 2064 771 unicum

491 807 868 865 intercessisse
925 804 1206 875 intellige,
1259 815 1424 874 atque
1472 807 1585 861 haec
1631 805 1740 878 πρὸ
1787 807 1896 861 τῶν
1931 807 2064 862 αἰώ-

488 918 614 963 νων,
648 901 700 955 id
731 909 813 954 est
842 899 906 950 ab
937 907 1161 959 aeterno,
1194 897 1514 966 contigisse.
1544 898 1620 952 Ad
1651 899 1908 970 Origenis
1941 916 2061 955 sen-

489 995 711 1050 tentiam
752 991 960 1047 accedit
989 999 1181 1046 auctor
1215 989 1590 1045 Commentarii
1629 993 1683 1044 in
1719 989 1820 1044 Job
1848 1031 1863 1054 ,
1899 1005 2062 1060 quem

492 1087 657 1142 vertit
707 1066 1038 1150 Perionius;
1102 1086 1180 1139 ait
1228 1084 1422 1139 enim:
1458 1102 1477 1135 ι
1525 1083 1580 1137 ln
1633 1083 1845 1137 diabolo
1884 1093 2064 1138 autem

488 1178 813 1250 principiqu
847 1177 1192 1231 formatiouis
1225 1175 1630 1243 intelligendum
1661 1186 1764 1240 est,
1791 1191 1895 1228 non
1921 1174 2064 1242 quod

490 1273 735 1325 omnium
764 1285 881 1338 qua:
913 1269 1124 1324 ratione
1150 1280 1207 1323 et
1231 1269 1415 1322 animo
1443 1266 1831 1334 intelliguntur,
1858 1267 2067 1336 primus

488 1362 560 1416 sit
587 1361 843 1426 effectus;
875 1360 972 1415 sed
1001 1359 1144 1428 quod
1161 1358 1279 1414 sine
1314 1367 1576 1426 tempore,
1606 1357 2064 1426 quemadmodum

487 1452 640 1506 locus
680 1451 766 1504 ille
787 1449 1049 1505 declarat.
1090 1467 1110 1500 ι

559 1539 645 1597 lll.
690 1540 992 1594 Videndum
1021 1535 1219 1592 deinde
1249 1534 1540 1606 augelosue
1577 1546 1898 1606 corporatos
1923 1550 2064 1602 esse,

485 1649 556 1688 an
583 1648 811 1703 corpore
839 1646 1026 1687 carere
1063 1627 1340 1699 Origenes
1370 1629 1672 1683 arbitratus
1705 1629 1796 1683 sit.
1835 1628 1952 1682 Non
1985 1644 2068 1682 sa-

487 1725 561 1782 tis
590 1734 770 1779 autem
813 1723 1108 1793 explicata,
1140 1731 1194 1778 et
1233 1732 1381 1775 certa
1414 1720 1632 1774 videtur
1668 1719 1841 1790 prima
1887 1719 2068 1776 fronte

482 1818 610 1887 ejus
646 1817 821 1879 ratio;
856 1831 979 1870 nam
1020 1813 1316 1885 pugnantia
1345 1827 1530 1866 secum
1556 1825 1678 1866 esse
1719 1811 1870 1866 dicas
1897 1851 1912 1875 ,
1945 1825 2067 1882 qua:

2174 623 2382 688 signem
2419 620 2771 674 subtilitatem
2799 661 2816 686 ,
2848 635 2973 672 cum
3012 619 3238 690 reliquis
3272 622 3460 674 mundi
3509 623 3770 691 corpori-

2173 715 2273 766 hus
2309 721 2624 780 comparata
2648 753 2662 773 ,
2699 711 3006 778 spiritualia
3036 752 3050 776 ,
3099 721 3157 766 ut
3193 714 3555 768 ostendemus
3596 713 3769 781 paulo

2173 811 2294 874 post
2319 842 2333 862 .
2367 812 2422 855 et
2457 802 2775 870 incorporea
2810 799 2912 853 dici
2947 816 3105 868 posse
3144 819 3155 854 :
3190 802 3440 871 quamvis
3473 814 3611 871 ergo
3639 811 3772 856 ante

2175 893 2358 948 mundi
2392 891 2550 958 hujus
2577 891 2827 960 corporei
2857 889 3132 959 opificium
3161 893 3377 946 condita
3420 907 3488 946 ea
3533 891 3767 958 fuerint,

2172 998 2399 1054 corpore
2429 993 2605 1036 tamen
2648 982 2728 1036 sui
2777 981 2997 1051 generis
3045 981 3218 1037 fuisse
3257 983 3570 1050 instructa;
3600 998 3667 1037 ac
3703 998 3772 1037 ne

2175 1075 2228 1128 in
2263 1073 2443 1143 primo
2481 1073 2695 1142 quidem
2750 1074 2841 1126 illo
2885 1081 3028 1126 statu
3063 1073 3152 1127 diu
3199 1088 3596 1143 perseverasse
3622 1115 3640 1140 ,
3672 1073 3772 1128 sed

2171 1164 2413 1218 admisso
2455 1167 2636 1218 statim
2682 1172 2970 1234 postquam
3003 1173 3187 1218 creata
3217 1174 3346 1217 sunt
3378 1174 3612 1233 peccato
3641 1205 3657 1227 ,
3713 1165 3769 1218 in

2173 1257 2440 1310 crassiora
2493 1259 2753 1310 continuo
2811 1271 3038 1324 corpora
3087 1256 3336 1324 supplicii
3373 1272 3540 1311 causa
3596 1256 3771 1311 fuisse

2175 1345 2453 1414 immersa.
2504 1345 2706 1399 Praeter
2759 1346 3038 1414 superiora
3080 1345 3390 1400 testimonia
3438 1346 3646 1415 quibus
3677 1361 3771 1399 an-

2173 1437 2307 1509 gelis
2360 1451 2557 1508 corpus
2601 1437 2897 1506 afﬁngitur,
2951 1439 3229 1494 recitanda
3273 1453 3492 1510 quoque
3531 1453 3597 1494 ea
3644 1453 3772 1508 quae

2175 1529 2350 1584 locum
2374 1527 2629 1599 Origenis
2652 1543 2815 1599 supra
2838 1529 3058 1584 allatum
3089 1529 3368 1599 excipiunt
3393 1549 3406 1584 :
3446 1549 3465 1582 ι
3511 1529 3582 1584 Ut
3611 1546 3768 1597 ergo,

2176 1625 2370 1695 inquit,
2407 1626 2657 1695 superius
2683 1625 2922 1680 diximus
2946 1663 2961 1688 ,
2991 1627 3290 1680 materialis
3315 1627 3636 1681 substantia
3669 1629 3772 1680 hu-

2169 1716 2256 1784 jus
2297 1716 2480 1770 mundi
2536 1717 2743 1770 habens
2793 1725 3042 1770 naturam
3073 1757 3089 1782 ,
3136 1731 3256 1785 quae
3285 1731 3350 1772 ex
3402 1719 3662 1773 omnibus
3701 1719 3773 1772 ad

2175 1808 2357 1862 omnia
2415 1806 2858 1872 transformatur,
2914 1825 3037 1863 cum
3076 1811 3142 1863 ad
3191 1810 3483 1865 inferiores
3516 1826 3773 1880 quosque

485 1909 718 1964 diversis
755 1907 908 1962 libris
940 1922 1102 1975 super
1138 1920 1205 1961 eo
1247 1915 1573 1974 argumento
1602 1903 1880 1958 disseruit.
1927 1903 2063 1971 Qui-
2095 1917 2137 1973 Β
2167 1899 2425 1963 trahitur,
2472 1900 2524 1953 in
2551 1901 2882 1955 crassiorem
2937 1902 3184 1967 corporis
3253 1911 3461 1956 statum
3536 1903 3772 1957 solidio-

490 2011 705 2065 cunque
757 2003 936 2049 tamen
978 1994 1218 2048 animum
1272 1994 1338 2046 ad
1390 1992 1509 2062 ejus
1561 1993 1724 2046 verba
1773 1991 2070 2047 attenderit

489 2089 802 2157 diligenter,
851 2085 1012 2140 aliter
1051 2083 1338 2152 judicabit.
1394 2083 1534 2137 Rata
1581 2085 1775 2154 quippe
1815 2084 1916 2136 fuit
1953 2082 2070 2152 ejus

489 2191 547 2236 et
574 2189 832 2235 constans
879 2177 1062 2246 opinio
1116 2176 1335 2246 angelos
1381 2191 1614 2246 corpore
1651 2190 1771 2230 esse
1811 2175 2066 2238 indutos,

489 2273 585 2328 sed
618 2271 801 2326 subtili
829 2280 886 2324 et
926 2269 1078 2325 tenui
1110 2284 1124 2322 :
1157 2284 1288 2322 nam
1335 2269 1427 2324 lib.
1467 2284 1482 2324 ι
1536 2268 1607 2322 De
1644 2268 1896 2337 princip.,
1946 2281 2068 2336 cap.

487 2363 544 2428 6.
571 2379 721 2418 num.
749 2363 804 2427 4,
842 2361 1156 2430 pronuntiat
1194 2378 1212 2412 ‹
1251 2361 1418 2416 solius
1453 2359 1581 2427 Dei,
1632 2359 1686 2414 id
1713 2369 1797 2413 est
1854 2358 2067 2425 Patris,

486 2466 542 2512 et
572 2455 714 2521 Filii,
751 2462 806 2508 et
830 2451 1066 2522 Spiritus
1087 2451 1263 2506 sancti
1297 2459 1504 2504 natura:
1531 2451 1584 2505 id
1618 2453 1894 2520 praprium
1926 2464 2068 2514 esse,

488 2559 547 2603 ut
576 2549 694 2603 sine
723 2543 988 2613 materiali
1037 2543 1340 2598 substantia
1368 2582 1384 2608 ,
1418 2552 1472 2596 et
1505 2541 1712 2611 absque
1745 2541 1849 2596 ulla
1877 2557 2070 2612 corpo-

492 2654 600 2695 reae
649 2635 969 2707 adjectionis
1002 2633 1267 2689 societate
1307 2631 1641 2703 intelligatur
1673 2633 1994 2688 subsistere.
2045 2651 2064 2686 ι

487 2731 660 2798 Quem
702 2730 876 2782 locqu
911 2725 1067 2780 affert
1103 2727 1163 2782 S.
1217 2725 1456 2780 Thomas
1506 2741 1556 2795 p.
1593 2743 1631 2789 ι,
1673 2743 1728 2796 q.
1779 2727 1867 2792 5f,
1915 2742 1967 2782 a.
2013 2726 2065 2791 l,

488 2835 717 2889 eamque
745 2817 1052 2886 opinionem
1103 2817 1171 2870 ab
1202 2814 1445 2885 antiquis
1497 2815 1840 2885 philosOpbis
1873 2814 2067 2886 Orige-

491 2925 616 2965 nem
660 2908 913 2964 hausisse
951 2915 1251 2962 asseverat.
1299 2904 1546 2962 Clariora
1587 2907 1753 2962 etiam
1785 2907 2067 2978 proloqui-

490 3001 690 3056 turlib.
722 3015 760 3053 tt
815 2997 1055 3068 ejusdem
1083 2995 1304 3067 operis,
1338 3012 1458 3068 cap.
1491 2997 1546 3064 2,
1573 3015 1721 3054 num.
1753 2999 1801 3062 1,
1835 3008 1892 3053 et
1918 3006 2068 3069 post-

489 3110 651 3165 quam
678 3093 928 3163 quaesivit
957 3109 1024 3148 an
1057 3108 1340 3162 summam
1381 3093 1703 3146 beatitatem
1735 3093 1940 3162 adepta:
1981 3107 2068 3145 ra-

489 3185 637 3241 tione
680 3183 947 3254 pollentes
980 3193 1187 3238 natura:
1235 3199 1431 3252 corpus
1465 3183 1682 3252 penitus
1715 3198 1914 3237 exuere
1944 3197 2071 3253 pos-

2175 2006 2398 2061 remque
2439 1990 2723 2056 formatur,
2763 1992 2836 2046 ita
2880 2001 2938 2046 ut
2967 1994 3211 2049 visibiles
3241 1995 3375 2050 istas
3409 1995 3606 2050 mundi
3639 2010 3769 2064 spe-

2171 2084 2303 2149 cies,
2332 2084 2625 2154 variasque
2655 2084 2954 2156 distinguat
2987 2104 3001 2140 :
3033 2102 3156 2142 cum
3181 2101 3312 2143 vero
3336 2087 3771 2156 perfectioribus

2173 2174 2446 2231 ministrat
2483 2185 2539 2230 et
2565 2175 2918 2240 beatioribus,
2963 2177 3016 2230 in
3044 2177 3253 2247 fulgore
3290 2178 3607 2233 cmlestium
3647 2194 3771 2234 cor-

2173 2283 2360 2338 porum
2387 2267 2580 2333 m'icat,
2627 2277 2676 2322 et
2707 2267 2972 2337 spiritalis
3003 2272 3246 2339 corporis
3288 2271 3636 2326 indumentis
3683 2272 3770 2325 vel

2172 2359 2395 2430 angelos
2429 2359 2545 2422 Dei,
2580 2359 2661 2414 vel
2702 2359 2842 2414 filios
2869 2363 3286 2417 resurrectionis
3310 2373 3572 2418 exornat.
3608 2385 3626 2417 ι
3659 2366 3768 2420 Sed

2166 2446 2226 2506 'et
2265 2452 2357 2506 lib.
2389 2468 2464 2518 iv,
2489 2451 2540 2506 in
2573 2452 3024 2521 anacephalzeosi,
3065 2470 3216 2509 num.
3264 2455 3334 2510 35
3363 2473 3376 2510 :
3410 2474 3430 2506 ι
3465 2455 3583 2526 (:28)
3611 2456 3770 2511 Sem-

2173 2560 2270 2614 per
2300 2554 2480 2599 autem
2506 2552 2668 2598 erunt
2709 2545 3056 2602 rationabiles
3098 2557 3324 2611 naturae,
3365 2565 3491 2619 qua:
3519 2552 3767 2621 indigent

2175 2637 2488 2690 indumento
2508 2650 2773 2706 corporeo
2801 2650 2816 2690 :
2843 2651 3058 2706 semper
3099 2655 3230 2709 ergo
3251 2641 3357 2695 erit
3396 2651 3599 2695 natura
3646 2658 3771 2696 cor-

2173 2743 2360 2797 porea.
2382 2727 2537 2798 cujus
2563 2729 2893 2785 indumentis
2923 2729 2997 2784 uti
3029 2744 3253 2786 necesse
3275 2741 3361 2786 est
3403 2734 3771 2790 rationabiles

2171 2832 2472 2874 creaturas.
2504 2819 2614 2875 Nisi
2641 2821 2765 2890 quis
2792 2830 2941 2891 putet
2965 2837 3126 2892 posse
3171 2838 3229 2878 se
3273 2824 3397 2880 ullis
3438 2829 3769 2882 assertioni-

2172 2911 2272 2966 bus
2314 2912 2606 2968 ostendere
2643 2913 2787 2983 quod
2831 2915 3006 2984 possit
3029 2925 3223 2969 natura
3257 2917 3607 2972 rationabilis
3633 2919 3760 2973 abs-

2171 3019 2276 3074 que
2319 3005 2425 3059 ullo
2456 3021 2684 3074 corpore
2734 3008 2902 3062 vitam
2937 3006 3155 3076 degere.
3199 3008 3307 3063 Sed
3336 3024 3506 3078 quam
3551 3010 3770 3065 difficile

2172 3096 2264 3159 sit,
2289 3105 2344 3150 et
2366 3111 2527 3164 quam
2567 3112 2708 3165 pene
2749 3099 3082 3168 impossibile
3119 3100 3423 3156 intellectui
3469 3113 3685 3160 nostro.
3714 3105 3766 3158 in

2173 3187 2544 3258 superioribus
2566 3189 2776 3258 singula
2808 3191 3144 3247 disserentes
3169 3194 3541 3249 ostendimus.
3575 3214 3594 3247 ι
3624 3195 3770 3263 Qua-

488 3278 621 3343 sint,
641 3278 856 3346 sibique
886 3277 937 3330 id
968 3294 988 3328 ι
1026 3276 1406 3332 difﬁcillimum
1439 3287 1493 3332 et
1523 3291 1658 3346 pene
1681 3275 2015 3343 impossibile
2044 3294 2062 3328 ι
2095 3256 2138 3313 c
2173 3256 2390 3350 propter
2428 3289 2483 3334 et
2505 3256 2732 3337 Pbotius
2757 3283 2882 3339 cod.
2934 3299 3045 3350 cvi,
3086 3283 3496 3356 Tbeognostum
3530 3256 3770 3342 Alesan-

489 3370 659 3426 videri
704 3369 877 3434 dixit;
913 3368 1227 3438 addiditque
1257 3407 1274 3434 ,
1305 3368 1448 3438 quod
1495 3378 1548 3423 et
1592 3369 1839 3438 sequenti
1890 3368 2068 3436 capite

489 3464 686 3518 iterum
720 3471 970 3531 usurpat,
999 3475 1223 3516 necesse
1256 3461 1371 3516 fore
1404 3461 1457 3514 in
1489 3461 1716 3515 nihilum
1748 3461 1920 3528 redigi
1945 3476 2068 3515 cor-

491 3569 712 3624 poream
767 3564 1061 3619 naturam,
1113 3553 1568 3622 quemadmodum
1618 3553 1685 3606 de
1745 3552 1913 3605 nihilo
1968 3549 2070 3605 fuit

489 3655 795 3716 procreata,
815 3646 859 3699 si
891 3645 1042 3698 utilis
1075 3659 1197 3698 esse
1227 3645 1535 3702 desineret;
1571 3653 1680 3696 tum
1713 3643 1892 3698 subdit
1916 3657 2063 3695 num.

489 3737 528 3791 2
562 3752 575 3789 :
601 3755 620 3788 ι
647 3738 704 3790 Si
732 3751 858 3790 vero
885 3735 1216 3804 impossibile
1231 3744 1315 3788 est
1341 3735 1443 3788 hoc
1468 3732 1574 3787 ullo
1604 3733 1760 3788 modo
1787 3731 2066 3798 aflirmari,

489 3831 542 3883 id
578 3840 704 3894 est,
742 3829 884 3898 quod
930 3830 1114 3905 vivere
1145 3835 1342 3897 prmter
1377 3841 1578 3896 corpus
1608 3825 1782 3895 possit
1815 3825 1922 3879 ulla
1961 3826 2068 3880 alia

490 3932 678 3978 natura
714 3962 730 3986 ,
779 3932 976 3992 przeter
1015 3921 1232 3976 Patrem
1258 3959 1274 3984 ,
1321 3929 1376 3974 et
1418 3917 1615 3973 Filium
1645 3959 1660 3985 ,
1708 3928 1762 3972 et
1803 3916 2066 3988 Spiritum

490 4023 765 4078 sanctum,
800 4013 1098 4068 necessitas
1125 4011 1529 4082 consequentia:
1555 4025 1620 4065 ac
1667 4010 1894 4065 rationis
1917 4025 2069 4064 coar-

487 4115 602 4163 ctat
633 4107 854 4176 intelligi
885 4147 898 4170 .
928 4107 1301 4177 principaliter
1325 4103 1547 4174 quidem
1592 4112 1806 4158 creatas
1829 4118 1950 4158 esse
1985 4117 2070 4156 ra-

491 4200 777 4255 tionabiles
832 4211 1090 4266 naturas;
1143 4199 1483 4253 materialem
1522 4211 1653 4252 vero
1704 4197 2069 4252 substantiam

491 4291 742 4362 opinione
774 4291 991 4359 quidem
1014 4301 1068 4343 et
1093 4290 1367 4344 intellectu
1393 4289 1568 4344 Solum
1603 4287 1848 4357 separari
1875 4288 1944 4341 ab
1965 4287 2067 4353 eis,

489 4393 546 4437 et
583 4397 678 4450 pro
729 4383 859 4451 ipsis
885 4421 900 4445 ,
943 4382 1022 4435 vel
1062 4391 1185 4450 post
1231 4383 1374 4452 ipsas
1419 4379 1679 4436 effectam
1723 4378 1940 4442 videri,
1975 4378 2069 4432 sed

489 4489 765 4542 nunquam
819 4474 936 4529 sine
979 4474 1096 4543 ipsa
1130 4489 1224 4528 eas
1255 4475 1336 4528 vel
1377 4473 1580 4527 vixisse
1614 4473 1691 4526 vel
1719 4472 1900 4524 vivere
1933 4488 1946 4522 :
1983 4484 2071 4524 so-

487 4566 593 4622 lius
644 4582 875 4634 namque
923 4565 1210 4620 Trinitatis
1262 4566 1581 4634 incorporea
1635 4565 1745 4616 vita
1800 4563 2067 4617 exsistere

489 4671 637 4716 recte
682 4662 980 4730 potabitur.
1045 4679 1064 4712 ι
1119 4661 1242 4715 llaec
1296 4657 1599 4714 insectandi
1637 4656 1892 4726 Origenis
1942 4655 2063 4708 viro

489 4767 686 4823 magno
707 4752 1053 4823 prwbuerunt
1081 4761 1483 4822 argumentum,
1519 4752 1661 4818 quod
1690 4764 1812 4802 cum
1842 4746 2063 4818 angelos

485 4854 541 4902 et
570 4847 792 4900 rationis
824 4859 1053 4916 capaces
1087 4846 1303 4898 animas
1331 4844 1500 4914 longo.
1539 4841 1827 4896 intervallo
1869 4855 2062 4911 corpo-

488 4940 637 4994 ribus
689 4940 932 4994 caruisse
991 4938 1118 4992 alibi
1173 4936 1392 5000 dixerit,
1457 4936 1509 4988 id
1575 4945 1752 4988 tamen
1794 4934 1907 4988 fieri
1959 4949 2062 4987 non

489 5049 646 5102 posse
675 5035 763 5089 hic
792 5030 1162 5087 aflirmaverit.
1200 5027 1402 5082 Verum
1427 5044 1511 5081 res
1552 5026 1713 5081 aliter
1757 5042 1816 5082 se
1870 5027 2061 5091 habet;

487 5125 598 5197 (27)
623 5143 744 5181 nam
762 5140 1052 5195 corporeus
1075 5124 1290 5194 quidem
1313 5120 1536 5191 angelos
1557 5129 1612 5174 et
1643 5121 1853 5174 animas
1877 5135 2065 5174 revera

556 5307 686 5378 ('27),
714 5303 856 5359 Nam
903 5320 1175 5378 corporeo;
1217 5304 1426 5378 quidem
1479 5301 1692 5378 angelos
1739 5311 1786 5354 et
1831 5299 2061 5378 animas,

485 5371 590 5432 ote.
651 5371 785 5428 Vide
839 5371 1001 5443 paulo
1056 5373 1192 5428 infra
1256 5373 1666 5428 observationes
1733 5381 1952 5426 nostras
2007 5371 2060 5421 in

491 5463 638 5499 num.
672 5447 726 5499 5.

555 5516 671 5585 (‘28)
721 5515 940 5582 Semper
967 5524 1164 5574 autem,
1200 5523 1306 5567 etc.
1343 5513 1510 5582 Hujus
1555 5521 1845 5585 contextus
1875 5517 2060 5585 poste-

487 5579 681 5658 riorem
716 5579 921 5658 partem
959 5579 1450 5658 utpoteerroneam
1475 5621 1490 5644 ,
1518 5592 1574 5658 et
1612 5599 1642 5636 a
1680 5579 2059 5658 liufinodissi-

490 5651 744 5708 mulatam
777 5656 858 5710 sic
894 5651 1116 5708 exhibet
1148 5653 1512 5723 Hieronymus
1554 5654 1606 5706 in
1639 5651 1892 5723 epist._ad
1926 5651 2059 5701 Avi-

489 5733 600 5776 tum
633 5743 644 5776 :
684 5742 703 5774 ‹
739 5724 796 5778 Si
831 5724 968 5793 quis
994 5733 1173 5776 autem
1206 5720 1444 5790 potuerit
1475 5723 1761 5776 ostendere
1809 5720 2060 5793 incorpo-

489 5795 654 5845 ralem
686 5787 1171 5866 ratioriabilemque
1203 5787 1476 5866 naturam,
1506 5806 1630 5846 cum
1659 5787 2056 5866 exsppliaverit

484 5876 546 5920 se
572 5877 802 5931 corpore
825 5900 843 5928 ,
898 5864 1079 5916 vivere
1119 5877 1216 5928 per
1263 5862 1611 5931 settietipsatn
1635 5899 1654 5922 .
1693 5872 1746 5915 et
1797 5860 1848 5913 in
1885 5860 2053 5927 pejori

2169 3371 2387 3426 drinum
2423 3371 2561 3426 libro
2583 3386 2783 3441 quarto
2819 3373 3226 3445 flyporyposeon
3255 3393 3322 3432 ex
3349 3387 3539 3432 mente
3561 3391 3617 3433 et
3639 3394 3768 3434 seu-

2171 3464 2338 3518 tentia
2365 3462 2620 3533 Origcnis
2671 3467 2955 3534 scripsisse
3001 3466 3190 3529 refert.
3219 3468 3429 3538 angelis
3460 3481 3520 3526 et
3561 3472 3768 3527 daemo-

2171 3557 2331 3610 nibus
2353 3555 2512 3610 exilia
2538 3571 2766 3627 corpora
2791 3573 2914 3613 esse
2936 3559 3349 3628 circumposita.

2242 3644 2331 3700 ιν.
2386 3645 2491 3701 Sed
2523 3649 2772 3716 quamvis
2820 3649 3239 3705 rationabilibus
3295 3652 3514 3708 naturis
3567 3668 3766 3724 corpus

2171 3738 2372 3794 diserte
2405 3750 2460 3793 et
2493 3740 2696 3809 liquido
2725 3741 2993 3797 aflinxerit
3025 3741 3312 3812 Origenes,
3357 3761 3386 3798 a
3420 3761 3480 3800 se
3513 3747 3765 3801 diversus

2171 3831 2322 3885 abire
2375 3832 2589 3887 videtur
2623 3833 2747 3888 aliis
2777 3834 2912 3889 locis
2937 3873 2953 3897 ,
2991 3844 3044 3890 et
3074 3849 3274 3903 corpus
3311 3837 3515 3890 iisdem
3555 3841 3763 3893 naturis

2171 3923 2478 3978 detrahere.
2513 3924 2604 3978 Sic
2627 3924 2815 3980 bomil.
2853 3926 2872 3978 f
2913 3925 2970 3980 in
3001 3924 3217 3990 Genet,
3251 3942 3403 3980 num.
3443 3928 3480 3980 2
3512 3947 3526 3982 :
3562 3947 3581 3978 r
3628 3931 3764 3984 Cum

2170 4016 2312 4068 enim
2335 4029 2396 4068 ca
2428 4031 2549 4084 qua:
2577 4014 2827 4073 facturus
2855 4026 2973 4072 erat
3011 4017 3174 4082 Deus,
3209 4033 3274 4072 ex
3308 4019 3505 4088 spiritu
3544 4032 3764 4076 consta-

2172 4117 2366 4163 rentet
2385 4123 2632 4178 corpore,
2664 4111 2766 4164 ista
2809 4110 2878 4165 de
2925 4124 3086 4165 causa
3125 4110 3180 4164 in
3226 4112 3507 4181 principio
3538 4123 3593 4168 et
3626 4125 3760 4168 ante

2169 4200 2350 4253 omnia
2372 4199 2572 4255 coelum
2601 4201 2802 4255 dicitur
2828 4198 3055 4265 factum,
3082 4201 3134 4254 id
3174 4211 3258 4257 est
3301 4203 3488 4258 omnis
3540 4205 3766 4274 spirita-

2173 4290 2238 4344 lis
2276 4291 2788 4360 substantia,super
2816 4307 2978 4360 quam
3007 4293 3150 4348 velut
3182 4296 3236 4348 in
3271 4296 3476 4350 throno
3497 4297 3760 4366 quodam,

2169 4393 2224 4438 et
2245 4385 2372 4439 sede
2409 4383 2549 4438 Deus
2575 4384 2885 4452 requiescit.
2922 4384 3068 4440 Istud
3098 4397 3279 4440 autem
3305 4388 3532 4452 C(elum,
3572 4390 3624 4444 id
3671 4399 3762 4446 est

2172 4475 2599 4540 firmamentum,
2634 4492 2954 4544 corporeum
2977 4488 3079 4532 est.
3117 4496 3136 4528 ι
3176 4475 3277 4532 Ubi
3304 4495 3430 4532 cum
3457 4481 3759 4549 spiritalem

2175 4566 2534 4620 substantiam
2585 4577 2824 4636 opponat
2857 4582 3136 4636 corporeae
3160 4607 3175 4632 ,
3218 4572 3472 4638 sequitur
3506 4587 3628 4625 esse
3669 4572 3751 4626 in-

2171 4668 2524 4722 corpoream;
2574 4665 2625 4708 et
2689 4666 2863 4709 l0ttt.l
2915 4655 3274 4710 Commentar.
3307 4657 3575 4724 fuluam,
3607 4675 3757 4713 num.

2173 4747 2238 4800 17
2267 4768 2280 4800 ι
2312 4747 2421 4800 Καὶ
2461 4748 2752 4815 ἀναγκαῖον
2780 4747 3067 4817 ἐπιστῆσαι
3121 4751 3168 4802 εἰ
3206 4749 3370 4803 ἄῡλον
3436 4750 3614 4822 πάντη
3666 4753 3762 4804 καὶ

2173 4835 2466 4910 ἀσώματον
2500 4838 2642 4910 ζωὴν
2669 4837 2886 4904 ζώντων
2916 4840 2973 4891 ἐν
3027 4841 3385 4912 μακαριότητν
3429 4841 3538 4894 τῶν
3565 4843 3757 4910 ἁγίων,

2172 4929 2200 4980 ὁ
2229 4930 2557 5002 καλούμενος
2595 4931 2811 5003 δράκων
2845 4931 2994 4998 ἄξιος
3017 4931 3310 5000 γεγένηται
3339 4933 3633 4988 ἀποπεσὼν
3661 4935 3757 5004 τῆς

2173 5023 2417 5095 καθαρᾶς
2447 5023 2612 5094 ζωῆς,
2647 5031 2753 5095 πρὸ
2797 5023 3012 5076 πάντων
3044 5024 3326 5094 ἐνδεθῆναι
3355 5025 3455 5096 ὕλῃ
3512 5028 3608 5080 καὶ
3656 5026 3758 5078 σώο

2174 5133 2308 5186 ματι
2331 5133 2344 5144 ·
2370 5127 2427 5170 et
2457 5126 2601 5171 tumo
2633 5133 2722 5180 xx,
2761 5134 2908 5172 num.
2931 5115 3023 5183 ‘22,
3051 5117 3277 5180 Πάντως
3306 5118 3440 5186 γοῦν
3473 5119 3579 5172 κᾶν
3602 5117 3759 5172 τοῦτη

2169 5299 2481 5356 conditione
2529 5313 2649 5354 esse
2711 5299 2921 5367 quando
2975 5299 3296 5368 corporibus
3353 5302 3636 5363 vestitur;
3698 5299 3752 5352 in

2171 5370 2427 5437 meliori,
2482 5370 2701 5440 quando
2751 5371 2837 5440 illa
2893 5372 3113 5440 deponit
3162 5389 3176 5423 :
3227 5370 3363 5423 nulli
3406 5370 3626 5440 dubium
3675 5378 3760 5422 est.

2170 5454 2398 5508 corpora
2437 5439 2541 5495 non
2574 5439 2946 5509 principaliter
2966 5439 3270 5494 subsistere
3297 5480 3313 5506 ,
3337 5440 3434 5495 sed
3460 5454 3554 5509 per
3582 5439 3757 5492 inter-

2171 5511 2310 5563 valla
2337 5521 2394 5563 et
2420 5512 2492 5566 ob
2521 5513 2702 5566 varios
2728 5520 2905 5564 motus
2940 5510 3342 5564 rationabilium
3374 5521 3758 5565 creaturarum

2171 5595 2314 5634 nunc
2338 5581 2479 5645 fieri,
2510 5589 2571 5633 ut
2609 5581 2700 5650 qui
2732 5581 2816 5634 his
2854 5579 3135 5647 indigent,
3161 5581 3471 5634 vestiantur
3499 5598 3512 5633 έ
3543 5589 3601 5634 et
3622 5594 3760 5650 rur-

2168 5663 2286 5702 sum
2329 5665 2449 5704 cum
2495 5650 2584 5704 illa
2628 5648 3303 5721 depravationelapsuum
3335 5665 3396 5704 se
3438 5650 3503 5704 ad
3531 5648 3757 5701 meliora

2165 5721 2555 5784 correxerint,
2602 5717 2824 5775 dissolvi
2876 5721 2928 5776 in
2969 5717 3200 5775 nihilum
3230 5733 3246 5774 :
3279 5729 3336 5775 et
3384 5721 3489 5775 hac
3533 5732 3757 5788 semper

2163 5791 2508 5846 successione
2541 5790 2763 5846 variari.
2807 5809 2826 5843 ο
2865 5819 2868 5823 -
