3916 6518
208 448 295 505 ραις)
1021 443 1596 501 ORIGENIANORUM
1638 444 1748 498 ΜΒ

1861 485 1875 504 .
1917 445 2072 500 CAP.
2115 447 2180 510 If,
2227 445 2502 513 QUIEST.
2546 447 2612 502 ν.

3349 448 3456 505 8ὗο

204 566 298 638 ἔχει
328 567 354 618 ὁ
385 563 632 628 διάϐολος
663 565 845 636 δόγμα
899 565 1092 636 ἀληθὲς
1149 553 1274 639 ἐτερὶ
1327 569 1516 622 ἑαυτοῦ
1581 570 1774 623 ἐννοῶν
1805 576 1848 630 Α
1878 569 1985 622 οὐδ’
2021 571 2099 632 εἰς
2149 570 2260 642 πῦρ
2303 570 2671 640 ἀναλυομένην
2703 571 2802 641 τὴν
2841 568 3126 642 ἀνθρώπου
3179 571 3388 643 ψυχὴν,
3423 573 3458 644 ἢ

203 662 268 713 ὅτι
315 657 530 724 λογικός
596 658 742 719 ἐστι,
780 657 872 711 καὶ
899 658 978 709 ὅτι
1008 656 1070 709 τὸ
1116 658 1314 711 τοιόνδε
1350 659 1447 730 μὲν
1487 659 1769 731 ἄνθρωπός

201 752 298 802 ἐπι
321 791 334 810 ,
367 748 426 799 τὸ
474 747 689 800 τοιόνδε
754 748 1000 816 ἄγγελος,
1065 749 1159 800 καὶ
1203 749 1262 801 τὸ
1287 750 1429 802 τοιὸν
1456 750 1552 820 μὲν
1591 751 1769 821 σῶμα,

200 843 275 895 zeal
321 843 468 893 ποῖον
507 838 694 909 σῶμα,
729 839 858 893 ἄλλο
898 839 950 892 δέ
1004 857 1051 892 τι
1094 839 1279 911 ἕτερον
1335 838 1604 911 σώματος.
1640 841 1768 895 item

198 933 273 986 lib.
310 931 483 999 ιΠερὶ
523 931 757 1002 ἀρχῶν,
803 948 921 1000 cap.
981 931 1032 996 7,
1093 947 1238 984 num.
1283 931 1308 984 ‘l
1356 949 1370 983 :
1431 951 1448 982 ι
1492 932 1772 988 Mauifeste

198 1043 305 1095 ergo
345 1028 395 1079 in
432 1026 665 1080 Christo
703 1035 759 1084 et
815 1039 910 1094 per
955 1023 1228 1078 Christum
1279 1023 1414 1076 facta
1481 1039 1602 1080 esse
1652 1042 1770 1080 nm-

197 1120 358 1178 nia.et
395 1125 583 1170 creata
634 1116 951 1186 pronuntiat
1009 1114 1226 1186 (Paulus
1276 1114 1390 1170 Col.
1441 1136 1480 1178 ι,
1516 1116 1605 1183 i6)
1653 1117 1768 1170 sive

196 1208 416 1268 visibilia,
481 1223 610 1276 quae
681 1215 808 1261 sunt
877 1206 1212 1273 corporalia;
1264 1208 1376 1260 sive
1455 1206 1766 1270 invisibilia,

198 1315 294 1365 qna-
340 1312 442 1350 non
490 1297 603 1350 alia
647 1296 812 1350 etiam
862 1297 1132 1359 arbitror,
1180 1312 1341 1364 quam
1396 1297 1764 1364 incorporeas,

198 1389 602 1460 spiritualesque
657 1390 925 1454 virtutes;
962 1407 980 1439 ι
1016 1398 1070 1442 et
1119 1388 1211 1443 lib.
1263 1403 1297 1442 ιι
1335 1388 1475 1454 Περὶ
1532 1386 1764 1458 ἀρχῶν,

192 1497 290 1546 cap.
317 1481 369 1544 ὅ,
401 1497 564 1534 num.
595 1479 631 1534 6
668 1498 682 1534 :
718 1499 736 1530 ι
780 1476 896 1533 Non
925 1478 1068 1533 enim
1101 1478 1240 1532 idem
1272 1478 1587 1546 intelligitur
1624 1481 1766 1547 quod

189 1570 296 1625 dicit
324 1584 382 1622 ea
412 1585 538 1636 quae
567 1585 678 1622 non
711 1568 1130 1634 videntur,etea
1158 1582 1274 1636 quae
1304 1567 1592 1622 invisibilia
1617 1581 1762 1622 sunt.

187 1664 242 1718 Ea
273 1678 505 1729 namque
540 1677 672 1731 quae
704 1674 832 1715 sunt
860 1661 1172 1724 invisibilia,
1205 1675 1310 1713 non
1352 1660 1524 1715 solum
1559 1676 1662 1714 non
1696 1665 1766 1714 vi-

185 1749 368 1810 dentur,
405 1747 503 1799 sed
575 1761 646 1800 ne
695 1755 949 1798 naturam
985 1746 1200 1814 quidem
1251 1745 1453 1798 habent
1497 1755 1554 1798 ut
1598 1744 1760 1799 videri

183 1840 380 1908 possint,
416 1853 546 1903 quae
577 1837 756 1891 Graeci
799 1835 1086 1908 ἀσώματα,
1115 1836 1164 1890 id
1194 1847 1276 1890 est
1327 1838 1630 1902 incorpore:
1667 1852 1760 1905 ap-

1875 660 1973 731 τὴν
2022 660 2347 731 ἀγγέλων,ἢ
2387 662 2613 733 θρόνων,
2647 661 2680 732 ἢ
2725 664 3084 734 κυριοτήτων,
3117 661 3150 733 ἢ
3187 663 3393 734 ἀρχῶν,
3421 663 3456 735 ἢ

1874 753 2134 819 ἐξουσιῶν
2153 754 2465 808 ὑπόστασιν.
2489 755 2612 809 Ideo
2629 753 3456 824 SophroniasJerosolymitanus

1873 845 1926 898 in
1965 845 2189 913 epistola
2219 847 2284 897 ad
2315 845 2562 912 Sergium
2605 845 2794 899 scribit
2828 843 3143 916 Origenem,
3181 846 3456 915 ipsiusque

1871 951 2134 1005 sequaces
2184 937 2386 991 dixisse
2442 939 2652 990 animas
2710 946 2835 992 ante
2896 953 3126 1008 corpora
3184 952 3350 992 carne
3397 947 3455 996 et

1871 1044 2100 1098 corpore
2152 1039 2428 1083 carentem
2485 1031 2652 1084 vitam
2694 1030 2872 1100 egisse
2918 1032 2970 1084 in
3033 1031 3172 1086 caelo
3214 1031 3450 1095 nondum

1868 1131 2072 1176 creato.

1943 1211 2008 1266 V.
2043 1213 2095 1266 In
2129 1212 2212 1266 his
2238 1227 2420 1267 secum
2468 1212 2596 1268 licet
2622 1227 2864 1283 pugnare
2891 1212 3138 1268 videatur
3169 1214 3448 1284 Origenes,

1871 1303 2026 1358 facile
2044 1313 2222 1359 tamen
2249 1305 2622 1360 discordantes
2653 1305 2752 1360 loci
2778 1306 3135 1360 conciliantur
3153 1325 3168 1362 ;
3189 1307 3302 1377 (29)
3325 1323 3446 1362 nam

1870 1395 2092 1464 angelos
2131 1397 2203 1450 ita
2241 1411 2532 1466 corporeos
2559 1411 2682 1450 esse
2705 1397 2841 1462 vult,
2874 1407 2930 1450 ut
2957 1397 3230 1467 spiritales
3257 1399 3451 1453 nihilo-

1871 1488 2048 1542 minus
2069 1503 2193 1543 esse
2215 1489 2364 1556 velit,
2397 1490 2538 1557 quod
2563 1489 2790 1558 spiritus
2819 1488 2950 1542 nihil
2982 1489 3090 1542 sint
3119 1489 3263 1544 aliud
3283 1505 3446 1560 quam

1868 1595 2078 1633 summa
2127 1580 2438 1648 exiguitatis
2481 1595 2706 1648 corpora
2738 1620 2754 1644 ,
2827 1579 3123 1648 cujusmodi
3179 1591 3304 1635 sunt
3351 1597 3449 1635 an-

1868 1671 2076 1741 gelica;
2124 1673 2322 1726 asserit
2369 1673 2564 1742 quippe
2617 1671 2733 1728 loco
2791 1687 2952 1740 supra
3007 1671 3217 1726 allato:
3271 1685 3440 1727 mate-

1869 1763 2056 1818 rialem
2091 1764 2448 1818 substantiam
2480 1764 2640 1834 hujus
2676 1765 2882 1829 mundi,
2908 1765 3166 1834 spiritalis
3198 1765 3444 1833 corporis

1869 1854 2200 1909 indumentis
2226 1854 2308 1908 vel
2342 1854 2558 1924 angelus
2593 1854 2708 1919 Dei,
2738 1855 2819 1909 vel
2854 1855 2990 1910 ﬁlios
3029 1858 3444 1912 resurrectionis

184 1931 442 2001 pellarunt.
474 1929 612 1983 Haec
643 1939 826 1982 autem
864 1928 931 1982 de
973 1929 1170 1996 quibus
1219 1927 1416 1982 Paulus
1440 1928 1604 1982 dicit:
1632 1927 1751 1993 Qua

1867 1961 2162 2012 exornare;
2201 1967 2220 1999 ι
2261 1957 2320 2000 tit
2372 1947 2648 2000 hominum
2682 1962 2898 2017 quoque
2944 1963 3167 2017 corpora
3201 1959 3321 2017 post
3361 1966 3444 2004 re-

181 2042 262 2077 aon
308 2024 566 2076 videnlur
592 2021 660 2086 ίο,
694 2031 946 2074 naturam
991 2019 1210 2088 quidem
1265 2020 1467 2074 habent
1507 2030 1564 2073 ut
1594 2023 1761 2074 videri

178 2114 376 2182 possint,
421 2113 678 2167 nondum
721 2121 903 2166 tamen
954 2111 1124 2165 videri
1153 2111 1223 2164 ab
1265 2111 1352 2164 his
1391 2113 1586 2180 quibus
1640 2127 1764 2180 pro-

177 2207 437 2260 mittuntur
488 2203 767 2274 exponit;
802 2222 822 2255 ι
861 2212 915 2257 et
947 2203 1110 2257 istud.
1138 2218 1168 2256 e
1190 2203 1284 2256 lib.
1329 2219 1388 2256 in
1420 2242 1429 2265 ,
1471 2219 1594 2273 cap.
1628 2203 1722 2258 ult.
1745 2245 1759 2269 ,

177 2312 298 2350 num.
320 2297 348 2348 7
375 2313 387 2346 :
416 2314 433 2345 σ
457 2295 667 2350 Omnis
701 2295 870 2364 igitur
905 2297 1019 2350 haec
1047 2295 1188 2348 ratio
1210 2294 1315 2349 hoc
1342 2294 1760 2364 continet,quod

174 2389 286 2443 duas
323 2387 622 2459 generales
659 2397 889 2441 naturas
944 2385 1249 2440 condiderit
1288 2387 1471 2452 Deus;
1512 2399 1759 2440 naturam

173 2481 432 2546 visibilem,
455 2482 510 2535 id
544 2490 632 2535 est
657 2495 1000 2549 corpoream,
1038 2488 1089 2534 et
1119 2490 1369 2533 naturam
1406 2479 1757 2538 invisibilem.

171 2590 267 2642 quae
295 2584 375 2628 est
409 2576 782 2652 incorporea,
804 2591 822 2624 ι
854 2573 1028 2627 ethoc
1059 2572 1305 2625 omnium
1355 2571 1756 2640 apertissimum

172 2667 246 2723 lib.
268 2686 313 2724 iv
340 2667 525 2738 operis
559 2666 812 2734 ejusdem
830 2706 845 2731 ,
874 2681 1019 2719 num.
1045 2665 1111 2718 9.7
1141 2683 1154 2718 :
1181 2682 1198 2714 ι
1232 2662 1338 2718 Sed
1357 2673 1410 2717 et
1435 2678 1644 2718 rursum
1665 2679 1759 2734 per

171 2759 412 2816 Christum
433 2771 636 2815 creata
669 2759 944 2813 dixitesse
972 2758 1155 2812 omnia
1178 2757 1409 2811 visibilia
1437 2768 1492 2812 et
1517 2757 1759 2813 invisibi“

171 2852 243 2908 lia.
265 2854 361 2908 Per
383 2855 537 2923 quod
561 2853 883 2907 declaratur
905 2866 1022 2905 esse
1052 2850 1216 2904 etiam
1235 2849 1284 2902 in
1315 2850 1581 2904 creaturis
1597 2865 1760 2920 quas-

168 2945 266 2998 dam
282 2946 586 3000 invisibilcs
603 2944 908 2999 secundum
929 2944 1310 3012 proprietatem
1329 2957 1481 2996 suam
1499 2945 1756 2998 substan-

173 3039 272 3093 tias.
288 3038 390 3094 Sed
416 3040 503 3094 hac
520 3036 786 3109 quamvis
804 3037 933 3105 ipsae
952 3051 1053 3089 non
1079 3036 1199 3090 siut'
1219 3049 1515 3106 corporeae,
1535 3046 1758 3088 utuntur

173 3140 325 3188 tamen
369 3131 736 3200 corporibus,
757 3129 886 3184 licet
918 3129 1047 3197 ipsa:
1077 3129 1184 3184 sint
1215 3143 1478 3196 corporea
1509 3130 1756 3187 substan_

167 3225 223 3276 tia
243 3225 507 3279 meliores.
532 3222 631 3277 Illa
651 3237 789 3276 Vero
818 3223 1120 3276 substantia
1145 3220 1451 3286 Trinitatis,
1471 3237 1589 3290 qua:
1605 3221 1754 3290 priu-

165 3316 335 3385 cipium
367 3334 398 3373 e
436 3329 477 3383 t,
504 3327 564 3372 et
598 3331 772 3372 causa
804 3315 1069 3378 omnium,
1098 3331 1163 3370 ex
1195 3330 1299 3385 qua
1333 3315 1537 3380 omnia,
1567 3325 1621 3368 et
1651 3329 1745 3383 per

160 3423 295 3475 quam
320 3409 538 3473 omnia,
580 3419 640 3463 et
669 3407 726 3461 in
762 3423 870 3475 qua
903 3407 1107 3470 omnia,
1130 3422 1303 3475 neque
1330 3421 1544 3476 corpus,
1572 3422 1746 3476 neque

163 3501 202 3552 in
230 3517 453 3572 corpore
483 3514 621 3557 esse
665 3499 937 3555 credenda
971 3511 1074 3564 est,
1111 3482 1206 3554 sed
1247 3515 1312 3554 ex
1352 3509 1464 3553 toto
1504 3500 1748 3568 incorpo'

160 3605 251 3648 rea.
285 3613 303 3643 ν
340 3593 448 3648 Sed
481 3602 544 3648 et
593 3591 692 3647 lib.
737 3607 785 3644 VI
821 3603 1002 3644 contra
1033 3590 1195 3657 Cela,
1223 3607 1370 3644 num.
1399 3590 1459 3644 7|
1501 3607 1514 3642 :
1554 3591 1745 3660 Ἡμεῖς

161 3683 222 3747 δὲ,
237 3685 425 3755 inquit,
454 3685 770 3757 ἀσώματον
791 3683 980 3738 οὐσίαν
1010 3684 1112 3736 οὐκ
1143 3684 1298 3754 ἴσμεν
1332 3683 1746 3759 ἐκπυρουμένην

219 3806 256 3837 ¹⁸
283 3807 320 3860 ll
357 3811 489 3863 tior.
523 3825 603 3873 iv,
638 3808 729 3862 i8.

216 3924 315 3992 (29)
360 3924 507 3978 Nam
542 3922 769 3992 angelos
801 3924 874 3975 ita
899 3940 1172 3986 corporeo:
1211 3940 1321 3976 esse
1344 3922 1474 3986 vult,
1509 3935 1564 3977 ut
1589 3925 1746 3990 spiri-

161 3995 266 4048 tales
307 3995 670 4049 nihilominus
721 4009 832 4046 esse
869 3994 1008 4060 velit,
1035 3998 1171 4062 quod
1217 3994 1431 4062 spiritus
1469 3995 1600 4046 nsliil
1640 3999 1742 4048 sint

160 4065 282 4135 aliud
304 4082 464 4135 quam
495 4079 732 4118 summa:
753 4064 1053 4135 exiguilolis
1079 4074 1448 4135 corporo,etc.
1476 4065 1552 4117 Ex
1580 4081 1741 4131 supra

158 4133 321 4186 allatis
340 4135 828 4202 sequentibusque
853 4148 918 4186 ac
944 4134 1210 4188 similibus
1234 4134 1367 4187 locis
1384 4171 1401 4197 ,
1428 4151 1533 4186 non
1559 4136 1743 4202 sequi-

159 4206 537 4273 turOrigenem
561 4213 821 4257 naturam
839 4204 1032 4273 anima:
1050 4214 1105 4257 et
1127 4204 1354 4256 aliorum
1380 4204 1661 4271 spirituum
1689 4205 1740 4257 in

157 4272 359 4343 corpore
390 4273 765 4342 quantumvis
795 4272 977 4343 subtili
1017 4275 1283 4342 posuisse.
1320 4273 1376 4325 id
1409 4273 1580 4325 solum
1613 4287 1744 4326 con-

161 4341 313 4397 ﬁcitur
346 4346 530 4412 ipsmn
569 4344 732 4412 juxta
784 4358 848 4395 ac
900 4341 1206 4397 Plateniros
1249 4352 1468 4410 putasse
1508 4343 1738 4405 animas,

157 4415 375 4482 aliasque
415 4416 775 4467 substantias
808 4412 1176 4473 rationabiles,
1215 4424 1408 4466 natura
1437 4428 1530 4465 sua
1561 4414 1740 4466 incor-

157 4499 323 4547 poreas
348 4494 404 4537 et
431 4483 778 4546 invisibiles,
815 4484 1134 4550 corpOribus
1177 4492 1354 4536 tamen
1388 4484 1542 4549 quasi
1581 4483 1738 4535 indu-

157 4566 314 4635 mento
344 4569 399 4608 et
458 4553 728 4645 vjehiculo
779 4553 1153 4645 circnmvolvi,
1187 4566 1360 4620 neque
1407 4555 1470 4645 iis
1504 4568 1740 4645 unlqttam
1775 4587 1820 4645 ο

156 4625 352 4676 omnino
386 4624 624 4686 nudari,
659 4632 849 4689 utpote
877 4637 994 4690 quae
1023 4625 1178 4675 nuda;
1220 4623 1598 4688 cetnprehendi
1637 4639 1739 4674 non

155 4697 358 4758 possint,
388 4710 498 4749 nec
553 4695 607 4746 in
659 4694 772 4746 ullo
811 4707 1074 4759 corporeo
1120 4694 1237 4746 loco
1265 4697 1582 4756 consistere,
1611 4695 1742 4760 quin

155 4764 408 4833 indigeant
450 4777 698 4833 corpore
728 4763 792 4814 ad
818 4773 1063 4816 naturam
1108 4762 1206 4814 ioci
1264 4763 1405 4815 illius
1433 4778 1744 4816 accommo-

153 4832 402 4904 dato;sed
436 4832 651 4904 przeter
667 4848 917 4886 crassum
944 4834 1043 4884 hoc
1061 4849 1265 4904 corpus
1295 4847 1403 4901 quo
1427 4834 1478 4885 iu
1505 4833 1604 4886 hac
1634 4834 1740 4886 vita

152 4901 692 4963 induuntur—animm,
733 4913 888 4956 certo
929 4903 1164 4970 quodam
1201 4917 1293 4956 eas
1322 4917 1594 4955 connexus
1624 4918 1745 4956 esse

152 4975 283 5028 aerio
318 4991 567 5045 corpore
605 4973 758 5045 quod
799 4985 894 5025 eas
936 4973 1134 5045 ubique
1170 4973 1593 5045 sequitur,quod
1623 4989 1740 5026 ser-

151 5054 257 5113 vant
288 5042 459 5099 etiam
489 5043 1058 5113 depasitocrassiori,
1087 5047 1228 5112 quod
1261 5042 1492 5108 denique
1523 5056 1744 5094 vocatur

151 5127 174 5187 ξι
199 5112 506 5187 Porphyrio
541 5111 601 5168 et
631 5111 851 5187 Plotino
887 5132 904 5163 ι
935 5114 1186 5187 spiritale
1210 5123 1262 5164 et
1292 5113 1521 5187 interius
1551 5113 1743 5166 animae

151 5182 545 5252 indumentum.
602 5204 622 5234 ι
657 5182 774 5235 lmo
823 5195 1018 5252 printer
1062 5182 1257 5250 duplex
1312 5183 1475 5234 hocce
1521 5197 1739 5248 corpus,

150 5250 472 5325 Philoponus
501 5255 736 5325 tertium
758 5250 1006 5325 agnoscit
1029 5254 1289 5325 subtilius
1311 5262 1365 5305 et
1387 5253 1570 5325 purius
1599 5255 1740 5320 quod

150 5320 487 5397 νοςιιῐσῶμα
527 5320 817 5397 οὐράνιονλξ
834 5323 1083 5394 ,αἰθέριον
1105 5365 1118 5386 ,
1149 5335 1211 5397 et
1235 5320 1538 5391 αὐγοειδὲς,
1572 5327 1741 5397 quod-

150 5407 235 5457 que
281 5393 829 5449 animabus'tribuit
859 5393 981 5461 quae
1022 5399 1089 5448 ab
1135 5393 1413 5446 affectibus
1466 5394 1743 5460 corporeis

147 5461 310 5519 libera:
340 5476 500 5520 sunt.
523 5464 763 5518 Proclus
787 5475 841 5516 et
862 5463 1135 5518 Hierocles
1171 5464 1298 5516 illud
1323 5473 1478 5515 vocat
1501 5462 1563 5514 τὸ
1588 5479 1744 5515 πνευ-

148 5537 357 5607 ματικὸν
391 5533 729 5607 ὄχημαντῆς
763 5534 986 5603 λογικῆς
1018 5534 1216 5604 ψυχῆς,
1251 5553 1279 5607 «Α
1307 5534 1556 5607 _spiritale
1594 5534 1744 5607 vehi-

147 5605 306 5672 culum
367 5603 733 5660 rationabilis
779 5607 994 5660 aninne.
1034 5624 1052 5655 ι
1089 5603 1161 5657 At
1201 5605 1354 5656 valde
1397 5603 1738 5672 peregrinum

147 5671 189 5724 in
231 5673 658 5731 Platonicorum
701 5675 917 5742 scriptis
954 5693 1075 5728 eum
1130 5687 1252 5729 esse
1295 5671 1656 5741 opertet,qui
1689 5676 1740 5727 iu

147 5743 298 5799 hocce
331 5747 545 5814 duplici
584 5745 840 5799 interiori
891 5745 969 5796 vel
1023 5746 1306 5814 alterutro,
1344 5745 1595 5797 vehiculo
1647 5759 1742 5797 eos

148 5819 401 5878 putaverit
418 5813 642 5870 animm
680 5825 926 5866 naturam
978 5814 1241 5882 posuisse.
1285 5813 1482 5880 Aperte
1524 5823 1741 5867 sentcn-

148 5893 259 5940 u.un
298 5904 460 5942 suam
497 5889 568 5941 de
612 5885 918 5939 animarum
955 5897 1146 5940 natura
1179 5883 1436 5951 exprimit
1477 5883 1742 5952 Origenes

1866 2039 2259 2093 surrectionem
2306 2039 2568 2108 spiritalia
2620 2039 2737 2094 fore
2773 2040 3011 2094 declarat
3042 2040 3277 2096 Paulus]
3313 2041 3439 2101 Cor.

1865 2144 1956 2191 xv,
1988 2128 2077 2182 44.
2111 2130 2344 2196 Angelos
2394 2145 2554 2200 porro
2587 2146 2707 2183 cum
2740 2143 2958 2199 pr0pter
3017 2133 3268 2186 eximiam
3329 2150 3444 2187 cor-

1864 2235 2054 2289 porum
2111 2221 2461 2276 subtilitatem
2504 2222 2776 2291 spiritales
2830 2221 3047 2284 dixerit,
3094 2225 3442 2293 incorporeas

1866 2326 2081 2381 quoque
2111 2313 2526 2380 quodannnodo,
2556 2322 2610 2366 et
2646 2313 3100 2386 καταχρηστικῶς
3127 2315 3232 2369 dici
3284 2331 3442 2386 posse

1861 2401 2095 2466 Censuit,
2131 2401 2308 2455 habita
2339 2403 2635 2470 praesertim
2663 2418 2948 2473 corporum
3003 2417 3307 2460 nostrorum
3352 2421 3442 2460 ra,

1861 2491 2027 2554 tione,
2051 2507 2169 2560 quae
2197 2507 2379 2546 crassa
2417 2501 2562 2546 sunt.
2598 2490 2653 2546 Id
2686 2493 2799 2560 ipse
2843 2494 3125 2548 manifeste
3157 2494 3356 2549 indicat
3383 2495 3437 2549 in

1863 2584 2130 2654 prooemio
2178 2583 2438 2638 librorum
2475 2584 2550 2638 De
2595 2586 2845 2655 princip.,
2887 2603 3034 2640 num.
3061 2586 3115 2650 8,
3140 2603 3263 2640 cum
3291 2588 3436 2641 enim

1861 2675 2275 2746 appellationem
2335 2675 2628 2746 ἀσωμάτου
2673 2678 2725 2732 in
2777 2677 3076 2747 Scripturis
3126 2677 3436 2748 neutiquam

1861 2770 2111 2838 usurpari
2153 2771 2403 2833 dixisset,
2439 2769 2626 2839 objicit
2673 2771 2774 2825 sibi
2825 2771 3000 2825 locmn
3029 2770 3320 2840 quemdam
3371 2787 3438 2826 ex

1858 2863 2164 2932 apocrypho
2201 2862 2404 2926 libello,
2437 2863 2528 2933 qui
2552 2862 2698 2917 Petri
2734 2863 2982 2917 Doctrina
3015 2864 3353 2930 inscribitur,
3382 2864 3436 2917 in

1860 2967 1970 3022 quo
2011 2953 2289 3020 discipulis
2319 2955 2448 3008 dicit
2485 2954 2739 3010 Christus
2780 2970 2842 3008 se
2879 2971 2990 3008 n-on
3039 2970 3160 3010 esse
3193 2973 3214 3005 ι
3245 2956 3438 3009 daemo-

1859 3045 2006 3098 nium
2042 3044 2450 3114 incorporeum.
2492 3066 2512 3098 ι
2545 3046 2853 3115 Respondet
2883 3045 3146 3116 Origenes
3177 3045 3318 3099 inter
3345 3061 3436 3100 ec-

1859 3137 2198 3192 clesiasticos
2224 3139 2392 3194 libros
2423 3139 2575 3194 Petri
2598 3138 2905 3193 Doctrinam
2931 3153 3035 3193 non
3067 3138 3251 3200 haberi
3282 3147 3432 3203 ;tum

1781 3270 1824 3329 ο
1856 3229 2004 3284 addit
2039 3247 2052 3285 :
2095 3251 2113 3282 ι
2161 3234 2312 3299 Quod
2359 3232 2521 3288 etiam
2556 3231 2603 3286 si
2651 3232 2822 3302 ipsum
2879 3232 3292 3295 concederetur,
3325 3247 3431 3286 non

1855 3325 1994 3378 idem
2024 3339 2216 3381 sensus
2248 3325 2319 3380 ibi
2364 3341 2430 3380 ex
2473 3326 2588 3394 ipso
2615 3339 2866 3380 sermone
2913 3323 3204 3395 ἀσωμάτου
3238 3324 3439 3378 indica-

1855 3421 2025 3479 retur,
2051 3414 2143 3481 qui
2173 3429 2202 3467 a
2229 3412 2434 3468 Graecis
2471 3422 2526 3468 et
2571 3412 2862 3484 gentilibus
2889 3414 3200 3468 auctoribus
3245 3423 3432 3469 osten-

1852 3501 2020 3565 ditur,
2040 3519 2165 3557 cum
2187 3502 2255 3557 de
2277 3503 2594 3572 incorporea
2624 3513 2813 3556 natura
2840 3518 2868 3556 a
2889 3503 3220 3572 philosophis
3251 3503 3435 3573 dispu-

1857 3602 2020 3647 tatur.
2066 3594 2121 3648 ln
2154 3595 2256 3649 hoc
2297 3596 2442 3649 enim
2489 3595 2669 3649 libello
2703 3595 3077 3664 incorporeum
3103 3596 3427 3650 daemonium

1854 3685 2010 3751 dixit,
2047 3700 2146 3755 pro
2169 3699 2235 3740 eo
2281 3687 2424 3754 quod
2456 3686 2570 3756 ipse
2597 3684 2683 3740 ille
2711 3685 3020 3755 quicunque
3063 3697 3146 3740 est
3193 3685 3431 3753 habitus,

1853 3921 1946 3976 lib.
1977 3935 2049 3974 vn
2098 3930 2280 3973 contra
2301 3917 2558 3986 :Celsum,
2623 3935 2768 3972 num.
2802 3921 2913 3974 52:
2961 3939 2979 3971 ς
3021 3921 3307 3987 Quoniam,
3349 3923 3436 3975 in-

1853 3994 1990 4061 quit,
2024 3990 2434 4061 resurrectionis
2460 3992 2651 4052 dogma
2680 3991 2800 4061 ideo
2829 3991 3020 4045 Celsus
3058 3993 3271 4054 irridet,
3302 3993 3428 4060 quia

1852 4059 1958 4116 non
1991 4059 2258 4128 intelligit,
2281 4074 2380 4114 nec
2413 4062 2618 4111 audivit
2644 4060 2744 4112 nisi
2773 4062 2838 4114 ab
2869 4062 3132 4128 imperitis
3163 4063 3252 4128 qui
3287 4063 3434 4116 nullo

1853 4132 1978 4185 illud
2011 4141 2333 4201 argumento
2360 4140 2610 4201 astruere
2642 4140 2908 4197 poterant,
2933 4131 3061 4185 utile
3097 4132 3432 4201 luerit,pr:e-

1854 4212 1938 4256 ter
1963 4216 2022 4254 ea
2054 4217 2171 4267 qua:
2203 4199 2301 4250 hac
2340 4199 2407 4252 de
2462 4215 2518 4251 re
2569 4214 2729 4266 supra
2771 4202 2910 4253 dicta
2949 4211 3094 4265 sunt,
3133 4203 3233 4254 hoc
3265 4199 3427 4255 unum

1849 4274 2175 4333 observare,
2220 4285 2340 4335 qua:
2365 4271 2430 4322 de
2468 4271 2863 4323 resurrectione
2899 4272 3192 4334 tradimus,
3225 4276 3429 4326 ea‘non

1849 4340 2140 4410 prolicisci,
2158 4347 2212 4390 ut
2242 4339 2432 4392 Celsus
2453 4348 2626 4407 putat,
2647 4355 2712 4392 ex
2747 4341 2886 4394 male
2917 4342 3188 4395 intellecta
3212 4343 3428 4395 anima-

1853 4428 1969 4464 rum
1999 4429 2028 4464 e
2060 4410 2376 4476 corporibus
2405 4411 2456 4460 iu
2503 4425 2729 4477 corpora
2780 4412 3136 4478 migratione;
3173 4414 3265 4465 sed
3303 4413 3432 4480 quia

1847 4485 2048 4535 scimus
2073 4481 2332 4544 animam,
2364 4490 2556 4532 natura
2588 4480 2961 4548 incorporeum
3002 4492 3054 4534 et
3081 4482 3428 4548 invisibilcnt,

1848 4552 1898 4604 in
1933 4551 2079 4604 nullo
2106 4565 2370 4617 corporeo
2395 4551 2696 4603 consistere
2720 4551 2856 4612 loco,
2883 4553 3013 4620 quin
3039 4552 3275 4619 indigeat
3306 4569 3430 4607 cor-

1850 4622 2078 4688 poread
2131 4632 2387 4692 naturam
2431 4620 2574 4672 illius
2616 4621 2717 4674 loci
2774 4627 3190 4676 acconnnodato
3227 4641 3240 4675 :
3286 4625 3429 4692 quod
3466 4645 3473 4653 ·

1846 4706 2046 4759 corpus
2085 4693 2244 4743 modo
2264 4690 2481 4758 quidem
2509 4700 2698 4757 gestat.
2721 4702 2884 4744 exuto
2912 4693 3077 4758 priori
3105 4693 3245 4760 quod
3269 4690 3428 4746 antea

1849 4761 2234 4821 necessarium,
2267 4771 2454 4826 postea
2487 4761 2677 4813 inutile
2718 4763 2808 4824 lit;
2846 4764 3006 4814 modo
3041 4776 3219 4816 autem
3269 4777 3431 4830 super

1847 4832 1973 4883 illud
2011 4831 2150 4900 (piod
2188 4832 2337 4897 prius
2374 4833 2629 4895 habebat,
2667 4831 2907 4883 induitur
2956 4835 3179 4885 meliore
3205 4847 3313 4899 quo
3342 4839 3426 4884 Ill-

1845 4903 1990 4968 diget
2036 4912 2093 4953 ut
2124 4903 2191 4952 ad
2237 4902 2503 4965 puriores,
2535 4904 2800 4953 aethereos
2823 4940 2838 4963 ,
2874 4903 3229 4968 caelestesque
3281 4901 3428 4955 locus

1844 4972 2142 5037 perveniat.
2196 4968 2288 5022 Stc
2339 4971 2390 5023 iit
2452 4971 2550 5021 hac
2603 4972 2708 5024 vita
2753 4987 3006 5031 nascens,
3059 4977 3425 5023 membranam

1845 5042 1994 5094 exuit
2033 5057 2134 5107 qua
2170 5055 2286 5091 eam
2329 5042 2378 5090 in
2416 5041 2570 5090 vulva
2613 5041 2804 5092 matris
2847 5041 3058 5093 ubvolvi
3102 5041 3233 5091 utile
3281 5057 3424 5103 crat,

1846 5113 2081 5178 quandiu
2120 5111 2171 5161 in
2202 5124 2263 5163 ea
2303 5109 2436 5173 fuit;
2467 5110 2560 5161 sed
2589 5118 2875 5176 antequam
2913 5109 3056 5161 illam
3085 5119 3266 5171 exuat,
3300 5125 3425 5163 cor-

1845 5195 1944 5248 pus
1968 5179 2140 5231 iuduit
2174 5181 2313 5246 quod
2344 5190 2459 5230 erat
2501 5179 2714 5231 interra
2751 5181 2960 5232 victuro
2985 5184 3420 5244 necessarium,»

1844 5263 1950 5304 etc.
1979 5250 2071 5302 llis
2098 5248 2417 5318 prie-missis,
2450 5248 2609 5318 facile
2643 5248 3016 5302 discordantes
3043 5250 3291 5318 Origenis
3320 5252 3424 5306 loci

1844 5323 2221 5375 conciliantur.
2277 5316 2505 5382 Quando
2545 5317 2705 5386 igitur
2734 5319 3082 5386 incorporeus
3128 5316 3346 5389 angelos
3372 5334 3428 5376 et

1844 5393 2054 5444 animas
2089 5391 2243 5449 dicit,
2280 5405 2384 5440 non
2427 5390 2492 5440 ad
2519 5389 2889 5454 imperitorum
2930 5405 3144 5457 captum
3186 5409 3307 5446 sese
3335 5410 3428 5444 ac-

1845 5462 2171 5520 commodat,
2199 5457 2292 5511 sed
2326 5469 2517 5510 natura
2549 5473 2644 5509 sua
2695 5461 3048 5524 incorporeus
3094 5462 3373 5516 existimat
3410 5481 3424 5517 :

1843 5539 1899 5584 et
1926 5532 2142 5599 quando
2187 5543 2481 5596 corporeus
2511 5543 2607 5581 eos
2635 5529 2792 5587 dicit.
2820 5545 2924 5580 non
2953 5544 3046 5584 eos
3071 5533 3140 5585 ita
3171 5549 3292 5588 esse
3331 5550 3426 5587 na-

1848 5611 1965 5653 tura
2017 5616 2111 5654 sua
2164 5609 2338 5667 putat,
2381 5614 2444 5651 ac
2475 5599 2704 5666 proinde
2732 5616 2835 5651 non
2875 5601 2986 5653 vult
3027 5604 3252 5671 spiritus
3294 5607 3424 5657 nihil

1845 5673 1984 5724 aliud
2017 5686 2168 5731 esse,
2204 5684 2366 5741 quam
2405 5684 2628 5741 summa:
2674 5671 2982 5737 exiguitatis
3024 5687 3277 5741 corpora,
3327 5678 3424 5729 sed

1846 5742 1958 5793 vult
1983 5755 2076 5812 eos
2099 5739 2283 5792 subtili
2305 5749 2359 5791 et
2385 5738 2801 5812 aerioeorpure,
2826 5741 2970 5807 quod
2996 5738 3151 5797 vocat
3165 5746 3424 5812 spiritale,

1845 5813 1998 5876 quasi
2035 5811 2351 5863 indumento
2383 5820 2436 5863 et
2474 5808 2716 5861 vehiculo
2755 5813 3000 5868 exterius
3047 5808 3420 5872 circu'mvolvi;

1851 5881 1977 5936 \lide
2007 5881 2163 5952 paulo
2196 5879 2332 5934 infra
2364 5890 2554 5950 quaest.
2587 5880 2640 5932 ὃν
2673 5880 2748 5932 De
2767 5883 2964 5945 animo,
2995 5901 3146 5940 num.
3182 5887 3213 5940 5
3243 5897 3301 5940 et
3338 5887 3423 5960 15,
