3916 6532
490 428 589 484 851

1764 417 1827 475 P.
1873 416 1957 471 DA
1967 416 2189 472 NIELIS
2228 416 2462 473 HUETll

3652 406 3761 467 832

485 543 569 597 vel
594 536 1026 605 circmuscriptio
1056 533 1341 590 daemonici
1368 548 1637 604 corporis,
1670 550 1774 590 non
1809 545 1890 590 est
1914 536 2068 590 simi-
2100 546 2141 595 Α
2178 538 2398 592 uitionis
2456 534 2593 589 ratio
2620 542 2738 600 est,
2765 533 2960 588 horum
2990 533 3110 587 sine
3138 530 3305 586 dubio
3328 538 3382 585 et
3406 530 3603 584 eadem
3635 531 3763 583 sub-

484 634 553 688 lis
582 634 706 687 huic
740 640 923 686 nostro
949 627 1207 684 crassiori
1241 636 1294 681 et
1323 626 1521 680 visibili
1557 628 1769 695 corpori
1810 644 1823 681 :
1862 628 1954 683 sed
1980 642 2069 683 se-

481 724 719 779 cundum
748 736 967 776 sensum
987 720 1103 788 ejus
1124 720 1215 789 qui
1238 719 1546 788 composuit
1571 718 1717 773 illaut
1743 722 2070 789 scripturam

482 815 888 884 intelligendum
946 823 1031 868 est
1073 814 1219 882 quod
1271 814 1406 867 dixit
1444 829 1458 876 ;
1494 811 1546 864 id
1586 822 1671 865 est
1720 829 1824 866 non
1860 826 1919 867 se
1968 813 2073 867 tale

481 920 701 976 corpus,
726 906 887 975 quale
918 906 1121 961 habent
1149 905 1445 971 dzemones,
1478 903 1619 973 quod
1650 912 1731 958 est
1755 904 2073 958 naturaliter

479 997 703 1063 subtile,
730 1007 784 1053 et
815 998 965 1053 velut
992 1013 1124 1051 aura
1173 1008 1354 1063 tenue,
1381 1005 1435 1051 et
1483 1004 1703 1065 propter
1730 996 1832 1050 hoc
1858 996 1940 1051 vel
1977 1013 2071 1066 pu-

484 1098 628 1142 tatur
656 1087 913 1151 amultis,
947 1086 1033 1142 vel
1073 1088 1273 1142 dicitur
1315 1088 1716 1157 incorporeum,
1750 1086 1847 1142 sed
1873 1089 2071 1142 habere

478 1195 541 1235 se
568 1194 767 1251 corpus
795 1181 1025 1235 solidum
1052 1196 1106 1234 et
1135 1179 1423 1251 palpabile.
1444 1180 1497 1234 In
1525 1182 1913 1235 consuetudine
1945 1195 2072 1235 vero

480 1273 764 1328 hominum
808 1288 969 1327 omne
994 1274 1136 1341 quod
1179 1272 1286 1326 tale
1330 1287 1437 1325 non
1474 1270 1657 1336 luerit,
1694 1272 2069 1341 incorporeum

480 1365 907 1435 simplicioribus
930 1366 1015 1419 νυΙ
1041 1363 1467 1432 imperitioribus
1494 1364 1832 1417 nominatur:
1855 1362 1999 1416 velut
2024 1362 2068 1418 si

478 1463 602 1531 quis
642 1476 823 1517 aerem
855 1462 1019 1517 istum
1051 1476 1159 1529 quo
1198 1460 1448 1525 fruimur,
1486 1461 1867 1526 incorporeum
1904 1460 2068 1525 dicat,

478 1552 917 1622 quandoquidem
956 1567 1060 1606 non
1096 1562 1179 1607 est
1205 1551 1309 1607 tale
1345 1566 1563 1621 corpus,
1595 1560 1654 1605 ut
1684 1551 2069 1620 comprehendi

478 1659 543 1698 ac
594 1644 768 1699 teneri
811 1643 1003 1712 possit,
1040 1644 1359 1713 urgentique
1391 1644 1666 1697 resistere.
1708 1662 1727 1694 ι
1761 1642 1817 1697 Si
1854 1642 2072 1712 quando

479 1733 644 1803 igitur
673 1734 897 1802 angelos
931 1733 1067 1787 dixit
1092 1732 1553 1800 incorporeos,ad
1586 1732 1962 1801 imperitorum
1987 1749 2072 1786 ca-

477 1835 629 1893 ptum
656 1840 777 1880 sese
823 1826 1287 1886 accommodasse.
1329 1836 1385 1881 et
1412 1828 1567 1896 juxta
1600 1826 1749 1895 vulgi
1781 1835 2070 1881 consuetu-

478 1917 660 1971 dinem
684 1916 922 1970 locutum
956 1917 1127 1972 fuisse
1156 1919 1464 1973 credamus.

550 2006 640 2063 Vl.
674 2007 785 2063 Nec
834 2024 1152 2076 corpoream
1204 2009 1409 2080 angelis
1460 2019 1707 2064 naturam
1756 2011 2068 2066 attribuisse

477 2112 797 2165 contentus,
837 2103 1074 2154 animam
1110 2100 1175 2156 iis
1200 2102 1421 2171 insuper
1441 2104 1694 2171 ascripsit
1721 2103 1814 2157 lib.
1846 2119 1885 2157 tt
1925 2104 2068 2174 Περὶ

476 2188 697 2259 ἀρχῶν,
723 2207 842 2259 cap.
878 2190 933 2258 8,
958 2207 1104 2244 num.
1140 2192 1163 2244 1
1202 2210 1213 2245 :
1253 2210 1272 2243 ι
1307 2192 1566 2262 Superest
1593 2193 1661 2247 de
1708 2194 1949 2264 angelico
1974 2212 2067 2249 0r-

478 2283 603 2335 diue
634 2282 933 2351 requirere,
980 2293 1159 2336 utrum
1192 2292 1247 2335 et
1298 2282 1397 2352 ipsi
1449 2284 1659 2338 animas
1704 2287 1965 2350 habeant,
2000 2302 2067 2340 an

476 2376 675 2430 animae
708 2375 849 2439 sitit,
884 2374 969 2428 vel
1014 2375 1082 2429 de
1115 2375 1327 2429 caeteris
1373 2375 1597 2439 divinis,
1650 2376 2070 2446 cmlestibusque

478 2468 793 2533 virtutibus,
821 2468 914 2521 sed
942 2478 996 2522 et
1025 2468 1093 2521 de
1121 2466 1415 2522 contrariis
1460 2466 1841 2535 potestatibus.
1867 2468 2071 2524 Aucto-

477 2562 694 2615 ritatem
746 2560 962 2629 quidem
1003 2560 1200 2614 divinae
1248 2559 1545 2628 Scriptura:
1593 2574 1818 2629 usquam
1869 2561 2067 2615 nullam

410 2724 417 2731 κ
480 2658 808 2720 invenimus,
845 2659 986 2725 quod
1023 2654 1107 2709 vel
1153 2656 1356 2725 angeli,
1417 2655 1500 2710 vel
1544 2654 1588 2709 si
1632 2656 1723 2725 qui
1757 2656 1866 2710 sint
1898 2657 2068 2713 divini

479 2750 705 2815 spiritus
734 2749 963 2803 ministri
1002 2747 1118 2809 Dei,
1160 2747 1244 2801 vel
1276 2748 1484 2801 animas
1513 2748 1735 2814 habere,
1759 2748 1843 2802 vel
1874 2748 2071 2802 anima:

478 2844 732 2897 dicantur
778 2863 793 2898 :
838 2842 1137 2897 animantia
1181 2853 1355 2895 tamen
1402 2856 1523 2897 esse
1572 2857 1601 2896 a
1655 2843 2071 2912 quamplurimis

478 2936 805 2990 sentiuntur.
847 2955 865 2986 ι
905 2935 1267 3005 Hieronymus
1310 2936 1473 3004 epist.
1518 2934 1586 2988 65
1620 2936 1687 2990 ad
1724 2934 2067 2998 Pammach.,

477 3028 651 3097 cap.5
676 3049 686 3082 :
709 3046 727 3079 ι
754 3026 862 3082 Nec
893 3026 1154 3097 Origenes
1186 3041 1417 3094 unquam
1445 3026 1581 3080 dixit
1606 3042 1672 3081 ex
1706 3026 1913 3096 angelis
1946 3026 2067 3080 aui-

482 3135 598 3172 mas
633 3119 774 3184 ﬁeri,
809 3134 931 3173 eum
956 3120 1102 3187 ipsos
1136 3118 1357 3189 angelos
1389 3134 1583 3172 nomen
1615 3132 1737 3172 esse
1773 3118 1935 3173 oIIicii
1969 3119 2067 3172 do-

480 3220 619 3277 ceat,
643 3227 749 3268 non
776 3220 1017 3275 naturae;
1053 3212 1106 3266 in
1143 3212 1296 3266 libris
1329 3212 1471 3266 enim
1506 3210 1643 3279 Περὶ
1672 3208 1881 3279 ἀρχῶν
1904 3220 1959 3266 et
1982 3225 2071 3264 an-

478 3304 647 3374 gelos,
694 3314 750 3356 et
796 3304 1043 3363 thronos,
1078 3312 1134 3357 et
1180 3303 1613 3368 dominationes,
1672 3310 1971 3373 potestates
2015 3310 2070 3356 et

479 3409 719 3454 rectores
745 3397 927 3450 mundi
960 3407 1012 3449 et
1040 3397 1409 3459 tenebrarum,
1436 3407 1489 3451 et
1513 3411 1674 3450 omne
1706 3410 1901 3451 nomen
1926 3395 2068 3465 quod

478 3495 792 3549 nominatur
820 3509 922 3546 non
960 3491 1132 3546 solum
1157 3492 1209 3544 in
1250 3492 1503 3559 praesenti
1534 3491 1752 3555 sarculo,
1789 3492 1881 3546 sed
1906 3492 1958 3546 in
1987 3492 2069 3545 fn-

481 3595 624 3648 turo,
668 3585 803 3639 dicit
836 3585 1050 3638 animas
1079 3596 1199 3637 esse
1251 3600 1437 3638 eorum
1476 3600 1787 3653 corporttm,
1821 3601 1941 3653 quae
1984 3586 2068 3640 vel

476 3676 771 3741 desiderio,
802 3678 883 3732 vel
909 3677 1213 3732 ministerio
1240 3677 1597 3744 susceperint.
1631 3696 1649 3729 ›
1684 3677 1932 3733 Profecto
1964 3695 2066 3733 nou

476 3778 561 3824 est
598 3781 905 3840 promptum
936 3770 1080 3825 dictu
1107 3784 1340 3838 quanam
1375 3770 1587 3824 ratione
1630 3770 1867 3823 animam
1899 3786 2069 3841 ange—

479 3863 546 3918 iis
574 3864 751 3918 inesse
804 3877 965 3933 posse
1004 3862 1274 3917 senserit:
1315 3878 1436 3915 nam
1478 3874 1837 3931 quaereretur,
1889 3865 2066 3918 anima

480 3955 570 4008 illa
612 3971 945 4026 rorporeane
987 3957 1079 4019 sit,
1112 3971 1180 4009 an
1216 3965 1428 4010 contra.
1464 3956 1795 4024 Corpoream
1838 3957 2069 4011 dixisset

479 4049 683 4120 utique,
718 4066 841 4104 nam
880 4050 1010 4104 nihil
1053 4060 1249 4117 praater
1286 4049 1452 4103 Deum
1491 4050 1864 4118 incorporeum
1896 4050 2065 4103 ducit.

477 4140 661 4198 Tenue
693 4158 823 4210 ergo
855 4152 909 4196 et
937 4156 1402 4208 ttionngrammum
1438 4156 1633 4209 corpus
1663 4143 1730 4194 ab
1768 4143 1874 4195 alio
1908 4142 2067 4212 longe

478 4236 794 4289 tenuissimo
829 4245 885 4287 et
916 4234 1317 4302 simplicissium
1361 4248 1589 4301 corpore
1618 4231 1913 4286 animatum
1945 4249 2066 4289 esse

477 4326 660 4379 dicere
704 4325 1000 4378 debuisset.
1039 4324 1143 4377 Sed
1192 4324 1348 4393 paulo
1395 4332 1555 4392 post,
1588 4326 1814 4390 num.2,
1848 4326 2067 4394 angelos

473 4418 720 4471 decernit
759 4432 939 4471 meras
966 4432 1085 4469 esse
1112 4418 1340 4469 animas.
1381 4436 1399 4468 ι
1442 4418 1515 4471 De
1550 4434 1615 4470 eu
1649 4432 1777 4471 vero
1805 4420 1944 4486 quod
1972 4417 2063 4471 Dei

478 4506 665 4558 anima
694 4506 745 4558 in
779 4505 1078 4574 Scripturis
1103 4506 1432 4569 nominatur,
1455 4507 1692 4575 qualiter
1722 4508 1943 4578 intelligi
1970 4510 2063 4563 de-

2100 1903 2142 1956 Β

2096 3259 2138 3314 C

2174 629 2376 684 stantia
2412 636 2517 682 est.
2545 647 2565 679 ι
2607 626 2737 681 Tale
2783 625 2984 690 aliquid
3030 624 3195 679 habet
3222 623 3315 677 lib.
3362 638 3400 676 ιι
3454 623 3509 674 in
3546 620 3760 675 Cantic.

2174 721 2455 784 canticor.,
2496 734 2619 789 pag.
2650 718 2716 773 58
2745 737 2759 773 :
2798 736 2817 770 ι
2856 717 2923 771 Et
2951 717 3131 771 adhuc
3155 714 3484 783 agnitionem
3528 714 3615 766 sui
3648 713 3765 765 ani-

2174 831 2257 869 ma
2289 815 2549 884 requirat,
2578 812 2623 867 si
2650 822 2734 866 est
2762 811 2959 881 aliquis
2984 810 3151 875 ordo,
3180 817 3275 862 aut
3298 817 3424 862 sunt
3451 804 3622 874 aliqui
3647 803 3762 872 spi-

2174 908 2311 962 ritus
2342 906 2581 977 ejusdem
2626 903 2940 959 substantia:
2972 917 3094 955 cum
3142 901 3283 969 ipsa,
3333 899 3424 953 alii
3470 912 3608 951 vero
3657 910 3765 950 non

2171 999 2435 1066 ejusdem,
2466 997 2559 1052 sed
2588 996 2787 1051 diversi
2822 996 2890 1049 ab
2912 1010 2997 1058 ea,
3032 993 3083 1047 id
3105 991 3270 1054 est,si
3298 1000 3425 1045 sunt
3449 998 3507 1042 et
3538 987 3634 1041 alii
3657 988 3767 1055 spi-

2176 1095 2311 1148 ritus
2341 1092 2718 1155 rationabiles,
2740 1100 2797 1144 ut
2824 1090 2936 1159 ipsa
2972 1096 3149 1153 est,st
3171 1086 3262 1140 alii
3293 1093 3550 1141 carentes
3590 1081 3765 1136 ratio-

2174 1202 2241 1242 ne
2271 1203 2284 1239 :
2312 1198 2365 1241 et
2394 1186 2439 1240 si
2468 1186 2658 1241 eadem
2685 1194 2767 1239 est
2819 1183 2987 1250 ipsius
3030 1196 3151 1251 qua:
3177 1189 3232 1235 et
3269 1178 3593 1246 angelorum
3637 1174 3766 1229 sub—

2173 1279 2661 1348 stantia,quoniam
2678 1274 3013 1349 jrationabile
3034 1290 3064 1328 a
3087 1271 3394 1329 rationabili
3416 1282 3764 1339 nequaquam

2174 1370 2396 1427 diﬁ‘erre
2422 1370 2683 1425 creditur.
2720 1386 2739 1421 ι

2245 1466 2352 1520 VII.
2387 1464 2718 1535 Angelorum
2758 1470 2940 1518 autem
2972 1463 3113 1517 inter
3140 1467 3196 1514 et
3224 1458 3535 1513 daemonum
3565 1468 3767 1525 corpus

2174 1556 2463 1611 discrimen
2513 1554 2728 1623 aliquod
2788 1552 3070 1608 tenuitatis
3124 1549 3443 1613 constituit,
3499 1548 3764 1617 quoniam

2173 1650 2443 1717 graviora,
2468 1647 2551 1703 vel
2581 1646 2865 1706 subtiliora
2895 1659 3159 1712 corpora,
3186 1658 3285 1712 pro
3317 1641 3617 1696 criminum
3649 1654 3767 1693 mo-

2174 1743 2263 1809 do,
2296 1740 2569 1796 mentibus
2592 1739 2771 1794 addita
2807 1737 2973 1793 fuisse
3006 1737 3257 1804 opinatus
3281 1744 3388 1797 est,
3409 1743 3470 1787 ut
3500 1732 3762 1786 diximus.

2177 1831 2466 1902 Postquam
2508 1832 2652 1886 enim
2698 1831 2767 1885 ob
2812 1827 3110 1899 nequitiam
3150 1828 3423 1881 daemones
3453 1823 3603 1879 caelo
3639 1832 3769 1878 sunt.

2171 1922 2470 1989 exturbati,
2500 1920 2775 1976 crassiore
2809 1920 3044 1987 quodam
3094 1933 3323 1987 corpore
3362 1918 3767 1985 circumseptus

2170 2031 2291 2071 esse
2318 2014 2664 2070 existimavit.
2704 2014 2795 2068 Sic
2825 2014 2916 2067 ille
2947 2022 3078 2066 tom.
3116 2028 3129 2066 I
3160 2013 3218 2065 in
3245 2011 3431 2075 Joan.,
3467 2024 3619 2069 unm,
3662 2008 3765 2062 l7:

2181 2111 2241 2162 'O
2262 2109 2591 2179 καλούμενος
2612 2107 2828 2179 δράκων
2850 2105 3001 2171 ἄξιος
3019 2104 3307 2185 γεγένηται
3340 2100 3644 2157 ἀποπεσὼν
3664 2102 3768 2173 τῆς

2170 2203 2419 2274 καθαρᾶς
2454 2202 2620 2272 ζωῆς,
2660 2200 2765 2271 πρὸ
2810 2201 3027 2254 πάντων
3065 2198 3343 2267 ἐνδεθῆναι
3379 2195 3484 2267 ὕλῃ
3521 2196 3621 2249 καὶ
3655 2193 3767 2248 σώ-

2177 2313 2326 2368 ματι.
2358 2295 2511 2360 Quod
2542 2295 2607 2348 de
2635 2292 2853 2347 diabolo
2882 2291 3096 2357 statuit,
3130 2292 3196 2345 de
3238 2289 3501 2342 omnibus
3547 2301 3769 2357 quoque

2172 2389 2506 2445 daemonibus
2556 2384 2964 2455 intelligendmu
3022 2392 3126 2439 est.
3182 2385 3359 2450 Atque
3408 2381 3515 2435 hoc
3569 2395 3769 2446 corpus

2171 2482 2411 2538 crassius
2457 2480 2584 2535 licet
2635 2478 2912 2547 angelico,
2941 2490 3063 2531 esse
3112 2485 3291 2529 tamen
3319 2476 3455 2529 dicit
3497 2473 3769 2543 prooemio

2172 2574 2264 2628 lib.
2301 2572 2442 2640 Περὶ
2475 2571 2697 2641 ἀρχῶν,
2737 2586 2888 2624 num.
2918 2568 2975 2635 8,
3012 2588 3031 2620 ι
3086 2567 3409 2622 naturaliter
3455 2566 3678 2630 subtile,
3709 2575 3767 2620 et

2170 2667 2317 2721 velut
2351 2680 2479 2719 aura
2517 2674 2696 2731 tenue,
2731 2683 2748 2715 ι
2781 2677 2845 2715 ex
2879 2676 3005 2715 aere
3053 2660 3307 2715 nimirum
3367 2660 3585 2713 rariore
3634 2672 3769 2712 con-

2173 2768 2397 2813 textum.
2432 2756 2583 2824 Quod
2621 2757 2674 2809 in
2700 2770 2766 2810 eo
2789 2753 3064 2823 redarguit
3093 2751 3460 2822 Hieronymus
3488 2753 3652 2819 epist.
3669 2750 3763 2812 59,

2172 2852 2237 2905 ad
2259 2850 2427 2915 Avit.,
2460 2863 2581 2917 cap.
2618 2849 2670 2903 1.
2704 2848 2773 2902 At
2801 2861 2919 2901 eam
2948 2856 3126 2899 tamen
3154 2859 3448 2913 corporum
3474 2844 3769 2899 diversita-

2174 2952 2279 2997 tem
2314 2941 2454 2996 citra
2488 2940 2653 2993 ullum
2706 2948 2913 2993 naturae
2948 2938 3239 2993 discrimen
3275 2937 3544 3007 Origenes
3571 2938 3769 2991 admit-

2173 3036 2257 3091 tit.
2286 3033 2569 3089 Diabolum
2601 3032 2803 3102 quippe
2841 3031 2985 3084 inter
3016 3040 3071 3083 et
3098 3028 3344 3098 angelum
3372 3029 3542 3082 ullam
3570 3029 3767 3092 οὐσίας

2172 3128 2528 3183 diﬁ'erentiam
2571 3140 2691 3181 esse
2742 3135 2901 3194 negat
2933 3134 3061 3178 tom.
3100 3140 3171 3185 xx
3195 3124 3249 3175 in
3273 3121 3464 3184 Jonn.,
3501 3121 3761 3176 nutn.20.

2173 3219 2280 3273 Nec
2308 3227 2568 3286 repugnat
2593 3216 2733 3282 quod
2768 3217 2983 3285 scripsit
3015 3216 3104 3269 lib.
3135 3230 3190 3267 IlI
3210 3221 3395 3266 contra
3418 3211 3584 3277 Cels.,
3612 3229 3763 3269 num.

2172 3313 2236 3366 57
2274 3330 2287 3365 :
2321 3312 2384 3365 Οἱ
2408 3310 2463 3364 δὲ
2482 3309 2575 3364 τοῦ
2597 3308 2732 3362 Θεοῦ
2757 3309 2888 3362 ϐεῖοι
2922 3311 3014 3362 καὶ
3036 3308 3177 3376 ἆγιοι
3210 3305 3435 3375 ἄγγελοι
3459 3308 3632 3376 ἄλλης
3656 3306 3766 3360 εἰσὶ

2172 3404 2405 3473 φύσεως,
2447 3405 2539 3457 καὶ
2572 3402 2943 3475 προαιρέσεως
2968 3402 3118 3471 παρὰ
3151 3403 3277 3464 τοὺς
3296 3401 3393 3454 ἐπὶ
3413 3401 3523 3471 γῆς
3556 3400 3767 3461 πάντας

2171 3499 2454 3567 δαίμονας.
2484 3496 2641 3550 Aliud
2670 3505 2753 3549 est
2787 3496 2930 3549 enim
2966 3493 3145 3562 φύσις.
3181 3494 3326 3547 aliud
3361 3493 3549 3546 οὐσία..

2242 3587 2375 3643 VIII.
2400 3589 2574 3656 Atque
2607 3586 2821 3653 singula
2868 3586 2982 3639 hzrc
3013 3585 3205 3651 placita
3245 3584 3472 3639 Patrum
3504 3597 3765 3638 numerus

2172 3680 2429 3741 defendit,
2457 3678 2547 3748 qui
2590 3688 2648 3731 ut
2676 3679 2727 3732 in
2764 3692 2820 3731 re
2852 3677 3083 3741 incerta,
3117 3691 3294 3745 neque
3345 3676 3765 3731 deﬁnitionibus

2173 3772 2423 3827 Ecclesiae
2467 3769 2903 3839 circumscripta,
2930 3770 3111 3825 animo
3139 3785 3235 3823 suo
3261 3770 3583 3841 morigerati
3614 3778 3763 3827 sunt.

2169 3865 2472 3933 Corporeos
2504 3879 2623 3918 esse
2663 3865 2880 3934 angelos
2909 3864 3129 3933 quinam
3166 3877 3229 3916 ex
3270 3861 3379 3916 illis
3424 3862 3761 3931 puniverint,

2170 3959 2366 4024 partim
2425 3956 2708 4010 laudamus
2764 3957 2814 4009 in
2888 3956 3363 4009 observationibus
3433 3955 3638 4008 nostris
3690 3953 3763 4008 ad

2170 4065 2289 4119 pag.
2335 4048 2441 4103 81⁸5
2478 4049 2610 4101 ιυιιιί
2659 4064 2768 4101 xvu
2810 4045 3100 4100 Comment.
3161 4046 3408 4113 Or'gem's
3468 4047 3526 4099 in
3566 4046 3760 4100 Matth.

2170 4143 2374 4211 Quibus
2395 4142 2518 4196 addi
2550 4150 2774 4204 possunt
2795 4140 3042 4195 Justinus
3066 4141 3117 4193 iu
3146 4138 3358 4208 Dialog.
3394 4156 3515 4192 runt
3538 4138 3763 4210 Tryph.;

2170 4237 2417 4291 Clemens
2442 4233 2845 4287 Alexandrinus
2880 4229 3096 4298 Pwdag.
3140 4230 3231 4283 lib.
3266 4247 3304 4294 I,
3336 4247 3458 4299 cap.
3485 4231 3555 4296 6;
3587 4232 3771 4285 Maca-

2170 4329 2281 4381 rius
2309 4327 2452 4379 hom.
2474 4325 2538 4388 4;
2567 4324 2869 4378 Methodius
2893 4324 3032 4389 apud
3060 4320 3474 4383 Pliotium,cod.
3495 4337 3762 4383 ccxxxrv;

2168 4420 2399 4491 Cyrillus
2424 4420 2515 4473 lib.
2538 4434 2590 4473 ιιι
2634 4421 2686 4471 in
2715 4416 2878 4471 Joan.
2905 4433 2918 4481 ;
2946 4413 3260 4471 Gennadius
3288 4415 3383 4471 lib.
3426 4414 3502 4469 De
3523 4416 3760 4485 dogmar.

2169 4512 2396 4576 Eccles.,
2434 4528 2555 4582 cap.
2583 4512 2642 4565 11
2679 4519 2732 4564 et
2754 4510 2823 4564 12
2855 4528 2869 4575 ;
2897 4509 3201 4564 Bernardus
3228 4508 3323 4562 lib.
3360 4524 3391 4560 v
3419 4508 3499 4562 De
3524 4509 3771 4561 conside-

477 4597 620 4653 beat.
648 4606 701 4649 et
727 4598 953 4663 sentire,
978 4608 1031 4651 et
1068 4598 1309 4666 proferre
1336 4597 1549 4652 diﬁicile
1578 4608 1693 4663 est;
1720 4599 1885 4653 semel
1921 4600 2063 4654 enim
2098 4601 2141 4654 D
2174 4609 2377 4658 ratione
2398 4605 2465 4657 ad
2498 4604 2824 4672 Eugenium,
2856 4613 2911 4655 et
2942 4601 3030 4654 alii
3064 4602 3399 4670 complures.
3431 4601 3571 4666 Quid
3612 4600 3763 4667 quod

476 4688 775 4757 simplicem
809 4689 957 4742 illam
996 4700 1342 4755 naturam,et
1372 4691 1577 4757 absque
1612 4689 1775 4744 ullius
1803 4688 2064 4757 abjectio-

476 4781 561 4833 nis
594 4781 941 4847 permistioue
963 4782 1279 4850 proﬁtemur
1303 4799 1315 4833 :
1340 4794 1514 4836 tamen
1537 4786 1917 4852 quoquomodo
1944 4798 2067 4838 seu-

476 4873 718 4927 tiendmn
754 4883 856 4937 est,
900 4875 1173 4928 nominari
1224 4875 1441 4929 interim
1477 4876 1568 4929 Dei
1598 4876 1778 4930 anima
1818 4876 2061 4945 videtur;

474 4966 539 5020 de
580 4965 797 5021 Christo
840 4983 969 5021 vero
1014 4985 1120 5021 non
1167 4968 1463 5023 dubitatur.
1502 4970 1565 5023 Et
1614 4970 1736 5023 ideo
1782 4986 1888 5024 non
1934 4973 2062 5027 mihi

472 5058 686 5113 videtur
718 5061 1009 5115 absurdum
1057 5060 1220 5115 etiam
1266 5061 1333 5115 de
1383 5062 1590 5115 sanctis
1635 5061 1874 5129 angelis,
1904 5075 2057 5117 caste-

472 5148 659 5216 risque
691 5150 1005 5204 emlestibus
1038 5150 1332 5203 virtutibus
1374 5151 1477 5203 tale
1510 5151 1709 5218 aliqttid
1744 5151 1823 5205 vel
1851 5151 2054 5216 dicere,

470 5240 554 5292 vel
591 5241 799 5294 sentire
830 5260 842 5294 :
869 5242 1135 5310 siquidem
1181 5241 1421 5297 deﬁnitio
1446 5243 1532 5296 illa
1578 5244 1771 5296 animae
1808 5244 1968 5297 etiam
2003 5244 2055 5297 in

473 5330 619 5400 ipsos
668 5332 881 5387 videtur
931 5335 1229 5388 incurrere.
1289 5332 1420 5400 Quis
1472 5335 1612 5388 enim
1667 5335 2059 5390 rationabiliter

472 5424 758 5479 sensibiles
792 5441 887 5480 eos
918 5440 1073 5485 esse.
1107 5425 1191 5479 vel
1231 5426 1456 5479 mobiles
1506 5426 1705 5494 poterit
1748 5428 2059 5495 denegare?

473 5517 625 5579 Quod
657 5517 699 5571 si
737 5528 881 5570 recta
910 5518 1011 5571 ista
1054 5519 1270 5570 videtur
1302 5532 1419 5571 esse
1455 5517 1717 5581 deﬁnitio,
1754 5520 1893 5584 quod
1932 5520 2060 5572 sub-

475 5605 672 5659 stantia
728 5607 1125 5661 rationabiliter
1171 5607 1479 5671 sensibilis,
1517 5619 1573 5661 et
1626 5610 1840 5665 mobilis
1876 5610 2054 5662 anima

475 5697 709 5757 dicatur,
737 5698 947 5751 videtur
974 5699 1087 5751 haec
1113 5698 1305 5752 eadem
1332 5699 1575 5751 deliuitio
1598 5701 1761 5753 etiam
1793 5699 1861 5753 ad
1886 5715 2052 5769 ange-

477 5804 557 5839 los
596 5788 887 5852 pertinere.
931 5789 1068 5853 Quid
1098 5788 1243 5842 enim
1273 5788 1417 5842 aliud
1453 5792 1504 5843 in
1541 5792 1643 5844 illis
1669 5808 1831 5860 quant
1865 5807 2054 5846 sensus

480 5879 810 5934 rationabilis
855 5892 908 5934 et
942 5890 1119 5935 motus
1146 5892 1227 5937 est
1257 5882 1279 5936 ?
1310 5881 1545 5948 Quorum
1580 5895 1755 5939 autem
1787 5900 1891 5940 una
1922 5885 2052 5940 deﬁ-

2166 4698 2409 4752 eamdcm
2438 4697 2763 4750 sententiam
2800 4696 2851 4748 in
2907 4695 3051 4747 Actis
3083 4695 3326 4761 septima:
3378 4693 3570 4763 synodi
3601 4706 3767 4747 (ecu—

2168 4790 2408 4852 meuicaa,
2446 4804 2552 4841 non
2598 4786 2874 4840 deﬁnitam
2903 4786 3142 4856 quidem,
3176 4785 3270 4839 sed
3305 4794 3487 4840 tamen
3533 4799 3771 4854 expres-

2164 4899 2279 4936 sam
2322 4882 2662 4950 reperimus:
2695 4882 2831 4934 adeo
2859 4881 2983 4932 trita
3023 4895 3143 4945 usu,
3180 4888 3235 4931 et
3259 4880 3766 4933 vetustissimorum

2170 4973 2543 5042 theologorum
2590 4987 2862 5025 consensu
2896 4970 3148 5023 tralatitia
3183 4970 3282 5023 Iuit
3309 4985 3376 5024 ea
3411 4971 3617 5039 opinio.

2240 5061 2556 5115 Notavimus
2610 5062 2899 5131 Origenem
2936 5076 3161 5130 corpora
3207 5060 3335 5114 licet
3371 5062 3578 5128 angelis
3604 5060 3771 5112 aliin-

2156 5167 2389 5225 gentem,
2439 5158 2625 5210 eadem
2678 5156 2809 5223 ipsis
2868 5154 3158 5222 aliquando
3215 5156 3509 5209 detrahere
3552 5153 3769 5223 visum.

2154 5251 2297 5305 ldetn
2333 5251 2625 5305 observare
2655 5248 2778 5302 licet
2820 5250 2871 5299 in
2905 5248 3105 5302 Basilio
3132 5249 3223 5318 qui
3272 5248 3524 5316 quamvis
3559 5259 3771 5311 corpo-

2156 5360 2275 5399 reos
2305 5343 2527 5412 angelos
2552 5340 2749 5395 dixerit
2776 5340 2870 5395 lib.
2904 5340 2978 5394 De
3015 5339 3217 5408 Spiritu
3252 5350 3461 5403 sancto,
3503 5353 3621 5406 cap.
3656 5336 3772 5401 16,

2157 5447 2210 5491 et
2250 5436 2399 5500 alibi,
2441 5436 2658 5489 eosdem
2713 5444 2891 5488 tamen
2930 5434 3172 5503 corporis
3203 5444 3461 5503 expertes
3488 5449 3608 5488 esse
3645 5432 3771 5490 lib.

2156 5545 2209 5582 tv
2235 5540 2415 5583 contra
2452 5526 2684 5582 Eunom.
2735 5528 2984 5582 aﬁirmat.
3019 5524 3171 5581 Unde
3213 5542 3348 5581 vero
3390 5538 3508 5581 orta
3560 5536 3639 5580 est
3705 5528 3777 5581 in

2156 5620 2385 5691 Origene
2438 5624 2724 5677 observata
2769 5638 2799 5675 a
2853 5620 3005 5675 nobis
3063 5621 3455 5689 discrepantia,
3511 5619 3775 5675 indidem

2154 5719 2242 5770 illa
2286 5734 2499 5787 quoque
2546 5717 2732 5771 Basilii
2780 5717 3016 5787 profecta
3064 5726 3169 5781 est,
3212 5732 3277 5771 ex
3321 5732 3510 5773 vocum
3554 5732 3781 5786 nempe

2152 5812 2341 5877 abusu,
2367 5821 2413 5864 et
2440 5812 2767 5867 crassiorum
2794 5827 3077 5879 corporum
3100 5822 3367 5879 respectu.
3399 5811 3600 5879 Optime
3618 5810 3779 5862 (Zar-

2152 5906 2328 5962 sarius
2379 5906 2583 5977 Dialog.
2640 5924 2678 5976 t,
2747 5910 3005 5977 interrog.
3082 5905 3150 5960 18
3194 5946 3206 5960 .
3274 5903 3569 5975 Ἀσὼματοι
3642 5906 3778 5974 μὲν
