3916 6520
188 416 271 490 853
985 430 1564 489 ORIGENIANORUM
1605 433 1731 489 LIB.
1774 432 1841 498 ιι,
1882 433 2035 489 car.
2078 434 2143 499 ιι,
2183 432 2459 500 QUA‘ZST.
2504 430 2570 485 v.

3311 422 3416 478 854

186 546 255 602 οὖν
300 546 515 615 ἄγγελοι
568 547 693 602 καθ’
737 548 903 620 ἡμᾶς,
941 549 1099 621 σῶμα
1136 550 1193 604 δὲ
1235 551 1353 605 καθ’
1373 553 1632 617 ἑαυτοὺς,
1669 552 1743 615 ὼς

1849 573 1973 640 reis,
2001 584 2122 642 post
2156 572 2362 643 lapsum
2409 585 2538 626 vero
2583 565 2941 625 crassioribns
2974 564 3206 635 illigatos
3249 562 3416 617 fuisse

181 643 367 711 ἄνεμος,
421 640 453 710 ἥ
512 639 664 711 πῦρ,
722 641 754 712 ἢ
819 642 1126 714 καπνὸς,ἢ
1179 645 1316 716 ἀήρο
1360 644 1588 717 σώματα
1636 645 1743 717 γὰρ

182 734 448 803 ὑπάρχουσι
489 732 689 795 λεπτὰ,
720 735 816 786 καὶ
860 733 994 787 ἄΰλα
1014 774 1028 799 ,
1061 734 1165 801 ἔξω
1197 737 1294 807 τῆς
1323 739 1597 809 ἡμετέρας
1636 756 1743 790 πα-

181 826 392 898 χύτητος·
436 824 674 895 σώματα
729 827 839 899 γὰρ
889 829 1207 901 ἐπουράνια,
1237 833 1332 885 καὶ
1356 830 1583 903 σώματα
1617 832 1741 885 ἐπί-

180 918 277 987 γειά
306 934 461 987 φησιν
486 920 516 970 ὁ
542 918 704 987 ἅγιος
752 920 1089 984 Ἀπόστολος.
1139 941 1155 973 ι
1186 924 1489 991 lncorporei
1524 925 1738 992 quidem

179 1009 463 1077 suntangeli
492 1014 799 1066 secundum
829 1029 955 1078 nos;
1007 1029 1205 1083 corpus
1236 1030 1361 1070 vero
1386 1026 1514 1069 sunt
1541 1030 1741 1070 secnno

180 1101 278 1154 dum
318 1116 389 1161 se.
443 1113 500 1155 ut
535 1114 761 1169 ventus,
805 1106 887 1159 vel
921 1106 1079 1176 ignis,
1122 1108 1203 1159 vel
1262 1107 1463 1172 fumus,
1497 1109 1580 1164 vel
1624 1124 1743 1181 aer.

179 1193 380 1262 Corpora
414 1196 564 1248 enim
608 1207 741 1249 sunt
770 1197 975 1260 tenuia,
1005 1198 1247 1252 materiae
1274 1200 1514 1268 expertia
1535 1241 1551 1265 ,
1585 1211 1737 1254 extra

179 1297 381 1343 nostram
424 1288 878 1342 crassitudinem.
918 1289 1158 1357 Corpora
1205 1291 1348 1345 enim
1389 1293 1656 1359 cmlestia,
1685 1303 1739 1347 et

177 1394 367 1447 corpora
398 1381 690 1433 terrestria
725 1380 867 1451 dicit
888 1391 1109 1435 sanctus
1149 1382 1440 1449 Apostolus
1472 1386 1537 1438 ¹¹.
1584 1405 1604 1439 ι
1638 1386 1733 1440 Cui

178 1471 471 1524 simillnnum
521 1470 659 1523 illud
696 1480 781 1526 est
824 1471 1070 1527 Cassiani
1120 1472 1310 1528 Collat.
1344 1492 1439 1538 vn,
1469 1491 1588 1544 cap.
1622 1478 1729 1531 1'5:

179 1582 194 1613 ι
218 1561 346 1617 Licet
373 1563 521 1617 enim
553 1564 976 1633 pronuntiemus
1010 1567 1299 1622 nonnullas
1331 1583 1450 1623 esse
1479 1570 1733 1639 spiritua-

178 1659 236 1713 les
262 1663 495 1719 naturas,
526 1668 586 1710 ut
626 1666 757 1714 sunt
802 1658 1015 1726 angeli,
1052 1659 1387 1729 archangeli,
1414 1673 1731 1730 caalerzeque

180 1748 377 1807 virtutes,
398 1746 511 1813 ipsa
540 1760 765 1815 quoque
790 1748 967 1801 anima
1002 1759 1209 1812 nostra,
1237 1749 1317 1803 vel
1342 1760 1488 1806 certe
1518 1767 1612 1806 aer
1631 1753 1731 1806 iste

174 1837 388 1901 subtilis;
434 1846 621 1889 tamen
674 1836 1011 1906 incorporea:
1059 1839 1367 1892 nullatenus
1403 1839 1728 1895 aestimandae

174 1941 287 1984 sunt.
323 1930 533 1984 Habent
568 1932 722 1984 enim
756 1933 1053 1984 secundum
1099 1946 1159 1986 se
1204 1946 1422 2000 corpus,
1468 1947 1575 2001 quo
1600 1934 1727 1987 sub-

86 2022 89 2025 ’
174 2024 351 2086 sistunt,
370 2022 493 2076 licet
526 2022 707 2076 multo
733 2022 947 2076 tenuius
965 2036 1123 2090 quam
1153 2038 1271 2078 nos.
1295 2023 1426 2077 Nam
1450 2034 1575 2079 sunt
1600 2040 1726 2079 cor-

174 2130 272 2181 pora
298 2116 595 2169 secundum
619 2114 869 2185 Apostoli
892 2116 1219 2172 sententiam
1248 2117 1319 2171 ita
1348 2117 1577 2173 dicentis
1608 2136 1625 2173 :
1666 2118 1731 2173 Et

175 2222 364 2275 corpora
402 2207 686 2273 caelestia,
732 2218 790 2262 et
824 2219 1051 2276 corpora
1087 2211 1362 2263 terrestria
1397 2210 1460 2263 ι’.
1505 2230 1523 2261 ι
1556 2210 1732 2279 Appo-

172 2299 249 2349 site
280 2297 395 2351 item
421 2296 736 2367 Gregorius
764 2296 992 2368 Magnus
1012 2299 1234 2363 Moral.,
1260 2315 1378 2369 cap.
1400 2301 1433 2354 5
1463 2320 1476 2354 :
1515 2319 1533 2351 ι
1565 2300 1728 2354 Corn-

171 2390 408 2456 paratione
444 2390 682 2458 quidem
708 2399 1017 2443 nostrorum
1043 2405 1330 2461 corporum
1361 2392 1580 2461 angelos
1626 2393 1732 2460 spi-
1762 2417 1773 2428 -

173 2480 279 2534 ritus
306 2495 417 2535 esse
449 2482 627 2545 dicit;
666 2482 763 2535 sed
804 2482 1207 2549 comparatione
1239 2483 1433 2536 summi
1476 2493 1531 2538 et
1560 2484 1727 2538 incir-

170 2571 441 2641 cumscripti
475 2570 728 2640 Spiritus
749 2586 871 2627 esse
890 2587 1104 2640 corpus.
1142 2590 1161 2624 ι
1192 2572 1288 2627 Cui
1314 2574 1463 2643 paria
1500 2576 1730 2630 succinit

173 2662 502 2719 Damascenus
531 2665 633 2719 lih.
671 2680 713 2719 ll
748 2664 824 2719 De
855 2665 1041 2719 ortliod
1068 2664 1188 2733 ﬁd.,
1219 2680 1338 2735 cap.
1372 2665 1426 2722 5.
1457 2665 1589 2719 Hinc
1619 2668 1729 2722 Au-

171 2755 376 2823 gusliuus
413 2757 710 2811 sexcentis
745 2755 871 2811 licet
898 2755 1033 2810 locis
1073 2771 1390 2826 corpoream
1415 2758 1726 2828 angelorum

170 2861 265 2899 esse
294 2857 542 2902 naturam
582 2849 1041 2923 propugnaverit,
1087 2849 1379 2917 aliquando
1412 2861 1587 2905 tamen
1618 2853 1729 2918 spi-

172 2940 397 3003 ritualem,
425 2951 482 2994 et
522 2940 941 2994 intellectualem
965 2955 1083 2995 eam
1114 2941 1727 3010 appellat,quemadmo-

171 3031 268 3083 dum
311 3034 613 3087 Cassianus
641 3044 698 3087 et
727 3030 1057 3101 Bernardus,
1099 3034 1190 3104 qui
1226 3050 1328 3087 non
1360 3034 1519 3088 aliam
1547 3044 1725 3089 tamen

171 3138 299 3190 quam
345 3124 697 3193 Augustinus
751 3124 1057 3191 Opinionem
1092 3126 1361 3193 persecuti
1414 3135 1559 3179 sunt.
1609 3126 1727 3195 Ipse

1843 667 2159 735 corporibus
2193 665 2437 720 deﬁnivit
2486 662 2768 733 Origenes,
2819 662 2870 715 in
2903 676 2969 714 eo
3014 654 3415 713 consentientes

1841 757 2008 812 habet
2054 755 2341 811 Minutium
2374 754 2632 816 Felicem,
2666 754 2757 823 qui
2795 772 2813 803 ι
2852 752 2985 806 istos
3015 749 3237 817 spiritus
3278 745 3413 800 sitn-

1840 848 2136 919 plicitatem
2178 847 2495 902 substantiae
2534 861 2644 901 sua:
2681 843 2980 914 perdidisse
3011 862 3029 892 ι
3066 840 3335 902 decernit,
3360 849 3415 893 et

1839 941 2196 1011 Augustinum
2217 939 2307 1010 qui
2338 939 2418 993 sic
2445 938 2663 992 disserit
2692 936 2787 993 lib.
2818 952 2877 991 ιιι
2905 934 2976 988 De
3007 932 3189 987 Cenes.
3212 932 3279 984 ad
3301 931 3411 997 lit.,

1841 1051 1961 1105 cap.
1995 1034 2104 1088 ll):
2136 1051 2155 1083 ι
2189 1031 2246 1087 Si
2290 1041 2469 1085 autem
2528 1038 2951 1100 transgressores
2987 1027 3087 1090 illi,
3121 1035 3412 1093 antequam

1843 1128 2365 1197 transgrederentur,
2383 1122 2623 1177 caelestia
2655 1135 2879 1189 corpora
2911 1119 3206 1189 gerebant,
3239 1132 3413 1187 neque

1842 1221 1941 1276 hoc
1966 1219 2161 1272 mirum
2194 1226 2297 1281 est,
2318 1215 2363 1270 si
2392 1228 2652 1269 conversa
2684 1221 2808 1267 sunt
2830 1225 2896 1266 ex
2925 1226 3080 1280 plena
3108 1208 3161 1263 in
3196 1222 3410 1262 aeream

1837 1311 2177 1382 qualitatem.
2214 1327 2235 1361 ι

1907 1403 2059 1458 Nunc
2079 1416 2228 1467 vero,
2248 1400 2349 1455 etsi
2373 1413 2627 1469 expresse
2649 1397 2716 1451 ab
2740 1394 2981 1451 Ecclesia
3004 1393 3282 1448 deﬁnitum
3306 1407 3412 1446 non

1834 1508 1939 1561 est,
1973 1506 2154 1550 utrum
2202 1493 2383 1562 angeli
2430 1491 2750 1560 corporibus
2799 1487 3056 1557 implicati
3095 1486 3223 1546 sint.
3264 1499 3415 1538 com-

1837 1603 1998 1643 mune
2030 1600 2207 1641 tamen
2254 1587 2355 1640 hoc
2385 1593 2467 1639 est
2515 1598 2579 1638 ac
2621 1594 2917 1650 receptum,
2949 1590 3003 1634 et
3039 1578 3410 1647 theologorum

1832 1683 2073 1738 omnium
2125 1695 2390 1736 consensu
2434 1677 2788 1746 approbatum
2838 1675 3059 1743 dogma,
3091 1672 3230 1741 quod
3258 1670 3404 1723 omni

1834 1778 1951 1832 illos
1971 1788 2196 1844 corpore
2210 1773 2425 1843 spoliat,
2443 1782 2501 1824 ut
2524 1770 2856 1824 contrarium
2880 1766 3127 1835 quisquis
3147 1764 3302 1819 hodie
3320 1763 3402 1815 af-

1760 1905 1801 1959 B
1836 1869 2165 1931 ﬁrmaverit,
2194 1881 2291 1935 pro
2347 1867 2635 1918 temerario
2685 1869 2739 1914 et
2783 1859 3081 1927 prieﬁdenti
3131 1856 3412 1912 habendus

1831 1963 1901 2018 sit
1927 1970 2243 2031 :postquam
2267 1959 2318 2012 in
2348 1958 2398 2011 id
2421 1957 2700 2010 decretura
2729 1951 3006 2009 consensit
3042 1948 3411 2004 Lateranense

1830 2052 2118 2110 concilium
2151 2065 2270 2119 cap.
2303 2049 2329 2103 l
2369 2065 2382 2100 :
2432 2067 2451 2099 ι
2496 2046 2725 2101 Creator
2764 2043 3006 2096 omnium
3063 2037 3409 2093 invisibilinm

1832 2154 1888 2200 et
1919 2142 2234 2207 visibilium,
2260 2138 2624 2209 spiritualium
2654 2149 2709 2191 et
2765 2133 3153 2204 corporalium,
3182 2130 3275 2199 qui
3312 2144 3410 2183 sua

1830 2230 2183 2300 omnipotenti
2208 2230 2408 2284 virtute
2434 2228 2593 2283 simul
2628 2229 2695 2283 ab
2730 2227 2882 2283 initio
2914 2222 3170 2293 temporis
3205 2230 3410 2272 utram-

1831 2336 1937 2391 que
1964 2321 2031 2375 de
2070 2320 2242 2375 nihilo
2290 2320 2534 2376 condidit
2585 2328 2897 2375 creaturam
2921 2355 2937 2382 ,
2966 2311 3297 2383 spiritualem
3354 2322 3412 2364 et

1830 2412 2190 2481 corporalem,
2233 2411 2535 2482 angelicam
2570 2407 2823 2463 videlicet
2861 2415 2915 2460 et
2954 2403 3308 2465 mundanam,
3344 2415 3409 2454 ac

1829 2504 2024 2559 deinde
2052 2503 2381 2569 humanam,‘
2405 2502 2558 2571 quasi
2608 2512 2949 2556 communem
2984 2511 3051 2550 ex
3096 2506 3323 2562 corpore
3354 2500 3411 2545 et

1830 2596 2023 2663 spiritu
2058 2597 2423 2652 constitutam.
2462 2613 2479 2645 ι
2521 2593 2639 2661 Quo
2672 2593 2890 2647 decreto
2922 2586 3258 2657 Origenistas
3301 2582 3423 2653 petit

1835 2685 1891 2741 S.
1925 2686 2160 2742 Thomas
2189 2687 2563 2743 existimabat.

1905 2776 1995 2835 IX.
2023 2778 2195 2833 Porro
2239 2777 2496 2847 quidquid
2528 2776 2595 2831 de
2642 2771 2847 2843 angelis
2877 2768 3097 2824 tradidit
3124 2766 3407 2836 Origenes,

1830 2873 1915 2929 vel
1963 2872 2138 2927 sacris
2190 2870 2273 2924 vel
2327 2867 2571 2936 profanis
2616 2863 2935 2919 auctoribus
2999 2871 3271 2927 utcunque
3325 2855 3412 2910 de-

1830 2965 2055 3020 fendere
2078 2962 2272 3033 potuit.
2296 2960 2507 3028 Corpus
2531 2958 2736 3028 angelis
2757 2954 2955 3012 ascribi
3005 2954 3218 3009 videtur
3269 2949 3407 3019 psal.

1829 3074 1945 3120 cna,
1981 3058 2053 3111 ιε
2104 3076 2123 3108 ς
2157 3054 2258 3121 Qui
2296 3054 2430 3107 facis
2458 3050 2678 3121 angelos
2714 3058 2836 3105 tuos
2864 3046 3109 3119 spiritus,
3145 3052 3201 3100 et
3244 3041 3408 3096 mini-

1831 3164 1974 3207 stros
2018 3159 2139 3203 tuos
2182 3146 2359 3213 ignem
2410 3150 2721 3197 urentem.»
2781 3138 2910 3206 Quae
2952 3136 3200 3207 quamvis
3250 3132 3409 3186 aliter

168 3231 345 3314 ί¹¹¹⁰⁴ῙΪ¹⁴⁵
375 3217 766 3271 ΤθΓ¹¹¹¹¹ί³¹¹¹¹⁵
795 3216 897 3314 _m"
932 3216 1005 3314 δέ
1047 3234 1203 3314 ⁶⁰⁷Ῐ²ῗ
1239 3215 1455 3314 δίῗῗίδίῄ
1506 3232 1623 3314 cal”
1658 3218 1723 3281 δ’
1753 3249 1795 3304 C
1829 3242 2021 3314 exponi
2064 3238 2293 3311 possint,
2341 3237 2510 3290 Deum
2568 3248 2761 3303 nempe
2804 3242 2967 3286 vento
3018 3239 3070 3283 et
3113 3229 3258 3297 igne,
3290 3237 3406 3279 tan-

167 3309 349 3376 angelos
392 3328 410 3360 ι
460 3319 688 3363 natura:
723 3310 1041 3362 substantim
1071 3310 1401 3377 spiritualis;
1436 3321 1490 3364 et
1525 3310 1568 3364 si
1600 3325 1725 3363 cor-

167 3402 283 3466 poris
312 3402 575 3469 aliCujus,
604 3402 690 3457 sui
726 3412 904 3456 tamen
936 3404 1149 3472 generis
1189 3422 1207 3455 ι
1251 3418 1371 3459 esse
1397 3404 1653 3458 declarat.

220 3492 481 3551 lia-sitalio
542 3511 769 3566 quoque
806 3495 892 3549 illa
953 3496 1218 3565 Origenis,
1262 3513 1367 3565 qua
1416 3497 1629 3552 dubitat
1658 3514 1723 3551 an

167 3600 329 3654 praeter
354 3605 567 3659 corpus
596 3588 843 3642 animam
868 3602 1081 3657 quoque
1105 3569 1307 3658 angelis
1336 3588 1601 3657 assignet,
1634 3589 1727 3641 de-

165 3679 369 3735 fenditur
401 3681 751 3736 auctoritate
780 3678 1056 3733 Claudiani
1098 3678 1342 3734 Mamerti
1381 3679 1723 3746 Viennensis,

162 3772 501 3845 etFulgentii,
547 3788 783 3842 quorum
817 3770 904 3826 ille
933 3770 1250 3839 pronuntiat
1290 3789 1310 3822 ‹
1347 3780 1599 3827 constare
1626 3786 1725 3824 an—

162 3861 308 3929 gelum
331 3882 393 3918 ex
425 3879 674 3934 corpore
697 3872 754 3918 et
777 3863 968 3932 spiritu
1002 3862 1268 3932 praecipua
1290 3863 1428 3917 inter
1450 3870 1726 3917 creaturas

162 3956 390 4025 dignitate
425 3959 715 4021 formato;
764 3976 782 4008 ι
823 3955 983 4024 hujus
1010 3968 1140 4009 vero
1175 3955 1341 4009 verba
1372 3954 1485 4009 haec
1523 3963 1649 4009 sunt
1674 3955 1724 4008 in

162 4044 272 4101 libro
306 4049 378 4102 De
430 4050 711 4104 Trinilale
739 4063 758 4101 :
788 4066 808 4099 ε
842 4047 1013 4101 Plane
1053 4062 1118 4101 ex
1162 4047 1357 4116 duplici
1392 4061 1486 4101 eos
1528 4045 1727 4119 (ange-

162 4137 243 4210 Ιο»)
270 4158 384 4197 esse
420 4142 741 4198 substantia
773 4149 1023 4196 asserunt
1053 4140 1231 4209 magni
1266 4148 1321 4195 et
1347 4140 1488 4195 docti
1519 4140 1641 4197 viri.
1673 4140 1727 4194 id

159 4241 305 4288 estex
331 4238 533 4303 spiritu
574 4236 920 4303 incorporeo,
946 4249 1055 4304 quo
1088 4250 1116 4286 a
1141 4233 1235 4287 Dei
1268 4222 1728 4303 contemplatiOne

160 4337 403 4393 nunquam
437 4328 825 4383 recedunt:et
855 4340 921 4382 ex
944 4341 1194 4395 corpore,
1213 4341 1311 4396 per
1334 4329 1477 4396 quod
1508 4342 1574 4383 ex
1599 4338 1729 4383 tern-

158 4427 264 4477 pore
296 4421 625 4474 hominibus
652 4428 936 4488 apparent.
968 4438 987 4473 ι
1027 4420 1096 4474 At
1126 4421 1454 4489 Augustinus
1473 4424 1727 4491 praeditos

158 4508 327 4566 animis
357 4513 596 4583 angelos
624 4527 747 4566 esse
771 4520 949 4581 negat,
970 4520 1027 4567 et
1056 4523 1176 4581 post
1198 4514 1554 4581 Augustinum
1585 4514 1727 4569 Fau-

1827 3353 1988 3406 quam
2038 3334 2301 3389 ministris
2332 3341 2386 3384 et
2426 3328 2658 3399 angelis,
2701 3325 2993 3396 aliquando
3016 3321 3126 3386 uti;
3161 3331 3215 3374 et
3248 3330 3408 3373 vento

1827 3425 2066 3493 quidem,
2105 3424 2250 3477 velut
2280 3437 2401 3476 cum
2431 3417 2706 3486 Josaphati
2733 3424 2787 3470 et
2808 3412 3057 3471 Ochosize
3084 3425 3249 3465 naves
3274 3423 3408 3463 con-

1831 3517 2073 3580 trivit-‘3;
2123 3515 2205 3570 vel
2242 3530 2363 3569 cum
2416 3512 2678 3566 adversus
2706 3507 2898 3563 Jonam
2953 3506 3007 3560 in
3043 3501 3268 3557 Tharsis
3325 3501 3407 3553 fu-

1826 3610 2062 3680 gientem
2103 3627 2122 3659 ι
2151 3606 2295 3661 misit
2320 3614 2539 3660 ventum
2578 3616 2827 3672 magnum
2864 3600 2915 3654 in
2963 3612 3138 3661 mare,
3171 3605 3226 3651 et
3258 3595 3405 3649 facta

1826 3713 1909 3758 est
1935 3709 2230 3769 tempestas
2256 3712 2445 3767 magna
2473 3698 2525 3751 in
2555 3696 2690 3750 mari
2724 3694 2802 3757 ἐς
2837 3712 2856 3744 ι
2889 3694 3009 3761 igne
3033 3699 3233 3755 autem,
3260 3686 3408 3741 velut

1827 3810 1951 3849 cum
1976 3810 1994 3844 ι
2016 3793 2285 3847 Dominus
2316 3790 2448 3860 pluit
2474 3803 2637 3856 super
2658 3785 2947 3841 Sodomam
2970 3793 3023 3837 et
3044 3781 3403 3837 Gomorrham

1828 3885 2049 3954 sulphur
2095 3894 2151 3938 et
2190 3882 2368 3951 ignem
2390 3881 2460 3942 ¹⁵;
2495 3899 2514 3930 ι
2551 3878 2632 3932 vel
2668 3894 2788 3932 cum
2841 3894 2859 3927 ι
2893 3876 3033 3945 ignis
3088 3886 3340 3941 egressus
3372 3887 3403 3924 a

1828 3976 2059 4032 Domino
2085 3973 2364 4030 interfecit
2396 3975 2657 4027 ducentos
2681 3968 3071 4041 quinquaginta
3107 3967 3275 4029 viros,
3312 3963 3403 4033 qui

1826 4067 2125 4123 tiﬁ‘erebant
2155 4068 2436 4122 incensum
2466 4064 2508 4095 ¹⁶
2559 4087 2571 4117 ;
2621 4082 2640 4114 ι
2695 4062 3050 4117 nihilominus
3099 4070 3275 4114 tamen
3329 4058 3403 4110 ita

1827 4160 2115 4229 exponitur
2158 4173 2190 4212 a
2253 4157 2436 4212 multis
2474 4154 2789 4209 Davidicum
2845 4153 3018 4207 illud:
3054 4151 3153 4218 Qui
3196 4150 3405 4218 angelis

1830 4251 1934 4305 tuis
1966 4250 2265 4317 spiritalem
2316 4256 2566 4302 naturam
2591 4258 2645 4303 et
2669 4248 2878 4317 igneam
2913 4243 3167 4299 tribuisti.
3199 4243 3291 4297 Sic
3322 4243 3407 4295 in-

1830 4342 2032 4397 tellexit
2064 4341 2434 4396 Tertullianus
2462 4339 2555 4393 lib.
2588 4355 2624 4393 ιι
2657 4349 2842 4392 contra
2867 4335 3155 4401 Marciam,
3189 4348 3309 4403 cap.
3335 4333 3404 4407 8;

1826 4434 1907 4489 sic
1958 4433 2316 4505 Hieronymus
2386 4432 2438 4485 in
2494 4447 2565 4485 vn
2626 4429 2877 4493 Daniel.;
2921 4428 2997 4482 sic
3071 4425 3406 4483 Severianus

1826 4524 2182 4582 Gabalitanus
2236 4524 2419 4579 homil.
2480 4523 2555 4587 ις
2606 4523 2685 4577 sic
2740 4523 2852 4590 ipse
2907 4520 3170 4590 Origenes
3225 4519 3323 4573 lib.
3368 4532 3405 4571 ιι

158 4607 249 4652 stus
272 4602 552 4667 Reiensis,
580 4604 677 4673 qui
712 4605 813 4659 hac
852 4606 1062 4660 ratione
1094 4606 1508 4674 reprehenditur
1540 4621 1569 4660 a
1606 4607 1721 4661 Ma-

1833 4618 1970 4687 Περὶ
2001 4617 2223 4688 ἀρχῶν,
2254 4633 2372 4687 cap.
2397 4619 2452 4679 8,
2488 4632 2647 4671 num.
2674 4617 2728 4671 5.
2761 4613 3061 4671 Conﬁrmat
3091 4613 3409 4682 interpreta-

156 4705 301 4749 merto
333 4694 663 4759 Viennensi,
681 4697 823 4766 quod
849 4711 1047 4767 corpus
1069 4710 1264 4766 sponte
1292 4713 1387 4754 sua
1411 4701 1590 4757 vivere
1616 4719 1719 4755 nmt

155 4787 317 4851 possit,
353 4789 464 4845 nisi
526 4788 685 4843 vitali
737 4790 929 4858 spiritu
960 4790 1026 4844 ad
1072 4792 1240 4844 vitam
1288 4794 1576 4848 excitetur.
1614 4796 1719 4848 Sed

155 4874 449 4936 lamertum
484 4897 591 4937 sua
631 4881 845 4936 videtur
873 4881 1128 4938 fefellisse
1152 4885 1315 4947 ratio,
1346 4900 1467 4937 nam
1505 4886 1719 4941 vitalem

155 4966 305 5034 ipsum
333 4974 596 5042 spiritum
628 4972 713 5029 vel
746 4974 1120 5045 incorporeum
1152 4990 1273 5031 esse
1295 4976 1456 5041 dicet,
1487 4977 1570 5031 vel
1602 4992 1722 5031 cor-

155 5070 356 5125 poreum
378 5064 461 5127 ;si
487 5064 879 5131 incorporeum
904 5079 1024 5119 esse
1053 5065 1392 5134 velit,quare
1413 5082 1519 5120 non
1555 5076 1718 5121 tatam

154 5145 317 5206 itidem
361 5155 549 5225 angeli
616 5164 867 5210 naturam
918 5173 1016 5227 pro
1072 5158 1387 5227 incorporea
1446 5160 1718 5225 admittat,

153 5254 295 5297 causa
330 5262 440 5301 non
475 5258 601 5311 est;
633 5247 679 5300 si
726 5262 1067 5317 corporeum,
1094 5259 1151 5304 at
1183 5250 1385 5305 nullum
1424 5266 1620 5319 corpus
1652 5269 1718 5307 ex

152 5330 253 5398 ejus
303 5341 579 5393 sententia
636 5349 827 5408 sponte
876 5356 972 5396 sua
1008 5344 1192 5398 vivere
1229 5354 1424 5417 potest,
1448 5358 1576 5413 ergo
1615 5345 1721 5398 alio

153 5424 324 5491 spiritu
360 5431 650 5484 excitante
674 5431 914 5485 vivescat
941 5425 1167 5487 necesse
1197 5442 1299 5489 est.
1334 5433 1532 5488 Eadem
1561 5450 1721 5503 porro

149 5512 207 5568 de
232 5519 393 5575 tertio
426 5521 518 5577 illo
556 5520 757 5590 spiritu
779 5563 796 5588 ,
833 5532 994 5592 atque
1026 5524 1164 5580 idem
1196 5525 1264 5580 de
1304 5535 1531 5595 quarto,
1563 5537 1618 5580 et
1642 5528 1720 5582 sic

152 5601 195 5655 in
219 5605 483 5666 inﬁnitum
509 5624 826 5668 recurreret
855 5616 1100 5683 quaestio.

207 5697 357 5767 Quod
384 5706 615 5774 angelos
638 5716 818 5759 autem
850 5708 1183 5763 tenuioribus
1214 5709 1445 5777 primum
1480 5719 1531 5764 et
1554 5710 1719 5765 (ethe-

216 5890 449 5951 “lCor.
475 5912 567 5961 xv,
609 5895 701 5948 40.
782 5896 820 5927 "
858 5896 983 5951 ibid.

1065 5898 1105 5929 ’³
1138 5897 1174 5952 ll
1235 5896 1353 5953 l‘ar.
1394 5912 1481 5961 xx,
1519 5898 1606 5951 57.
1679 5897 1714 5926 ¹”
1743 5896 1864 5952 .lon.
1898 5913 1935 5963 I,
1979 5895 2021 5951 ι.
2096 5895 2134 5925 ιδ
2160 5893 2290 5948 Gen.
2328 5909 2439 5961 xu,
2470 5893 2559 5949 Ἡ.

1833 4712 2029 4766 tionem
2064 4713 2205 4767 hanc
2235 4727 2429 4767 nomen
2458 4719 2679 4775 DtD't'lD,
2711 4709 2853 4778 quod
2886 4707 3062 4776 primo
3085 4707 3403 4774 angelorum

1826 4803 2002 4858 ordini
2030 4803 2303 4856 tribuitur.
2331 4801 2506 4856 Vertit
2526 4816 2711 4855 vocem
2739 4799 2883 4853 illam
2910 4798 3198 4869 Dionysius
3225 4812 3345 4864 cap.
3369 4796 3406 4852 5

1826 4903 1883 4948 et
1912 4895 1943 4947 7
1973 4893 2048 4948 De
2075 4894 2267 4949 ctelesti
2291 4893 2581 4956 hierarch.,
2616 4890 2963 4963 ἐμπρηστάς,
2998 4900 3051 4943 et
3082 4888 3404 4960 θερμαίνον-

1828 5003 1945 5050 τας.
1976 4985 2271 5053 Gregorius
2300 5000 2430 5039 vero
2475 4985 2661 5038 homil.
2686 4983 2776 5046 ⁸54,
2823 4983 3188 5041 incendentes,
3225 4990 3279 5035 et
3325 4996 3407 5032 ar-

1828 5080 2038 5141 dentes,
2068 5086 2207 5131 utet
2235 5075 2479 5131 Isidorus
2520 5075 2615 5129 lib.
2645 5090 2721 5128 vn
2756 5073 2997 5143 0rigin.,
3027 5087 3147 5139 cap.
3172 5071 3223 5125 5.
3267 5069 3407 5127 Hinc

1831 5168 2154 5224 Severianus
2210 5166 2396 5222 homil.
2427 5167 2453 5219 1
2520 5165 2593 5219 De
2642 5165 2852 5232 api/icio
2912 5164 3131 5227 mundi,
3184 5162 3404 5232 angelos

1827 5262 2007 5331 ignem
2045 5274 2166 5315 esse
2197 5260 2362 5313 dicit:
2401 5258 2477 5311 oo
2519 5258 2629 5327 γὰρ
2665 5256 2847 5327 μόνον,
2892 5255 3084 5324 inquit,
3134 5252 3293 5308 τοῦτο
3341 5254 3405 5306 τὸ

1827 5351 1940 5422 πῦρ
1969 5352 2136 5414 ἐστιν,
2163 5348 2299 5403 ἀλλὰ
2332 5348 2426 5401 καὶ
2453 5348 2512 5400 αἱ
2543 5346 2656 5400 ἄνω
2699 5344 2957 5417 δυνάμεις
3004 5342 3113 5414 πῦρ
3141 5345 3267 5408 εἰσι,
3311 5343 3406 5398 καὶ

1828 5439 2088 5509 συγγενές
2134 5441 2251 5492 ἐστι
2287 5438 2350 5490 τὸ
2397 5438 2507 5492 ἅνω
2543 5437 2654 5509 πῦρ
2698 5434 2887 5488 τούτου
2933 5434 3027 5488 τοῦ
3072 5438 3206 5507 παρ’
3248 5435 3400 5505 ἡμῖν.

1834 5548 1852 5581 ι
1882 5530 1998 5584 Non
2029 5528 2173 5582 enim
2216 5532 2363 5582 solus
2408 5537 2486 5580 est
2532 5527 2619 5580 hic
2668 5524 2841 5593 ignis,
2884 5524 2978 5578 sed
3013 5532 3067 5577 et
3094 5524 3403 5592 superiores

1829 5622 2060 5676 virtutes
2095 5621 2233 5691 ignis
2272 5628 2435 5682 sunt,
2484 5627 2537 5672 et
2584 5626 2843 5686 cognatus
2889 5627 2974 5670 est
3020 5616 3268 5684 superior
3313 5615 3402 5669 ille

1828 5713 1969 5785 ignis
2033 5713 2191 5781 hujus
2243 5711 2433 5767 nostri.
2464 5730 2481 5763 ι
2540 5711 2733 5764 Eodem
2780 5710 2995 5781 quidem
3055 5708 3221 5772 refert
3268 5707 3400 5763 illud

2644 5893 2684 5923 ἐ
2716 5890 2870 5945 Νυιιι.
2909 5906 3018 5953 xvi,
3053 5887 3147 5946 '55.
