3898 6524
521 376 629 436 855

1810 369 1871 424 P.
1916 352 2236 422 DANIELIS
2275 355 2510 416 HUETII
3632 338 3711 390 ml

524 496 799 568 inrepitete-
845 492 1078 546 Joannes
1127 488 1491 541 Damascenus
1545 485 1637 539 lib.
1685 485 1723 537 ιι
1775 483 1849 537 De
1895 493 2103 566 ortnoa‘.
2140 488 2178 538 Α
2208 480 2299 532 sed
2327 491 2447 532 cum
2473 466 2763 543 synagogis
2790 461 3070 568 gentium:
3113 456 3274 568 tuNe'c‘
3291 469 3416 508 vero
3438 454 3626 555 mirum,
3652 457 3716 509 in-

522 587 649 657 fide,
687 601 802 654 cap.
825 583 890 649 5;
926 581 1019 635 sed
1048 579 1295 649 spiritum
1320 588 1374 632 et
1394 577 1574 646 ignem
1609 575 1848 628 materiae
1880 589 1940 626 ac.
1976 588 2100 628 cur-

525 681 673 752 poris
722 686 997 746 expertem
1049 672 1267 743 angelos
1316 685 1439 725 esse
1504 666 1796 737 pertendit.
1860 665 1935 718 Ex
2000 663 2102 716 hoc

523 773 732 843 psalmo
760 769 1014 823 inductus
1043 766 1256 820 videtur
1287 763 1548 833 Origenes
1579 768 1638 815 ut
1672 760 1830 826 ignea
1869 773 2100 826 corpora

524 860 732 931 angelis
761 857 1041 918 tribueret,
1080 870 1203 906 enim
1238 852 1537 922 praesertim
1581 851 1708 903 deos
1739 849 1893 902 Plato
1921 849 2104 918 igneos

525 965 642 1004 esse
679 947 1031 1010 decrevisset,
1069 957 1126 999 ut
1169 955 1253 1000 est
1287 946 1427 1015 apud
1471 943 1747 997 Laertinm
1791 943 1843 994 in
1883 940 2105 995 Platone

524 1053 578 1097 et
617 1041 925 1105 Aristotele,
978 1040 1067 1109 qui
1116 1038 1298 1091 subdit
1347 1048 1527 1091 tamen
1579 1035 1735 1106 paulo
1783 1043 1905 1104 post
1954 1049 2104 1088 asse-

527 1149 742 1189 verasse
774 1134 948 1199 ipsum
977 1147 1204 1202 corpore
1231 1131 1395 1184 Deum
1430 1139 1484 1184 et
1518 1131 1697 1184 anima
1727 1143 1939 1190 carere,
1965 1128 2104 1195 quod

525 1238 580 1280 et
626 1227 754 1280 alibi
799 1227 980 1281 itcrat.
1030 1225 1209 1293 Atque
1253 1224 1368 1277 haec
1417 1222 1489 1276 ita
1538 1219 1814 1275 conciliari
1864 1227 2102 1289 possunt,

527 1336 799 1375 summum
872 1317 1112 1372 omnium
1177 1315 1509 1370 conditorem
1581 1326 1645 1366 ac
1709 1311 2106 1365 moderatorem

528 1415 696 1469 Deum
741 1427 968 1478 corpore
1012 1409 1328 1464 destitutum
1367 1421 1511 1470 esse,
1561 1420 1718 1460 secus
1751 1413 1929 1457 autem
1967 1401 2106 1457 inle-

529 1508 702 1559 riores
759 1505 889 1559 deos
933 1502 1168 1571 supremi
1217 1500 1359 1554 illius
1407 1499 1706 1554 ministros.
1752 1497 1902 1564 Quod
1953 1496 2110 1566 plane

528 1599 596 1652 ab
631 1598 863 1668 Origene
895 1609 1212 1665 expressum
1260 1603 1360 1655 εει,
1399 1608 1519 1646 cum
1552 1591 1662 1646 Deo
1711 1589 1948 1644 detraxit
1987 1603 2110 1641 eor-

528 1707 666 1759 pus,
712 1689 918 1760 angelis
949 1687 1218 1756 adjunxit.
1259 1683 1466 1740 Caetera
1509 1685 1624 1753 ejus
1667 1683 1734 1736 de
1775 1681 1982 1753 angelis
2018 1681 2111 1734 do-

530 1791 729 1848 gmata,
769 1796 798 1833 e
831 1779 1228 1833 Platonicorum
1259 1774 1372 1830 fere
1419 1775 1637 1829 exedris
1676 1775 1919 1829 derivata
1958 1781 2106 1828 sunt.

599 1869 670 1926 Χ.
731 1870 1096 1926 Οίῐοιιεὶοιιθιιι
1153 1883 1368 1938 quoque
1423 1864 1612 1920 habuit
1671 1865 1813 1934 quod
1859 1863 2112 1920 Genesim

2229 1849 2373 1910 prela

531 1963 827 2032 explanatis
873 1961 1052 2021 dixit,
1104 1961 1260 2029 aquis
1314 1974 1432 2029 quae
1483 1972 1646 2026 supra
1706 1958 2113 2010 [irritamentum

533 2062 678 2121 sunt,
722 2062 777 2106 et
825 2067 944 2121 qua).
977 2049 1114 2105 infra
1143 2091 1157 2113 ,
1196 2050 1449 2106 cmlestes
1493 2048 1846 2114 inlernasque
1887 2046 2116 2101 virtutes

535 2145 740 2214 tropice
778 2142 1106 2213 signiﬁcari;
1150 2150 1317 2210 atque
1363 2141 1490 2194 hinc
1539 2152 1712 2208 aquas
1747 2137 1868 2192 illas
1903 2136 1969 2191 ad
1999 2137 2118 2190 lau-

532 2237 629 2290 des
703 2234 911 2289 Domini
989 2233 1246 2288 dicendas
1308 2231 1592 2301 provocari
1657 2229 1792 2298 psal.
1871 2237 2114 2296 curru,

530 2326 587 2391 4,
642 2335 698 2381 et
748 2326 882 2380 Dan.
922 2341 1005 2387 ιιι,
1045 2325 1133 2380 60.
1172 2322 1300 2379 llaec
1341 2323 1588 2392 quamvis
1635 2321 1925 2392 allegorice
1972 2322 2115 2374 dicta

535 2428 796 2489 agnoscat
841 2416 1070 2471 Basilius
1117 2415 1280 2470 homil
1328 2415 1362 2469 5
1411 2415 1468 2468 in
1511 2412 1810 2476 Hexaem.,
1869 2413 2118 2482 repudiat

542 2511 919 2576 nihilominus,
957 2520 1010 2564 et
1051 2520 1308 2576 tanquam
1337 2508 1671 2562 somniorum
1707 2505 2038 2573 coniecturis
2065 2517 2118 2561 et

535 2602 769 2656 anilibus
802 2602 994 2656 fabulis
1029 2601 1224 2656 similia
1257 2600 1550 2669 redarguit.
1592 2599 1888 2666 ltedarguit
1914 2607 1968 2653 et
1994 2599 2119 2667 Epi-

537 2696 767 2765 phanius
799 2695 852 2748 in
889 2693 1117 2762 epistola
1150 2693 1218 2747 ad
1254 2690 1516 2747 Joannem
1552 2689 1920 2761 Jerosolymit.
1944 2733 1957 2752 ,
1995 2704 2114 2758 cap.

535 2788 570 2842 5
595 2829 608 2850 .
642 2795 696 2842 et
721 2787 852 2841 liter.
881 2801 1033 2852 μιν,
1061 2801 1181 2854 cap.
1221 2784 1274 2838 4.
1326 2783 1622 2852 Redarguit
1658 2793 1714 2836 et
1753 2782 2116 2854 Hieronymus

536 2880 699 2945 epist.
733 2878 791 2930 lii
847 2876 913 2930 ad
963 2874 1316 2938 Pammacln,
1363 2889 1486 2942 cap.
1517 2873 1569 2930 5.
1610 2871 1908 2942 Redarguit
1953 2881 2008 2926 et
2051 2886 2115 2926 ex

539 2967 722 3023 Basilii
760 2969 941 3023 verbis
965 2966 1307 3020 Justinianus
1337 2965 1387 3018 in
1419 2965 1646 3034 epistola
1688 2965 1753 3018 ad
1789 2963 2024 3029 Menam,
2065 2974 2121 3018 et

539 3063 591 3115 in
646 3077 708 3116 ea
764 3061 908 3116 hunc
949 3068 1267 3129 contorquet
1310 3057 1873 3111 anathematismum:
1922 3054 1991 3107 El’
2036 3073 2119 3120 τις

536 3150 685 3223 λέγει
716 3152 964 3224 οὐρανὸν,
997 3153 1088 3204 καὶ
1120 3151 1290 3222 ἥλιον,
1333 3149 1427 3203 καὶ
1457 3148 1705 3220 σελήνην,
1737 3148 1831 3201 καὶ
1863 3147 2114 3216 ἀστέρας,
2150 3193 2192 3250 c

539 3247 635 3302 καὶ
681 3246 850 3300 ὕδατα
893 3245 963 3298 τὰ
1005 3244 1260 3315 ὑπεράνω
1299 3241 1407 3294 τῶν
1449 3239 1694 3311 οὐρανῶν
1722 3239 1998 3310 ἐμψύχους
2026 3239 2121 3292 καὶ

545 3338 735 3402 ὑλικὰς
764 3338 926 3409 (lege,
965 3336 1211 3405 λογικάς,
1248 3334 1390 3403 quod
1422 3334 1554 3388 vidit
1584 3332 1944 3401 Gaudentius)
1978 3327 2119 3387 εἶναι

539 3447 692 3494 τινας
725 3429 1010 3500 δυνάμεις,
1055 3428 1302 3498 ἀνάθεμα
1332 3426 1490 3479 ἔστω.
1531 3444 1550 3477 ι
1577 3424 1631 3478 Si
1680 3425 1800 3495 quis
1835 3425 1966 3479 dicit
2010 3437 2124 3478 eoe-

545 3525 675 3585 lum,
725 3532 779 3575 et
816 3526 981 3573 soiem
1031 3529 1086 3572 et
1130 3519 1310 3572 lunam
1359 3528 1415 3572 et
1461 3517 1666 3581 stellas,
1715 3527 1771 3571 et
1806 3532 1973 3586 aquas
2009 3531 2125 3586 qua:

545 3627 708 3680 super
735 3611 903 3665 caelos
937 3620 1084 3674 sunt,
1119 3610 1385 3664 animatas
1412 3619 1466 3662 et
1500 3607 1796 3663 rationales
1817 3623 1940 3662 esse
1962 3624 2125 3678 quas-

545 3707 670 3757 dam
703 3703 955 3767 virtutes,
994 3703 1281 3755 anathema
1317 3701 1408 3754 sit.
1449 3719 1467 3752 ι
1497 3701 1646 3766 Quod
1675 3709 1729 3754 et
1752 3715 1781 3753 a
1813 3699 2124 3770 Sophronio

547 3798 602 3851 in
642 3795 864 3864 epistola
914 3796 980 3849 ad
1016 3794 1268 3865 Sergium
1306 3794 1616 3848 damnatur.

614 3887 733 3960 (30)
796 3888 964 3957 llujus
1018 3887 1237 3956 quidem
1287 3885 1548 3940 doctrinae
1602 3884 1827 3955 vestigia
1882 3887 2126 3955 quaedam

548 3980 816 4048 reperisse
858 3978 986 4030 mihi
1034 3977 1217 4030 videor
1269 3975 1450 4029 homil.
1495 3974 1566 4030 9.5
1614 3975 1670 4028 in
1716 3973 1844 4028 Luc.
1887 3989 1905 4026 :
1949 3973 2127 4028 «Pro-

547 4071 725 4139 phetze
751 4084 964 4137 quoque
993 4065 1116 4137 ipsi,
1149 4067 1322 4135 inquit
1343 4063 1623 4134 Origenes,
1643 4074 1696 4118 et
1720 4065 1946 4134 apostoli
1971 4080 2131 4119 omne

550 4162 696 4234 quod
727 4170 1001 4226 resonant,
1033 4175 1138 4214 non
1174 4158 1343 4213 solum
1388 4157 1721 4219 hominibus,
1753 4157 1847 4210 sed
1877 4165 1932 4210 et
1963 4171 2128 4227 ange-

552 4254 617 4308 lis
643 4253 958 4323 praadicant.
986 4249 1137 4317 Quod
1168 4261 1226 4304 ut
1265 4251 1406 4305 scias
1440 4263 1626 4303 verum
1655 4269 1669 4303 :
1709 4268 1727 4300 ι
1759 4250 2010 4314 Attende,
2049 4250 2129 4302 iu.

550 4349 688 4417 quit,
719 4345 940 4406 etelum,
970 4353 1025 4398 et
1057 4343 1248 4412 loquar
1273 4343 1314 4373 ³⁷
1340 4359 1354 4407 ;
1401 4341 1454 4395 in
1486 4349 1779 4410 conspectu
1817 4339 2134 4410 angelorum

552 4438 774 4507 psallam
803 4436 896 4492 tibi
924 4436 1030 4503 ¹⁸;ι
1053 4444 1140 4491 et:
1166 4434 1589 4500 «Laudate,ctnli
1610 4433 1891 4498 cmlorum,
1911 4444 1961 4488 et
1983 4448 2137 4502 aquae

2207 568 2346 636 quit,
2394 564 2535 632 quod
2563 559 2824 625 Origenes
2859 553 3117 622 pleraque
3149 548 3202 600 in
3235 546 3397 600 Deum
3441 545 3596 598 minus
3621 560 3716 599 con-

2211 635 2478 712 venientia
2509 657 2846 708 commentus
2869 655 2925 697 et
2955 641 3286 712 prolocutus,
3309 635 3597 705 paradisum
3621 651 3718 705 quo-

2209 764 2314 820 que
2345 757 2398 804 et
2424 760 2613 814 aquas,
2645 755 2764 810 qua:
2797 747 2903 790 tam
2941 734 3079 788 infra
3111 745 3269 801 quam
3291 743 3451 795 supra
3471 727 3720 781 firmamen-

2213 852 2322 896 tum
2361 853 2482 893 esse
2517 835 2794 893 dicuntur,
2846 822 3181 895 allegoricfbs
3204 827 3436 890 exponat
3473 819 3584 888 (hoc
3614 820 3718 871 enim

2213 933 2278 985 de
2316 930 2434 999 ipso
2472 941 2576 980 non
2611 936 2812 993 parvus
2847 917 3216 989 professorum
3247 909 3489 965 veritatis
3523 923 3722 961 numerus

2214 1020 2463 1092 asserit);
2507 1032 2607 1073 nec
2647 1028 2814 1084 aquas
2861 1026 2982 1065 cum
3032 1004 3302 1062 nonnullis
3333 1000 3620 1062 doctoribus
3651 1000 3724 1055 lle-

2214 1117 2398 1179 braeis,
2444 1122 2550 1166 tam
2587 1109 2785 1180 priscis
2812 1119 2974 1175 quam
3006 1096 3428 1159 recentioribus,
3477 1093 3537 1147 ad
3575 1093 3724 1162 angeli-

2216 1223 2307 1262 cos
2349 1205 2571 1261 ordines
2609 1199 2798 1264 refert,
2845 1196 2936 1250 sed
2983 1192 3220 1262 gentium
3254 1186 3532 1258 synagogis
3566 1200 3724 1239 accom-

2217 1299 2422 1358 modat,
2450 1309 2569 1363 quae
2601 1290 2820 1361 quidem
2855 1282 3281 1340 scaturientibus
3309 1278 3464 1346 aquis
3495 1275 3665 1331 similes
3691 1276 3724 1327 in

2218 1360 2528 1454 multiiugas
2577 1360 2733 1442 ﬁdes,
2782 1385 2838 1430 et
2876 1371 3170 1428 multiﬁdas
3217 1365 3472 1421 derivatze
3508 1371 3557 1417 et
3593 1360 3727 1415 causa

2219 1484 2364 1539 sunt,
2409 1475 2582 1528 donec
2639 1470 2690 1522 in
2744 1481 2904 1520 unam
2946 1462 3282 1532 Synagogam
3330 1455 3526 1510 Christi
3570 1453 3727 1521 appari-

2222 1569 2367 1621 tione
2401 1579 2498 1635 per
2535 1571 2762 1633 angusta
2809 1557 3236 1625 confragosaque
3267 1551 3382 1604 loca
3411 1547 3616 1600 ﬂuentes
3639 1557 3728 1597 rm-

2226 1659 2460 1713 luerunt.
2495 1673 2513 1707 »
2564 1653 2717 1720 Quod
2749 1649 2926 1720 palam
2956 1649 3022 1702 de
3049 1645 3283 1714 Origene
3309 1640 3642 1711 praedicarunt
3661 1635 3728 1687 riri

2226 1764 2439 1822 graves,
2482 1747 2532 1800 id
2579 1744 2853 1798 inliciatur
2895 1739 3135 1801 Nicetas,
3171 1736 3214 1790 si
3253 1733 3416 1787 modo
3461 1729 3578 1782 ﬁdes
3607 1728 3728 1780 inter-

2381 1837 2513 1892 lioni
2549 1835 2755 1888 Latinae
2800 1830 3102 1885 adhibenda
3143 1835 3249 1880 est.
3301 1822 3528 1876 Notetur
3572 1816 3728 1872 interim

2220 1941 2483 1998 aquarum
2530 1921 2872 1995 ἐπουρανίων
2903 1917 3294 1989 expositionem
3327 1917 3398 1968 ab
3426 1910 3733 1966 llebrazisma-

2217 2022 2402 2092 gistris
2435 2017 2776 2088 proﬂuxisse.

2295 2113 2372 2168 Ex
2407 2109 2780 2180 superioribus
2803 2103 2984 2173 colligi
3011 2111 3204 2173 potest,
3235 2101 3355 2154 haec
3381 2095 3592 2152 diversis
3611 2092 3734 2146 modis

2225 2207 2293 2261 ab
2327 2205 2562 2275 Origene
2594 2201 2762 2256 fuisse
2796 2197 3074 2268 exposita;
3123 2191 3506 2262 multiplicibus
3539 2200 3585 2242 et
3617 2186 3733 2238 variis

2220 2298 2470 2356 sensibus
2518 2311 2584 2351 ex
2623 2292 2856 2364 simplici
2905 2291 3105 2344 littera:
3143 2294 3401 2341 contextu
3441 2297 3531 2353 pro
3558 2291 3734 2348 tempore

2219 2391 2391 2448 erutis
2425 2399 2479 2445 et
2505 2387 2777 2451 evolutis,
2821 2397 2926 2438 non
2970 2381 3250 2435 destructo
3290 2387 3471 2430 tamen
3503 2385 3554 2428 et
3592 2371 3735 2425 abolito

2221 2487 2416 2541 littera:
2442 2498 2627 2540 sensu.
2657 2480 2715 2536 Si
2746 2479 2925 2533 minus
2953 2492 3014 2532 ea
3040 2476 3217 2545 placet
3235 2471 3530 2533 excusatio,
3555 2467 3735 2522 admitte-

2221 2587 2311 2634 tur
2345 2575 2568 2632 l‘orsitan
2598 2573 2716 2628 haec
2743 2571 2937 2636 altera,
2972 2567 3192 2640 angelos
3225 2565 3451 2634 intelligi
3485 2563 3547 2616 ab
3567 2560 3736 2628 Origene

2224 2672 2312 2741 qui
2356 2668 2511 2739 aquis
2551 2671 2816 2736 prxsunt,
2857 2663 2998 2717 sicut
3037 2660 3420 2715 universarum
3452 2669 3611 2708 rerum
3643 2663 3736 2720 pra-

2221 2762 2367 2818 sides
2401 2758 2624 2829 angelos
2663 2756 2843 2812 (iunxit.
2895 2754 3133 2823 Legatur
3170 2751 3387 2805 decima
3426 2748 3535 2816 eius
3562 2747 3607 2798 in
3634 2743 3737 2797 1m.

2223 2856 2385 2909 miam
2445 2851 2703 2914 homilia,
2765 2866 2914 2903 num.
2953 2849 3017 2913 6,
3072 2846 3124 2900 ἰιι
3176 2860 3280 2915 qua
3325 2844 3609 2897 doctrinam
3642 2838 3737 2890 hanc

2224 2949 2484 3016 explicat,
2533 2956 2693 3014 atque
2741 2943 2813 2995 ita
2857 2938 3169 2995 concludit:
3208 2934 3402 2998 οὕτως
3439 2932 3499 3004 δὴ
3537 2929 3645 3003 ἐρῶ,
3673 2927 3737 2979 καὶ

2224 3041 2330 3111 γῆν
2378 3036 2632 3106 λέγεσθαι.
2681 3034 2772 3086 τὸν
2794 3032 2887 3086 ἐπὶ
2934 3032 3036 3100 γῆς
3054 3028 3391 3098 τεταγμένον
3420 3025 3640 3093 ἄγγελον,
3675 3019 3738 3071 22‘:

2225 3133 2370 3203 ὕδωρ
2398 3127 2649 3200 λέγεσθαι.
2676 3125 2768 3178 τὸν
2807 3124 2900 3178 ἐπὶ
2935 3121 3126 3183 ὓδατος
3186 3118 3516 3188 έεεταγμένον
3553 3113 3736 3184 ἄγγελον.

2225 3225 2346 3278 καθ’
2395 3223 2420 3276 ὃ
2467 3222 2712 3275 λέλεκται
2735 3237 2748 3250 ·
2797 3215 3066 3271 Εἷδοσάν
3090 3231 3164 3268 σε
3204 3212 3416 3275 ὕδατα,
3461 3213 3491 3264 ὀ
3526 3209 3660 3273 Θεὸς,
3683 3205 3738 3258 sl-

2224 3314 2419 3367 δεσάν
2456 3328 2531 3366 σε
2569 3311 2780 3365 ὕδατα.

2299 3405 2353 3460 In
2393 3404 2647 3474 Origenis
2691 3400 3017 3457 sententiam
3068 3395 3181 3452 fere
3235 3395 3489 3451 concedit
3522 3391 3740 3458 Gregorius

2227 3497 2505 3569 Nyssenus
2533 3495 2629 3549 lib.
2656 3494 2710 3547 in
2735 3491 3130 3553 Hexaemeron;
3163 3504 3286 3542 nam
3318 3502 3491 3557 aquas
3525 3485 3626 3538 illas
3649 3493 3740 3549 quas

2230 3594 2298 3643 ab
2340 3588 2495 3657 aquis
2527 3585 2876 3640 inferioribus
2904 3583 3066 3636 Deum
3095 3581 3355 3635 divisisse
3392 3588 3567 3634 narrat
3592 3575 3739 3644 Moyses

2231 3681 2470 3736 secundo
2495 3677 2793 3732 creationis
2817 3676 2927 3738 die,
2952 3673 3204 3728 ccelestes
3228 3673 3463 3726 virtutes
3490 3671 3739 3737 interpreta-

2233 3782 2354 3836 tur;
2398 3780 2454 3824 at
2494 3767 2783 3822 inferiores
2829 3782 3000 3836 aquas
3043 3781 3141 3835 pro
3189 3763 3349 3819 malis
3397 3763 3589 3834 angelis
3618 3757 3740 3812 neuti-

2236 3879 2397 3933 quam
2433 3861 2683 3930 accipere
2731 3876 2790 3914 se
2833 3860 3094 3913 declarat.
3142 3857 3360 3911 Placuit
3391 3869 3589 3925 quoque
3613 3848 3742 3917 opinio

2235 3959 2426 4012 isthmc
2460 3954 2767 4022 Augustino
2818 3952 2912 4006 lib.
2944 3967 3042 4005 xm
3080 3949 3318 4019 Confess.
3341 3991 3358 4015 ,
3406 3965 3522 4019 cap.
3554 3946 3626 4000 15.
3655 3939 3743 3995 Tale

2236 4053 2398 4105 etiam
2425 4050 2629 4118 aliquid
2656 4050 2718 4100 ad
2742 4044 3001 4115 Origenis
3033 4043 3339 4112 exetnpltnn
3371 4047 3670 4096 commentus
3688 4040 3744 4086 est

2239 4143 2476 4199 Isidorus
2505 4142 2714 4212 Origin.
2749 4139 2840 4194 lib.
2873 4153 2984 4205 vit,
3016 4153 3135 4208 cap.
3161 4136 3215 4190 5.
3255 4155 3274 4186 ι
3309 4135 3498 4200 Unde,
3528 4129 3746 4200 inquit.e!

2237 4247 2357 4306 post
2389 4235 2509 4289 ('(Bli
2557 4233 2888 4289 creationem
2933 4232 2986 4284 in
3035 4228 3302 4299 principio
3337 4226 3590 4296 reperitur
3620 4239 3631 4274 :
3660 4215 3744 4269 Fiat

2242 4329 2651 4396 ﬁrmamentum,
2678 4335 2723 4377 et
2749 4331 2989 4377 vocatum
3012 4331 3086 4375 est
3110 4320 3500 4388 ﬁrmamentum
3520 4312 3671 4368 (telam
3689 4308 3742 4368 ⁸θέ

2245 4421 2498 4474 nimirum
2545 4418 2838 4472 ostendens
2885 4414 3030 4484 quod
3077 4421 3201 4482 post
3252 4411 3467 4465 ruinam
3505 4403 3744 4477 angelorum

552 4546 672 4600 qua:
695 4545 856 4596 super
882 4502 1049 4583 caelos
1069 4536 1218 4590 sunt,
1262 4540 1456 4581 nomen
1486 4525 1696 4579 Domini
1724 4525 1789 4578 ¹⁹.
1813 4543 1832 4576 ι
1878 4523 2122 4578 Attamen

2249 4513 2515 4566 malorum
2548 4509 2604 4564 hi
2637 4509 2728 4579 qui
2759 4515 3172 4578 permanserunt
3197 4544 3211 4567 ,
3262 4502 3564 4557 ﬁrmitatem
3591 4505 3745 4552 sterne

555 4624 610 4675 in
640 4620 811 4690 prima
836 4622 891 4673 in
927 4616 1168 4673 Cenesim
1200 4618 1446 4682 hoinilia,
1479 4633 1625 4672 num.
1655 4617 1710 4680 2,
1740 4633 1859 4686 quae
1893 4618 1959 4671 de
1984 4618 2140 4686 aquis

556 4715 659 4769 illis
698 4711 1065 4782 superioribus
1109 4720 1162 4765 et
1217 4711 1566 4765 inferioribus
1612 4709 1759 4780 agit,
1793 4708 1974 4763 simile
2004 4709 2138 4762 nihil

557 4805 821 4870 offendas,
868 4803 959 4858 sed
995 4803 1307 4858 consimiles
1336 4800 1651 4871 allegorias,
1694 4800 1890 4868 quibus
1920 4800 2059 4855 ccelo
2087 4809 2142 4855 et

559 4899 904 4952 ﬁrmamento
942 4894 1206 4964 spiritalia
1251 4903 1310 4948 et
1354 4906 1615 4960 corporea
1655 4890 1950 4960 signiﬁcari
1986 4890 2135 4955 vult;

555 4991 710 5062 aquis
753 5005 883 5044 vero
935 5003 1056 5058 qua:
1109 4999 1236 5042 sunt
1280 5000 1443 5054 supra
1479 4985 1898 5044 lirmamentum,
1954 4998 2135 5036 rerum

555 5083 862 5138 CCBICSlitIIII
898 5079 1180 5152 mysteria.
1214 5078 1379 5131 Certe
1404 5074 1620 5130 Nicetas
1663 5073 1757 5127 lib.
1785 5089 1838 5128 tv
1876 5072 2134 5126 Tltesaur.

556 5173 837 5226 orthodox.
889 5171 983 5239 ﬁd.
1009 5211 1022 5230 ,
1061 5169 1190 5222 luer.
1237 5181 1366 5220 xxxi
1391 5207 1406 5232 ,
1441 5180 1613 5234 aquas
1654 5163 1773 5217 illas
1815 5178 1938 5216 cum
1975 5178 2141 5231 ange-

557 5261 678 5316 licis
725 5261 1011 5315 ordinibus
1047 5257 1336 5329 Origenem
1383 5269 1652 5324 nusquam
1691 5253 1989 5309 contulisse
2041 5254 2138 5320 ait,

629 5354 668 5386 "
703 5356 860 5410 Deut.
891 5370 1042 5408 xxxii
1073 5395 1087 5418 ,
1123 5353 1174 5407 1.
1253 5351 1297 5384 ⁸⁸
1331 5349 1478 5406 Psal.
1507 5365 1749 5416 cxxxvn,
1783 5350 1834 5404 l.

629 5451 744 5522 ('50)
779 5450 953 5520 Hujus
981 5452 1190 5520 quidem
1215 5446 1704 5522 doctrinteoestigia
1738 5445 2003 5515 quwdam,
2029 5455 2135 5522 etc.

556 5516 770 5576 Catena:
818 5516 878 5574 ιη’
921 5516 1054 5589 psal.
1089 5535 1280 5576 xxvnt.
1315 5519 1367 5578 5,
1427 5518 1569 5589 aliud
1596 5517 1954 5589 fragmentum
1986 5516 2142 5589 exhi-

561 5594 708 5648 heut.
746 5597 797 5647 in
823 5587 935 5659 quo
954 5592 1156 5645 clarius
1181 5591 1428 5641 doctrina
1447 5588 1571 5659 inec
1597 5587 1962 5659 exprimitur:
1986 5587 2141 5659 ξῑιῳνὴ

563 5662 660 5730 μὲν
685 5655 891 5730 Κυρίου
936 5661 1121 5723 ἁπλῶς
1159 5661 1249 5711 ἐπὶ
1276 5659 1380 5711 τῶν
1410 5657 1652 5730 ὑδάτων..-
1687 5655 1846 5730 aute;
1889 5655 1944 5707 δὲ
1958 5656 2004 5730 ⁸ὁ
2033 5655 2143 5730 liti;

564 5725 676 5810 pro;
706 5725 796 5783 ὲ·πῖ
831 5732 1038 5810 ῥδᾴιῖων
1068 5729 1292 5782 πολλῶν.
1338 5726 1666 5810 ᾼογικὰςδξ
1699 5725 1888 5810 φύοςεις
1924 5725 2021 5810 νῦν
2047 5729 2142 5795 σή-

569 5795 763 5874 μαίνει,
791 5803 856 5855 τὰ
904 5802 1088 5855 ὕδατα.
1136 5795 1483 5866 Γενηθήτω,
1542 5797 1707 5866 φησὶ,
1757 5795 1816 5848 τὸ
1852 5795 2150 5864 στερέωμα

629 6500 636 6501 “
661 6499 1289 6524 War
1667 6505 1808 6508 -ᾏίκ

1860 5347 1870 5357 ’
1916 5347 1959 5379 ⁸⁸
1995 5345 2136 5402 Psal.
2166 5364 2389 5412 CXLVIII,
2421 5347 2474 5402 4.

2247 4603 2668 4674 perseverantia:
2687 4601 2964 4657 consecuti
2987 4609 3134 4662 sunt,
3160 4595 3303 4650 nullo
3321 4595 3434 4664 jam
3451 4593 3589 4661 lapsu
3603 4581 3743 4642 aversi.

2249 4697 2396 4751 nulla
2421 4694 2673 4765 superbia
2703 4693 2982 4755 cadentes,
3015 4691 3108 4745 sed
3145 4689 3378 4744 lirmiter
3414 4689 3465 4741 in
3510 4684 3592 4738 Dei
3615 4688 3744 4733 amori:

2245 4800 2298 4845 et
2327 4787 2784 4855 contemplatione
2821 4791 3119 4847 manentes,
3177 4781 3307 4836 nihil
3347 4779 3491 4835 aliud
3519 4774 3649 4831 dulce
3680 4768 3744 4822 11³·

2247 4883 2396 4945 bent,
2431 4879 2533 4932 nisi
2561 4890 2683 4931 eum
2717 4893 2745 4930 ιι
2775 4891 2884 4946 quo
2917 4876 3086 4929 creati
3121 4880 3265 4928 sunt.
3299 4892 3318 4925 ι

2319 4974 2408 5028 XI.
2445 4974 2518 5026 De
2545 4971 2859 5040 angelorum
2908 4967 3181 5032 libertate,
3218 4964 3447 5030 meritis,
3488 4959 3652 5034 gratia.
3691 4963 3742 5006 τε·

2251 5066 2625 5120 muneratione
2675 5079 2738 5116 ac
2770 5060 2947 5131 ptrnis
2981 5059 3149 5114 multa
3175 5058 3442 5127 Origenes
3471 5055 3534 5110 ab
3556 5045 3744 5109 Εοοιᾶίτ

2251 5175 2437 5214 norma
2477 5157 2680 5212 deﬂexa
2729 5154 3077 5223 excogitavit.
3125 5151 3359 5206 Naturas
3389 5152 3576 5221 quippe
3614 5150 3744 5198 οιιιησ

2250 5253 2460 5306 ratione
2514 5251 2769 5319 praeditas
2830 5249 2990 5302 unius
3045 5261 3168 5302 esse
3221 5244 3561 5312 ejusdemque
3604 5226 3744 5304 speciei

2553 5343 2600 5376 ²⁰
2629 5345 2765 5400 Gen.
2799 5357 2838 5409 ι,
2872 5345 2924 5404 ti,
2957 5341 3010 5395 8.

2245 5447 2314 5498 ἐν
2340 5444 2507 5514 μέσῳ
2534 5441 2640 5495 τοῦ
2669 5439 2887 5514 ὕδατος
2908 5437 3052 5514 ,Ηνιᾳὶ
3086 5438 3242 5491 ἔστω
3275 5420 3746 5514 διαχαῳίζονηιὶιξξ

2248 5500 2487 5586 quidem.
2512 5513 2719 5586 Don’iini
2775 5500 3099 5576 simpliciter
3144 5518 3227 5561 est
3258 5500 3418 5586 super
3449 5500 3749 5586 aqua};

2251 5562 2719 5638 Ξέὶίὲἧῗυᾶιῆἰὶίιιέ
2771 5562 2932 5648 super
2971 5562 3154 5647 aquas
3197 5562 3410 5629 multas.
3431 5562 3747 5648 Jtatiotmbilfs

2254 5669 2459 5708 naturle
2490 5656 2590 5707 hoc
2626 5651 2743 5705 loco
2779 5638 2932 5718 aq'uis
2979 5638 3535 5719 sigiiiﬁcauturafiat
3559 5679 3573 5704 ,
3602 5638 3746 5719 imm:

2256 5727 2642 5793 ﬁrmamentum
2667 5702 2735 5775 in“
2755 5702 3113 5793 medionqiia:
3134 5759 3147 5780 ,
3178 5727 3224 5793 et
3255 5718 3320 5769 sit
3352 5702 3584 5793 diri-tiens.
3610 5724 3626 5757 ι
3660 5702 3747 5756 Im

2258 5780 2472 5850 exstant
2500 5803 2696 5850 nostra:
2732 5791 2982 5849 editionis
3007 5780 3148 5844 'tout.
3184 5786 3244 5854 ll,
3286 5803 3401 5856 pag.
3431 5780 3545 5836 659.
