3916 6562
231 409 319 464 857
1037 407 1620 466 ORIGENIANORU'M
1662 408 1793 466 LIB.
1835 409 1902 478 II,
1937 411 2091 469 CAP.
2133 412 2200 485 II,
2234 411 2512 484 QUEST.
2552 413 2620 471 ν.

232 530 453 586 credidit.
482 530 732 601 Angelos
767 540 946 589 autem
978 533 1146 588 bonos
1177 541 1231 586 et
1267 533 1458 599 malos,
1507 543 1562 589 et
1591 535 1800 591 animas
1829 542 1878 598 Α
1904 537 1986 592 dis
2018 533 2326 607 opinionem
2373 539 2514 595 inter
2544 538 2843 611 pracipuos
2881 553 3096 596 errores
3123 538 3339 610 Origcui
3377 530 3473 594 ex:

233 623 517 679 hominibus
541 639 608 678 ac
642 625 925 681 sideribus
956 625 1156 679 inditas
1190 625 1240 678 in
1285 640 1408 680 eum
1452 642 1674 682 censum
1710 643 1796 681 re-

229 712 355 778 tulit,
393 723 450 766 ut
500 728 675 782 supra
728 724 1008 770 ostensum
1057 725 1163 769 est.
1216 715 1321 768 llas
1362 726 1486 770 ante
1542 719 1797 774 mundum

226 815 428 861 naturas
459 820 490 858 a
529 805 648 862 Deo
680 808 933 862 conditas
985 808 1151 863 fuisse
1202 819 1351 863 ratus
1388 818 1505 873 est,
1556 825 1619 864 ac
1666 809 1801 866 bene

229 900 297 954 vel
342 899 479 952 male
533 900 740 968 agendi
785 900 1042 954 facultate
1090 902 1404 963 instructas,
1461 917 1567 971 qua
1620 903 1799 970 prius-

228 1006 366 1058 quam
395 1000 720 1055 uterentur,
772 992 931 1058 νόας,
987 993 1086 1046 hoc
1121 1002 1202 1046 est
1250 1004 1441 1046 mentes
1473 993 1673 1058 fuisse;
1705 994 1798 1049 sed

228 1081 389 1134 statim
411 1094 474 1133 ea
510 1095 663 1147 usas,
695 1092 752 1134 et
781 1082 1012 1137 diversis
1038 1083 1256 1152 quidem
1291 1084 1489 1150 modis,
1520 1100 1646 1140 cum
1677 1085 1799 1142 alia!

227 1171 269 1224 in
301 1171 504 1232 vitium,
549 1172 606 1226 in
665 1174 929 1229 virtutem
967 1175 1085 1230 alia;
1136 1177 1428 1242 ferrentur,
1465 1193 1563 1247 pro
1591 1179 1798 1232 meritis

224 1276 323 1316 esse
362 1263 606 1327 habitas,
641 1275 698 1320 et
729 1267 930 1336 partim
971 1267 1211 1322 admisso
1243 1269 1450 1324 scelere
1485 1269 1538 1324 in
1570 1269 1797 1340 profun-

225 1352 332 1405 dum
395 1353 760 1416 deturbatas.
814 1354 1010 1424 partim
1075 1357 1239 1410 etiam
1292 1367 1514 1427 propter
1566 1359 1800 1414 leviores

223 1458 370 1497 noxas
413 1458 446 1499 e
487 1446 876 1514 superioribus
928 1447 1209 1502 ordinibus
1256 1448 1496 1518 dejectas
1542 1452 1608 1505 ad
1666 1450 1800 1506 infe-

227 1536 376 1590 riores
409 1538 722 1602 transiisse,
753 1551 806 1594 et
833 1543 900 1596 ad
939 1542 1228 1595 animanda
1257 1555 1475 1609 quoque
1514 1541 1796 1595 hominum

223 1643 423 1695 corpora
472 1645 601 1685 esse
651 1631 958 1697 demissas;
1013 1633 1148 1686 adeo
1200 1641 1259 1685 ut
1304 1647 1629 1702 quocunque
1678 1632 1798 1688 loco

222 1718 329 1781 sint,
358 1730 652 1788 acceptum
686 1722 738 1776 id
768 1723 977 1778 meritis
1016 1725 1130 1778 suis
1158 1722 1364 1777 referre
1391 1723 1661 1778 debeant:
1692 1723 1796 1794 ψυ-

219 1809 305 1881 χὰς
326 1820 530 1876 autem,
571 1811 675 1866 hoc
700 1822 786 1868 est
811 1815 1041 1876 animos,
1073 1824 1196 1869 tunc
1219 1815 1481 1879 evasisse,
1511 1823 1796 1884 postquam

3364 419 3472 476 858

1898 627 2143 697 probrari
2182 627 2374 684 solitos
2413 638 2699 682 enumerat
2747 637 2938 684 auctor
2985 643 3286 698 anonymus
3331 629 3470 695 apud

1899 715 2145 772 Photium
2191 720 2312 774 cod.
2353 734 2519 773 cxvii.
2567 719 2862 775 Enumerat
2903 729 2958 774 et
3004 719 3166 773 istum
3201 736 3214 770 :
3256 719 3378 770 Ὅτι
3408 720 3472 770 ἐκ

1901 804 2303 870 καταπτὼσεως
2341 801 2504 876 ἦλθον
2539 807 2588 859 οἱ
2628 807 2772 875 ἆγιοι
2805 807 2942 878 (lego
2982 805 3220 877 ἄγγελοι)
3261 809 3341 871 εἰς
3379 805 3474 862 τὸν

1902 897 2138 967 κόσμον,
2181 897 2296 950 ἀλλ’
2327 899 2386 949 οὐ
2419 897 2484 950 δι’
2511 897 2710 969 ἐτέρων
2747 898 3061 971 Θεραπείαν.
3097 917 3114 948 ι
3147 899 3378 968 Angelus
3419 900 3471 952 in

1901 989 2155 1040 tnundutn
2189 1003 2254 1040 ex
2282 986 2455 1056 lapsu,
2501 1003 2606 1042 non
2649 1001 2870 1058 propter
2901 990 3125 1044 aliorum
3152 991 3470 1060 obsequium

1901 1078 2134 1134 venisse.
2162 1097 2182 1130 ι
2219 1078 2560 1133 Justinianus
2591 1088 2849 1148 praeterea
2886 1081 2938 1134 in
2969 1081 3193 1151 epistola
3227 1082 3291 1134 ad
3321 1081 3474 1152 quin-

1901 1177 2005 1223 tam
2039 1171 2302 1240 synodum
2326 1211 2340 1234 ,
2383 1187 2542 1240 quam
2575 1172 2768 1226 recitat
2791 1169 3096 1238 Cedronus,
3136 1183 3193 1227 et
3235 1173 3474 1242 δοριπα-

1901 1260 2021 1314 nius
2058 1262 2110 1314 in
2147 1261 2373 1331 epistola
2416 1263 2483 1317 ad
2513 1262 2782 1335 Sergium,
2813 1264 3050 1334 ejusdem
3082 1265 3324 1318 criminis
3350 1264 3471 1318 Ori-

1901 1365 2093 1420 genem
2135 1362 2449 1418 arcessunt;
2507 1354 2732 1410 arcessit
2767 1356 2998 1422 denique
3047 1365 3101 1408 et
3133 1355 3191 1412 S.
3234 1353 3472 1410 Thomas

1897 1456 1954 1512 p.
1995 1458 2048 1508 ι,
2076 1457 2129 1511 q.
2161 1442 2228 1495 64
2251 1485 2267 1507 ,
2307 1459 2358 1497 a.
2388 1445 2453 1511 2,
2488 1454 2542 1500 et
2584 1445 2637 1500 in
2688 1445 3033 1515 Expositione
3077 1461 3238 1500 aurea
3267 1448 3322 1500 in
3348 1445 3469 1499 Jobi

1902 1544 2052 1602 caput
2089 1549 2162 1596 tv,
2193 1537 2491 1590 cavendum
2523 1537 2600 1590 ait
2627 1537 2694 1592 ab
2726 1537 2966 1607 hoc-ejus
2994 1553 3198 1601 errore.
3226 1554 3331 1607 quo
3361 1538 3471 1608 spi-

1902 1625 2035 1680 ritus
2085 1641 2437 1698 quoscunque
2488 1642 2702 1684 creatos
2761 1629 3045 1684 instabiles
3103 1631 3354 1695 asseruit,
3412 1639 3467 1686 et

1897 1731 2054 1787 posse
2085 1718 2148 1770 ad
2181 1721 2506 1788 pravitatem
2539 1720 2782 1789 perduci.

1968 1808 2104 1864 XIII.
2123 1809 2494 1865 Cousulendus
2515 1812 2579 1866 ad
2596 1812 2707 1867 hate
2731 1813 2993 1866 Maximus
3011 1823 3216 1882 martyr
3234 1814 3285 1865 in
3309 1813 3470 1866 scho-

221 1903 274 1954 ah
310 1918 492 1957 amore
524 1903 622 1958 Dei
660 1903 1280 1976 fuerunt'titrzmjtayeiaat
1304 1945 1319 1970 ,
1365 1906 1467 1962 hac
1502 1923 1626 1961 vero
1653 1907 1791 1961 arbi-

1898 1899 1984 1954 Iiis
2007 1901 2075 1954 ad
2104 1915 2224 1971 cap.
2255 1901 2287 1956 6
2316 1901 2560 1972 Dionysii
2596 1902 2670 1956 De
2694 1903 3028 1957 ecclesiastic.
3065 1905 3351 1968 hieran/tu
3378 1903 3467 1958 ubi

222 1993 291 2045 trii
329 1993 586 2047 libertate
618 1998 923 2049 etiamnum
969 2009 1196 2052 naturas
1247 1999 1362 2052 illas
1398 1998 1690 2052 rationales
1720 1999 1790 2052 ita

221 2083 328 2146 frui,
366 2086 483 2138 sive
521 2085 786 2141 humanis
825 2088 1142 2156 corporibus
1178 2089 1503 2159 implicatae,
1533 2090 1646 2143 sive
1678 2088 1790 2143 dae-

221 2191 383 2232 mones
430 2176 598 2232 facta:
643 2179 794 2244 sint,
846 2181 959 2235 sive
1010 2180 1315 2252 angelicum
1371 2183 1616 2242 ordinem
1661 2181 1790 2234 reti-

220 2278 392 2334 neant,
427 2280 487 2324 ut
529 2285 673 2324 nova
708 2272 940 2326 subinde
989 2282 1208 2342 peccata
1254 2272 1305 2326 in
1355 2289 1414 2328 se
1459 2273 1788 2341 concipiant,

220 2360 286 2413 vel
313 2361 570 2416 virtutem
610 2363 1035 2432 amplectantur,
1069 2375 1122 2418 et
1167 2379 1263 2432 pro
1302 2373 1446 2419 recte
1477 2374 1568 2418 aut
1601 2366 1792 2434 nequi-

219 2463 285 2506 ter
307 2455 493 2519 gestis,
535 2455 625 2508 vel
655 2457 1032 2524 deprimantur
1059 2457 1109 2510 in
1160 2455 1438 2521 inferiora,
1471 2458 1552 2510 vel
1591 2457 1658 2512 ad
1699 2474 1791 2512 su-

219 2545 408 2611 periora
440 2547 830 2600 conscendant
856 2565 869 2600 :
904 2547 1201 2615 perniutari
1229 2562 1358 2618 ergo
1402 2548 1623 2603 ordines
1651 2548 1788 2614 illos,

218 2647 261 2690 et
294 2653 354 2691 ex
387 2639 605 2708 angelis
652 2639 922 2704 homines,
960 2656 1024 2694 ex
1061 2640 1370 2694 hominibus
1412 2643 1704 2707 daemones,
1736 2651 1790 2696 et

219 2727 433 2783 vicissim
475 2731 657 2794 alios,
699 2731 944 2799 aliosque
983 2732 1214 2786 evadere
1249 2749 1262 2786 :
1311 2732 1583 2788 diabolum
1632 2748 1660 2787 a
1694 2747 1788 2788 ne-

217 2820 365 2888 quitia
391 2821 623 2889 quidem
654 2821 721 2874 ad
751 2821 972 2875 meliora
1011 2835 1169 2890 posse
1197 2822 1463 2885 converti,
1493 2822 1587 2877 sed
1624 2822 1785 2886 nolle,

217 2917 260 2962 et
287 2911 330 2962 in
363 2911 594 2980 perfidia
629 2925 724 2964 sua
756 2911 1081 2966 destinatum
1109 2910 1402 2968 obdurare.
1427 2911 1626 2968 Gratia:
1659 2928 1789 2968 vero

219 3003 480 3066 auxilium,
525 3003 676 3071 quod
709 3003 928 3072 angelos
970 3003 1022 3056 in
1061 3005 1350 3060 sanctitate
1398 3006 1702 3068 conﬁrmat,
1734 3013 1790 3060 et

216 3107 242 3146 ι
267 3094 502 3162 peccatis
534 3093 828 3164 prohibet;
871 3095 955 3150 vel
986 3094 1223 3163 ejusdem
1270 3098 1460 3167 gratiae
1492 3097 1786 3162 defectum,

216 3201 306 3250 quo
333 3186 408 3250 tit,
449 3197 510 3239 ut
541 3202 570 3239 a
603 3186 847 3256 nequitia
874 3187 1143 3243 daemones
1177 3204 1281 3243 non
1308 3199 1611 3260 emergant,
1643 3187 1787 3243 nullo

218 3275 357 3328 modo
384 3276 608 3330 videtur
644 3290 960 3344 agnoscere.
993 3277 1254 3331 Futurum
1285 3289 1467 3332 autem
1496 3277 1787 3346 aliquandi-

217 3377 371 3434 putat,
402 3377 466 3421 ut
495 3377 714 3422 naturae
747 3367 852 3421 illa:
882 3383 1089 3433 omnes,
1123 3369 1237 3424 sive
1285 3369 1620 3438 angelorum,
1669 3368 1790 3425 sive

217 3458 531 3522 daemonum,
554 3459 673 3512 sive
694 3459 992 3523 hominum,
1015 3475 1232 3513 causam
1255 3461 1440 3515 dicant
1459 3475 1637 3516 coram
1653 3460 1786 3526 Deo,

217 3558 262 3602 et
289 3564 462 3602 rerum
503 3565 534 3603 a
587 3564 651 3603 se
684 3559 957 3615 gestarum
993 3551 1253 3604 rationem
1295 3550 1538 3616 reddant,
1584 3566 1646 3606 ac
1692 3566 1790 3620 pro

219 3638 416 3690 meritis
453 3646 839 3700 exornentur;
899 3637 1119 3690 interim
1158 3639 1352 3708 jtamen
1419 3641 1598 3694 varios
1670 3640 1789 3695 illos

217 3729 418 3783 ordines
464 3743 531 3782 ac
561 3737 744 3782 status
785 3743 880 3796 pro
919 3729 1207 3784 virtutibus
1236 3745 1299 3785 ac
1331 3731 1475 3787 vitiis
1507 3733 1786 3802 consequi.

278 3817 386 3875 XII.
439 3819 674 3873 Summa
728 3821 842 3875 haec
883 3831 966 3875 est
996 3821 1334 3891 Origeniante
1376 3822 1442 3877 de
1477 3823 1788 3892 angelorum

220 3922 398 3966 natura
446 3921 503 3967 et
550 3911 766 3965 meritis
814 3912 1107 3977 doctrinae,
1158 3929 1318 3984 quam
1367 3917 1627 3971 conviciis
1677 3918 1790 3973 suis

221 4002 458 4060 Ecclesia:
492 4005 695 4060 Patres
744 4005 1126 4070 perfuderunt;
1164 4005 1470 4063 Methodins
1521 4010 1790 4079 praecipue

219 4095 263 4146 in
292 4096 421 4152 libro
445 4096 524 4151 De
556 4096 983 4160 resurrectione;
1020 4095 1352 4166 Theophilus
1377 4099 1786 4156 Alexandrinus

219 4183 446 4242 Paschal.
477 4190 501 4242 I
534 4201 595 4242 et
619 4187 690 4252 2;
731 4187 1063 4256 Epiphanius
1091 4188 1142 4241 in
1168 4189 1328 4258 epist.
1359 4192 1424 4244 ad
1449 4191 1603 4246 Joan.
1637 4191 1789 4247 .Ieroo

215 4275 390 4344 solym.
414 4319 429 4343 ,
479 4292 610 4344 cap.
640 4275 768 4337 2,et
803 4277 1012 4343 ,ha'res.
1041 4293 1200 4343 thv,
1235 4295 1354 4348 cap.
1387 4280 1459 4344 4;
1509 4279 1789 4337 Nemesius

220 4365 286 4422 De
322 4383 510 4424 natura
540 4369 796 4432 hominis,
834 4384 952 4440 cap.
977 4371 1048 4435 5;
1087 4371 1345 4426 Leontius
1379 4372 1637 4430 Scholior.
1667 4375 1783 4428 Act.

221 4457 297 4525 I0,
322 4461 470 4528 cujus
500 4463 674 4515 verba
703 4475 865 4529 supra
893 4461 1255 4530 adduximus;
1291 4462 1645 4534 Hieronymus
1664 4481 1782 4518 cum

1894 1992 2361 2046 animadversione
2377 1993 2593 2064 dignum
2613 2003 2694 2048 est
2711 1995 2851 2062 quod
2875 1997 2952 2048 ait
2970 2012 3034 2049 ex
3054 1993 3305 2066 Origene,
3325 1994 3470 2049 κατὰ

1895 2082 1994 2151 τὴν
2011 2081 2302 2151 ἀναλογίαν
2323 2083 2423 2153 τῆς
2450 2085 2805 2155 παρατροπῆς
2827 2084 3054 2137 ἕκαστον
3073 2084 3180 2136 τῶν
3206 2085 3471 2156 οὐρανίων

1895 2173 2192 2245 ταγμάτων
2217 2165 2464 2245 σώμασιν
2495 2174 2770 2246 ἐνδεθῆναι
2797 2174 3158 2246 λεπτοτέροις.
3190 2196 3206 2228 ‹
3235 2176 3339 2230 Pro
3362 2178 3470 2232 cri-

1894 2271 2058 2323 minis
2108 2270 2318 2323 ratione
2374 2285 2810 2338 unumquemque
2866 2272 3117 2327 ordiuum
3167 2273 3467 2328 caelestium

1893 2361 2212 2430 corporibus
2245 2361 2580 2415 tenuioribus
2610 2362 2826 2430 illigari.
2859 2381 2876 2413 ι
2911 2362 3201 2418 Contraria
3236 2365 3471 2422 Maximo

1895 2453 2056 2506 tradit
2084 2451 2414 2521 Augustinus
2449 2452 2623 2506 libum
2653 2450 2728 2505 De
2748 2453 2891 2507 civit.
2925 2453 3038 2520 Dei,
3065 2469 3187 2534 gap.
3216 2456 3308 2523 25,
3338 2469 3466 2510 sen-

1891 2543 2027 2598 sisse
2072 2543 2256 2598 dicens
2290 2542 2577 2610 Origenem
2625 2542 2836 2598 animas
2887 2560 2982 2614 pro
3031 2546 3240 2600 ratione
3271 2561 3467 2615 pecca-

1891 2643 2066 2690 torum
2103 2649 2323 2689 suorutn
2351 2634 2604 2704 graviora
2649 2650 2878 2704 corpora
2923 2637 3182 2702 induere;
3217 2639 3360 2708 quod
3395 2639 3469 2693 ita

1890 2729 2189 2799 impugnat,
2218 2727 2272 2782 id
2307 2728 2351 2782 si
2388 2727 2459 2782 sit
2484 2765 2501 2792 ,
2531 2727 2750 2796 gravius
2779 2727 3004 2781 dientoni
3029 2727 3241 2798 adjungi
3272 2729 3470 2784 debere

1889 2835 2090 2888 corpus
2113 2835 2274 2888 quam
2316 2819 2547 2885 homini,
2579 2828 2762 2887 utpote
2790 2820 2879 2886 qui
2911 2819 3031 2888 plus
3062 2820 3321 2888 peccarit.
3360 2818 3470 2873 Du-

1891 2912 2026 2967 bitat
2073 2909 2314 2978 prol‘ecto
2353 2911 2615 2980 Origenes
2657 2919 2778 2963 utra
2823 2909 3051 2964 inferior
3097 2911 3168 2966 sit
3208 2911 3473 2966 ἀίειηοηίε

1891 3014 2105 3067 natura,
2138 3018 2203 3055 an
2234 3001 2471 3055 hominis
2504 3001 2686 3070 (quam
2728 3002 2968 3072 angelica
2994 3003 3160 3055 etiam
3203 3011 3469 3068 praestan-

1893 3097 2084 3150 liorem
2138 3107 2259 3150 esse
2303 3091 2670 3148 Tertullianus
2721 3094 2816 3148 lib.
2863 3109 2900 3147 tt
2953 3105 3132 3146 contra
3165 3091 3465 3158 Marciam,

1891 3204 2011 3259 cap.
2039 3187 2090 3250 8,
2124 3186 2446 3256 autumavit)
2495 3186 2828 3256 proindeque
2875 3186 3104 3240 delinire
3151 3201 3254 3239 non
3291 3195 3470 3253 potest

1892 3288 2064 3333 utram
2103 3277 2346 3345 suscipit,
2378 3277 2469 3346 qui
2522 3277 2833 3347 graviorum
2887 3275 3151 3330 scelerum
3203 3289 3325 3330 reus
3357 3275 3414 3328 ﬁt
3448 3293 3464 3329 :

1902 3369 2226 3440 Ἐπίστησον
2272 3367 2362 3432 δὲ,
2412 3367 2585 3437 inquit
2630 3377 2800 3422 lom.t
2849 3368 2906 3421 in
2940 3366 3143 3432 10am,
3192 3383 3342 3422 num.
3374 3369 3468 3435 54,

1877 3458 2114 3529 ’πότερον
2142 3456 2428 3529 ἄνθρωπός
2471 3459 2586 3510 ἐστι
2625 3457 2684 3510 τὸ
2713 3456 2957 3527 ἔσχατον,
2998 3457 3031 3529 ἢ
3059 3457 3127 3511 τὰ
3161 3457 3471 3529 καλούμενα

1889 3549 2237 3621 καταχθόνιοι,
2280 3541 2354 3602 ὧν
2393 3550 2498 3602 εἰσι
2535 3549 2629 3602 xui.
2667 3550 2716 3602 οἱ
2759 3549 3048 3620 δαίμονες,
3084 3549 3201 3619 ἦτοι
3243 3549 3466 3615 πάντες,

1891 3644 1924 3715 ἦ
1951 3661 2116 3707 τινες.
2150 3644 2213 3697 Ει
2239 3641 2396 3712 paulo
2425 3641 2680 3710 superius
2707 3659 2719 3693 :
2754 3639 2910 3692 Οὕτω
2928 3642 3024 3694 καὶ
3038 3641 3113 3712 τῷ
3138 3641 3339 3712 λογικῷ
3364 3659 3466 3695 κα-

1888 3735 2151 3789 ταϐατέον
2187 3734 2280 3788 ἐπὶ
2306 3734 2530 3804 ἔσχατον
2562 3733 2801 3802 λογικὸν,
2837 3732 2978 3803 τάχα
3003 3734 3103 3785 οὐκ
3128 3733 3256 3786 ἄλλο
3295 3752 3346 3786 τι
3375 3734 3470 3786 τοῦ

1889 3827 2174 3899 ἀνθρώπου
2200 3825 2487 3896 τυγχάνον.
2526 3822 2867 3879 Postremum
2898 3823 2987 3877 hic
3018 3824 3192 3879 locum
3236 3826 3470 3878 homini-

1890 3921 1990 3974 bus
2023 3919 2283 3989 assignat.
2314 3917 2515 3972 Contra
2560 3927 2697 3971 tom.
2726 3931 2795 3971 xv
2838 3917 2892 3970 in
2927 3915 3123 3971 Matth.
3147 3955 3163 3981 ,
3199 3933 3344 3970 num.
3373 3917 3466 3984 9.7,

1890 4012 2122 4082 priorem
2176 4010 2352 4064 locum
2403 4009 2643 4077 angelis,
2698 4009 3058 4077 posteriorem
3109 4009 3465 4074 dzcmonibus,

1896 4102 2129 4156 medium
2187 4101 2496 4155 hominibus
2550 4101 2777 4154 tribuit:
2815 4101 2877 4152 Οἱ
2917 4098 2971 4151 δὲ
3010 4099 3304 4171 ἄνθρωποι,
3343 4102 3469 4154 ὅσον

1889 4195 1968 4256 εἰς
1996 4191 2280 4264 σύγκρισιν
2304 4193 2549 4261 ἀγγέλων
2572 4191 2790 4262 ἔσχατοι
2819 4192 3198 4262 τυγχάνοντες,
3227 4193 3468 4260 γίνονται

1888 4281 2135 4352 ἀγγέλων
2185 4280 2412 4348 πρῶτοι,
2451 4279 2557 4333 τῶν
2599 4281 2672 4352 μὴ
2719 4282 3068 4352 τηρησάντων
3115 4281 3214 4352 τὴν
3261 4281 3470 4334 ἑαυτῶν

1891 4375 2086 4446 ἀρχήν.
2131 4373 2262 4428 Cum
2313 4373 2621 4426 hominibus
2654 4387 2784 4442 ergo
2815 4374 3143 4442 quandoque
3175 4379 3467 4438 dmntones,

1890 4467 2136 4521 homines
2193 4479 2323 4518 vero
2378 4465 2704 4533 quandoque
2771 4473 3056 4533 postponat
3108 4464 3466 4531 daemonibus,

216 4550 326 4606 alibi
355 4569 518 4622 saepe,
563 4562 678 4604 tum
711 4553 941 4606 maxime
968 4554 1127 4621 epist.
1186 4553 1278 4616 59,
1320 4555 1570 4618 adAvit.,
1595 4557 1784 4626 cap.i,
1821 4571 1863 4624 ι)
1895 4567 2116 4610 naturas
2166 4555 2458 4610 rationales
2516 4569 2614 4624 pro
2662 4555 2932 4623 gravitate
2976 4555 3238 4611 scelerum
3272 4556 3469 4611 huma-

219 4645 297 4698 ubi
337 4656 540 4715 praeter
595 4643 701 4696 alia
753 4645 962 4714 insigne
1010 4647 1167 4711 istud,
1215 4647 1376 4700 habet
1423 4663 1438 4699 :
1503 4647 1791 4716 (Cumque

217 4741 378 4792 omnia
423 4739 581 4792 vario
641 4753 894 4791 sermone
951 4747 1236 4793 tractasset
1286 4738 1591 4812 (Origenes)
1645 4757 1793 4796 asse-

219 4844 328 4885 rens
354 4831 633 4885 diabolum
682 4845 786 4884 non
823 4830 1138 4899 incapacem
1185 4845 1305 4886 esse
1333 4831 1549 4886 virtutis
1574 4873 1589 4897 ,
1626 4841 1680 4886 et
1713 4842 1793 4886 ta-

221 4935 328 4975 men
362 4924 598 4977 necdum
633 4921 771 4975 velle
813 4939 1005 4993 capere
1040 4924 1336 4988 virtutem;
1378 4925 1444 4977 ad
1487 4935 1790 4980 extremum

220 5028 452 5069 sermone
503 5014 778 5069 latissimo
825 5017 1118 5083 disputavit
1171 5015 1460 5084 angelum,
1516 5017 1632 5070 sive
1670 5018 1788 5071 ani-

224 5120 348 5160 mam
376 5148 391 5172 ,
419 5119 516 5162 aut
547 5121 700 5164 certe
729 5110 1054 5172 daemonem,
1087 5123 1223 5178 quos
1254 5108 1412 5160 unius
1446 5108 1640 5161 asserit
1673 5123 1793 5165 esse

221 5210 432 5268 natura),
482 5205 584 5256 sed
625 5203 962 5256 diversarqu
991 5201 1360 5263 voluntatum,
1396 5215 1492 5268 pro
1523 5201 1792 5267 magnitu-

224 5289 332 5345 dine
363 5293 712 5363 negligentia:
739 5302 793 5348 et
821 5295 1061 5347 stultitia?
1088 5291 1390 5359 jutnentum
1437 5305 1595 5360 posse
1637 5291 1789 5345 Iieri:

221 5391 266 5436 et
289 5401 380 5454 pro
413 5386 608 5440 dolore
640 5400 952 5455 poenarum,
984 5395 1039 5438 et
1073 5383 1212 5454 ignis
1244 5381 1462 5444 ardore,
1492 5382 1662 5450 magis
1689 5383 1789 5437 eli-

222 5487 331 5540 gere
369 5487 427 5531 ut
485 5478 710 5531 brutum
758 5478 958 5530 animal
989 5477 1099 5539 sit,
1139 5486 1194 5530 et
1225 5475 1276 5529 itt
1319 5474 1480 5544 aquis
1510 5473 1714 5528 habitet
1743 5485 1798 5530 et

225 5564 488 5636 ﬂuctibus,
525 5583 593 5622 ac
637 5584 834 5639 corpus
877 5583 1156 5622 assumere
1200 5567 1362 5635 hujus
1396 5565 1478 5620 vel
1513 5565 1656 5618 illius
1695 5581 1793 5635 pe»

225 5660 352 5714 ceris
390 5679 403 5714 :
443 5671 504 5714 ut
555 5659 717 5714 nobis
753 5675 858 5713 non
895 5661 1067 5714 solum
1122 5657 1563 5727 quadrupedum,
1611 5657 1705 5712 sed
1742 5665 1797 5711 ct

224 5747 436 5816 piscium
460 5755 705 5816 corpora
738 5749 845 5802 sint
880 5749 1134 5802 timenda.
1168 5767 1185 5800 ι
1219 5749 1396 5815 Atque
1432 5747 1574 5801 hanc
1605 5751 1670 5801 de
1698 5765 1795 5800 na-

225 5843 342 5898 turis
374 5842 742 5898 rationalibus
768 5841 819 5896 in
847 5842 1206 5906 iumentorum
1239 5855 1466 5908 corpora
1500 5837 1792 5896 demittere-

1891 4665 2013 4702 nam
2035 4649 2257 4702 induere
2294 4656 2577 4709 naturam,
2608 4656 2663 4699 et
2690 4645 3075 4716 gravissimum
3105 4663 3304 4718 corpus
3337 4651 3464 4704 sub-

1889 4738 1968 4792 ire
2029 4751 2413 4804 nonnunquam
2452 4735 2682 4799 statuit,
2732 4751 3123 4806 nonnunquam
3170 4755 3302 4794 vero
3355 4742 3471 4796 da:-

1890 4841 2108 4879 ntouum
2165 4835 2452 4888 naturam,
2518 4822 2878 4890 subtiliusque
2931 4841 3126 4895 corpus
3173 4829 3466 4884 asciscere.

1891 4918 2029 4984 Quin
2059 4916 2220 4971 etiam
2253 4914 2526 4968 daemones
2553 4915 2708 4967 novis
2738 4915 2995 4970 admissis
3024 4918 3323 4974 sceleribus
3369 4925 3464 4976 bo-

1899 5008 2068 5060 mines
2096 5005 2234 5068 ﬁeri,
2262 5015 2316 5057 et
2351 5003 2598 5057 homines
2625 5000 2862 5057 vicissim
2894 5021 3154 5060 novarum
3189 5007 3467 5075 culparum

1898 5114 2018 5153 reos
2043 5099 2094 5150 in
2126 5099 2430 5151 damionum
2468 5106 2718 5150 naturam
2745 5107 2798 5148 et
2829 5110 3024 5165 corpus
3059 5100 3293 5151 transire
3321 5115 3469 5155 asse-

1898 5192 1968 5244 rit
2018 5189 2157 5258 apud
2194 5188 2582 5259 Hieronymum
2628 5191 2790 5258 epist.
2815 5189 2885 5244 59
2932 5191 2998 5242 ad
3023 5190 3168 5243 Avit.
3203 5229 3218 5254 ,
3248 5205 3364 5259 cap.
3403 5195 3468 5247 I:

1902 5298 1920 5330 ι
1949 5278 2024 5333 Ita
2061 5288 2280 5340 cuncta,
2319 5277 2518 5346 inquit,
2560 5279 2766 5332 variari
2810 5277 3185 5352 (arbitrantur)
3222 5289 3278 5333 ut
3304 5291 3356 5335 et
3379 5285 3469 5353 qui

1901 5383 2040 5425 nunc
2076 5368 2240 5421 homo
2269 5378 2381 5434 est,
2430 5370 2601 5437 possit
2632 5371 2682 5424 in
2717 5371 2823 5427 alio
2857 5371 3055 5424 mundo
3080 5372 3291 5426 dzemon
3322 5375 3470 5443 ﬁeri;

1893 5477 1949 5520 et
1983 5464 2072 5534 qui
2106 5465 2313 5516 daemon
2349 5473 2452 5527 est,
2493 5472 2548 5516 et
2585 5464 2942 5534 negligentius
2983 5463 3197 5533 egerit,
3239 5465 3294 5518 in
3327 5481 3475 5520 cras-

1891 5558 2036 5613 siora
2085 5570 2311 5624 corpora
2363 5555 2664 5624 relegetur,
2715 5556 2764 5608 id
2821 5565 2945 5619 est,
2996 5564 3053 5607 ut
3103 5556 3263 5609 homo
3308 5557 3420 5610 liat.
3450 5576 3468 5607 ι

1893 5647 2036 5703 Idem
2078 5645 2438 5714 Hieronymus
2472 5646 2524 5698 in
2578 5647 2703 5699 illud
2749 5645 2948 5702 Jerem.
2981 5662 3146 5709 uix,
3187 5647 3255 5702 14
3293 5668 3305 5702 :
3357 5667 3376 5700 ι
3413 5651 3475 5705 Et

1899 5743 2154 5796 reducam
2186 5737 2557 5806 captivitatem
2601 5750 2866 5804 vestram,
2906 5751 2961 5793 et
3009 5741 3348 5809 congregabo
3377 5758 3470 5796 vos

1905 5837 1967 5892 :le
1995 5831 2260 5891 universis
2296 5829 2575 5899 gentibus,
2612 5839 2666 5886 et
2707 5832 2774 5887 de
2802 5831 3024 5888 cunctis
3044 5831 3178 5888 locis
3198 5872 3213 5900 ,
3245 5833 3311 5886 ad
3354 5847 3476 5903 quas
