3916 6542
447 415 558 510 ἓδθ

1719 415 1780 469 Ρ.
1824 408 2138 468 DANlELlS
2173 409 2410 466 HUETII

3612 411 3731 468 860

452 515 634 614 expuli
669 557 806 604 vos,
839 538 971 597 dicit
999 537 1284 597 Dominus.
1333 541 1399 598 Et
1444 538 1784 599 reverti'vos
1839 540 2030 594 factum
2061 542 2296 605 Asupra
2357 533 2743 604 descripsimus
2821 530 3029 588 sanctis
3086 529 3373 602 beatisque
3427 528 3732 584 ordinibus

454 639 521 694 de
578 640 695 694 loco
750 628 816 692 a‘d
852 651 1012 706 quem
1058 635 1450 706 transmigrare
1492 651 1590 691 vos
1634 633 1756 688 feci.
1785 651 1805 686 ι
1842 629 2034 700 Orige-

455 751 615 801 nem,
654 747 815 803 quem
871 729 1106 785 delirum
1163 727 1516 796 interpretem
1569 724 1834 796 appellat,
1881 737 2031 777 som-

455 828 608 882 niare
638 827 713 879 ait
748 825 961 879 ruinam
992 821 1236 876 caelestis
1268 818 1566 874 Jerusalem
1599 818 1685 873 his
1716 815 2033 888 significari,

451 929 510 973 et
538 934 631 975 eos
664 926 912 987 spectare
940 913 1256 969 vaticinium
1278 953 1293 975 ,
1319 913 1407 981 qui
1453 913 1575 966 inde
1603 911 1812 966 dimissi
1849 909 1900 963 in
1931 909 2036 963 hoc

457 1011 659 1064 mundo
681 1017 994 1072 versantur,
1028 1008 1379 1075 futurumque
1412 1015 1471 1058 ut
1501 1015 1619 1075 post
1644 1020 1746 1058 Lxx
1781 1017 1952 1057 annos
1981 1003 2032 1056 in

455 1100 631 1155 locum
661 1100 951 1170 pristinum
986 1099 1368 1161 restituantur,
1399 1097 1444 1152 si
1474 1098 1632 1151 modo
1663 1097 1715 1150 id
1741 1096 1897 1152 bonis
1923 1095 2037 1150 suis

454 1193 711 1259 operibus
745 1191 1029 1260 promeriti
1063 1191 1207 1253 sint,
1240 1200 1428 1258 utpote
1468 1189 1559 1258 qui
1608 1198 1798 1257 Sponte
1836 1190 1888 1242 in
1921 1189 2036 1243 batc

458 1297 688 1350 corpora
730 1283 1125 1336 descendentes
1155 1290 1308 1334 recte
1334 1284 1545 1351 egerint
1583 1299 1596 1334 :
1633 1281 1722 1350 qui
1755 1289 1934 1333 autem
1968 1279 2036 1332 ad

457 1375 676 1422 terrena
717 1367 832 1422 haec
858 1383 979 1422 sese
1023 1377 1216 1437 sponte
1246 1368 1552 1434 demittere,
1581 1378 1636 1424 et
1680 1369 1877 1423 fratres
1907 1384 2036 1423 suos

458 1458 662 1513 imitari
712 1459 1008 1526 noluerint,
1058 1459 1293 1531 idipsnm
1341 1475 1595 1530 passuros
1628 1463 1768 1530 quod
1799 1461 2038 1517 Sedecize

458 1551 736 1620 ipsiusque
791 1551 986 1619 populo
1041 1552 1408 1607 comminatur
1459 1553 1755 1620 Dominus,
1796 1555 2035 1608 futurum

457 1657 654 1712 nempe
681 1653 738 1696 ιιι
771 1644 951 1697 mittat
995 1645 1048 1697 in
1082 1659 1177 1699 eos
1223 1645 1484 1715 gladium,
1521 1655 1576 1700 et
1611 1647 1831 1711 famem,
1857 1657 1911 1703 et
1941 1663 2037 1717 pe-

457 1745 632 1800 stem;
671 1754 690 1785 c
719 1745 773 1788 et
799 1736 887 1788 det
916 1736 967 1789 in
996 1736 1332 1790 vexationem
1362 1737 1630 1793 universis
1655 1739 1834 1809 regnis
1858 1749 2037 1805 teme,

455 1840 566 1894 quo
597 1825 804 1880 scilicet
843 1842 1183 1896 nequaquam
1223 1828 1500 1893 homines,
1549 1831 1642 1884 sed
1690 1831 1822 1885 fiant
1865 1846 2037 1887 aerea:

458 1928 775 1988 potestates,
817 1929 873 1973 et
921 1920 1033 1974 sint
1077 1922 1216 1989 apud
1248 1931 1473 1974 cunctos
1503 1921 1726 1992 angelos
1771 1922 1863 1992 qui
1906 1938 2038 1991 pra:-

456 2011 568 2064 sint
615 2009 845 2078 singulis
891 2012 1186 2080 provinciis
1228 2011 1280 2066 in
1334 2012 1811 2079 maledictionem,
1873 2025 1928 2070 et
1983 2017 2036 2070 in

456 2109 760 2170 stuporem,
808 2102 861 2156 in
918 2103 1158 2169 sibilum,
1207 2111 1260 2158 et
1321 2103 1373 2156 in
1428 2104 1777 2174 opprobrium
1832 2108 2040 2163 cunctis

458 2191 753 2261 gentibus;
789 2201 840 2247 et
873 2193 975 2248 hoc
1007 2208 1101 2248 eos
1147 2193 1354 2248 idcirco
1400 2209 1676 2263 passuros,
1716 2196 2039 2270 quiaverba

461 2283 852 2351 prophetarum
883 2284 934 2339 in
977 2285 1184 2340 cmlesti
1212 2283 1509 2341 Jerusalem
1531 2289 1720 2344 audire
1747 2290 2037 2356 noluerint,

458 2373 551 2442 qui
584 2389 677 2428 eos
712 2374 1073 2430 hortabantur
1097 2385 1155 2430 ut
1193 2376 1260 2430 ad
1301 2385 1515 2432 terrena
1542 2378 1952 2446 descenderent,
1988 2390 2041 2436 et

458 2479 656 2532 corpus
670 2464 991 2520 humilitatis
1008 2475 1428 2533 assumerent,et
1445 2476 1560 2522 acta
1581 2471 1897 2538 paenitentia
1920 2481 2042 2541 post

460 2571 647 2610 verum
674 2557 1061 2612 sabbatismum
1082 2557 1254 2612 locum
1300 2559 1587 2628 pristinum
1621 2564 1978 2632 possiderent.
2015 2584 2033 2618 ι

536 2645 673 2701 XIV.
707 2648 994 2703 Erroribus
1024 2663 1185 2718 porro
1213 2650 1319 2705 illis
1341 2667 1562 2720 aspersa
1588 2663 1712 2710 sunt
1735 2655 2040 2713 Adamantii

462 2753 626 2808 Opera
663 2755 784 2809 qua:
817 2751 1052 2806 exstant,
1088 2759 1225 2812 quos
1254 2744 1299 2798 si
1325 2744 1605 2814 sigillatim
1635 2747 1876 2805 indicare
1933 2761 2043 2806 sat-

462 2844 708 2899 aganms,
759 2832 1048 2888 abutemur
1089 2835 1201 2889 otio
1252 2846 1460 2905 nostro,
1533 2847 1587 2894 et
1666 2839 1851 2897 lectori
1892 2842 2043 2899 fasti-

465 2922 610 2976 dium
670 2925 1026 2980 movebimus.
1083 2926 1315 2984 lllustria
1373 2940 1550 2986 tamen
1600 2933 1869 3002 seligenda
1917 2947 2043 2991 sunt

465 3017 734 3083 quaedam,
767 3033 874 3086 quo
897 3019 1059 3074 dictis
1083 3020 1284 3076 nostris
1311 3022 1445 3078 fides
1475 3026 1818 3098 adiungatur.
1857 3029 2043 3084 Tertio

461 3121 594 3176 ergo
641 3107 779 3161 libro
829 3110 967 3179 Περὶ
1011 3112 1244 3183 ἀρχῶν,
1281 3131 1401 3186 cap.
1432 3118 1466 3172 5
1492 3157 1508 3182 ,
1564 3135 1711 3174 num.
1737 3120 1804 3187 4,
1843 3121 2044 3177 sicdis-

2133 628 2362 698 subjecti
2414 636 2541 682 sunt
2571 643 2635 681 ac
2685 625 2906 697 regendi
2945 638 2963 678 :
3005 639 3240 694 quorum
3293 621 3568 690 adiutorio
3614 622 3729 688 usi,

2133 732 2189 776 et
2216 721 2644 775 institutionibus
2672 734 2738 772 ac
2792 716 3095 787 disciplinis
3149 715 3484 771 salutaribus
3548 713 3735 768 refor-

2135 815 2290 878 mati,
2331 814 2508 868 redire
2533 828 2596 868 ac
2637 811 2848 866 re5tilui
2875 810 2940 864 ad
2973 818 3170 865 statum
3202 805 3564 862 beatitudinis
3596 820 3734 874 pos-

2137 915 2281 962 sunt.
2319 905 2398 960 Ex
2434 905 2632 976 quibus
2665 903 2946 965 existimo,
2984 909 3150 970 prout
3196 915 3296 970 ego
3339 899 3554 954 sentire
3598 912 3734 967 pos-

2135 1014 2277 1063 sum,
2315 999 2460 1053 hunc
2515 997 2762 1052 ordinem
2828 995 3047 1049 humani
3109 991 3327 1064 generis
3384 992 3730 1054 institutum,

2137 1092 2227 1162 qui
2267 1092 2453 1160 utique
2488 1090 2543 1146 in
2569 1091 2755 1145 futuro
2789 1087 3018 1152 saeculo,
3079 1087 3162 1142 vel
3208 1085 3734 1154 supervenientibus

2136 1184 2370 1250 saeculis,
2401 1200 2523 1239 cum
2556 1182 2757 1238 caelum
2793 1195 2988 1235 novum
3011 1218 3026 1243 ,
3057 1188 3111 1234 et
3141 1187 3284 1233 terra
3345 1192 3488 1233 nova
3529 1189 3734 1230 secun-

2137 1278 2263 1332 dum
2295 1276 2490 1332 lsaiam
2520 1275 2626 1331 erit
2655 1276 2724 1338 “,
2761 1272 3083 1328 restituetur
3125 1271 3178 1325 in
3236 1270 3385 1325 illam
3427 1269 3732 1331 unitatem,

2136 1384 2297 1440 quam
2319 1368 2588 1436 promittit
2633 1367 2892 1422 Dominus
2927 1361 3104 1420 Jesus.
3142 1381 3162 1416 ι
3195 1363 3263 1418 Ει
3301 1377 3426 1417 mox
3461 1377 3618 1415 num.
3649 1361 3729 1417 ὅς

2145 1479 2163 1514 ι
2200 1461 2490 1517 Sciendum
2523 1470 2702 1514 tamen
2726 1467 2810 1513 est
2831 1456 3118 1528 quosdam,
3151 1456 3241 1526 qui
3288 1471 3354 1511 ex
3410 1471 3524 1509 uno
3579 1458 3734 1524 prin-

2137 1554 2303 1623 cipio,
2333 1556 2478 1623 quod
2508 1567 2674 1622 supra
2705 1550 2964 1614 diximus,
2997 1549 3199 1618 delapsi
3232 1558 3381 1614 sunt,
3421 1548 3477 1603 in
3514 1556 3730 1602 tantam

2141 1646 2517 1716 indignitatem
2574 1660 2641 1700 ac
2696 1643 2958 1697 malitiam
3008 1656 3067 1697 se
3120 1642 3357 1706 dedisse,
3411 1649 3473 1695 ut
3520 1640 3730 1712 indigni

2137 1739 2312 1795 habiti
2363 1739 2472 1794 sint
2520 1737 2868 1793 institutione
2919 1736 3042 1801 hac,
3079 1735 3164 1790 vel
3219 1735 3560 1801 eruditione,
3618 1748 3729 1802 qua

2139 1849 2237 1904 per
2267 1848 2485 1888 carnem
2545 1832 2842 1886 humanum
2909 1842 3079 1896 genus
3135 1827 3407 1896 adiutorio
3458 1827 3730 1882 virtutum

2139 1926 2445 1984 ctelestium
2481 1923 2785 1980 instituitur
2819 1932 2981 1992 atque
3004 1920 3288 1985 eruditur;
3349 1919 3447 1974 sed
3513 1931 3546 1973 e
3605 1931 3735 1971 con.

2141 2020 2314 2075 trario
2373 2019 2536 2074 etiam
2566 2016 2868 2072 adversarii
2927 2023 3089 2084 atque
3122 2023 3492 2084 repugnantes
3514 2011 3604 2066 his
3631 2011 3732 2079 qui

2144 2113 2472 2169 erudiuntur
2533 2119 2698 2178 atque
2761 2108 3098 2171 imbuuntur,
3155 2106 3446 2161 exsistunt.
3508 2122 3528 2156 ι
3587 2099 3731 2155 Tum

2094 2269 2102 2282 η
2142 2203 2303 2274 paulo
2329 2201 2596 2256 inferius:
2637 2219 2656 2252 ι
2690 2200 2911 2254 Interim
2939 2209 3045 2252 tam
3089 2199 3142 2252 in
3175 2199 3259 2252 bis
3286 2213 3409 2268 quae
3443 2195 3730 2258 videntur,

2141 2302 2196 2349 et
2222 2291 2610 2361 temporalibus
2640 2291 2884 2356 saeculis,
2920 2306 3083 2360 quam
3113 2291 3164 2345 in
3199 2290 3306 2344 illis
3339 2305 3468 2359 qua:
3508 2303 3618 2342 non
3648 2289 3734 2342 vi»

2142 2387 2360 2448 dentur,
2390 2393 2445 2439 ct
2473 2394 2674 2439 aeterna
2708 2393 2854 2446 sunt,
2883 2397 3074 2438 omnes
3108 2384 3194 2438 isti
3229 2398 3326 2455 pro
3378 2383 3596 2446 ordine,
3629 2397 3732 2451 pro

2144 2479 2378 2543 ratione,
2405 2493 2503 2545 pro
2533 2479 2715 2542 modo,
2743 2487 2798 2532 et
2847 2477 3164 2531 meritorum
3216 2474 3580 2546 dignitatibus
3619 2473 3733 2528 dis-

2141 2580 2461 2641 pensantur,
2496 2579 2553 2622 ut
2583 2569 2672 2623 alii
2700 2569 2753 2623 in
2786 2569 3000 2638 primis,
3039 2568 3130 2623 alii
3184 2569 3237 2622 in
3268 2569 3552 2634 secundis,
3587 2581 3730 2620 non-

2143 2663 2273 2718 nulli
2301 2663 2463 2716 etiam
2495 2662 2548 2716 in
2582 2661 2787 2716 ultimis
2813 2660 3147 2730 temporibus
3170 2702 3186 2729 ,
3217 2669 3271 2715 et
3301 2676 3398 2731 per
3427 2660 3636 2730 maiora
3663 2673 3731 2713 ac

2143 2756 2392 2826 graviora
2442 2755 2731 2825 supplicia,
2756 2770 2965 2809 necnon
2997 2763 3052 2809 et
3091 2755 3344 2809 diuturna
3368 2795 3384 2817 ,
3418 2767 3484 2806 ac
3517 2750 3729 2816 multis,

2143 2857 2202 2900 ut
2234 2846 2305 2901 ita
2336 2845 2540 2910 dicam,
2593 2846 2810 2900 szecnlis
2861 2845 3106 2910 tolerata,
3137 2844 3512 2915 asperioribus
3544 2857 3732 2899 emen-

2144 2936 2455 2990 dationibus
2489 2937 2746 3007 reparati,
2778 2946 2833 2992 et
2853 2937 3086 2992 restituti
3118 2936 3526 2993 eruditionibus
3552 2938 3731 3006 primo

2146 3027 2428 3098 angelicis,
2467 3037 2578 3082 tum
2606 3028 2804 3083 deinde
2844 3029 3011 3084 etiam
3063 3028 3406 3098 superiorum
3457 3029 3729 3099 graduum

2142 3121 2459 3184 virtutibus,
2503 3130 2560 3177 et
2589 3121 2668 3176 sic
2708 3137 2804 3192 per
2832 3120 3042 3190 singula
3083 3121 3148 3175 ad
3191 3120 3477 3190 superiora
3539 3136 3735 3191 prove-

463 3211 662 3293 putat:
705 3222 724 3255 ‹
782 3203 955 3260 Unius
1002 3223 1238 3278 namque
1291 3220 1498 3267 natura;
1547 3228 1668 3268 esse
1720 3229 1906 3290 omnes
1955 3231 2111 3293 ra-C
2145 3215 2244 3282 cti,
2299 3230 2472 3284 usque
2511 3215 2577 3268 ad
2634 3230 2696 3270 ea
2749 3231 2870 3286 qua:
2927 3224 3054 3269 sunt
3085 3215 3372 3269 invisibilia
3434 3224 3492 3269 et
3525 3225 3733 3269 aeterna

467 3292 751 3349 tionabiles
798 3306 1082 3353 creaturas
1127 3314 1194 3352 ex
1243 3301 1425 3356 multis
1460 3305 1851 3362 assertionibus
1897 3323 2044 3362 com-

461 3385 761 3450 probatur;
818 3401 915 3455 per
965 3388 1106 3455 quod
1163 3389 1334 3444 solum
1386 3391 1477 3446 Dei
1525 3390 1734 3459 iustitia
1777 3395 1826 3448 in
1872 3398 2044 3452 omni-

463 3475 567 3528 bus
618 3489 806 3529 carum
855 3477 1352 3546 dispensationibus
1396 3483 1610 3538 defendi
1658 3495 1870 3553 potest,
1917 3491 2042 3544 dum

461 3581 803 3634 unaqnzequc
833 3567 884 3620 in
927 3572 1214 3641 Sentctipsa
1247 3573 1406 3628 habet
1434 3590 1648 3641 causas,
1675 3580 1815 3648 quod
1844 3581 1895 3635 in
1954 3581 2046 3638 illo

465 3659 548 3712 vel
580 3659 631 3713 in
659 3659 750 3713 illo
773 3659 897 3714 vitae
921 3663 1112 3717 ordine
1144 3665 1315 3733 posita
1342 3667 1431 3722 sit.
1477 3687 1496 3720 ι
1534 3668 1668 3724 Hinc
1696 3672 1881 3741 triplex
1914 3689 2046 3728 enu-

467 3763 644 3806 merat
677 3753 1078 3808 rationabilium
1109 3767 1424 3812 naturarum
1459 3775 1626 3829 genus
1660 3761 1763 3816 huc
1793 3762 2044 3831 delapsa-

467 3860 608 3907 I'tlttl,
633 3862 819 3900 carum
855 3846 1063 3902 scilicet
1103 3835 1230 3918 qua}.
1263 3851 1429 3920 gestis
1458 3853 1570 3907 suis
1607 3852 1660 3906 id
1699 3851 1896 3908 fuerint
1920 3871 2046 3922 pro-

473 3938 738 4002 tncrittc;
816 3941 1044 3995 aliarum
1102 3957 1222 4012 qua:
1289 3943 1694 4013 aspectabilium
1754 3947 2046 4016 cupiditate

470 4044 638 4100 raptte
659 4032 763 4086 sint
788 4051 802 4096 ;
825 4044 878 4087 ct
903 4033 1116 4089 illarum
1139 4034 1354 4090 demum
1401 4052 1520 4106 quae
1545 4038 1707 4092 etiam
1737 4038 1921 4094 invitae
1977 4043 2043 4097 ad

461 4126 636 4180 cilicia
660 4126 781 4181 aliis
801 4127 1106 4183 exhibenda
1139 4143 1168 4182 a
1193 4129 1304 4185 Deo
1336 4129 1602 4200 deputata:
1633 4131 1829 4198 sint,et
1857 4132 1908 4186 in
1934 4134 2047 4190 lucc

467 4219 584 4273 loca
621 4220 895 4290 relegata}.
919 4221 1126 4288 Quibus
1157 4222 1438 4277 hominum
1486 4223 1695 4278 animas
1742 4225 2043 4296 significat;

467 4322 582 4368 tum
631 4316 853 4385 angelos
907 4314 1026 4369 illos
1069 4315 1161 4384 qui
1215 4316 1473 4370 mulieres
1526 4316 1815 4372 adamasse
1855 4319 2043 4374 crediti

467 4420 594 4463 sunt
624 4424 653 4462 a
683 4409 1058 4478 plerisque";
1096 4423 1161 4464 ac
1206 4409 1430 4480 angelos
1466 4409 1698 4479 denique
1730 4410 1911 4466 tutelae
1952 4414 2046 4468 lto-

467 4502 676 4557 minum
711 4500 1013 4572 prmfcctos,
1039 4501 1125 4555 vel
1154 4518 1248 4558 eos
1280 4518 1419 4573 quos
1444 4518 1472 4557 a
1531 4502 1642 4558 Deo
1674 4519 1778 4558 non
1828 4504 2041 4570 missos,

2146 3307 2488 3379 perveniant,
2519 3306 2745 3377 singulis
2775 3306 3028 3362 videlicet
3068 3306 3372 3376 quibusque
3418 3307 3730 3363 caelestium

2145 3400 2405 3454 virtutum
2455 3397 2648 3452 ciliciis
2693 3397 2922 3466 quadam
2967 3399 3328 3452 eruditionum
3381 3399 3568 3468 specie
3610 3413 3733 3468 per-

2144 3491 2366 3561 agratis.
2402 3489 2476 3544 Et
2509 3504 2638 3558 quo,
2672 3499 2732 3542 ut
2768 3489 2979 3554 opinor,
3036 3489 3138 3544 hoc
3167 3491 3561 3559 consequentia
3609 3490 3723 3558 ipsa

2145 3585 2359 3639 videtur
2405 3583 2699 3638 ostendere
2733 3623 2749 3649 ,
2823 3597 3263 3651 unamquamque
3337 3575 3721 3636 rationabilem

2144 3687 2394 3731 naturam
2425 3689 2585 3746 posse
2638 3675 2707 3730 ab
2732 3689 2839 3730 uno
2869 3675 2922 3729 in
2968 3673 3199 3728 alterum
3236 3672 3484 3727 ordinem
3550 3681 3734 3726 trans-

2143 3777 2359 3821 euntem
2407 3781 2504 3834 per
2537 3765 2784 3834 singulos
2832 3764 2883 3818 in
2905 3765 3128 3828 'omnes,
3159 3770 3216 3816 et
3261 3761 3331 3816 ab
3353 3759 3615 3816 omnibus
3678 3759 3732 3812 in

2145 3858 2385 3928 singulos
2433 3859 2742 3928 pervenire,
2776 3857 2906 3912 dum
2949 3869 3204 3911 accessus
3233 3851 3578 3922 profectuum
3639 3851 3735 3905 de-

2145 3952 2454 4008 fectuumve
2480 3952 2662 4006 varios
2691 3965 2792 4020 pro
2833 3949 3070 4003 motibus
3117 3947 3201 4001 vel
3258 3945 3551 4000 conatibus
3608 3959 3734 4012 pro-

2143 4045 2280 4116 priis
2312 4043 2686 4113 unusquisque
2710 4058 2808 4113 pro
2833 4040 2992 4096 liberi
3036 4037 3251 4093 arbitrii
3299 4034 3560 4090 facultate
3614 4049 3736 4104 per-

2147 4138 2369 4208 petitur.
2410 4154 2429 4188 ι
2466 4133 2732 4190 Nonnulla
2754 4149 2820 4188 ex
2855 4134 2941 4188 bis
2967 4132 3156 4187 Graece
3188 4127 3459 4196 descripta
3493 4125 3735 4194 reperies

2148 4231 2202 4286 in
2225 4230 2330 4284 line
2361 4226 2604 4297 epistolae
2633 4225 2927 4284 Iustiniani
2949 4225 3015 4277 ad
3050 4221 3261 4277 Menam
3293 4229 3350 4273 et
3398 4217 3540 4286 apud
3567 4215 3734 4269 Maxi—

2145 4338 2292 4379 mum
2336 4318 3019 4388 Constantinopolitanum,
3079 4315 3197 4370 loco
3247 4311 3499 4382 proxime
3545 4311 3731 4364 citato.

2147 4415 2257 4470 Has
2298 4429 2512 4484 quoque
2535 4411 2922 4468 conversiones
2945 4417 2999 4464 et
3029 4408 3354 4479 dignitatum
3379 4420 3444 4460 ac
3471 4403 3724 4458 ordinum

2147 4506 2571 4576 permutationes
2609 4504 2800 4559 statuit
2844 4512 2974 4557 tom.
3019 4518 3089 4555 xv
3117 4502 3170 4554 in
3218 4498 3438 4563 Matth.,
3466 4513 3617 4552 num.
3639 4496 3730 4550 27.

469 4595 522 4649 in
565 4596 708 4649 hunc
743 4594 1025 4657 mundum,
1054 4594 1358 4664 doctrinam
1413 4595 1497 4650 vel
1541 4596 1880 4664 pr0pbetiam
1918 4611 2040 4665 pros
2077 4600 2118 4655 D
2147 4600 2318 4656 Tomo
2343 4613 2474 4653 vero
2509 4611 2773 4667 xm,pag.
2808 4595 2937 4658 594.
2969 4594 3228 4649 intricato
3257 4591 3408 4656 licet,
3436 4600 3492 4645 et
3522 4607 3550 4644 a
3573 4591 3732 4643 libra-

469 4687 748 4742 mittentes
798 4688 1012 4741 venisse
1039 4688 1116 4740 ait
1167 4698 1298 4746 tom.
1334 4705 1405 4742 xx
1455 4688 1510 4741 in
1551 4687 1740 4751 Joan.,
1782 4689 2038 4745 num.i7.

467 4780 657 4836 Priorc
697 4788 876 4833 autem
912 4779 1050 4848 Περὶ
1089 4780 1292 4851 ἀρχῶν
1340 4782 1475 4837 libro
1496 4821 1510 4847 ,
1544 4797 1664 4851 cap.
1693 4781 1748 4848 6,
1777 4798 1923 4834 ntnn.
1956 4781 1992 4836 2
2022 4799 2038 4836 :

470 4893 491 4928 ι
526 4875 602 4930 Ex
639 4873 724 4928 bis
771 4887 924 4938 sane,
958 4874 1156 4943 inquit,
1184 4875 1276 4944 qui
1314 4875 1367 4930 in
1418 4875 1510 4930 illo
1535 4874 1690 4929 initio
1731 4879 2044 4943 permanse-

467 4976 620 5031 runt,
653 4964 799 5033 quod.
847 4966 1031 5020 futuro
1086 4967 1176 5021 fini
1219 4967 1398 5024 simile
1453 4983 1575 5023 esse
1632 4967 2040 5036 descripsimus,

461 5059 685 5128 quidam
719 5074 787 5114 ex
849 5058 983 5129 ipsis
1025 5059 1076 5114 in
1129 5061 1476 5117 ordinatione
1524 5077 1589 5116 ac
1641 5060 2043 5130 dispensatione

466 5153 655 5229 mundi
688 5152 934 5207 ordinem
973 5152 1280 5223 angelicum
1335 5155 1672 5216 sortiuntur,
1729 5153 1818 5207 alii
1866 5154 2042 5207 virtu-

468 5255 623 5313 tum,
690 5246 782 5299 alii
841 5246 1274 5317 principatttum,
1327 5247 1420 5300 alii
1481 5254 1878 5314 potestatum...
1926 5262 2046 5316 quae

463 5339 648 5393 omnia
679 5337 758 5393 eis
780 5355 878 5408 pro
907 5340 1128 5405 merito,
1156 5350 1213 5394 et
1241 5339 1574 5409 profectibus
1595 5340 1734 5407 suis,
1769 5337 1965 5407 quibus
1991 5339 2043 5392 in

467 5431 562 5486 Dei
604 5431 1082 5500 participationem
1147 5433 1618 5503 imitationemque
1679 5431 2042 5501 profecerant,

466 5539 622 5593 sequo
670 5523 930 5594 iustoque
958 5525 1166 5595 iudicio
1192 5525 1372 5580 divina
1407 5523 1639 5579 contulit
1670 5521 2041 5576 Providentia.

467 5613 533 5670 lli
559 5631 688 5672 vero
709 5617 800 5685 qui
825 5619 891 5694 de
912 5627 1057 5673 statu
1079 5619 1268 5688 prima:
1293 5617 1640 5671 beatitudinis
1671 5617 1800 5673 moti
1827 5615 2043 5685 quidem

461 5719 617 5775 sunt,
654 5725 766 5764 non
809 5720 988 5767 tamen
1029 5709 1502 5768 irremediabiliter
1553 5709 1708 5779 tnoti,
1755 5709 1861 5766 illis
1909 5721 2045 5778 quos

539 5905 583 5939 "
607 5904 738 5962 Gen.
763 5922 835 5972 vt,
860 5907 914 5961 2.
1007 5911 1050 5940 ⁸³
1075 5907 1178 5964 lsa.
1205 5923 1351 5976 uti,
1370 5906 1458 5961 2'2.

2151 4695 2248 4749 riis
2279 4692 2512 4746 fortasse
2537 4698 2795 4759 corrupto
2844 4701 3093 4742 sermone
3128 4684 3474 4740 adversarias
3503 4692 3735 4752 potesta-

2150 4797 2232 4843 tes
2256 4795 2475 4856 pr0ptcr
2502 4783 2831 4840 oﬂensiones
2863 4780 3174 4836 hominibus
3213 4777 3473 4847 praebitas
3506 4788 3732 4844 corpora

2150 4883 2386 4940 humana
2427 4879 2630 4942 subire,
2665 4878 2717 4932 in
2742 4891 2916 4946 eoque
2950 4888 3139 4944 poenas
3175 4873 3326 4926 luere
3354 4869 3545 4926 tradit.
3591 4867 3732 4922 Idem

2149 4954 2270 5047 cap.
2307 4973 2487 5030 Slibri
2510 4971 2668 5043 primi
2697 4970 3081 5039 Περὶάρχων,
3123 4981 3272 5020 num.
3309 4964 3333 5018 1
3368 4974 3424 5018 et
3468 4963 3525 5029 4,
3587 4958 3734 5030 paria

2150 5066 2465 5138 repetendo,
2499 5062 2733 5119 inculcat
2763 5080 2784 5115 ι
2823 5059 3136 5131 angelorum
3162 5057 3402 5114 cilicium
3428 5054 3644 5111 nonnisi
3668 5067 3731 5106 ex

2151 5159 2345 5214 merito
2367 5167 2650 5222 constare;
2693 5175 2713 5209 ι
2749 5155 3023 5211 dmmones
3058 5166 3208 5216 vero,
3277 5167 3297 5200 ι
3335 5165 3437 5220 pro
3497 5149 3730 5204 motibus

2152 5249 2264 5305 suis
2285 5259 2340 5303 et
2375 5249 2729 5319 profectibus,
2757 5249 2957 5318 quibus
3000 5246 3054 5302 in
3092 5244 3300 5303 scelere
3362 5242 3727 5312 profecerunt,

2150 5341 2252 5397 hos
2276 5341 2494 5396 malitiae
2521 5341 2750 5396 sortitos
2776 5354 2898 5395 esse
2942 5339 3175 5409 gradus,
3214 5356 3236 5391 ι
3282 5347 3451 5406 atque
3497 5336 3570 5390 ita
3613 5346 3731 5387 sese

2155 5435 2410 5504 nequitia:
2435 5433 2670 5496 dedisse,
2699 5433 2886 5499 utiam
2929 5430 3137 5486 libidini
3171 5429 3243 5483 sit
3274 5443 3338 5484 ac
3383 5423 3727 5484 delectationi

2154 5536 2459 5596 peccatum,
2490 5533 2544 5578 et
2567 5544 2585 5576 ι
2626 5532 2685 5578 ιιι
2720 5524 2966 5580 revocari
2992 5523 3190 5589 nolint,
3221 5522 3395 5592 magis
3424 5536 3584 5592 quam
3622 5534 3728 5572 non

2153 5618 2380 5685 possint,
2405 5636 2425 5668 ι
2454 5615 2565 5672 Deo
2608 5632 2702 5686 pro
2729 5631 2829 5672 sua
2859 5615 3189 5685 benignitate
3217 5614 3400 5670 omnia
3434 5614 3502 5666 ad
3554 5609 3728 5667 beati-

2157 5710 2392 5767 tudinem
2451 5711 2760 5767 attrabente
2801 5721 2852 5768 et
2897 5716 3263 5781 provocante:
3296 5721 3329 5762 e
3389 5702 3728 5771 rationalimn
