3916 6516
979 399 1557 458 ORIGENIANORUM
1593 399 1722 455 LIB.
1762 396 1828 465 Il,
1867 398 2018 455 CAP.
2057 399 2121 465 ll,
2161 397 2438 467 QUEST.
2480 399 2545 457 ν.

3290 403 3398 458 862

192 546 291 587 vero
316 535 618 581 naturarum
652 520 850 578 ordine
887 523 951 574 ad
991 519 1281 574 humanum
1313 535 1486 591 genus
1506 519 1762 588 explen-,

1857 516 2130 590 τάχθησαν
2155 518 2204 570 οἱ
2233 517 2375 572 οὕτω
2405 516 2956 601 προσαγορευόμενοι,
2977 510 3053 573 ὧν
3077 516 3136 570 τὸ
3185 516 3402 570 ὑποκει-

193 626 290 678 dum
315 619 510 674 animas
535 616 858 687 seligi,qu:e
887 623 1004 682 post
1029 613 1114 682 pie
1146 613 1578 668 administratum
1606 613 1728 666 vitae

193 727 384 785 tempus,
410 713 460 765 iu
483 709 806 780 angelorum
843 707 1083 764 ordinem
1128 705 1322 760 iterum
1351 712 1724 761 assumuntur.

190 809 250 865 Ile
301 803 499 862 diabolo
549 804 758 855 iterum
792 799 887 854 lib.
952 814 1012 854 ιιι
1064 799 1205 866 Περὶ
1247 795 1474 867 ἀρχῶν,
1522 812 1644 866 cap.
1672 795 1727 861 6,

192 897 360 954 num.5
394 918 406 954 :
438 915 456 947 ι
490 894 712 949 Destrui
763 906 914 958 Sane,
960 891 1155 960 inquit,
1189 889 1521 946 novissimus
1550 888 1730 943 inimi-

191 1011 264 1050 cus
309 993 372 1045 ita
411 988 806 1058 intelligendus
848 995 952 1048 est,
984 1000 1088 1040 non
1123 994 1179 1037 ut
1235 981 1538 1036 substantia
1589 978 1728 1048 ejus,

193 1102 284 1156 qua
309 1100 334 1137 a
375 1082 482 1136 Deo
512 1079 663 1135 facta
694 1089 800 1144 est,
832 1087 1038 1147 pereat,
1069 1077 1164 1131 sed
1201 1085 1259 1129 ιιι
1287 1075 1643 1144 propositum,
1675 1080 1730 1125 et

190 1179 398 1235 voluntas
424 1174 679 1238 inimica,
708 1188 833 1242 quae
861 1186 965 1226 non
995 1187 1025 1224 a
1055 1170 1188 1232 Deo,
1219 1169 1314 1222 sed
1359 1169 1425 1219 ab
1450 1166 1569 1235 ipso
1605 1179 1733 1233 pro-

192 1270 338 1331 cessit,
369 1269 625 1321 intereat.
661 1283 682 1317 ι
716 1263 948 1318 Homilia
977 1263 1048 1317 25
1084 1263 1139 1315 in
1181 1261 1310 1315 Luc.
1333 1258 1554 1329 angelos
1585 1257 1729 1324 illos,

191 1364 238 1416 de
267 1361 441 1431 quibus
486 1359 672 1428 agitur
717 1359 890 1428 Apoc.
930 1372 968 1410 ιι
999 1364 1053 1410 et
1087 1371 1145 1409 ιιι
1180 1365 1458 1424 peccasse,
1501 1351 1730 1420 ideoque

194 1454 322 1507 fuisse
352 1468 380 1505 a
406 1451 620 1508 Joanne
661 1452 1030 1518 reprehensos
1063 1447 1160 1512 ait,
1210 1445 1447 1513 ipsisque
1485 1457 1607 1497 eum
1668 1457 1732 1498 ac

194 1541 456 1598 hominibus
525 1539 833 1594 salutarem
913 1534 1285 1606 pmoitentiam
1359 1531 1728 1602 pradicasse,

193 1633 603 1699 quemadmodum
661 1639 724 1683 et
783 1629 1153 1683 Servatorem.
1209 1623 1346 1678 Hinc
1390 1621 1635 1677 homil.4
1679 1623 1735 1675 in

194 1721 367 1785 inde,
401 1736 548 1774 num.
586 1719 640 1783 1,
689 1733 816 1788 pag.
849 1716 974 1782 570,
1010 1733 1030 1766 ι
1076 1714 1302 1780 Quando
1340 1727 1490 1783 ergo,
1538 1711 1732 1782 inquit,

191 1813 326 1882 angeli
357 1811 814 1882 prmvaricantur,
841 1817 891 1863 et
928 1806 1016 1860 alii
1043 1813 1168 1860 sunt
1205 1804 1298 1874 qui
1327 1805 1418 1858 Dei
1465 1811 1730 1872 praecepta

1830 623 1990 678 μενον
2018 607 2116 663 οὐκ
2145 608 2270 664 ἄλλο
2305 611 2357 663 τί
2384 608 2583 680 ἐστινῆ
2614 608 2916 680 ἄνθρωπος,
2957 611 3050 663 καὶ
3075 608 3154 678 τῷ
3183 608 3406 661 ὑποκει-

1832 697 1978 768 μένῳ
2042 700 2353 771 συμὸέὸηκε
2412 700 2474 753 τὸ
2533 700 2706 772 θρόνῳ
2755 697 2977 772 εἶναι,ἢ
3036 701 3338 772 κυριότητι,
3367 699 3402 770 ἦ

1831 788 1995 859 ἀρχῇ,
2024 789 2056 859 ἦ
2089 789 2308 862 ἐξουσίᾳ.
2330 809 2343 822 ’
2381 792 2476 844 καὶ
2501 792 2558 843 ἐν
2582 791 2658 861 τῷ
2696 793 2870 863 Ἰησοῦ
2913 793 2970 846 δὲ
2995 792 3072 864 τῷ
3099 793 3194 846 τοῦ
3245 791 3405 861 Ναυῆ

1830 882 2004 933 κεῖται
2026 881 2086 932 τό
2108 898 2122 911 ο
2158 883 2331 950 Ὠφθη
2365 883 2444 953 τῷ
2487 883 2660 954 Ἰησοῦ
2688 885 2969 956 ἄνθρωπος
2996 887 3054 938 ὲν
3088 884 3317 958 ’ῐεριχῶ,
3347 884 3408 948 ὃς

1835 989 2018 1042 φησιν·
2063 972 2203 1042 Ἐγὼ
2252 975 2685 1046 ἀρχιστράτηγος
2733 977 2937 1046 Κυρίου
2983 977 3264 1048 δυνάμεως
3289 977 3408 1030 νυνὶ

1838 1063 2210 1136 παραγέγονα.
2232 1065 2356 1120 lude
2380 1067 2466 1118 lux
2490 1065 2613 1119 huic
2641 1066 2755 1120 loco
2781 1066 3090 1138 Hieronymi
3121 1069 3281 1138 epist.
3335 1068 3399 1123 6|

1835 1156 1902 1209 ad
1941 1154 2276 1218 Parnmacln,
2303 1170 2420 1225 cap.
2445 1154 2478 1208 5
2505 1171 2518 1207 :
2552 1154 2690 1210 «Nec
2713 1155 2974 1226 Origenes
3005 1173 3240 1226 unquam
3265 1159 3404 1213 dixit

1838 1259 1906 1300 ex
1947 1245 2148 1313 angelis
2191 1246 2401 1301 animus
2444 1247 2592 1310 fieri;
2625 1263 2747 1301 cum
2779 1249 2922 1317 ipsos
2952 1248 3175 1316 angelos
3203 1264 3399 1304 nomen

1836 1350 1957 1390 esse
1979 1335 2136 1390 oﬂicii
2165 1337 2377 1403 doceat,
2407 1353 2512 1391 non
2553 1347 2784 1393 natura}.
2821 1357 2838 1390 ι
2877 1338 2991 1392 Hoc
3023 1349 3127 1404 est,
3173 1355 3278 1393 non
3309 1354 3402 1408 per

1839 1419 2051 1482 natura:
2080 1430 2486 1484 conversionem
2519 1429 2744 1499 angelus
2778 1430 2957 1484 anima
2996 1430 3413 1501 etlicitur,ejus—

1835 1521 1955 1573 dem
1993 1519 2190 1589 quippe
2212 1529 2418 1572 natura!
2453 1530 2608 1586 sunt;
2648 1521 2740 1574 sed
2775 1536 2874 1590 per
2924 1519 3082 1576 oﬂicii
3112 1532 3414 1576 commuta-

1840 1610 2064 1674 tionem,
2101 1621 2155 1663 et
2188 1611 2341 1679 quasi
2378 1611 2432 1663 in
2469 1610 2612 1663 aliud
2647 1611 2979 1665 domicilium
3013 1613 3409 1683 migrationem.

1844 1697 1949 1754 Sed
1972 1709 2028 1754 et
2059 1711 2189 1754 tom.
2227 1716 2356 1755 xvm
2385 1702 2437 1754 in
2469 1700 2654 1765 Joun.,
2692 1717 2839 1754 num.
2874 1701 2964 1766 58,
2996 1705 3308 1758 existimare
3351 1717 3413 1758 se

1839 1789 1915 1842 ait
1949 1790 2235 1844 divinitate
2268 1789 2393 1845 Jcsu
2422 1791 2752 1861 stupefactos
2778 1793 3038 1860 quosdam
3080 1807 3111 1846 e
3153 1794 3415 1847 daemoni-

193 1862 478 1966 cuZtodirunt,
525 1912 584 1956 et
637 1901 908 1968 judicium
943 1862 1346 1968 prmstolan'tur,
1386 1909 1490 1948 non
1559 1894 1732 1948 solum
1765 1862 1808 1916 Β
1829 1884 1972 1968 θυαε.
2005 1883 2324 1950 Ρωηίιθηῑῖῧ
2357 1886 2546 1938 ἀυοιοε
2567 1887 2632 1936 ad
2666 1884 2842 1952 ipsum
2869 1882 3416 1953 confugissemuippc

191 1998 444 2059 hominum,
482 2010 678 2050 verum
711 1995 874 2048 etiam
911 1991 1106 2056 Dei,ut
1138 1989 1450 2058 frequenter
1480 1987 1734 2053 diximus,

191 2098 272 2141 tam
312 2089 372 2142 de
419 2088 503 2140 his
536 2102 664 2156 qua:
718 2086 774 2140 in
812 2084 1186 2154 Apocalypsim
1235 2080 1542 2150 conscripta
1588 2089 1736 2147 sunt,

189 2196 314 2250 quam
361 2193 424 2232 ex
479 2178 606 2233 aliis
667 2174 1196 2240 innumerabilibus;
1249 2189 1444 2244 quare,
1493 2172 1737 2242 iuqttam,

189 2289 264 2326 non
288 2281 435 2326 terrae
464 2280 520 2324 et
556 2270 709 2325 aeris
741 2268 1000 2338 judicium
1029 2265 1101 2321 sit
1126 2264 1409 2320 futurum?
1449 2283 1469 2318 ι
1535 2262 1591 2316 In
1631 2262 1737 2317 Ca-

189 2365 295 2418 tenis
338 2362 496 2433 regiis
528 2363 589 2415 in
615 2360 900 2423 Psalnms,
932 2359 998 2411 ad
1042 2358 1239 2428 psalm.
1268 2372 1440 2420 χχχιι,
1465 2355 1521 2420 6,
1574 2355 1739 2409 verba

188 2459 272 2508 lucc
300 2455 388 2523 ipsi
416 2455 745 2508 tribuuntur
778 2469 791 2504 :
824 2451 899 2503 Οὐ
929 2450 1036 2519 γὰρ
1069 2450 1251 2520 νήπιοι
1284 2446 1597 2510 κτισθέντες
1621 2445 1739 2499 κατ’

184 2543 324 2612 ὀλίγον
353 2543 560 2615 μελέτῃ
590 2542 697 2612 τῆς
723 2539 821 2593 τοῦ
870 2541 1177 2611 πνεύματος
1210 2537 1476 2608 ὑποδοχῆς
1512 2536 1740 2606 γεγόνα-

186 2653 248 2690 σιν
270 2637 391 2702 ἄξιοι
413 2653 428 2666 ο
454 2635 581 2689 ἀλλ’
619 2636 680 2688 ὲν
706 2636 775 2704 τῇ
808 2630 1001 2702 πρώτῃ
1038 2629 1292 2683 συστάσει
1325 2631 1421 2682 καὶ
1468 2627 1546 2699 τῷ
1580 2626 1742 2680 οἱονεὶ

185 2731 420 2801 φυράματι
445 2729 559 2798 τῆς
592 2725 788 2786 οὐσίας
818 2723 996 2776 αὐτῶν
1024 2719 1558 2791 συγκαταϐληθεῖσαν
1586 2719 1741 2789 ἔσχον

183 2822 255 2894 τὴν
278 2822 574 2892 ἁγξστηταο
623 2818 707 2872 διὸ
758 2818 852 2870 καὶ
902 2814 1288 2886 δυσμετάθετοι
1347 2813 1481 2884 πρὸς
1544 2811 1742 2866 κακίαν

184 2915 310 2977 εἰσιν,
357 2913 524 2976 εὐθὺς
575 2909 746 2964 οἱονεὶ
803 2909 948 2980 βαφῇ
1001 2907 1079 2978 τῷ
1131 2905 1388 2976 ἁγιασμῷ
1440 2902 1745 2976 στομωθέν-

184 3024 268 3069 τες.
296 3007 350 3061 Et
371 3007 455 3060 illa
492 3019 723 3074 quoque
751 3004 818 3056 ad
869 3001 1061 3072 psalm.
1091 3015 1281 3066 cxvm,
1324 2999 1417 3062 89,
1451 3013 1571 3067 quae
1627 2995 1745 3050 alia:

187 3108 330 3152 tamen
367 3098 600 3153 Catena:
632 3094 865 3164 Didyme
893 3094 1173 3147 ascribunt
1209 3108 1222 3144 :
1254 3089 1315 3142 Ei
1341 3090 1397 3142 δὲ
1426 3090 1555 3162 περὶ
1577 3087 1744 3157 ἁγίων

1829 1963 1937 2042 ἰιιιὶ
1969 1973 2186 2028 virtutis
2219 1975 2535 2044 capaciores
2587 1976 2719 2040 sint,
2757 1990 2921 2043 quam
2974 1973 3250 2039 homines;
3289 1990 3414 2028 cum

1843 2065 2102 2135 spiritalis
2158 2075 2370 2120 natura:
2419 2067 2546 2134 sint,
2584 2067 2828 2120 homines
2857 2081 2986 2120 vero
3027 2081 3300 2134 corporeae
3361 2075 3420 2122 et

1841 2157 2147 2212 crassioris.
2211 2157 2459 2227 Inprimis
2490 2174 2620 2212 vero
2671 2159 2871 2230 perlegi
2921 2158 3080 2213 velim
3121 2150 3269 2213 locos
3292 2157 3390 2215 Ori

1841 2249 1996 2320 genis
2027 2249 2096 2302 ab
2127 2248 2456 2319 Hieronymo
2483 2249 2826 2318 depromptos
2851 2248 3011 2317 epist.
3042 2247 3111 2303 59
3149 2249 3216 2303 ad
3243 2250 3418 2317 Avit.,

1840 2354 1964 2409 Cap.
2000 2340 2054 2404 1,
2092 2340 2144 2393 in
2169 2341 2367 2409 quibus
2399 2341 2624 2395 rationis
2647 2341 2934 2410 participes
2961 2349 3185 2395 naturas
3204 2340 3420 2408 jumen-

1845 2439 2021 2484 torum
2061 2432 2383 2499 corporibus
2415 2432 2662 2500 colligari
2696 2442 2912 2500 propter
2942 2433 3135 2486 delicta
3184 2430 3415 2495 asserit;

1844 2522 2165 2585 daemonum,
2195 2522 2475 2576 hominum
2532 2521 2954 2591 angelorumque
3007 2532 3229 2575 naturas
3255 2521 3418 2576 simul

1842 2616 2136 2686 permutari
2176 2631 2239 2670 ac
2264 2616 2577 2685 permisceri
2604 2632 2620 2680 ;
2654 2616 2891 2670 siderum
2919 2616 3154 2683 ipsorqu
3187 2614 3418 2675 animas.

1844 2715 2030 2776 utpote
2064 2705 2278 2760 ratione
2315 2707 2594 2775 praeditas,
2624 2707 2695 2760 ob
2746 2715 2966 2774 peccata
2999 2707 3084 2759 bis
3125 2705 3292 2759 fuisse
3319 2705 3420 2758 ad-

1842 2795 2054 2865 jnuctas
2083 2799 2426 2867 corporibus,
2458 2814 2580 2868 qua:
2603 2797 2682 2850 vel
2709 2797 2953 2866 plus,ch
2978 2797 3157 2852 minus
3184 2797 3420 2864 luceant,

1846 2899 2004 2959 prout
2039 2898 2183 2945 recte
2210 2889 2293 2945 vel
2322 2890 2462 2944 male
2493 2905 2550 2944 se
2581 2899 2884 2958 gesserunt.

1921 2982 2073 3049 Quod
2108 2993 2288 3038 autem
2307 2984 2497 3039 scribit
2523 2982 2859 3052 Epiphanius
2882 2984 2934 3036 in
2969 2981 3191 3053 syuopsi
3223 2981 3352 3038 tomi
3379 2981 3423 3046 l,

1849 3073 1948 3130 lib.
1991 3091 2051 3142 ιι,
2085 3090 2206 3145 cap.
2241 3074 2332 3140 18,
2375 3075 2627 3129 docuisse
2679 3073 2966 3143 Origenem
3009 3075 3280 3128 desituros
3327 3074 3427 3128 ali-

183 3189 422 3259 δυνάμεων
473 3191 612 3260 φῆς›
651 3185 901 3254 ἀγγέλων
931 3183 1072 3255 φημὶ
1104 3171 1206 3236 καῖ
1247 3181 1620 3254 ἀρχαγγέλων,
1649 3197 1746 3233 κα-

1855 3168 2071 3238 ·ιιιιιιιᾱο
2125 3168 2368 3238 angelos,
2434 3167 2514 3222 sic
2578 3167 2988 3234 intelligendum
3039 3176 3146 3230 est,
3189 3165 3426 3220 futuram

292 3281 422 3352 φῆς,
455 3279 720 3348 ἀκίνητοι
763 3277 903 3348 γὰρ,
947 3275 1145 3346 μᾶλλον
1176 3275 1232 3327 δὲ
1285 3273 1591 3343 δυσκίνητοι
1641 3274 1746 3325 εἰσι

185 3371 291 3442 πρὸς
318 3372 375 3425 τὸ
396 3370 579 3425 κακόν
601 3387 615 3400 ’
643 3367 806 3422 τοῦτο
835 3367 944 3438 γὰρ
972 3365 1149 3418 πείθει
1183 3381 1249 3436 με
1279 3363 1456 3432 λέγειν
1485 3364 1514 3416 ὁ
1568 3360 1747 3416 πεσὼν

186 3464 424 3537 ἑωσφόρος
458 3465 531 3518 δι’
563 3463 826 3533 ἔπαρσιν.
854 3459 1136 3514 Sescentis
1169 3458 1235 3511 ad
1269 3457 1384 3510 htec
1415 3455 1550 3509 locis
1588 3469 1750 3523 ange-

187 3555 251 3610 los
277 3557 554 3612 hominum
589 3553 860 3607 custodiae
889 3549 1173 3619 przefectos
1201 3561 1400 3602 munus
1429 3545 1534 3605 sibi
1579 3545 1750 3614 impo-

187 3651 317 3704 situm
347 3649 700 3720 negligenter
719 3656 1101 3711 nonnunquam
1132 3641 1309 3705 obire,
1335 3649 1389 3694 et
1409 3646 1750 3708 peccatorum

184 3746 236 3797 ab
281 3745 599 3800 hominibus
665 3739 1030 3792 admissurum
1059 3735 1308 3791 conscios
1350 3747 1474 3789 esse
1509 3747 1574 3786 ac
1609 3745 1750 3795 reos,

186 3849 560 3907 proptereaque
586 3832 770 3904 pmnis
816 3829 1089 3884 addictum
1133 3827 1203 3882 iri
1242 3826 1450 3882 deﬁnit.
1521 3822 1754 3878 lllustris

185 3944 289 3983 vero
314 3945 423 3998 pra:
453 3915 692 3995 reiiquis
721 3924 872 3977 locus
907 3919 995 3974 ille
1018 3929 1100 3974 est
1130 3934 1162 3972 e
1191 3929 1320 3972 tom.
1356 3933 1426 3970 xv
1451 3919 1506 3970 in
1537 3915 1752 3977 ΜαιιΙι..

187 4034 308 4073 ιιιιιιι.
332 4019 425 4084 27,
450 4018 543 4071 ubi
571 4025 868 4086 postquam
898 4011 1116 4081 angelos
1158 4025 1265 4063 non
1313 4009 1530 4063 homine
1557 4006 1754 4064 solum,

183 4110 328 4166 sedet
354 4111 573 4179 reliquo
603 4104 792 4160 mundi
843 4103 1058 4174 opiﬁcio
1098 4102 1508 4172 prazstautiores
1533 4107 1589 4153 et
1613 4097 1757 4175 anti-

187 4207 380 4274 quiores
405 4218 533 4259 esse
563 4199 707 4254 dixit
734 4215 749 4251 :
782 4197 1060 4269 Τόλμησαι
1082 4236 1098 4261 ,
1137 4194 1330 4264 inquit,
1376 4188 1757 4260 ἀποφήνασθαι

187 4297 252 4349 ὅτι
277 4297 456 4349 πολλοὶ
485 4295 592 4366 μὲν
627 4290 899 4360 ἀγγέλων,
921 4288 969 4341 οἳ
1015 4286 1222 4359 πρῶτοι
1266 4280 1405 4355 ἦσαν
1456 4278 1756 4351 ἀνθρώπων

187 4390 400 4442 γίνονταί
426 4406 596 4442 τινων
626 4383 930 4456 ἀνθρώπων
960 4381 1176 4451 ἔσχατοι
1206 4396 1219 4409 ο
1253 4376 1436 4430 πολλοὶ
1451 4374 1507 4428 δὲ
1528 4374 1622 4427 καὶ
1651 4370 1758 4426 τῶν

188 4481 489 4553 ἀνθρώπιον,
517 4478 569 4532 οἳ
604 4477 826 4546 ἔσχατοι
855 4475 921 4544 τῇ
945 4473 1103 4543 φύσει
1124 4470 1449 4540 τυγχάνουσι
1465 4464 1573 4517 τῶν
1595 4462 1761 4533 ἀγγέ-

1849 3260 1976 3313 olim
2011 3273 2192 3312 rerum
2222 3257 2461 3314 omnium
2490 3258 2898 3312 conversionem
2931 3265 2986 3311 et
3033 3257 3427 3310 ἀποκατάστα-

1854 3367 1962 3414 σιν,
1988 3350 2339 3420 redituraque
2363 3347 2428 3402 ad
2454 3349 2740 3417 pristinum
2799 3357 2998 3404 statum
3030 3348 3237 3414 omnia,
3266 3363 3432 3418 ange-

1851 3438 2043 3509 losque
2085 3441 2220 3493 adeo
2252 3453 2318 3494 ac
2366 3440 2640 3493 daemones
2686 3438 2877 3492 eodem
2921 3438 3131 3494 futuros
3185 3437 3304 3494 loco
3323 3452 3432 3507 quo

1853 3531 2100 3596 fuerunt,
2130 3541 2422 3600 antequam
2460 3529 2756 3584 virtutibus
2794 3530 2908 3584 suis
2948 3530 3031 3584 vel
3061 3532 3303 3600 peccatis
3363 3531 3432 3584 ad

1855 3621 2190 3692 angelorum,
2241 3621 2614 3675 daemonumve
2660 3629 2910 3674 naturam
2947 3621 3164 3691 adjungi
3203 3621 3436 3676 meruis-

1855 3721 1998 3769 sent.
2031 3710 2199 3767 Recte
2223 3712 2274 3766 id
2299 3711 2451 3780 juxta
2483 3711 2737 3782 Origenis
2756 3712 3078 3765 sententiam
3103 3711 3326 3782 exponit
3347 3711 3438 3767 Ju-

1855 3805 2127 3860 stinianus
2184 3805 2237 3858 in
2285 3803 2514 3873 epistola
2544 3803 2612 3858 ad
2643 3803 2891 3873 quintam
2931 3801 3224 3874 synodum,
3271 3817 3435 3873 quam

1859 3895 2054 3945 recitat
2074 3889 2371 3945 Cedrenus.

1933 4002 2054 4058 XV.
2091 4002 2496 4068 Verumtamen,
2523 4003 2832 4073 perspicuis
2868 4003 2996 4058 licet
3040 4013 3096 4059 et
3133 4004 3437 4063 illustribus

1859 4095 2186 4151 testimoniis
2231 4096 2583 4150 deliramenta
2606 4097 2869 4166 ejusmodi
2894 4096 3252 4154 Adamantius
3291 4113 3438 4167 saepe

1859 4185 2179 4256 prodiderit,
2214 4187 2507 4257 aliquando
2533 4197 2731 4254 tamen,
2768 4189 2920 4257 quasi
2963 4187 3240 4258 Penelopae
3275 4190 3437 4245 telam

1860 4285 2136 4340 retexens,
2166 4281 2350 4347 priora
2392 4279 2607 4334 videtur
2648 4289 2966 4336 retractare.
3000 4300 3018 4332 ι
3059 4282 3190 4337 Vide
3219 4297 3370 4352 ergo,
3412 4301 3443 4336 ι·

1862 4367 2041 4438 inquit
2072 4369 2264 4427 homil.
2294 4370 2329 4424 2
2356 4371 2409 4424 iu
2433 4371 2622 4436 Leuit.,
2651 4388 2802 4426 num.
2841 4373 2896 4438 3,
2941 4392 2960 4426 ι
2997 4389 3063 4443 ne
3091 4373 3230 4429 forte
3258 4373 3440 4437 Iesus,

1863 4476 2024 4531 quem
2075 4460 2273 4518 Paulus
2296 4464 2343 4495 “
2401 4465 2535 4520 dicit
2590 4466 2914 4538 paciﬁcasse
2970 4483 3064 4536 per
3123 4469 3442 4538 sanguinem

187 4569 295 4630 λων,
315 4572 560 4640 γὶνονται
594 4567 686 4622 διὰ
716 4564 808 4616 τὸν
843 4563 984 4634 βίον,
1017 4561 1223 4616 καὶτὸν
1267 4558 1359 4612 τοῦ
1413 4555 1548 4609 Θεοῦ
1579 4554 1757 4623 λόγον,

1866 4565 2046 4615 suum,
2070 4566 2178 4606 non
2209 4553 2382 4608 solum
2407 4570 2527 4625 qum
2576 4557 2848 4642 in.terris,
2878 4559 2972 4612 sed
3019 4569 3072 4610 et
3101 4573 3221 4626 qua:
3249 4559 3302 4612 in
3332 4573 3446 4614 cce-

189 4662 327 4714 τινῶν
353 4661 609 4730 ἀγγέλων
649 4660 709 4710 ἐν
738 4655 974 4728 πρώτοις
1015 4655 1112 4725 μὲν
1135 4649 1506 4722 τεταγμένων,
1536 4645 1763 4717 γενομέ-

189 4771 280 4807 νων
325 4755 379 4808 es
442 4754 510 4805 ἐκ
562 4767 731 4804 τινων
755 4744 944 4800 αἰτιῶν
987 4743 1251 4814 ἐσχάτων,
1288 4739 1516 4812 πρῶτοι.
1559 4738 1765 4805 Quibus

195 4848 378 4916 reliqua
424 4842 808 4900 consentiunt.
862 4837 1090 4891 lllustris
1136 4843 1191 4888 et
1240 4834 1344 4887 iste
1394 4846 1425 4886 e
1475 4839 1606 4884 tom.
1643 4843 1680 4881 ιι
1710 4827 1766 4880 in

193 4937 360 5004 Joan.,
389 4953 546 4991 num.
577 4933 645 4990 17
670 4972 686 4996 ,
723 4933 774 4985 iu
812 4945 920 4998 quo
965 4927 1137 4997 angeli
1167 4935 1222 4978 et
1272 4921 1508 4978 hominis
1568 4931 1763 4973 nomen

195 5030 348 5084 cidem
370 5027 624 5098 subjecto
659 5034 1047 5090 nonnunquam
1088 5015 1308 5070 attrihtti
1339 5012 1506 5076 dicit,
1537 5011 1671 5064 adeo
1710 5019 1768 5062 ut

199 5120 339 5176 homo
364 5121 598 5191 angelus
629 5113 947 5182 aliquando,
972 5118 1025 5164 et
1077 5107 1298 5177 angelus
1335 5103 1574 5158 vicissim
1611 5103 1771 5154 homo

203 5215 494 5280 appelletur.
526 5211 670 5264 Tum
700 5204 921 5272 subjicit
953 5219 968 5256 :
1007 5203 1117 5254 Καὶ
1145 5200 1227 5252 ἐτι
1277 5197 1476 5268 μᾶλλον
1516 5209 1770 5264 παραμυ-

204 5302 404 5373 ὗήσεταῑ
454 5304 542 5356 ὅτι
583 5299 682 5352 ἐπὶ
725 5295 836 5349 τῶν
879 5292 1198 5364 κρειττόνων
1243 5289 1525 5359 δυνάμεων
1560 5284 1630 5337 τὰ
1652 5281 1770 5335 ὀνό-

206 5413 331 5464 ματα
353 5398 475 5467 οὐχὶ
509 5394 736 5464 φύσεων
761 5387 913 5452 ζώων
930 5389 1074 5440 ἐστὶν
1095 5385 1354 5456 ὀνόματα,
1387 5378 1523 5434 ἀλλὰ
1545 5373 1772 5439 τάξεων,

206 5479 264 5538 ὢν
289 5490 376 5559 ἠδέ
406 5506 510 5551 τις,
539 5485 639 5539 καὶ
661 5482 757 5553 ἡδὲ
787 5480 978 5550 λογικὴ
1003 5479 1162 5547 φύσις
1189 5476 1440 5543 τέτευχεν
1471 5470 1578 5524 ἀπὸ
1592 5467 1726 5522 Θεοῦ
1760 5482 1773 5496 ⁸

206 5577 370 5648 θρόνος
393 5581 502 5649 γὰρ
533 5578 641 5630 οὐκ
670 5569 811 5636 εἶδος
840 5570 999 5635 gem,
1021 5570 1141 5623 οὐδὲ
1169 5567 1330 5639 ἀρχὴ,
1352 5565 1470 5618 οὐδὲ
1490 5561 1770 5649 κυριότη-ς,

206 5647 309 5724 odit
359 5647 586 5736 ἐξουσία
617 5707 631 5730 ,
682 5664 822 5718 ἀλλὰ
857 5663 1096 5734 ὀνόματα
1146 5657 1508 5730 πραγμάτων,
1569 5656 1652 5722 ἐφ’
1701 5647 1775 5706 ὧν

267 5849 310 5881 ’³
341 5850 552 5906 Coloss.
586 5863 626 5913 ι,
658 5845 752 5898 ‘20.

1865 4644 1936 4700 lis
1957 4655 2105 4712 sunt,
2129 4647 2270 4702 idetn
2297 4649 2410 4717 ipse
2433 4649 2505 4704 sit
2541 4648 2766 4713 vitulus,
2795 4650 2887 4718 qui
2934 4650 2989 4704 in
3037 4651 3194 4704 ctelis
3225 4651 3445 4722 quidem

1869 4756 1979 4797 non
2008 4756 2105 4810 pro
2127 4752 2371 4812 peccato,
2407 4742 2499 4796 sed
2542 4751 2596 4797 et
2643 4757 2742 4811 pro
2782 4758 3008 4796 tuuuere
3057 4744 3274 4798 oblatus
3317 4754 3442 4800 est:

1872 4833 1924 4888 in
1958 4834 2122 4889 terris
2144 4844 2352 4898 autem,
2397 4833 2485 4887 ubi
2530 4833 2598 4886 ab
2647 4834 2818 4889 Adam
2879 4849 3051 4904 usque
3091 4835 3158 4888 ad
3217 4833 3437 4904 Moysen

1874 4926 2126 4998 regnavit
2159 4933 2464 4995 peccatum,
2497 4924 2710 4978 oblatus
2745 4925 2814 4978 sit
2838 4939 2938 4993 pro
2957 4936 3198 4993 peccato.
3230 4926 3296 4979 Et
3347 4927 3448 4980 hoc

1872 5027 1955 5071 est
1978 5032 2199 5086 passum
2226 5030 2346 5071 esse
2374 5026 2528 5071 extra
2558 5028 2759 5072 castra.
2806 5038 2826 5070 ι
2879 5018 2956 5071 Ex
2986 5014 3146 5083 bujns
3179 5016 3279 5070 loci
3309 5030 3444 5069 con-

1878 5117 2050 5170 textu,
2083 5107 2128 5159 si
2164 5107 2292 5174 quis
2340 5105 2608 5172 attendat,
2632 5105 2860 5160 eﬂicitur
2883 5105 3030 5168 illud,
3059 5104 3110 5158 in
3151 5102 3290 5158 caelo
3323 5117 3450 5172 pec-

1878 5207 2060 5251 catum
2103 5211 2210 5251 non
2242 5194 2479 5249 admitti.
2507 5195 2740 5249 Humilia
2785 5207 2998 5265 quoque
3036 5195 3089 5245 in
3134 5193 3300 5246 Num.
3328 5209 3448 5259 ml,

1878 5305 2028 5344 num.
2059 5287 2111 5354 Ἰ,
2147 5303 2268 5341 cum
2299 5285 2623 5354 qumsiisset,
2649 5303 2745 5340 cur
2773 5304 2840 5342 ne
2867 5304 2897 5342 a
2964 5285 3218 5339 Balaamo
3245 5286 3448 5340 daemo~

1881 5397 1975 5436 nes
2016 5380 2361 5442 invocentur,
2396 5378 2647 5446 prohibet
2687 5379 2860 5443 Deus;
2914 5377 3202 5446 respondet
3248 5377 3452 5431 idcirco

1884 5474 2083 5528 factum
2114 5471 2268 5537 illud,
2310 5469 2451 5540 quod
2483 5470 2566 5524 vel
2608 5469 2819 5524 arbitrii
2875 5470 3066 5524 fuisset
3117 5467 3454 5523 daemonibus

1887 5566 2238 5636 relinquenda
2271 5563 2515 5625 libertas,
2571 5578 2869 5631 eorumque
2921 5562 3198 5615 furoribus
3255 5571 3309 5615 et
3370 5561 3453 5615 in-

1885 5659 2162 5728 temperiis
2202 5655 2591 5725 permittendus
2653 5655 2878 5724 populus
2934 5652 3189 5718 Dei;ch
3239 5651 3452 5708 arbitrii
