  <div class='ocr_page' id='page_1' title='image "/cluster/home/n/w/nwhite01/storage/ocr_20150623/17/hvd.32044051719607/443.png"; bbox 0 0 3916 6550; ppageno 0'>
   <div class='ocr_carea' id='block_1_1' title="bbox 454 447 563 502">
    <p class='ocr_par' dir='ltr' id='par_1_1' title="bbox 454 447 563 502">
     <span class='ocr_line' id='line_1_1' title="bbox 454 447 563 502; baseline 0 0"><span class='ocrx_word' id='word_1_1' title='bbox 454 447 563 502; x_wconf 77' lang='grc'><strong>865</strong></span> 
     </span>
    </p>
   </div>
   <div class='ocr_carea' id='block_1_2' title="bbox 1738 441 2436 498">
    <p class='ocr_par' dir='ltr' id='par_1_2' title="bbox 1738 441 2436 498">
     <span class='ocr_line' id='line_1_2' title="bbox 1738 441 2436 498; baseline -0.001 -1"><span class='ocrx_word' id='word_1_2' title='bbox 1738 443 1799 497; x_wconf 89' lang='grc' dir='ltr'><strong>Ρ.</strong></span> <span class='ocrx_word' id='word_1_3' title='bbox 1846 441 2163 497; x_wconf 78' lang='lat' dir='ltr'><strong>DANIELIS</strong></span> <span class='ocrx_word' id='word_1_4' title='bbox 2201 441 2436 498; x_wconf 79' lang='lat' dir='ltr'><strong>HUETll</strong></span> 
     </span>
    </p>
   </div>
   <div class='ocr_carea' id='block_1_3' title="bbox 3613 411 3745 497">
    <p class='ocr_par' dir='ltr' id='par_1_3' title="bbox 3613 411 3745 497">
     <span class='ocr_line' id='line_1_3' title="bbox 3613 411 3745 497; baseline -0.008 -1"><span class='ocrx_word' id='word_1_5' title='bbox 3613 411 3745 497; x_wconf 73' lang='lat' dir='ltr'><strong>est</strong></span> 
     </span>
    </p>
   </div>
   <div class='ocr_carea' id='block_1_4' title="bbox 462 562 3744 636">
    <p class='ocr_par' dir='ltr' id='par_1_4' title="bbox 462 562 3744 636">
     <span class='ocr_line' id='line_1_4' title="bbox 462 562 3744 636; baseline -0.001 -16"><span class='ocrx_word' id='word_1_6' title='bbox 462 569 710 623; x_wconf 86' lang='lat' dir='ltr'><strong>libertate</strong></span> <span class='ocrx_word' id='word_1_7' title='bbox 749 565 1010 636; x_wconf 90' lang='lat' dir='ltr'><strong>spotiandi</strong></span> <span class='ocrx_word' id='word_1_8' title='bbox 1056 565 1284 620; x_wconf 77' lang='lat' dir='ltr'><strong>fuissent</strong></span> <span class='ocrx_word' id='word_1_9' title='bbox 1328 567 1512 631; x_wconf 91' lang='lat' dir='ltr'><strong>iidem,</strong></span> <span class='ocrx_word' id='word_1_10' title='bbox 1563 583 1631 622; x_wconf 90' lang='lat' dir='ltr'><strong>ne</strong></span> <span class='ocrx_word' id='word_1_11' title='bbox 1671 567 1723 620; x_wconf 91' lang='lat' dir='ltr'><strong>in</strong></span> <span class='ocrx_word' id='word_1_12' title='bbox 1769 565 2039 620; x_wconf 83' lang='lat' dir='ltr'><strong>lsraelitas</strong></span> <span class='ocrx_word' id='word_1_13' title='bbox 2069 571 2115 626; x_wconf 80' lang='grc' dir='ltr'><strong>Α</strong></span> <span class='ocrx_word' id='word_1_14' title='bbox 2145 564 2320 634; x_wconf 83' lang='lat' dir='ltr'><strong>lapsu.</strong></span> <span class='ocrx_word' id='word_1_15' title='bbox 2347 563 2501 620; x_wconf 87' lang='lat' dir='ltr'><strong>Tunc</strong></span> <span class='ocrx_word' id='word_1_16' title='bbox 2525 565 2626 620; x_wconf 92' lang='lat' dir='ltr'><strong>erit</strong></span> <span class='ocrx_word' id='word_1_17' title='bbox 2655 567 2795 622; x_wconf 84' lang='lat' dir='ltr'><strong>Deus</strong></span> <span class='ocrx_word' id='word_1_18' title='bbox 2834 567 3011 622; x_wconf 86' lang='lat' dir='ltr'><strong>omnia</strong></span> <span class='ocrx_word' id='word_1_19' title='bbox 3047 568 3097 622; x_wconf 91' lang='lat' dir='ltr'><strong>in</strong></span> <span class='ocrx_word' id='word_1_20' title='bbox 3119 569 3369 622; x_wconf 89' lang='lat' dir='ltr'><strong>omnibus</strong></span> <span class='ocrx_word' id='word_1_21' title='bbox 3396 563 3446 596; x_wconf 82' lang='lat'><strong>&quot;</strong></span> <span class='ocrx_word' id='word_1_22' title='bbox 3475 581 3487 628; x_wconf 92' lang='lat'><strong>;</strong></span> <span class='ocrx_word' id='word_1_23' title='bbox 3521 582 3540 615; x_wconf 76' lang='grc' dir='ltr'><strong><em>ι</em></strong></span> <span class='ocrx_word' id='word_1_24' title='bbox 3587 562 3744 632; x_wconf 85' lang='lat' dir='ltr'><strong>quod</strong></span> 
     </span>
    </p>
   </div>
   <div class='ocr_carea' id='block_1_5' title="bbox 463 657 2038 724">
    <p class='ocr_par' dir='ltr' id='par_1_5' title="bbox 463 657 2038 724">
     <span class='ocr_line' id='line_1_5' title="bbox 463 657 2038 724; baseline -0.001 -12"><span class='ocrx_word' id='word_1_25' title='bbox 463 659 794 722; x_wconf 76' lang='lat' dir='ltr'><strong>impotenter</strong></span> <span class='ocrx_word' id='word_1_26' title='bbox 825 658 1172 712; x_wconf 63' lang='lat' dir='ltr'><strong>desaevirent.</strong></span> <span class='ocrx_word' id='word_1_27' title='bbox 1210 657 1552 715; x_wconf 84' lang='lat' dir='ltr'><strong>Postremum</strong></span> <span class='ocrx_word' id='word_1_28' title='bbox 1590 661 1694 715; x_wconf 92' lang='lat' dir='ltr'><strong>hoc</strong></span> <span class='ocrx_word' id='word_1_29' title='bbox 1723 659 1770 714; x_wconf 88' lang='lat' dir='ltr'><strong>si</strong></span> <span class='ocrx_word' id='word_1_30' title='bbox 1827 659 2038 724; x_wconf 79' lang='lat' dir='ltr'><strong>fuisset,</strong></span> 
     </span>
    </p>
   </div>
   <div class='ocr_carea' id='block_1_6' title="bbox 449 750 2039 818">
    <p class='ocr_par' dir='ltr' id='par_1_6' title="bbox 449 750 2039 818">
     <span class='ocr_line' id='line_1_6' title="bbox 449 750 2039 818; baseline -0.001 -16"><span class='ocrx_word' id='word_1_31' title='bbox 449 768 489 802; x_wconf 60' lang='grc' dir='ltr'><strong>τε</strong></span> <span class='ocrx_word' id='word_1_32' title='bbox 522 751 620 804; x_wconf 87' lang='lat' dir='ltr'><strong>hoc</strong></span> <span class='ocrx_word' id='word_1_33' title='bbox 651 759 789 814; x_wconf 89' lang='lat' dir='ltr'><strong>erat,</strong></span> <span class='ocrx_word' id='word_1_34' title='bbox 822 750 1013 818; x_wconf 88' lang='lat' dir='ltr'><strong>inquit,</strong></span> <span class='ocrx_word' id='word_1_35' title='bbox 1044 753 1332 806; x_wconf 79' lang='lat' dir='ltr'><strong>damnasse</strong></span> <span class='ocrx_word' id='word_1_36' title='bbox 1394 750 1767 804; x_wconf 84' lang='lat' dir='ltr'><strong>rationabilem</strong></span> <span class='ocrx_word' id='word_1_37' title='bbox 1823 759 2039 805; x_wconf 82' lang='lat' dir='ltr'><strong>creatu-</strong></span> 
     </span>
    </p>
   </div>
   <div class='ocr_carea' id='block_1_7' title="bbox 466 839 2042 908">
    <p class='ocr_par' dir='ltr' id='par_1_7' title="bbox 466 839 2042 908">
     <span class='ocr_line' id='line_1_7' title="bbox 466 839 2042 908; baseline 0.001 -17"><span class='ocrx_word' id='word_1_38' title='bbox 466 852 601 901; x_wconf 82' lang='lat' dir='ltr'><strong>ram,</strong></span> <span class='ocrx_word' id='word_1_39' title='bbox 631 850 684 891; x_wconf 88' lang='lat' dir='ltr'><strong>et</strong></span> <span class='ocrx_word' id='word_1_40' title='bbox 723 849 851 893; x_wconf 89' lang='lat' dir='ltr'><strong>ante</strong></span> <span class='ocrx_word' id='word_1_41' title='bbox 906 850 1118 907; x_wconf 85' lang='lat' dir='ltr'><strong>tempus</strong></span> <span class='ocrx_word' id='word_1_42' title='bbox 1155 840 1404 896; x_wconf 89' lang='lat' dir='ltr'><strong>intulisse</strong></span> <span class='ocrx_word' id='word_1_43' title='bbox 1450 839 1736 908; x_wconf 77' lang='lat' dir='ltr'><strong>judicium,</strong></span> <span class='ocrx_word' id='word_1_44' title='bbox 1774 849 1828 893; x_wconf 90' lang='lat' dir='ltr'><strong>et</strong></span> <span class='ocrx_word' id='word_1_45' title='bbox 1874 840 2042 908; x_wconf 89' lang='lat' dir='ltr'><strong>impc-</strong></span> 
     </span>
    </p>
   </div>
   <div class='ocr_carea' id='block_1_8' title="bbox 465 927 2044 998">
    <p class='ocr_par' dir='ltr' id='par_1_8' title="bbox 465 927 2044 998">
     <span class='ocr_line' id='line_1_8' title="bbox 465 927 2044 998; baseline 0 -16"><span class='ocrx_word' id='word_1_46' title='bbox 465 927 608 982; x_wconf 84' lang='lat' dir='ltr'><strong>disse</strong></span> <span class='ocrx_word' id='word_1_47' title='bbox 643 929 916 993; x_wconf 88' lang='lat' dir='ltr'><strong>omnibus,</strong></span> <span class='ocrx_word' id='word_1_48' title='bbox 953 931 1045 998; x_wconf 91' lang='lat' dir='ltr'><strong>qui</strong></span> <span class='ocrx_word' id='word_1_49' title='bbox 1070 930 1357 984; x_wconf 90' lang='lat' dir='ltr'><strong>adversum</strong></span> <span class='ocrx_word' id='word_1_50' title='bbox 1397 945 1490 984; x_wconf 89' lang='lat' dir='ltr'><strong>eos</strong></span> <span class='ocrx_word' id='word_1_51' title='bbox 1517 931 1570 983; x_wconf 93' lang='lat' dir='ltr'><strong>in</strong></span> <span class='ocrx_word' id='word_1_52' title='bbox 1598 945 1768 998; x_wconf 81' lang='lat' dir='ltr'><strong>agone</strong></span> <span class='ocrx_word' id='word_1_53' title='bbox 1791 938 2044 997; x_wconf 91' lang='lat' dir='ltr'><strong>poterant</strong></span> 
     </span>
    </p>
   </div>
   <div class='ocr_carea' id='block_1_9' title="bbox 468 1020 2043 1086">
    <p class='ocr_par' dir='ltr' id='par_1_9' title="bbox 468 1020 2043 1086">
     <span class='ocr_line' id='line_1_9' title="bbox 468 1020 2043 1086; baseline 0.001 -14"><span class='ocrx_word' id='word_1_54' title='bbox 468 1020 738 1074; x_wconf 88' lang='lat' dir='ltr'><strong>coronari.</strong></span> <span class='ocrx_word' id='word_1_55' title='bbox 781 1038 800 1071; x_wconf 73' lang='grc' dir='ltr'><strong><em>ι</em></strong></span> <span class='ocrx_word' id='word_1_56' title='bbox 861 1020 1024 1085; x_wconf 86' lang='lat' dir='ltr'><strong>Quasi</strong></span> <span class='ocrx_word' id='word_1_57' title='bbox 1075 1021 1349 1074; x_wconf 73' lang='lat' dir='ltr'><strong>daemones</strong></span> <span class='ocrx_word' id='word_1_58' title='bbox 1381 1021 1434 1074; x_wconf 93' lang='lat' dir='ltr'><strong>in</strong></span> <span class='ocrx_word' id='word_1_59' title='bbox 1469 1021 1672 1086; x_wconf 87' lang='lat' dir='ltr'><strong>judicio</strong></span> <span class='ocrx_word' id='word_1_60' title='bbox 1701 1020 1961 1074; x_wconf 89' lang='lat' dir='ltr'><strong>adversus</strong></span> <span class='ocrx_word' id='word_1_61' title='bbox 1984 1035 2043 1073; x_wconf 88' lang='lat' dir='ltr'><strong>se</strong></span> 
     </span>
    </p>
   </div>
   <div class='ocr_carea' id='block_1_10' title="bbox 463 1109 2044 1180">
    <p class='ocr_par' dir='ltr' id='par_1_10' title="bbox 463 1109 2044 1180">
     <span class='ocr_line' id='line_1_10' title="bbox 463 1109 2044 1180; baseline -0.002 -14"><span class='ocrx_word' id='word_1_62' title='bbox 463 1109 590 1166; x_wconf 90' lang='lat' dir='ltr'><strong>olim</strong></span> <span class='ocrx_word' id='word_1_63' title='bbox 650 1115 937 1166; x_wconf 84' lang='lat' dir='ltr'><strong>statuendo</strong></span> <span class='ocrx_word' id='word_1_64' title='bbox 987 1111 1078 1180; x_wconf 90' lang='lat' dir='ltr'><strong>ju-s</strong></span> <span class='ocrx_word' id='word_1_65' title='bbox 1141 1111 1407 1165; x_wconf 89' lang='lat' dir='ltr'><strong>libertatis</strong></span> <span class='ocrx_word' id='word_1_66' title='bbox 1476 1111 1693 1164; x_wconf 90' lang='lat' dir='ltr'><strong>tandem</strong></span> <span class='ocrx_word' id='word_1_67' title='bbox 1753 1110 2044 1178; x_wconf 85' lang='lat' dir='ltr'><strong>aliquando</strong></span> 
     </span>
    </p>
   </div>
   <div class='ocr_carea' id='block_1_11' title="bbox 465 1203 2041 1272">
    <p class='ocr_par' dir='ltr' id='par_1_11' title="bbox 465 1203 2041 1272">
     <span class='ocr_line' id='line_1_11' title="bbox 465 1203 2041 1272; baseline -0.001 -15"><span class='ocrx_word' id='word_1_68' title='bbox 465 1204 716 1258; x_wconf 82' lang='lat' dir='ltr'><strong>amissuri</strong></span> <span class='ocrx_word' id='word_1_69' title='bbox 775 1203 902 1257; x_wconf 80' lang='lat' dir='ltr'><strong>sint.</strong></span> <span class='ocrx_word' id='word_1_70' title='bbox 938 1203 1088 1270; x_wconf 88' lang='lat' dir='ltr'><strong>Quod</strong></span> <span class='ocrx_word' id='word_1_71' title='bbox 1139 1204 1385 1272; x_wconf 86' lang='lat' dir='ltr'><strong>quamvis</strong></span> <span class='ocrx_word' id='word_1_72' title='bbox 1409 1220 1514 1258; x_wconf 91' lang='lat' dir='ltr'><strong>non</strong></span> <span class='ocrx_word' id='word_1_73' title='bbox 1551 1203 1758 1272; x_wconf 90' lang='lat' dir='ltr'><strong>liquido</strong></span> <span class='ocrx_word' id='word_1_74' title='bbox 1793 1217 1854 1255; x_wconf 82' lang='lat' dir='ltr'><strong>ex</strong></span> <span class='ocrx_word' id='word_1_75' title='bbox 1881 1216 2041 1270; x_wconf 82' lang='lat' dir='ltr'><strong>snpe-</strong></span> 
     </span>
    </p>
   </div>
   <div class='ocr_carea' id='block_1_12' title="bbox 466 1295 2045 1365">
    <p class='ocr_par' dir='ltr' id='par_1_12' title="bbox 466 1295 2045 1365">
     <span class='ocr_line' id='line_1_12' title="bbox 466 1295 2045 1365; baseline -0.001 -16"><span class='ocrx_word' id='word_1_76' title='bbox 466 1297 723 1362; x_wconf 79' lang='lat' dir='ltr'><strong>rioribus,</strong></span> <span class='ocrx_word' id='word_1_77' title='bbox 751 1311 927 1364; x_wconf 86' lang='lat' dir='ltr'><strong>neque</strong></span> <span class='ocrx_word' id='word_1_78' title='bbox 963 1297 1268 1351; x_wconf 87' lang='lat' dir='ltr'><strong>necessaria</strong></span> <span class='ocrx_word' id='word_1_79' title='bbox 1295 1295 1682 1365; x_wconf 88' lang='lat' dir='ltr'><strong>consequentia</strong></span> <span class='ocrx_word' id='word_1_80' title='bbox 1706 1303 1954 1362; x_wconf 79' lang='lat' dir='ltr'><strong>cogatur,</strong></span> <span class='ocrx_word' id='word_1_81' title='bbox 1981 1308 2045 1348; x_wconf 90' lang='lat' dir='ltr'><strong>eo</strong></span> 
     </span>
    </p>
   </div>
   <div class='ocr_carea' id='block_1_13' title="bbox 469 1385 2043 1454">
    <p class='ocr_par' dir='ltr' id='par_1_13' title="bbox 469 1385 2043 1454">
     <span class='ocr_line' id='line_1_13' title="bbox 469 1385 2043 1454; baseline -0.004 -11"><span class='ocrx_word' id='word_1_82' title='bbox 469 1398 647 1443; x_wconf 83' lang='lat' dir='ltr'><strong>tamen</strong></span> <span class='ocrx_word' id='word_1_83' title='bbox 673 1389 886 1441; x_wconf 89' lang='lat' dir='ltr'><strong>videtur</strong></span> <span class='ocrx_word' id='word_1_84' title='bbox 921 1388 1019 1441; x_wconf 77' lang='lat' dir='ltr'><strong>loci</strong></span> <span class='ocrx_word' id='word_1_85' title='bbox 1078 1388 1234 1454; x_wconf 87' lang='lat' dir='ltr'><strong>hujus</strong></span> <span class='ocrx_word' id='word_1_86' title='bbox 1269 1386 1528 1440; x_wconf 65' lang='lat' dir='ltr'><strong>inclinare</strong></span> <span class='ocrx_word' id='word_1_87' title='bbox 1557 1385 1851 1447; x_wconf 86' lang='lat' dir='ltr'><strong>sententia,</strong></span> <span class='ocrx_word' id='word_1_88' title='bbox 1910 1391 1964 1437; x_wconf 91' lang='lat' dir='ltr'><strong>et</strong></span> <span class='ocrx_word' id='word_1_89' title='bbox 2014 1399 2043 1436; x_wconf 90' lang='lat' dir='ltr'><strong>a</strong></span> 
     </span>
    </p>
   </div>
   <div class='ocr_carea' id='block_1_14' title="bbox 465 1474 2042 1551">
    <p class='ocr_par' dir='ltr' id='par_1_14' title="bbox 465 1474 2042 1551">
     <span class='ocr_line' id='line_1_14' title="bbox 465 1474 2042 1551; baseline -0.003 -18"><span class='ocrx_word' id='word_1_90' title='bbox 465 1480 734 1551; x_wconf 85' lang='lat' dir='ltr'><strong>prioribus</strong></span> <span class='ocrx_word' id='word_1_91' title='bbox 788 1480 995 1546; x_wconf 84' lang='lat' dir='ltr'><strong>placitis</strong></span> <span class='ocrx_word' id='word_1_92' title='bbox 1048 1479 1316 1532; x_wconf 86' lang='lat' dir='ltr'><strong>recedere.</strong></span> <span class='ocrx_word' id='word_1_93' title='bbox 1355 1477 1486 1532; x_wconf 91' lang='lat' dir='ltr'><strong>Cum</strong></span> <span class='ocrx_word' id='word_1_94' title='bbox 1539 1476 1836 1546; x_wconf 60' lang='lat' dir='ltr'><strong>praesertim</strong></span> <span class='ocrx_word' id='word_1_95' title='bbox 1883 1474 1977 1529; x_wconf 87' lang='lat' dir='ltr'><strong>lib.</strong></span> <span class='ocrx_word' id='word_1_96' title='bbox 2026 1491 2042 1529; x_wconf 91' lang='grc' dir='ltr'>ι</span> 
     </span>
    </p>
   </div>
   <div class='ocr_carea' id='block_1_15' title="bbox 465 1567 2046 1640">
    <p class='ocr_par' dir='ltr' id='par_1_15' title="bbox 465 1567 2046 1640">
     <span class='ocr_line' id='line_1_15' title="bbox 465 1567 2046 1640; baseline -0.003 -14"><span class='ocrx_word' id='word_1_97' title='bbox 465 1571 604 1639; x_wconf 79' lang='grc' dir='ltr'><strong>Περὶ</strong></span> <span class='ocrx_word' id='word_1_98' title='bbox 629 1571 855 1640; x_wconf 80' lang='grc' dir='ltr'><strong>ἀρχῶν,</strong></span> <span class='ocrx_word' id='word_1_99' title='bbox 885 1586 1005 1640; x_wconf 86' lang='lat' dir='ltr'><strong>cap.</strong></span> <span class='ocrx_word' id='word_1_100' title='bbox 1033 1570 1086 1635; x_wconf 87' lang='lat'><strong>6,</strong></span> <span class='ocrx_word' id='word_1_101' title='bbox 1115 1585 1263 1624; x_wconf 90' lang='lat' dir='ltr'><strong>num.</strong></span> <span class='ocrx_word' id='word_1_102' title='bbox 1290 1572 1340 1634; x_wconf 85' lang='lat' dir='ltr'><strong>l,</strong></span> <span class='ocrx_word' id='word_1_103' title='bbox 1371 1571 1436 1623; x_wconf 88' lang='lat' dir='ltr'><strong>de</strong></span> <span class='ocrx_word' id='word_1_104' title='bbox 1459 1569 1766 1640; x_wconf 85' lang='lat' dir='ltr'><strong>angelorum</strong></span> <span class='ocrx_word' id='word_1_105' title='bbox 1800 1567 2046 1622; x_wconf 85' lang='lat' dir='ltr'><strong>libertate</strong></span> 
     </span>
    </p>
   </div>
   <div class='ocr_carea' id='block_1_16' title="bbox 458 1658 2046 1731">
    <p class='ocr_par' dir='ltr' id='par_1_16' title="bbox 458 1658 2046 1731">
     <span class='ocr_line' id='line_1_16' title="bbox 458 1658 2046 1731; baseline -0.001 -16"><span class='ocrx_word' id='word_1_106' title='bbox 458 1664 776 1716; x_wconf 81' lang='lat' dir='ltr'><strong>accuratius</strong></span> <span class='ocrx_word' id='word_1_107' title='bbox 807 1671 1045 1729; x_wconf 87' lang='lat' dir='ltr'><strong>acturus,</strong></span> <span class='ocrx_word' id='word_1_108' title='bbox 1070 1672 1118 1716; x_wconf 91' lang='lat' dir='ltr'><strong>et</strong></span> <span class='ocrx_word' id='word_1_109' title='bbox 1143 1663 1396 1731; x_wconf 77' lang='lat' dir='ltr'><strong>dogmata</strong></span> <span class='ocrx_word' id='word_1_110' title='bbox 1434 1676 1598 1728; x_wconf 85' lang='lat' dir='ltr'><strong>supra</strong></span> <span class='ocrx_word' id='word_1_111' title='bbox 1640 1661 1894 1714; x_wconf 84' lang='lat' dir='ltr'><strong>ventilata</strong></span> <span class='ocrx_word' id='word_1_112' title='bbox 1930 1658 2046 1714; x_wconf 81' lang='lat' dir='ltr'><strong>l‘use</strong></span> 
     </span>
    </p>
   </div>
   <div class='ocr_carea' id='block_1_17' title="bbox 466 1753 2044 1823">
    <p class='ocr_par' dir='ltr' id='par_1_17' title="bbox 466 1753 2044 1823">
     <span class='ocr_line' id='line_1_17' title="bbox 466 1753 2044 1823; baseline 0.001 -17"><span class='ocrx_word' id='word_1_113' title='bbox 466 1754 865 1823; x_wconf 82' lang='lat' dir='ltr'><strong>propositurus,</strong></span> <span class='ocrx_word' id='word_1_114' title='bbox 925 1755 997 1807; x_wconf 91' lang='lat' dir='ltr'><strong>ita</strong></span> <span class='ocrx_word' id='word_1_115' title='bbox 1042 1754 1447 1823; x_wconf 87' lang='lat' dir='ltr'><strong>proloquatur:</strong></span> <span class='ocrx_word' id='word_1_116' title='bbox 1493 1773 1511 1805; x_wconf 78' lang='grc' dir='ltr'>ι</span> <span class='ocrx_word' id='word_1_117' title='bbox 1567 1753 1696 1820; x_wconf 67' lang='lat' dir='ltr'><strong>Qua:</strong></span> <span class='ocrx_word' id='word_1_118' title='bbox 1756 1754 1974 1823; x_wconf 87' lang='lat' dir='ltr'><strong>quidem</strong></span> <span class='ocrx_word' id='word_1_119' title='bbox 2016 1771 2044 1808; x_wconf 92' lang='lat' dir='ltr'><strong>a</strong></span> 
     </span>
    </p>
   </div>
   <div class='ocr_carea' id='block_1_18' title="bbox 469 1845 2044 1915">
    <p class='ocr_par' dir='ltr' id='par_1_18' title="bbox 469 1845 2044 1915">
     <span class='ocr_line' id='line_1_18' title="bbox 469 1845 2044 1915; baseline -0.001 -17"><span class='ocrx_word' id='word_1_120' title='bbox 469 1845 627 1898; x_wconf 83' lang='lat' dir='ltr'><strong>nobis</strong></span> <span class='ocrx_word' id='word_1_121' title='bbox 652 1847 815 1898; x_wconf 87' lang='lat' dir='ltr'><strong>etiam</strong></span> <span class='ocrx_word' id='word_1_122' title='bbox 853 1861 977 1899; x_wconf 92' lang='lat' dir='ltr'><strong>cum</strong></span> <span class='ocrx_word' id='word_1_123' title='bbox 1016 1861 1211 1915; x_wconf 82' lang='lat' dir='ltr'><strong>magno</strong></span> <span class='ocrx_word' id='word_1_124' title='bbox 1245 1854 1389 1899; x_wconf 91' lang='lat' dir='ltr'><strong>metu</strong></span> <span class='ocrx_word' id='word_1_125' title='bbox 1426 1854 1479 1898; x_wconf 92' lang='lat' dir='ltr'><strong>et</strong></span> <span class='ocrx_word' id='word_1_126' title='bbox 1523 1845 1734 1898; x_wconf 86' lang='lat' dir='ltr'><strong>cautela</strong></span> <span class='ocrx_word' id='word_1_127' title='bbox 1771 1845 2044 1908; x_wconf 90' lang='lat' dir='ltr'><strong>dicuntur,</strong></span> 
     </span>
    </p>
   </div>
   <div class='ocr_carea' id='block_1_19' title="bbox 465 1937 2043 2006">
    <p class='ocr_par' dir='ltr' id='par_1_19' title="bbox 465 1937 2043 2006">
     <span class='ocr_line' id='line_1_19' title="bbox 465 1937 2043 2006; baseline 0.002 -19"><span class='ocrx_word' id='word_1_128' title='bbox 465 1937 885 1991; x_wconf 89' lang='lat' dir='ltr'><strong>discutientibus</strong></span> <span class='ocrx_word' id='word_1_129' title='bbox 940 1939 1113 2005; x_wconf 82' lang='lat' dir='ltr'><strong>magis</strong></span> <span class='ocrx_word' id='word_1_130' title='bbox 1145 1948 1198 1990; x_wconf 92' lang='lat' dir='ltr'><strong>et</strong></span> <span class='ocrx_word' id='word_1_131' title='bbox 1229 1937 1709 2006; x_wconf 85' lang='lat' dir='ltr'><strong>pertractantihus,</strong></span> <span class='ocrx_word' id='word_1_132' title='bbox 1743 1951 1902 2006; x_wconf 87' lang='lat' dir='ltr'><strong>quam</strong></span> <span class='ocrx_word' id='word_1_133' title='bbox 1946 1953 2043 2005; x_wconf 80' lang='lat' dir='ltr'><strong>pro</strong></span> 
     </span>
    </p>
   </div>
   <div class='ocr_carea' id='block_1_20' title="bbox 465 2028 2041 2098">
    <p class='ocr_par' dir='ltr' id='par_1_20' title="bbox 465 2028 2041 2098">
     <span class='ocr_line' id='line_1_20' title="bbox 465 2028 2041 2098; baseline 0.002 -16"><span class='ocrx_word' id='word_1_134' title='bbox 465 2038 618 2083; x_wconf 89' lang='lat' dir='ltr'><strong>certo</strong></span> <span class='ocrx_word' id='word_1_135' title='bbox 650 2042 714 2082; x_wconf 90' lang='lat' dir='ltr'><strong>ac</strong></span> <span class='ocrx_word' id='word_1_136' title='bbox 745 2028 964 2082; x_wconf 91' lang='lat' dir='ltr'><strong>deﬁnito</strong></span> <span class='ocrx_word' id='word_1_137' title='bbox 994 2030 1373 2083; x_wconf 88' lang='lat' dir='ltr'><strong>statuentibus.</strong></span> <span class='ocrx_word' id='word_1_138' title='bbox 1417 2029 1714 2084; x_wconf 89' lang='lat' dir='ltr'><strong>Iudicatum</strong></span> <span class='ocrx_word' id='word_1_139' title='bbox 1749 2045 1983 2098; x_wconf 88' lang='lat' dir='ltr'><strong>namque</strong></span> <span class='ocrx_word' id='word_1_140' title='bbox 2013 2047 2041 2084; x_wconf 89' lang='lat' dir='ltr'><strong>a</strong></span> 
     </span>
    </p>
   </div>
   <div class='ocr_carea' id='block_1_21' title="bbox 467 2121 2044 2194">
    <p class='ocr_par' dir='ltr' id='par_1_21' title="bbox 467 2121 2044 2194">
     <span class='ocr_line' id='line_1_21' title="bbox 467 2121 2044 2194; baseline 0.003 -21"><span class='ocrx_word' id='word_1_141' title='bbox 467 2121 698 2175; x_wconf 88' lang='lat' dir='ltr'><strong>nobisin</strong></span> <span class='ocrx_word' id='word_1_142' title='bbox 737 2123 1114 2190; x_wconf 88' lang='lat' dir='ltr'><strong>superioribus</strong></span> <span class='ocrx_word' id='word_1_143' title='bbox 1137 2131 1240 2186; x_wconf 89' lang='lat' dir='ltr'><strong>est,</strong></span> <span class='ocrx_word' id='word_1_144' title='bbox 1270 2139 1386 2191; x_wconf 75' lang='lat' dir='ltr'><strong>qua:</strong></span> <span class='ocrx_word' id='word_1_145' title='bbox 1412 2123 1516 2178; x_wconf 87' lang='lat' dir='ltr'><strong>sint</strong></span> <span class='ocrx_word' id='word_1_146' title='bbox 1543 2124 1608 2177; x_wconf 91' lang='lat' dir='ltr'><strong>de</strong></span> <span class='ocrx_word' id='word_1_147' title='bbox 1639 2124 1840 2194; x_wconf 88' lang='lat' dir='ltr'><strong>quibus</strong></span> <span class='ocrx_word' id='word_1_148' title='bbox 1868 2125 2044 2178; x_wconf 88' lang='lat' dir='ltr'><strong>mani-</strong></span> 
     </span>
    </p>
   </div>
   <div class='ocr_carea' id='block_1_22' title="bbox 466 2211 2046 2285">
    <p class='ocr_par' dir='ltr' id='par_1_22' title="bbox 466 2211 2046 2285">
     <span class='ocr_line' id='line_1_22' title="bbox 466 2211 2046 2285; baseline 0.004 -20"><span class='ocrx_word' id='word_1_149' title='bbox 466 2211 603 2268; x_wconf 78' lang='lat' dir='ltr'><strong>festo</strong></span> <span class='ocrx_word' id='word_1_150' title='bbox 628 2215 879 2284; x_wconf 84' lang='lat' dir='ltr'><strong>dogmate</strong></span> <span class='ocrx_word' id='word_1_151' title='bbox 905 2215 1300 2269; x_wconf 85' lang='lat' dir='ltr'><strong>terminandum</strong></span> <span class='ocrx_word' id='word_1_152' title='bbox 1339 2216 1407 2269; x_wconf 90' lang='lat' dir='ltr'><strong>sit</strong></span> <span class='ocrx_word' id='word_1_153' title='bbox 1435 2258 1445 2271; x_wconf 90' lang='lat'><strong>.</strong></span> <span class='ocrx_word' id='word_1_154' title='bbox 1472 2218 1614 2284; x_wconf 88' lang='lat' dir='ltr'><strong>quod</strong></span> <span class='ocrx_word' id='word_1_155' title='bbox 1643 2227 1692 2269; x_wconf 89' lang='lat' dir='ltr'><strong>et</strong></span> <span class='ocrx_word' id='word_1_156' title='bbox 1719 2232 1815 2285; x_wconf 92' lang='lat' dir='ltr'><strong>pro</strong></span> <span class='ocrx_word' id='word_1_157' title='bbox 1842 2217 2046 2271; x_wconf 89' lang='lat' dir='ltr'><strong>viribus</strong></span> 
     </span>
    </p>
   </div>
   <div class='ocr_carea' id='block_1_23' title="bbox 465 2305 2042 2378">
    <p class='ocr_par' dir='ltr' id='par_1_23' title="bbox 465 2305 2042 2378">
     <span class='ocr_line' id='line_1_23' title="bbox 465 2305 2042 2378; baseline 0.003 -19"><span class='ocrx_word' id='word_1_158' title='bbox 465 2322 564 2360; x_wconf 90' lang='lat' dir='ltr'><strong>nos</strong></span> <span class='ocrx_word' id='word_1_159' title='bbox 619 2305 816 2361; x_wconf 83' lang='lat' dir='ltr'><strong>fecisse</strong></span> <span class='ocrx_word' id='word_1_160' title='bbox 871 2318 1021 2376; x_wconf 92' lang='lat' dir='ltr'><strong>puto,</strong></span> <span class='ocrx_word' id='word_1_161' title='bbox 1055 2325 1174 2361; x_wconf 91' lang='lat' dir='ltr'><strong>cum</strong></span> <span class='ocrx_word' id='word_1_162' title='bbox 1230 2309 1294 2362; x_wconf 89' lang='lat' dir='ltr'><strong>de</strong></span> <span class='ocrx_word' id='word_1_163' title='bbox 1348 2307 1617 2362; x_wconf 85' lang='lat' dir='ltr'><strong>Trinitate</strong></span> <span class='ocrx_word' id='word_1_164' title='bbox 1671 2308 2042 2378; x_wconf 85' lang='lat' dir='ltr'><strong>loqueremur.</strong></span> 
     </span>
    </p>
   </div>
   <div class='ocr_carea' id='block_1_24' title="bbox 466 2395 2048 2469">
    <p class='ocr_par' dir='ltr' id='par_1_24' title="bbox 466 2395 2048 2469">
     <span class='ocr_line' id='line_1_24' title="bbox 466 2395 2048 2469; baseline 0.004 -21"><span class='ocrx_word' id='word_1_165' title='bbox 466 2395 619 2452; x_wconf 72' lang='lat' dir='ltr'><strong>Nunc</strong></span> <span class='ocrx_word' id='word_1_166' title='bbox 654 2409 833 2453; x_wconf 90' lang='lat' dir='ltr'><strong>autem</strong></span> <span class='ocrx_word' id='word_1_167' title='bbox 864 2400 1172 2468; x_wconf 85' lang='lat' dir='ltr'><strong>disputandi</strong></span> <span class='ocrx_word' id='word_1_168' title='bbox 1198 2402 1378 2469; x_wconf 88' lang='lat' dir='ltr'><strong>specie</strong></span> <span class='ocrx_word' id='word_1_169' title='bbox 1424 2400 1595 2469; x_wconf 87' lang='lat' dir='ltr'><strong>magis</strong></span> <span class='ocrx_word' id='word_1_170' title='bbox 1623 2440 1638 2463; x_wconf 91' lang='lat'><strong>,</strong></span> <span class='ocrx_word' id='word_1_171' title='bbox 1696 2415 1859 2469; x_wconf 90' lang='lat' dir='ltr'><strong>quam</strong></span> <span class='ocrx_word' id='word_1_172' title='bbox 1915 2402 2048 2456; x_wconf 91' lang='lat' dir='ltr'><strong>deti-</strong></span> 
     </span>
    </p>
   </div>
   <div class='ocr_carea' id='block_1_25' title="bbox 463 2492 2044 2563">
    <p class='ocr_par' dir='ltr' id='par_1_25' title="bbox 463 2492 2044 2563">
     <span class='ocr_line' id='line_1_25' title="bbox 463 2492 2044 2563; baseline 0.004 -17"><span class='ocrx_word' id='word_1_173' title='bbox 463 2492 670 2555; x_wconf 87' lang='lat' dir='ltr'><strong>nieudi,</strong></span> <span class='ocrx_word' id='word_1_174' title='bbox 689 2503 848 2559; x_wconf 91' lang='lat' dir='ltr'><strong>prout</strong></span> <span class='ocrx_word' id='word_1_175' title='bbox 865 2507 1169 2560; x_wconf 89' lang='lat' dir='ltr'><strong>possumus,</strong></span> <span class='ocrx_word' id='word_1_176' title='bbox 1191 2507 1511 2546; x_wconf 85' lang='lat' dir='ltr'><strong>exercemur</strong></span> <span class='ocrx_word' id='word_1_177' title='bbox 1529 2510 1542 2557; x_wconf 91' lang='lat'><strong>;</strong></span> <span class='ocrx_word' id='word_1_178' title='bbox 1560 2513 1576 2542; x_wconf 77' lang='grc' dir='ltr'><strong>ι</strong></span> <span class='ocrx_word' id='word_1_179' title='bbox 1597 2494 1825 2562; x_wconf 81' lang='lat' dir='ltr'><strong>rumque</strong></span> <span class='ocrx_word' id='word_1_180' title='bbox 1849 2509 1968 2563; x_wconf 90' lang='lat' dir='ltr'><strong>cap.</strong></span> <span class='ocrx_word' id='word_1_181' title='bbox 1988 2497 2044 2559; x_wconf 88' lang='lat'><strong>8,</strong></span> 
     </span>
    </p>
   </div>
   <div class='ocr_carea' id='block_1_26' title="bbox 469 2583 2048 2652">
    <p class='ocr_par' dir='ltr' id='par_1_26' title="bbox 469 2583 2048 2652">
     <span class='ocr_line' id='line_1_26' title="bbox 469 2583 2048 2652; baseline 0.004 -16"><span class='ocrx_word' id='word_1_182' title='bbox 469 2599 596 2636; x_wconf 91' lang='lat' dir='ltr'><strong>num</strong></span> <span class='ocrx_word' id='word_1_183' title='bbox 653 2583 706 2647; x_wconf 81' lang='grc'><strong>5,</strong></span> <span class='ocrx_word' id='word_1_184' title='bbox 735 2583 892 2652; x_wconf 85' lang='lat' dir='ltr'><strong>hujus</strong></span> <span class='ocrx_word' id='word_1_185' title='bbox 920 2583 1042 2635; x_wconf 87' lang='lat' dir='ltr'><strong>libri</strong></span> <span class='ocrx_word' id='word_1_186' title='bbox 1074 2583 1154 2636; x_wconf 82' lang='lat' dir='ltr'><strong>sic</strong></span> <span class='ocrx_word' id='word_1_187' title='bbox 1183 2583 1420 2652; x_wconf 90' lang='lat' dir='ltr'><strong>disputet</strong></span> <span class='ocrx_word' id='word_1_188' title='bbox 1454 2600 1468 2635; x_wconf 76' lang='grc' dir='ltr'>ε</span> <span class='ocrx_word' id='word_1_189' title='bbox 1520 2601 1538 2634; x_wconf 73' lang='grc' dir='ltr'>ι</span> <span class='ocrx_word' id='word_1_190' title='bbox 1579 2584 1893 2640; x_wconf 90' lang='lat' dir='ltr'><strong>Secundum</strong></span> <span class='ocrx_word' id='word_1_191' title='bbox 1952 2604 2048 2643; x_wconf 91' lang='lat' dir='ltr'><strong>nos</strong></span> 
     </span>
    </p>
   </div>
   <div class='ocr_carea' id='block_1_27' title="bbox 469 2674 2045 2749">
    <p class='ocr_par' dir='ltr' id='par_1_27' title="bbox 469 2674 2045 2749">
     <span class='ocr_line' id='line_1_27' title="bbox 469 2674 2045 2749; baseline 0.005 -23"><span class='ocrx_word' id='word_1_192' title='bbox 469 2689 599 2727; x_wconf 91' lang='lat' dir='ltr'><strong>vero</strong></span> <span class='ocrx_word' id='word_1_193' title='bbox 634 2674 762 2727; x_wconf 87' lang='lat' dir='ltr'><strong>nihil</strong></span> <span class='ocrx_word' id='word_1_194' title='bbox 808 2683 891 2727; x_wconf 85' lang='lat' dir='ltr'><strong>est</strong></span> <span class='ocrx_word' id='word_1_195' title='bbox 945 2675 998 2727; x_wconf 91' lang='lat' dir='ltr'><strong>in</strong></span> <span class='ocrx_word' id='word_1_196' title='bbox 1039 2675 1184 2728; x_wconf 92' lang='lat' dir='ltr'><strong>omni</strong></span> <span class='ocrx_word' id='word_1_197' title='bbox 1231 2676 1538 2730; x_wconf 89' lang='lat' dir='ltr'><strong>rationabili</strong></span> <span class='ocrx_word' id='word_1_198' title='bbox 1590 2688 1867 2744; x_wconf 87' lang='lat' dir='ltr'><strong>creatura,</strong></span> <span class='ocrx_word' id='word_1_199' title='bbox 1903 2683 2045 2749; x_wconf 88' lang='lat' dir='ltr'><strong>quod</strong></span> 
     </span>
    </p>
   </div>
   <div class='ocr_carea' id='block_1_28' title="bbox 470 2766 2044 2836">
    <p class='ocr_par' dir='ltr' id='par_1_28' title="bbox 470 2766 2044 2836">
     <span class='ocr_line' id='line_1_28' title="bbox 470 2766 2044 2836; baseline 0.003 -17"><span class='ocrx_word' id='word_1_200' title='bbox 470 2781 573 2820; x_wconf 91' lang='lat' dir='ltr'><strong>non</strong></span> <span class='ocrx_word' id='word_1_201' title='bbox 616 2775 722 2820; x_wconf 86' lang='lat' dir='ltr'><strong>tam</strong></span> <span class='ocrx_word' id='word_1_202' title='bbox 758 2767 881 2821; x_wconf 90' lang='lat' dir='ltr'><strong>boni</strong></span> <span class='ocrx_word' id='word_1_203' title='bbox 915 2783 1075 2836; x_wconf 89' lang='lat' dir='ltr'><strong>quam</strong></span> <span class='ocrx_word' id='word_1_204' title='bbox 1113 2766 1235 2818; x_wconf 89' lang='lat' dir='ltr'><strong>mali</strong></span> <span class='ocrx_word' id='word_1_205' title='bbox 1283 2767 1352 2822; x_wconf 88' lang='lat' dir='ltr'><strong>sit</strong></span> <span class='ocrx_word' id='word_1_206' title='bbox 1387 2782 1558 2836; x_wconf 74' lang='lat' dir='ltr'><strong>capax</strong></span> <span class='ocrx_word' id='word_1_207' title='bbox 1595 2787 1606 2820; x_wconf 94' lang='lat'>:</span> <span class='ocrx_word' id='word_1_208' title='bbox 1637 2770 1731 2821; x_wconf 86' lang='lat' dir='ltr'><strong>sed</strong></span> <span class='ocrx_word' id='word_1_209' title='bbox 1781 2785 1884 2823; x_wconf 90' lang='lat' dir='ltr'><strong>non</strong></span> <span class='ocrx_word' id='word_1_210' title='bbox 1913 2786 2044 2824; x_wconf 83' lang='lat' dir='ltr'><strong>con-</strong></span> 
     </span>
    </p>
   </div>
   <div class='ocr_carea' id='block_1_29' title="bbox 469 2858 2044 2930">
    <p class='ocr_par' dir='ltr' id='par_1_29' title="bbox 469 2858 2044 2930">
     <span class='ocr_line' id='line_1_29' title="bbox 469 2858 2044 2930; baseline 0.003 -18"><span class='ocrx_word' id='word_1_211' title='bbox 469 2860 620 2912; x_wconf 91' lang='lat' dir='ltr'><strong>tinuo</strong></span> <span class='ocrx_word' id='word_1_212' title='bbox 654 2860 782 2929; x_wconf 88' lang='lat' dir='ltr'><strong>quia</strong></span> <span class='ocrx_word' id='word_1_213' title='bbox 813 2859 1042 2913; x_wconf 89' lang='lat' dir='ltr'><strong>dicimus</strong></span> <span class='ocrx_word' id='word_1_214' title='bbox 1101 2858 1298 2912; x_wconf 87' lang='lat' dir='ltr'><strong>nullam</strong></span> <span class='ocrx_word' id='word_1_215' title='bbox 1345 2875 1464 2914; x_wconf 90' lang='lat' dir='ltr'><strong>esse</strong></span> <span class='ocrx_word' id='word_1_216' title='bbox 1502 2869 1748 2914; x_wconf 90' lang='lat' dir='ltr'><strong>naturam</strong></span> <span class='ocrx_word' id='word_1_217' title='bbox 1789 2876 1908 2930; x_wconf 72' lang='lat' dir='ltr'><strong>quae</strong></span> <span class='ocrx_word' id='word_1_218' title='bbox 1940 2878 2044 2917; x_wconf 91' lang='lat' dir='ltr'><strong>non</strong></span> 
     </span>
    </p>
   </div>
   <div class='ocr_carea' id='block_1_30' title="bbox 468 2949 2043 3020">
    <p class='ocr_par' dir='ltr' id='par_1_30' title="bbox 468 2949 2043 3020">
     <span class='ocr_line' id='line_1_30' title="bbox 468 2949 2043 3020; baseline 0.002 -16"><span class='ocrx_word' id='word_1_219' title='bbox 468 2951 637 3020; x_wconf 90' lang='lat' dir='ltr'><strong>possit</strong></span> <span class='ocrx_word' id='word_1_220' title='bbox 672 2950 912 3019; x_wconf 89' lang='lat' dir='ltr'><strong>recipere</strong></span> <span class='ocrx_word' id='word_1_221' title='bbox 939 2949 1162 3011; x_wconf 87' lang='lat' dir='ltr'><strong>malum.</strong></span> <span class='ocrx_word' id='word_1_222' title='bbox 1191 2950 1394 3006; x_wconf 86' lang='lat' dir='ltr'><strong>idcirco</strong></span> <span class='ocrx_word' id='word_1_223' title='bbox 1419 2951 1812 3007; x_wconf 90' lang='lat' dir='ltr'><strong>conﬁrmamus</strong></span> <span class='ocrx_word' id='word_1_224' title='bbox 1829 2969 2043 3008; x_wconf 90' lang='lat' dir='ltr'><strong>omnem</strong></span> 
     </span>
    </p>
   </div>
   <div class='ocr_carea' id='block_1_31' title="bbox 461 3042 2047 3120">
    <p class='ocr_par' dir='ltr' id='par_1_31' title="bbox 461 3042 2047 3120">
     <span class='ocr_line' id='line_1_31' title="bbox 461 3042 2047 3120; baseline 0.004 -27"><span class='ocrx_word' id='word_1_225' title='bbox 461 3051 714 3095; x_wconf 81' lang='lat' dir='ltr'><strong>naturam</strong></span> <span class='ocrx_word' id='word_1_226' title='bbox 743 3042 1012 3110; x_wconf 74' lang='lat' dir='ltr'><strong>recepisse</strong></span> <span class='ocrx_word' id='word_1_227' title='bbox 1055 3042 1276 3104; x_wconf 85' lang='lat' dir='ltr'><strong>malum,</strong></span> <span class='ocrx_word' id='word_1_228' title='bbox 1321 3042 1375 3097; x_wconf 90' lang='lat' dir='ltr'><strong>id</strong></span> <span class='ocrx_word' id='word_1_229' title='bbox 1411 3053 1514 3108; x_wconf 90' lang='lat' dir='ltr'><strong>est,</strong></span> <span class='ocrx_word' id='word_1_230' title='bbox 1542 3043 1739 3098; x_wconf 91' lang='lat' dir='ltr'><strong>malam</strong></span> <span class='ocrx_word' id='word_1_231' title='bbox 1783 3061 1901 3099; x_wconf 88' lang='lat' dir='ltr'><strong>esse</strong></span> <span class='ocrx_word' id='word_1_232' title='bbox 1968 3047 2047 3120; x_wconf 69' lang='lat' dir='ltr'><strong>el-</strong></span> 
     </span>
    </p>
   </div>
   <div class='ocr_carea' id='block_1_32' title="bbox 468 3133 2047 3201">
    <p class='ocr_par' dir='ltr' id='par_1_32' title="bbox 468 3133 2047 3201">
     <span class='ocr_line' id='line_1_32' title="bbox 468 3133 2047 3201; baseline 0.004 -15"><span class='ocrx_word' id='word_1_233' title='bbox 468 3133 666 3187; x_wconf 86' lang='lat' dir='ltr'><strong>l&#39;ectam</strong></span> <span class='ocrx_word' id='word_1_234' title='bbox 697 3152 708 3186; x_wconf 89' lang='lat'><strong>:</strong></span> <span class='ocrx_word' id='word_1_235' title='bbox 747 3133 887 3188; x_wconf 90' lang='lat' dir='ltr'><strong>sicut</strong></span> <span class='ocrx_word' id='word_1_236' title='bbox 917 3141 999 3188; x_wconf 89' lang='lat' dir='ltr'><strong>est</strong></span> <span class='ocrx_word' id='word_1_237' title='bbox 1031 3134 1210 3188; x_wconf 87' lang='lat' dir='ltr'><strong>dicere</strong></span> <span class='ocrx_word' id='word_1_238' title='bbox 1245 3134 1386 3201; x_wconf 89' lang='lat' dir='ltr'><strong>quod</strong></span> <span class='ocrx_word' id='word_1_239' title='bbox 1417 3137 1596 3190; x_wconf 91' lang='lat' dir='ltr'><strong>omnis</strong></span> <span class='ocrx_word' id='word_1_240' title='bbox 1622 3137 1858 3192; x_wconf 88' lang='lat' dir='ltr'><strong>hominis</strong></span> <span class='ocrx_word' id='word_1_241' title='bbox 1889 3145 2047 3192; x_wconf 86' lang='lat' dir='ltr'><strong>natu-</strong></span> 
     </span>
    </p>
   </div>
   <div class='ocr_carea' id='block_1_33' title="bbox 473 3224 2046 3295">
    <p class='ocr_par' dir='ltr' id='par_1_33' title="bbox 473 3224 2046 3295">
     <span class='ocr_line' id='line_1_33' title="bbox 473 3224 2046 3295; baseline 0.004 -18"><span class='ocrx_word' id='word_1_242' title='bbox 473 3239 531 3278; x_wconf 86' lang='lat' dir='ltr'><strong>ra</strong></span> <span class='ocrx_word' id='word_1_243' title='bbox 593 3224 784 3294; x_wconf 89' lang='lat' dir='ltr'><strong>recipit</strong></span> <span class='ocrx_word' id='word_1_244' title='bbox 837 3235 896 3279; x_wconf 93' lang='lat' dir='ltr'><strong>ut</strong></span> <span class='ocrx_word' id='word_1_245' title='bbox 956 3225 1127 3295; x_wconf 85' lang='lat' dir='ltr'><strong>possit</strong></span> <span class='ocrx_word' id='word_1_246' title='bbox 1182 3225 1462 3295; x_wconf 79' lang='lat' dir='ltr'><strong>navigare,</strong></span> <span class='ocrx_word' id='word_1_247' title='bbox 1499 3243 1605 3282; x_wconf 91' lang='lat' dir='ltr'><strong>non</strong></span> <span class='ocrx_word' id='word_1_248' title='bbox 1643 3238 1820 3284; x_wconf 90' lang='lat' dir='ltr'><strong>tamen</strong></span> <span class='ocrx_word' id='word_1_249' title='bbox 1876 3245 1940 3284; x_wconf 81' lang='lat' dir='ltr'><strong>ex</strong></span> <span class='ocrx_word' id='word_1_250' title='bbox 1981 3245 2046 3285; x_wconf 91' lang='lat' dir='ltr'><strong>eo</strong></span> 
     </span>
    </p>
   </div>
   <div class='ocr_carea' id='block_1_34' title="bbox 471 3315 2048 3385">
    <p class='ocr_par' dir='ltr' id='par_1_34' title="bbox 471 3315 2048 3385">
     <span class='ocr_line' id='line_1_34' title="bbox 471 3315 2048 3385; baseline 0.004 -17"><span class='ocrx_word' id='word_1_251' title='bbox 471 3317 638 3369; x_wconf 88' lang='lat' dir='ltr'><strong>etiam</strong></span> <span class='ocrx_word' id='word_1_252' title='bbox 671 3315 846 3369; x_wconf 91' lang='lat' dir='ltr'><strong>omnis</strong></span> <span class='ocrx_word' id='word_1_253' title='bbox 872 3316 1031 3371; x_wconf 91' lang='lat' dir='ltr'><strong>homo</strong></span> <span class='ocrx_word' id='word_1_254' title='bbox 1057 3317 1334 3385; x_wconf 81' lang='lat' dir='ltr'><strong>navigabit</strong></span> <span class='ocrx_word' id='word_1_255' title='bbox 1367 3335 1381 3371; x_wconf 90' lang='lat'><strong>:</strong></span> <span class='ocrx_word' id='word_1_256' title='bbox 1417 3329 1473 3374; x_wconf 90' lang='lat' dir='ltr'><strong>et</strong></span> <span class='ocrx_word' id='word_1_257' title='bbox 1518 3321 1713 3374; x_wconf 89' lang='lat' dir='ltr'><strong>iterum</strong></span> <span class='ocrx_word' id='word_1_258' title='bbox 1742 3322 1889 3375; x_wconf 88' lang='lat' dir='ltr'><strong>omni</strong></span> <span class='ocrx_word' id='word_1_259' title='bbox 1945 3323 2048 3376; x_wconf 86' lang='lat' dir='ltr'><strong>ho-</strong></span> 
     </span>
    </p>
   </div>
   <div class='ocr_carea' id='block_1_35' title="bbox 476 3406 2052 3481">
    <p class='ocr_par' dir='ltr' id='par_1_35' title="bbox 476 3406 2052 3481">
     <span class='ocr_line' id='line_1_35' title="bbox 476 3406 2052 3481; baseline 0.004 -21"><span class='ocrx_word' id='word_1_260' title='bbox 476 3408 604 3460; x_wconf 88' lang='lat' dir='ltr'><strong>mini</strong></span> <span class='ocrx_word' id='word_1_261' title='bbox 633 3406 888 3476; x_wconf 88' lang='lat' dir='ltr'><strong>possibile</strong></span> <span class='ocrx_word' id='word_1_262' title='bbox 935 3417 1021 3461; x_wconf 90' lang='lat' dir='ltr'><strong>est</strong></span> <span class='ocrx_word' id='word_1_263' title='bbox 1060 3409 1271 3463; x_wconf 89' lang='lat' dir='ltr'><strong>discere</strong></span> <span class='ocrx_word' id='word_1_264' title='bbox 1328 3419 1497 3464; x_wconf 90' lang='lat' dir='ltr'><strong>artem</strong></span> <span class='ocrx_word' id='word_1_265' title='bbox 1544 3413 1955 3481; x_wconf 82' lang='lat' dir='ltr'><strong>grammaticam</strong></span> <span class='ocrx_word' id='word_1_266' title='bbox 1998 3424 2052 3467; x_wconf 89' lang='lat' dir='ltr'><strong>et</strong></span> 
     </span>
    </p>
   </div>
   <div class='ocr_carea' id='block_1_36' title="bbox 471 3499 2054 3565">
    <p class='ocr_par' dir='ltr' id='par_1_36' title="bbox 471 3499 2054 3565">
     <span class='ocr_line' id='line_1_36' title="bbox 471 3499 2054 3565; baseline 0.004 -11"><span class='ocrx_word' id='word_1_267' title='bbox 471 3499 836 3565; x_wconf 83' lang='lat' dir='ltr'><strong>medicinam;</strong></span> <span class='ocrx_word' id='word_1_268' title='bbox 897 3515 1002 3552; x_wconf 91' lang='lat' dir='ltr'><strong>non</strong></span> <span class='ocrx_word' id='word_1_269' title='bbox 1059 3510 1239 3554; x_wconf 87' lang='lat' dir='ltr'><strong>tamen</strong></span> <span class='ocrx_word' id='word_1_270' title='bbox 1277 3501 1477 3557; x_wconf 89' lang='lat' dir='ltr'><strong>idcirco</strong></span> <span class='ocrx_word' id='word_1_271' title='bbox 1521 3505 1821 3558; x_wconf 89' lang='lat' dir='ltr'><strong>ostenditur</strong></span> <span class='ocrx_word' id='word_1_272' title='bbox 1875 3505 2054 3560; x_wconf 85' lang='lat' dir='ltr'><strong>omnis</strong></span> 
     </span>
    </p>
   </div>
   <div class='ocr_carea' id='block_1_37' title="bbox 472 3589 2054 3661">
    <p class='ocr_par' dir='ltr' id='par_1_37' title="bbox 472 3589 2054 3661">
     <span class='ocr_line' id='line_1_37' title="bbox 472 3589 2054 3661; baseline 0.003 -16"><span class='ocrx_word' id='word_1_273' title='bbox 472 3590 636 3645; x_wconf 88' lang='lat' dir='ltr'><strong>homo</strong></span> <span class='ocrx_word' id='word_1_274' title='bbox 667 3589 749 3643; x_wconf 92' lang='lat' dir='ltr'><strong>vel</strong></span> <span class='ocrx_word' id='word_1_275' title='bbox 788 3589 1029 3643; x_wconf 90' lang='lat' dir='ltr'><strong>medicus</strong></span> <span class='ocrx_word' id='word_1_276' title='bbox 1069 3606 1213 3653; x_wconf 83' lang='lat' dir='ltr'><strong>esse.</strong></span> <span class='ocrx_word' id='word_1_277' title='bbox 1255 3592 1337 3645; x_wconf 85' lang='lat' dir='ltr'><strong>vel</strong></span> <span class='ocrx_word' id='word_1_278' title='bbox 1400 3595 1830 3661; x_wconf 85' lang='lat' dir='ltr'><strong>grammaticus:</strong></span> <span class='ocrx_word' id='word_1_279' title='bbox 1889 3596 1962 3649; x_wconf 87' lang='lat' dir='ltr'><strong>ita</strong></span> <span class='ocrx_word' id='word_1_280' title='bbox 2007 3597 2054 3650; x_wconf 90' lang='lat' dir='ltr'><strong>si</strong></span> 
     </span>
    </p>
   </div>
   <div class='ocr_carea' id='block_1_38' title="bbox 472 3679 2055 3753">
    <p class='ocr_par' dir='ltr' id='par_1_38' title="bbox 472 3679 2055 3753">
     <span class='ocr_line' id='line_1_38' title="bbox 472 3679 2055 3753; baseline 0.004 -20"><span class='ocrx_word' id='word_1_281' title='bbox 472 3679 703 3734; x_wconf 89' lang='lat' dir='ltr'><strong>dicimus</strong></span> <span class='ocrx_word' id='word_1_282' title='bbox 731 3679 932 3733; x_wconf 88' lang='lat' dir='ltr'><strong>nullam</strong></span> <span class='ocrx_word' id='word_1_283' title='bbox 962 3695 1084 3735; x_wconf 87' lang='lat' dir='ltr'><strong>esse</strong></span> <span class='ocrx_word' id='word_1_284' title='bbox 1115 3692 1360 3736; x_wconf 87' lang='lat' dir='ltr'><strong>naturam</strong></span> <span class='ocrx_word' id='word_1_285' title='bbox 1399 3697 1519 3751; x_wconf 62' lang='lat' dir='ltr'><strong>qua:</strong></span> <span class='ocrx_word' id='word_1_286' title='bbox 1563 3699 1666 3736; x_wconf 90' lang='lat' dir='ltr'><strong>non</strong></span> <span class='ocrx_word' id='word_1_287' title='bbox 1701 3685 1869 3753; x_wconf 90' lang='lat' dir='ltr'><strong>possit</strong></span> <span class='ocrx_word' id='word_1_288' title='bbox 1918 3685 2055 3739; x_wconf 80' lang='lat' dir='ltr'><strong>reci-</strong></span> 
     </span>
    </p>
   </div>
   <div class='ocr_carea' id='block_1_39' title="bbox 474 3773 2056 3846">
    <p class='ocr_par' dir='ltr' id='par_1_39' title="bbox 474 3773 2056 3846">
     <span class='ocr_line' id='line_1_39' title="bbox 474 3773 2056 3846; baseline 0.003 -21"><span class='ocrx_word' id='word_1_289' title='bbox 474 3787 605 3842; x_wconf 89' lang='lat' dir='ltr'><strong>pere</strong></span> <span class='ocrx_word' id='word_1_290' title='bbox 635 3773 856 3839; x_wconf 90' lang='lat' dir='ltr'><strong>malum,</strong></span> <span class='ocrx_word' id='word_1_291' title='bbox 889 3789 995 3826; x_wconf 93' lang='lat' dir='ltr'><strong>non</strong></span> <span class='ocrx_word' id='word_1_292' title='bbox 1053 3784 1232 3827; x_wconf 88' lang='lat' dir='ltr'><strong>tamen</strong></span> <span class='ocrx_word' id='word_1_293' title='bbox 1276 3774 1533 3828; x_wconf 91' lang='lat' dir='ltr'><strong>continuo</strong></span> <span class='ocrx_word' id='word_1_294' title='bbox 1574 3775 1737 3827; x_wconf 91' lang='lat' dir='ltr'><strong>etiam</strong></span> <span class='ocrx_word' id='word_1_295' title='bbox 1789 3775 2056 3846; x_wconf 89' lang='lat' dir='ltr'><strong>recepisse</strong></span> 
     </span>
    </p>
   </div>
   <div class='ocr_carea' id='block_1_40' title="bbox 477 3863 2056 3936">
    <p class='ocr_par' dir='ltr' id='par_1_40' title="bbox 477 3863 2056 3936">
     <span class='ocr_line' id='line_1_40' title="bbox 477 3863 2056 3936; baseline 0.003 -20"><span class='ocrx_word' id='word_1_296' title='bbox 477 3863 677 3918; x_wconf 86' lang='lat' dir='ltr'><strong>malum</strong></span> <span class='ocrx_word' id='word_1_297' title='bbox 701 3865 1038 3935; x_wconf 78' lang='lat' dir='ltr'><strong>designatur.</strong></span> <span class='ocrx_word' id='word_1_298' title='bbox 1072 3866 1380 3920; x_wconf 89' lang='lat' dir='ltr'><strong>Secundum</strong></span> <span class='ocrx_word' id='word_1_299' title='bbox 1415 3882 1514 3920; x_wconf 90' lang='lat' dir='ltr'><strong>nos</strong></span> <span class='ocrx_word' id='word_1_300' title='bbox 1551 3881 1787 3936; x_wconf 84' lang='lat' dir='ltr'><strong>namque</strong></span> <span class='ocrx_word' id='word_1_301' title='bbox 1831 3883 1896 3921; x_wconf 92' lang='lat' dir='ltr'><strong>ne</strong></span> <span class='ocrx_word' id='word_1_302' title='bbox 1941 3868 2056 3921; x_wconf 88' lang='lat' dir='ltr'><strong>dia-</strong></span> 
     </span>
    </p>
   </div>
   <div class='ocr_carea' id='block_1_41' title="bbox 481 3955 2056 4026">
    <p class='ocr_par' dir='ltr' id='par_1_41' title="bbox 481 3955 2056 4026">
     <span class='ocr_line' id='line_1_41' title="bbox 481 3955 2056 4026; baseline 0.002 -16"><span class='ocrx_word' id='word_1_303' title='bbox 481 3955 634 4010; x_wconf 85' lang='lat' dir='ltr'><strong>bolus</strong></span> <span class='ocrx_word' id='word_1_304' title='bbox 660 3955 876 4026; x_wconf 87' lang='lat' dir='ltr'><strong>quidem</strong></span> <span class='ocrx_word' id='word_1_305' title='bbox 901 3957 1018 4025; x_wconf 84' lang='lat' dir='ltr'><strong>ipse</strong></span> <span class='ocrx_word' id='word_1_306' title='bbox 1043 3956 1269 4025; x_wconf 78' lang='lat' dir='ltr'><strong>incapax</strong></span> <span class='ocrx_word' id='word_1_307' title='bbox 1304 3957 1404 4011; x_wconf 82' lang='lat' dir='ltr'><strong>fuit</strong></span> <span class='ocrx_word' id='word_1_308' title='bbox 1428 3960 1588 4022; x_wconf 85' lang='lat' dir='ltr'><strong>boni;</strong></span> <span class='ocrx_word' id='word_1_309' title='bbox 1625 3976 1729 4013; x_wconf 89' lang='lat' dir='ltr'><strong>non</strong></span> <span class='ocrx_word' id='word_1_310' title='bbox 1764 3968 1940 4012; x_wconf 89' lang='lat' dir='ltr'><strong>tamen</strong></span> <span class='ocrx_word' id='word_1_311' title='bbox 1976 3960 2056 4013; x_wconf 91' lang='lat' dir='ltr'><strong>id-</strong></span> 
     </span>
    </p>
   </div>
   <div class='ocr_carea' id='block_1_42' title="bbox 475 4047 2056 4118">
    <p class='ocr_par' dir='ltr' id='par_1_42' title="bbox 475 4047 2056 4118">
     <span class='ocr_line' id='line_1_42' title="bbox 475 4047 2056 4118; baseline 0.003 -18"><span class='ocrx_word' id='word_1_312' title='bbox 475 4047 624 4103; x_wconf 83' lang='lat' dir='ltr'><strong>circo</strong></span> <span class='ocrx_word' id='word_1_313' title='bbox 649 4047 778 4117; x_wconf 92' lang='lat' dir='ltr'><strong>quia</strong></span> <span class='ocrx_word' id='word_1_314' title='bbox 813 4050 990 4117; x_wconf 91' lang='lat' dir='ltr'><strong>potuit</strong></span> <span class='ocrx_word' id='word_1_315' title='bbox 1021 4049 1266 4116; x_wconf 89' lang='lat' dir='ltr'><strong>recipere</strong></span> <span class='ocrx_word' id='word_1_316' title='bbox 1296 4049 1524 4112; x_wconf 89' lang='lat' dir='ltr'><strong>bonum,</strong></span> <span class='ocrx_word' id='word_1_317' title='bbox 1549 4049 1713 4104; x_wconf 89' lang='lat' dir='ltr'><strong>etiam</strong></span> <span class='ocrx_word' id='word_1_318' title='bbox 1737 4050 1924 4118; x_wconf 90' lang='lat' dir='ltr'><strong>voluit,</strong></span> <span class='ocrx_word' id='word_1_319' title='bbox 1971 4050 2056 4106; x_wconf 87' lang='lat' dir='ltr'><strong>vel</strong></span> 
     </span>
    </p>
   </div>
   <div class='ocr_carea' id='block_1_43' title="bbox 478 4139 2054 4210">
    <p class='ocr_par' dir='ltr' id='par_1_43' title="bbox 478 4139 2054 4210">
     <span class='ocr_line' id='line_1_43' title="bbox 478 4139 2054 4210; baseline 0.004 -19"><span class='ocrx_word' id='word_1_320' title='bbox 478 4139 662 4194; x_wconf 85' lang='lat' dir='ltr'><strong>virtuti</strong></span> <span class='ocrx_word' id='word_1_321' title='bbox 714 4154 937 4209; x_wconf 91' lang='lat' dir='ltr'><strong>operam</strong></span> <span class='ocrx_word' id='word_1_322' title='bbox 969 4141 1159 4204; x_wconf 81' lang='lat' dir='ltr'><strong>dedit:</strong></span> <span class='ocrx_word' id='word_1_323' title='bbox 1202 4159 1220 4191; x_wconf 75' lang='grc' dir='ltr'><strong><em>ι</em></strong></span> <span class='ocrx_word' id='word_1_324' title='bbox 1293 4152 1348 4194; x_wconf 88' lang='lat' dir='ltr'><strong>et</strong></span> <span class='ocrx_word' id='word_1_325' title='bbox 1402 4141 1559 4208; x_wconf 88' lang='lat' dir='ltr'><strong>paulo</strong></span> <span class='ocrx_word' id='word_1_326' title='bbox 1607 4150 1758 4210; x_wconf 92' lang='lat' dir='ltr'><strong>post,</strong></span> <span class='ocrx_word' id='word_1_327' title='bbox 1801 4158 1950 4196; x_wconf 88' lang='lat' dir='ltr'><strong>nutu.</strong></span> <span class='ocrx_word' id='word_1_328' title='bbox 1981 4142 2054 4197; x_wconf 64' lang='grc' dir='ltr'><strong>ιε</strong></span> 
     </span>
    </p>
   </div>
   <div class='ocr_carea' id='block_1_44' title="bbox 481 4233 2058 4302">
    <p class='ocr_par' dir='ltr' id='par_1_44' title="bbox 481 4233 2058 4302">
     <span class='ocr_line' id='line_1_44' title="bbox 481 4233 2058 4302; baseline 0.005 -18"><span class='ocrx_word' id='word_1_329' title='bbox 481 4251 501 4284; x_wconf 71' lang='grc' dir='ltr'>ι</span> <span class='ocrx_word' id='word_1_330' title='bbox 529 4233 598 4288; x_wconf 84' lang='grc' dir='ltr'><strong>Ει</strong></span> <span class='ocrx_word' id='word_1_331' title='bbox 628 4243 713 4288; x_wconf 89' lang='lat' dir='ltr'><strong>est</strong></span> <span class='ocrx_word' id='word_1_332' title='bbox 740 4233 879 4288; x_wconf 83' lang='lat' dir='ltr'><strong>alter</strong></span> <span class='ocrx_word' id='word_1_333' title='bbox 901 4233 1003 4287; x_wconf 90' lang='lat' dir='ltr'><strong>iste</strong></span> <span class='ocrx_word' id='word_1_334' title='bbox 1035 4233 1168 4286; x_wconf 91' lang='lat' dir='ltr'><strong>ordo</strong></span> <span class='ocrx_word' id='word_1_335' title='bbox 1199 4233 1534 4287; x_wconf 81' lang='lat' dir='ltr'><strong>rationabilis</strong></span> <span class='ocrx_word' id='word_1_336' title='bbox 1560 4245 1846 4298; x_wconf 59' lang='lat' dir='ltr'><strong>creatura),</strong></span> <span class='ocrx_word' id='word_1_337' title='bbox 1873 4236 1962 4302; x_wconf 88' lang='lat' dir='ltr'><strong>qui</strong></span> <span class='ocrx_word' id='word_1_338' title='bbox 1998 4250 2058 4292; x_wconf 90' lang='lat' dir='ltr'><strong>se</strong></span> 
     </span>
    </p>
   </div>
   <div class='ocr_carea' id='block_1_45' title="bbox 477 4323 2056 4396">
    <p class='ocr_par' dir='ltr' id='par_1_45' title="bbox 477 4323 2056 4396">
     <span class='ocr_line' id='line_1_45' title="bbox 477 4323 2056 4396; baseline 0.001 -18"><span class='ocrx_word' id='word_1_339' title='bbox 477 4325 555 4378; x_wconf 86' lang='lat' dir='ltr'><strong>ita</strong></span> <span class='ocrx_word' id='word_1_340' title='bbox 587 4340 827 4394; x_wconf 69' lang='lat' dir='ltr'><strong>prazeeps</strong></span> <span class='ocrx_word' id='word_1_341' title='bbox 861 4323 1119 4392; x_wconf 65' lang='lat' dir='ltr'><strong>nequitiae</strong></span> <span class='ocrx_word' id='word_1_342' title='bbox 1143 4325 1308 4391; x_wconf 87' lang='lat' dir='ltr'><strong>dedit,</strong></span> <span class='ocrx_word' id='word_1_343' title='bbox 1345 4333 1404 4377; x_wconf 91' lang='lat' dir='ltr'><strong>ut</strong></span> <span class='ocrx_word' id='word_1_344' title='bbox 1447 4325 1689 4378; x_wconf 90' lang='lat' dir='ltr'><strong>revocari</strong></span> <span class='ocrx_word' id='word_1_345' title='bbox 1725 4325 1857 4378; x_wconf 90' lang='lat' dir='ltr'><strong>nolit</strong></span> <span class='ocrx_word' id='word_1_346' title='bbox 1884 4327 2056 4396; x_wconf 85' lang='lat' dir='ltr'><strong>magis</strong></span> 
     </span>
    </p>
   </div>
   <div class='ocr_carea' id='block_1_46' title="bbox 476 4414 2057 4484">
    <p class='ocr_par' dir='ltr' id='par_1_46' title="bbox 476 4414 2057 4484">
     <span class='ocr_line' id='line_1_46' title="bbox 476 4414 2057 4484; baseline 0.001 -17"><span class='ocrx_word' id='word_1_347' title='bbox 476 4431 638 4484; x_wconf 80' lang='lat' dir='ltr'><strong>quam</strong></span> <span class='ocrx_word' id='word_1_348' title='bbox 674 4431 778 4468; x_wconf 90' lang='lat' dir='ltr'><strong>non</strong></span> <span class='ocrx_word' id='word_1_349' title='bbox 814 4416 1022 4484; x_wconf 89' lang='lat' dir='ltr'><strong>possit,</strong></span> <span class='ocrx_word' id='word_1_350' title='bbox 1050 4417 1180 4466; x_wconf 86' lang='lat' dir='ltr'><strong>dum</strong></span> <span class='ocrx_word' id='word_1_351' title='bbox 1214 4415 1480 4469; x_wconf 88' lang='lat' dir='ltr'><strong>scelerum</strong></span> <span class='ocrx_word' id='word_1_352' title='bbox 1516 4416 1694 4468; x_wconf 88' lang='lat' dir='ltr'><strong>rabies</strong></span> <span class='ocrx_word' id='word_1_353' title='bbox 1737 4414 1849 4482; x_wconf 88' lang='lat' dir='ltr'><strong>jam</strong></span> <span class='ocrx_word' id='word_1_354' title='bbox 1893 4415 2057 4469; x_wconf 87' lang='lat' dir='ltr'><strong>libido</strong></span> 
     </span>
    </p>
   </div>
   <div class='ocr_carea' id='block_1_47' title="bbox 476 4505 2055 4572">
    <p class='ocr_par' dir='ltr' id='par_1_47' title="bbox 476 4505 2055 4572">
     <span class='ocr_line' id='line_1_47' title="bbox 476 4505 2055 4572; baseline 0.001 -14"><span class='ocrx_word' id='word_1_355' title='bbox 476 4513 661 4568; x_wconf 74' lang='lat' dir='ltr'><strong>est,et</strong></span> <span class='ocrx_word' id='word_1_356' title='bbox 702 4506 964 4572; x_wconf 80' lang='lat' dir='ltr'><strong>delectat;</strong></span> <span class='ocrx_word' id='word_1_357' title='bbox 999 4526 1017 4558; x_wconf 69' lang='grc' dir='ltr'><strong>ν</strong></span> <span class='ocrx_word' id='word_1_358' title='bbox 1079 4517 1133 4560; x_wconf 91' lang='lat' dir='ltr'><strong>et</strong></span> <span class='ocrx_word' id='word_1_359' title='bbox 1201 4522 1323 4560; x_wconf 90' lang='lat' dir='ltr'><strong>cum</strong></span> <span class='ocrx_word' id='word_1_360' title='bbox 1365 4507 1457 4559; x_wconf 88' lang='lat' dir='ltr'><strong>lib.</strong></span> <span class='ocrx_word' id='word_1_361' title='bbox 1514 4521 1545 4558; x_wconf 92' lang='lat' dir='ltr'><strong>v</strong></span> <span class='ocrx_word' id='word_1_362' title='bbox 1596 4505 1950 4560; x_wconf 83' lang='lat' dir='ltr'><strong>Commentar.</strong></span> <span class='ocrx_word' id='word_1_363' title='bbox 2001 4509 2055 4560; x_wconf 86' lang='lat' dir='ltr'><strong>in</strong></span> 
     </span>
    </p>
   </div>
   <div class='ocr_carea' id='block_1_48' title="bbox 2145 657 3745 727">
    <p class='ocr_par' dir='ltr' id='par_1_48' title="bbox 2145 657 3745 727">
     <span class='ocr_line' id='line_1_48' title="bbox 2145 657 3745 727; baseline -0.002 -19"><span class='ocrx_word' id='word_1_364' title='bbox 2145 657 2385 724; x_wconf 77' lang='lat' dir='ltr'><strong>Apostoli</strong></span> <span class='ocrx_word' id='word_1_365' title='bbox 2423 658 2743 711; x_wconf 89' lang='lat' dir='ltr'><strong>auctoritate</strong></span> <span class='ocrx_word' id='word_1_366' title='bbox 2773 658 3082 722; x_wconf 89' lang='lat' dir='ltr'><strong>conﬁrmat,</strong></span> <span class='ocrx_word' id='word_1_367' title='bbox 3115 659 3203 727; x_wconf 91' lang='lat' dir='ltr'><strong>qui</strong></span> <span class='ocrx_word' id='word_1_368' title='bbox 3255 657 3399 712; x_wconf 89' lang='lat' dir='ltr'><strong>nulla</strong></span> <span class='ocrx_word' id='word_1_369' title='bbox 3438 671 3518 720; x_wconf 92' lang='lat' dir='ltr'><strong>re,</strong></span> <span class='ocrx_word' id='word_1_370' title='bbox 3556 669 3745 724; x_wconf 79' lang='lat' dir='ltr'><strong>quan-</strong></span> 
     </span>
    </p>
   </div>
   <div class='ocr_carea' id='block_1_49' title="bbox 2145 747 3744 818">
    <p class='ocr_par' dir='ltr' id='par_1_49' title="bbox 2145 747 3744 818">
     <span class='ocr_line' id='line_1_49' title="bbox 2145 747 3744 818; baseline 0.001 -20"><span class='ocrx_word' id='word_1_371' title='bbox 2145 747 2395 801; x_wconf 88' lang='lat' dir='ltr'><strong>tumlibet</strong></span> <span class='ocrx_word' id='word_1_372' title='bbox 2431 749 2580 818; x_wconf 89' lang='lat' dir='ltr'><strong>gravi</strong></span> <span class='ocrx_word' id='word_1_373' title='bbox 2603 758 2658 802; x_wconf 89' lang='lat' dir='ltr'><strong>et</strong></span> <span class='ocrx_word' id='word_1_374' title='bbox 2689 749 2934 810; x_wconf 88' lang='lat' dir='ltr'><strong>molesta,</strong></span> <span class='ocrx_word' id='word_1_375' title='bbox 2966 764 2994 802; x_wconf 91' lang='lat' dir='ltr'><strong>a</strong></span> <span class='ocrx_word' id='word_1_376' title='bbox 3052 748 3250 804; x_wconf 83' lang='lat' dir='ltr'><strong>Christi</strong></span> <span class='ocrx_word' id='word_1_377' title='bbox 3281 748 3485 804; x_wconf 74' lang='lat' dir='ltr'><strong>charit:</strong></span> <span class='ocrx_word' id='word_1_378' title='bbox 3502 759 3556 800; x_wconf 90' lang='lat' dir='ltr'><strong>te</strong></span> <span class='ocrx_word' id='word_1_379' title='bbox 3608 761 3744 800; x_wconf 86' lang='lat' dir='ltr'><strong>sese</strong></span> 
     </span>
    </p>
   </div>
   <div class='ocr_carea' id='block_1_50' title="bbox 2128 834 3740 907">
    <p class='ocr_par' dir='ltr' id='par_1_50' title="bbox 2128 834 3740 907">
     <span class='ocr_line' id='line_1_50' title="bbox 2128 834 3740 907; baseline 0.001 -18"><span class='ocrx_word' id='word_1_380' title='bbox 2128 837 2325 890; x_wconf 76' lang='lat' dir='ltr'><strong>&#39;divelli</strong></span> <span class='ocrx_word' id='word_1_381' title='bbox 2359 853 2516 904; x_wconf 90' lang='lat' dir='ltr'><strong>posse</strong></span> <span class='ocrx_word' id='word_1_382' title='bbox 2544 838 2787 893; x_wconf 83' lang='lat' dir='ltr'><strong>declarat</strong></span> <span class='ocrx_word' id='word_1_383' title='bbox 2819 857 2832 892; x_wconf 90' lang='lat'><strong>:</strong></span> <span class='ocrx_word' id='word_1_384' title='bbox 2869 854 3098 907; x_wconf 86' lang='lat' dir='ltr'><strong>cumque</strong></span> <span class='ocrx_word' id='word_1_385' title='bbox 3136 848 3280 893; x_wconf 90' lang='lat' dir='ltr'><strong>tomo</strong></span> <span class='ocrx_word' id='word_1_386' title='bbox 3321 854 3434 893; x_wconf 79' lang='lat' dir='ltr'><strong>xvn</strong></span> <span class='ocrx_word' id='word_1_387' title='bbox 3490 838 3546 890; x_wconf 79' lang='lat' dir='ltr'><strong>in</strong></span> <span class='ocrx_word' id='word_1_388' title='bbox 3584 834 3740 890; x_wconf 65' lang='lat' dir='ltr'><strong>Mat--</strong></span> 
     </span>
    </p>
   </div>
   <div class='ocr_carea' id='block_1_51' title="bbox 2147 927 3744 999">
    <p class='ocr_par' dir='ltr' id='par_1_51' title="bbox 2147 927 3744 999">
     <span class='ocr_line' id='line_1_51' title="bbox 2147 927 3744 999; baseline 0.002 -20"><span class='ocrx_word' id='word_1_389' title='bbox 2147 927 2338 981; x_wconf 49' lang='lat' dir='ltr'><strong>litatum</strong></span> <span class='ocrx_word' id='word_1_390' title='bbox 2368 971 2383 996; x_wconf 89' lang='lat'><strong>,</strong></span> <span class='ocrx_word' id='word_1_391' title='bbox 2427 945 2575 983; x_wconf 90' lang='lat' dir='ltr'><strong>num.</strong></span> <span class='ocrx_word' id='word_1_392' title='bbox 2609 930 2699 994; x_wconf 82' lang='lat'><strong>&#39;50,</strong></span> <span class='ocrx_word' id='word_1_393' title='bbox 2758 945 2877 983; x_wconf 89' lang='lat' dir='ltr'><strong>cum</strong></span> <span class='ocrx_word' id='word_1_394' title='bbox 2934 939 3200 999; x_wconf 69' lang='lat' dir='ltr'><strong>quaereret</strong></span> <span class='ocrx_word' id='word_1_395' title='bbox 3244 945 3423 983; x_wconf 88' lang='lat' dir='ltr'><strong>annon</strong></span> <span class='ocrx_word' id='word_1_396' title='bbox 3480 929 3744 984; x_wconf 83' lang='lat' dir='ltr'><strong>homines</strong></span> 
     </span>
    </p>
   </div>
   <div class='ocr_carea' id='block_1_52' title="bbox 2146 1021 3744 1091">
    <p class='ocr_par' dir='ltr' id='par_1_52' title="bbox 2146 1021 3744 1091">
     <span class='ocr_line' id='line_1_52' title="bbox 2146 1021 3744 1091; baseline 0.001 -19"><span class='ocrx_word' id='word_1_397' title='bbox 2146 1021 2346 1089; x_wconf 90' lang='lat' dir='ltr'><strong>pietate</strong></span> <span class='ocrx_word' id='word_1_398' title='bbox 2399 1021 2635 1089; x_wconf 79' lang='lat' dir='ltr'><strong>insignes</strong></span> <span class='ocrx_word' id='word_1_399' title='bbox 2677 1021 2852 1091; x_wconf 85' lang='lat' dir='ltr'><strong>angeli</strong></span> <span class='ocrx_word' id='word_1_400' title='bbox 2895 1024 3149 1086; x_wconf 88' lang='lat' dir='ltr'><strong>evadant,</strong></span> <span class='ocrx_word' id='word_1_401' title='bbox 3194 1021 3541 1074; x_wconf 89' lang='lat' dir='ltr'><strong>dubitantem</strong></span> <span class='ocrx_word' id='word_1_402' title='bbox 3579 1033 3643 1072; x_wconf 88' lang='lat' dir='ltr'><strong>se</strong></span> <span class='ocrx_word' id='word_1_403' title='bbox 3685 1031 3744 1073; x_wconf 87' lang='lat' dir='ltr'><strong>et</strong></span> 
     </span>
    </p>
   </div>
   <div class='ocr_carea' id='block_1_53' title="bbox 2147 1110 3739 1182">
    <p class='ocr_par' dir='ltr' id='par_1_53' title="bbox 2147 1110 3739 1182">
     <span class='ocr_line' id='line_1_53' title="bbox 2147 1110 3739 1182; baseline 0 -16"><span class='ocrx_word' id='word_1_404' title='bbox 2147 1112 2415 1166; x_wconf 91' lang='lat' dir='ltr'><strong>incertum</strong></span> <span class='ocrx_word' id='word_1_405' title='bbox 2449 1112 2562 1166; x_wconf 80' lang='lat' dir='ltr'><strong>lia-c</strong></span> <span class='ocrx_word' id='word_1_406' title='bbox 2609 1114 2939 1182; x_wconf 88' lang='lat' dir='ltr'><strong>perscrutari</strong></span> <span class='ocrx_word' id='word_1_407' title='bbox 2966 1115 3111 1168; x_wconf 87' lang='lat' dir='ltr'><strong>dicat</strong></span> <span class='ocrx_word' id='word_1_408' title='bbox 3142 1132 3154 1167; x_wconf 92' lang='lat'>:</span> <span class='ocrx_word' id='word_1_409' title='bbox 3186 1126 3419 1182; x_wconf 90' lang='lat' dir='ltr'><strong>cumque</strong></span> <span class='ocrx_word' id='word_1_410' title='bbox 3444 1111 3553 1166; x_wconf 91' lang='lat' dir='ltr'><strong>alio</strong></span> <span class='ocrx_word' id='word_1_411' title='bbox 3591 1110 3739 1175; x_wconf 88' lang='lat' dir='ltr'><strong>loco.</strong></span> 
     </span>
    </p>
   </div>
   <div class='ocr_carea' id='block_1_54' title="bbox 2149 1201 3739 1274">
    <p class='ocr_par' dir='ltr' id='par_1_54' title="bbox 2149 1201 3739 1274">
     <span class='ocr_line' id='line_1_54' title="bbox 2149 1201 3739 1274; baseline -0.001 -19"><span class='ocrx_word' id='word_1_412' title='bbox 2149 1214 2434 1273; x_wconf 89' lang='lat' dir='ltr'><strong>postquam</strong></span> <span class='ocrx_word' id='word_1_413' title='bbox 2475 1203 2541 1257; x_wconf 91' lang='lat' dir='ltr'><strong>de</strong></span> <span class='ocrx_word' id='word_1_414' title='bbox 2564 1204 2772 1272; x_wconf 83' lang='lat' dir='ltr'><strong>angelis</strong></span> <span class='ocrx_word' id='word_1_415' title='bbox 2806 1205 2932 1274; x_wconf 91' lang='lat' dir='ltr'><strong>quid</strong></span> <span class='ocrx_word' id='word_1_416' title='bbox 2976 1204 3199 1258; x_wconf 84' lang='lat' dir='ltr'><strong>sentiret</strong></span> <span class='ocrx_word' id='word_1_417' title='bbox 3234 1203 3561 1274; x_wconf 80' lang='lat' dir='ltr'><strong>explicavit,</strong></span> <span class='ocrx_word' id='word_1_418' title='bbox 3604 1201 3739 1256; x_wconf 89' lang='lat' dir='ltr'><strong>talia</strong></span> 
     </span>
    </p>
   </div>
   <div class='ocr_carea' id='block_1_55' title="bbox 2148 1293 3738 1360">
    <p class='ocr_par' dir='ltr' id='par_1_55' title="bbox 2148 1293 3738 1360">
     <span class='ocr_line' id='line_1_55' title="bbox 2148 1293 3738 1360; baseline -0.003 -12"><span class='ocrx_word' id='word_1_419' title='bbox 2148 1294 2438 1348; x_wconf 84' lang='lat' dir='ltr'><strong>subnectat</strong></span> <span class='ocrx_word' id='word_1_420' title='bbox 2472 1311 2483 1345; x_wconf 91' lang='lat'>:</span> <span class='ocrx_word' id='word_1_421' title='bbox 2523 1313 2541 1345; x_wconf 75' lang='grc' dir='ltr'>ι</span> <span class='ocrx_word' id='word_1_422' title='bbox 2577 1293 2702 1348; x_wconf 66' lang='lat' dir='ltr'><strong>llzec</strong></span> <span class='ocrx_word' id='word_1_423' title='bbox 2733 1293 2884 1360; x_wconf 81' lang='lat' dir='ltr'><strong>juxta</strong></span> <span class='ocrx_word' id='word_1_424' title='bbox 2931 1304 3171 1348; x_wconf 88' lang='lat' dir='ltr'><strong>nostram</strong></span> <span class='ocrx_word' id='word_1_425' title='bbox 3229 1293 3562 1350; x_wconf 89' lang='lat' dir='ltr'><strong>sententiam</strong></span> <span class='ocrx_word' id='word_1_426' title='bbox 3628 1308 3738 1348; x_wconf 79' lang='lat' dir='ltr'><strong>non</strong></span> 
     </span>
    </p>
   </div>
   <div class='ocr_carea' id='block_1_56' title="bbox 2148 1383 3738 1456">
    <p class='ocr_par' dir='ltr' id='par_1_56' title="bbox 2148 1383 3738 1456">
     <span class='ocr_line' id='line_1_56' title="bbox 2148 1383 3738 1456; baseline -0.003 -15"><span class='ocrx_word' id='word_1_427' title='bbox 2148 1387 2258 1441; x_wconf 92' lang='lat' dir='ltr'><strong>sint</strong></span> <span class='ocrx_word' id='word_1_428' title='bbox 2284 1387 2555 1456; x_wconf 83' lang='lat' dir='ltr'><strong>dogmata,</strong></span> <span class='ocrx_word' id='word_1_429' title='bbox 2591 1387 2686 1440; x_wconf 88' lang='lat' dir='ltr'><strong>sed</strong></span> <span class='ocrx_word' id='word_1_430' title='bbox 2726 1387 2947 1455; x_wconf 60' lang='lat' dir='ltr'><strong>quaesita</strong></span> <span class='ocrx_word' id='word_1_431' title='bbox 2984 1395 3213 1450; x_wconf 89' lang='lat' dir='ltr'><strong>tantum,</strong></span> <span class='ocrx_word' id='word_1_432' title='bbox 3266 1397 3429 1456; x_wconf 89' lang='lat' dir='ltr'><strong>atque</strong></span> <span class='ocrx_word' id='word_1_433' title='bbox 3467 1383 3738 1453; x_wconf 74' lang='lat' dir='ltr'><strong>projects,</strong></span> 
     </span>
    </p>
   </div>
   <div class='ocr_carea' id='block_1_57' title="bbox 2160 1479 3363 1550">
    <p class='ocr_par' dir='ltr' id='par_1_57' title="bbox 2160 1479 3363 1550">
     <span class='ocr_line' id='line_1_57' title="bbox 2160 1479 3363 1550; baseline -0.001 -17"><span class='ocrx_word' id='word_1_434' title='bbox 2160 1494 2226 1533; x_wconf 89' lang='lat' dir='ltr'><strong>ne</strong></span> <span class='ocrx_word' id='word_1_435' title='bbox 2256 1482 2472 1546; x_wconf 85' lang='lat' dir='ltr'><strong>penitus</strong></span> <span class='ocrx_word' id='word_1_436' title='bbox 2513 1479 2798 1532; x_wconf 84' lang='lat' dir='ltr'><strong>intractata</strong></span> <span class='ocrx_word' id='word_1_437' title='bbox 2827 1480 3133 1532; x_wconf 87' lang='lat' dir='ltr'><strong>viderentur</strong></span> <span class='ocrx_word' id='word_1_438' title='bbox 3162 1479 3294 1550; x_wconf 78' lang='grc'><strong>(⁸51).</strong></span> <span class='ocrx_word' id='word_1_439' title='bbox 3343 1497 3363 1531; x_wconf 69' lang='grc' dir='ltr'>ι</span> 
     </span>
    </p>
   </div>
   <div class='ocr_carea' id='block_1_58' title="bbox 2225 1567 3744 1637">
    <p class='ocr_par' dir='ltr' id='par_1_58' title="bbox 2225 1567 3744 1637">
     <span class='ocr_line' id='line_1_58' title="bbox 2225 1567 3744 1637; baseline 0.001 -16"><span class='ocrx_word' id='word_1_440' title='bbox 2225 1567 2362 1621; x_wconf 83' lang='lat' dir='ltr'><strong>XVI.</strong></span> <span class='ocrx_word' id='word_1_441' title='bbox 2392 1568 2510 1623; x_wconf 84' lang='lat' dir='ltr'><strong>Jam</strong></span> <span class='ocrx_word' id='word_1_442' title='bbox 2545 1583 2672 1622; x_wconf 88' lang='lat' dir='ltr'><strong>vero</strong></span> <span class='ocrx_word' id='word_1_443' title='bbox 2711 1569 2867 1637; x_wconf 75' lang='lat' dir='ltr'><strong>ecqui</strong></span> <span class='ocrx_word' id='word_1_444' title='bbox 2919 1569 3190 1623; x_wconf 65' lang='lat' dir='ltr'><strong>damnoste</strong></span> <span class='ocrx_word' id='word_1_445' title='bbox 3237 1569 3364 1624; x_wconf 86' lang='lat' dir='ltr'><strong>huic</strong></span> <span class='ocrx_word' id='word_1_446' title='bbox 3401 1585 3589 1625; x_wconf 74' lang='lat' dir='ltr'><strong>causa:</strong></span> <span class='ocrx_word' id='word_1_447' title='bbox 3620 1569 3744 1624; x_wconf 81' lang='lat' dir='ltr'><strong>suf-</strong></span> 
     </span>
    </p>
   </div>
   <div class='ocr_carea' id='block_1_59' title="bbox 2153 1668 3742 1741">
    <p class='ocr_par' dir='ltr' id='par_1_59' title="bbox 2153 1668 3742 1741">
     <span class='ocr_line' id='line_1_59' title="bbox 2153 1668 3742 1741; baseline 0 -18"><span class='ocrx_word' id='word_1_448' title='bbox 2153 1669 2455 1739; x_wconf 79' lang='lat' dir='ltr'><strong>fragentur,</strong></span> <span class='ocrx_word' id='word_1_449' title='bbox 2514 1668 2868 1736; x_wconf 85' lang='lat' dir='ltr'><strong>inquiramus.</strong></span> <span class='ocrx_word' id='word_1_450' title='bbox 2913 1669 2991 1722; x_wconf 81' lang='lat' dir='ltr'><strong>Ac</strong></span> <span class='ocrx_word' id='word_1_451' title='bbox 3023 1669 3252 1738; x_wconf 89' lang='lat' dir='ltr'><strong>prinmm</strong></span> <span class='ocrx_word' id='word_1_452' title='bbox 3279 1670 3505 1741; x_wconf 82' lang='lat' dir='ltr'><strong>angelos</strong></span> <span class='ocrx_word' id='word_1_453' title='bbox 3532 1681 3588 1724; x_wconf 88' lang='lat' dir='ltr'><strong>et</strong></span> <span class='ocrx_word' id='word_1_454' title='bbox 3638 1672 3742 1724; x_wconf 84' lang='lat' dir='ltr'><strong>ho-</strong></span> 
     </span>
    </p>
   </div>
   <div class='ocr_carea' id='block_1_60' title="bbox 2149 1759 3744 1830">
    <p class='ocr_par' dir='ltr' id='par_1_60' title="bbox 2149 1759 3744 1830">
     <span class='ocr_line' id='line_1_60' title="bbox 2149 1759 3744 1830; baseline -0.001 -16"><span class='ocrx_word' id='word_1_455' title='bbox 2149 1761 2324 1815; x_wconf 90' lang='lat' dir='ltr'><strong>mines</strong></span> <span class='ocrx_word' id='word_1_456' title='bbox 2384 1760 2660 1830; x_wconf 80' lang='lat' dir='ltr'><strong>hypostasi</strong></span> <span class='ocrx_word' id='word_1_457' title='bbox 2713 1759 2930 1827; x_wconf 86' lang='lat' dir='ltr'><strong>quidem</strong></span> <span class='ocrx_word' id='word_1_458' title='bbox 2990 1761 3316 1828; x_wconf 87' lang='lat' dir='ltr'><strong>discrepare,</strong></span> <span class='ocrx_word' id='word_1_459' title='bbox 3371 1771 3426 1815; x_wconf 89' lang='lat' dir='ltr'><strong>at</strong></span> <span class='ocrx_word' id='word_1_460' title='bbox 3486 1762 3744 1816; x_wconf 81' lang='lat' dir='ltr'><strong>eamdem</strong></span> 
     </span>
    </p>
   </div>
   <div class='ocr_carea' id='block_1_61' title="bbox 2148 1850 3748 1908">
    <p class='ocr_par' dir='ltr' id='par_1_61' title="bbox 2148 1850 3748 1908">
     <span class='ocr_line' id='line_1_61' title="bbox 2148 1850 3748 1908; baseline -0.001 -1"><span class='ocrx_word' id='word_1_461' title='bbox 2148 1854 2349 1907; x_wconf 87' lang='lat' dir='ltr'><strong>habere</strong></span> <span class='ocrx_word' id='word_1_462' title='bbox 2413 1863 2661 1906; x_wconf 88' lang='lat' dir='ltr'><strong>naturam</strong></span> <span class='ocrx_word' id='word_1_463' title='bbox 2705 1851 2843 1906; x_wconf 77' lang='lat' dir='ltr'><strong>dixit</strong></span> <span class='ocrx_word' id='word_1_464' title='bbox 2900 1850 3132 1907; x_wconf 80' lang='lat' dir='ltr'><strong>Joannes</strong></span> <span class='ocrx_word' id='word_1_465' title='bbox 3173 1852 3502 1908; x_wconf 78' lang='lat' dir='ltr'><strong>Damascen.</strong></span> <span class='ocrx_word' id='word_1_466' title='bbox 3529 1853 3622 1907; x_wconf 88' lang='lat' dir='ltr'><strong>lib.</strong></span> <span class='ocrx_word' id='word_1_467' title='bbox 3666 1853 3748 1906; x_wconf 78' lang='lat' dir='ltr'><strong>De</strong></span> 
     </span>
    </p>
   </div>
   <div class='ocr_carea' id='block_1_62' title="bbox 2077 1924 3748 2018">
    <p class='ocr_par' dir='ltr' id='par_1_62' title="bbox 2077 1924 3748 2018">
     <span class='ocr_line' id='line_1_62' title="bbox 2077 1924 3748 2018; baseline 0.001 -22"><span class='ocrx_word' id='word_1_468' title='bbox 2077 1924 2117 1978; x_wconf 64' lang='grc' dir='ltr'><strong>Β</strong></span> <span class='ocrx_word' id='word_1_469' title='bbox 2154 1944 2361 1998; x_wconf 77' lang='lat' dir='ltr'><strong>duabus</strong></span> <span class='ocrx_word' id='word_1_470' title='bbox 2389 1943 2759 2018; x_wconf 73' lang='lat' dir='ltr'><strong>voluntatibus.</strong></span> <span class='ocrx_word' id='word_1_471' title='bbox 2799 1943 3052 2014; x_wconf 86' lang='lat' dir='ltr'><strong>Ejusdem</strong></span> <span class='ocrx_word' id='word_1_472' title='bbox 3095 1961 3222 1999; x_wconf 90' lang='lat' dir='ltr'><strong>vero</strong></span> <span class='ocrx_word' id='word_1_473' title='bbox 3251 1960 3374 2000; x_wconf 89' lang='lat' dir='ltr'><strong>esse</strong></span> <span class='ocrx_word' id='word_1_474' title='bbox 3402 1946 3627 2016; x_wconf 83' lang='lat' dir='ltr'><strong>angelos</strong></span> <span class='ocrx_word' id='word_1_475' title='bbox 3660 1945 3748 1999; x_wconf 92' lang='lat' dir='ltr'><strong>in-</strong></span> 
     </span>
    </p>
   </div>
   <div class='ocr_carea' id='block_1_63' title="bbox 2157 2036 3742 2100">
    <p class='ocr_par' dir='ltr' id='par_1_63' title="bbox 2157 2036 3742 2100">
     <span class='ocr_line' id='line_1_63' title="bbox 2157 2036 3742 2100; baseline -0.001 -10"><span class='ocrx_word' id='word_1_476' title='bbox 2157 2047 2238 2091; x_wconf 90' lang='lat' dir='ltr'><strong>ter</strong></span> <span class='ocrx_word' id='word_1_477' title='bbox 2286 2052 2344 2090; x_wconf 90' lang='lat' dir='ltr'><strong>se</strong></span> <span class='ocrx_word' id='word_1_478' title='bbox 2377 2046 2583 2090; x_wconf 70' lang='lat' dir='ltr'><strong>natura:</strong></span> <span class='ocrx_word' id='word_1_479' title='bbox 2631 2045 2785 2090; x_wconf 90' lang='lat' dir='ltr'><strong>tanto</strong></span> <span class='ocrx_word' id='word_1_480' title='bbox 2835 2053 3103 2092; x_wconf 87' lang='lat' dir='ltr'><strong>consensu</strong></span> <span class='ocrx_word' id='word_1_481' title='bbox 3148 2036 3337 2092; x_wconf 84' lang='lat' dir='ltr'><strong>Patres</strong></span> <span class='ocrx_word' id='word_1_482' title='bbox 3373 2036 3742 2100; x_wconf 80' lang='lat' dir='ltr'><strong>aﬂirmarunt,</strong></span> 
     </span>
    </p>
   </div>
   <div class='ocr_carea' id='block_1_64' title="bbox 2157 2128 3747 2184">
    <p class='ocr_par' dir='ltr' id='par_1_64' title="bbox 2157 2128 3747 2184">
     <span class='ocr_line' id='line_1_64' title="bbox 2157 2128 3747 2184; baseline 0 -2"><span class='ocrx_word' id='word_1_483' title='bbox 2157 2140 2214 2183; x_wconf 95' lang='lat' dir='ltr'><strong>nt</strong></span> <span class='ocrx_word' id='word_1_484' title='bbox 2249 2131 2385 2183; x_wconf 87' lang='lat' dir='ltr'><strong>hanc</strong></span> <span class='ocrx_word' id='word_1_485' title='bbox 2411 2128 2576 2183; x_wconf 83' lang='lat' dir='ltr'><strong>fuisse</strong></span> <span class='ocrx_word' id='word_1_486' title='bbox 2603 2129 2858 2183; x_wconf 72' lang='lat' dir='ltr'><strong>Ecclesiae</strong></span> <span class='ocrx_word' id='word_1_487' title='bbox 2888 2130 3154 2183; x_wconf 81' lang='lat' dir='ltr'><strong>universa:</strong></span> <span class='ocrx_word' id='word_1_488' title='bbox 3183 2129 3495 2184; x_wconf 89' lang='lat' dir='ltr'><strong>doctrinam</strong></span> <span class='ocrx_word' id='word_1_489' title='bbox 3536 2146 3567 2182; x_wconf 89' lang='lat' dir='ltr'><strong>a</strong></span> <span class='ocrx_word' id='word_1_490' title='bbox 3602 2146 3747 2184; x_wconf 83' lang='lat' dir='ltr'><strong>non-</strong></span> 
     </span>
    </p>
   </div>
   <div class='ocr_carea' id='block_1_65' title="bbox 2156 2218 3747 2291">
    <p class='ocr_par' dir='ltr' id='par_1_65' title="bbox 2156 2218 3747 2291">
     <span class='ocr_line' id='line_1_65' title="bbox 2156 2218 3747 2291; baseline 0.001 -18"><span class='ocrx_word' id='word_1_491' title='bbox 2156 2221 2314 2274; x_wconf 90' lang='lat' dir='ltr'><strong>nullis</strong></span> <span class='ocrx_word' id='word_1_492' title='bbox 2348 2222 2616 2288; x_wconf 89' lang='lat' dir='ltr'><strong>proditum</strong></span> <span class='ocrx_word' id='word_1_493' title='bbox 2643 2221 2712 2274; x_wconf 91' lang='lat' dir='ltr'><strong>sit</strong></span> <span class='ocrx_word' id='word_1_494' title='bbox 2756 2238 2768 2273; x_wconf 92' lang='lat'>:</span> <span class='ocrx_word' id='word_1_495' title='bbox 2818 2218 2956 2273; x_wconf 85' lang='lat' dir='ltr'><strong>bene</strong></span> <span class='ocrx_word' id='word_1_496' title='bbox 3000 2229 3180 2274; x_wconf 86' lang='lat' dir='ltr'><strong>autem</strong></span> <span class='ocrx_word' id='word_1_497' title='bbox 3233 2220 3318 2274; x_wconf 89' lang='lat' dir='ltr'><strong>vel</strong></span> <span class='ocrx_word' id='word_1_498' title='bbox 3381 2221 3528 2275; x_wconf 89' lang='lat' dir='ltr'><strong>male</strong></span> <span class='ocrx_word' id='word_1_499' title='bbox 3580 2236 3747 2291; x_wconf 88' lang='lat' dir='ltr'><strong>agere</strong></span> 
     </span>
    </p>
   </div>
   <div class='ocr_carea' id='block_1_66' title="bbox 2155 2312 3748 2383">
    <p class='ocr_par' dir='ltr' id='par_1_66' title="bbox 2155 2312 3748 2383">
     <span class='ocr_line' id='line_1_66' title="bbox 2155 2312 3748 2383; baseline 0.001 -18"><span class='ocrx_word' id='word_1_500' title='bbox 2155 2327 2311 2380; x_wconf 91' lang='lat' dir='ltr'><strong>posse</strong></span> <span class='ocrx_word' id='word_1_501' title='bbox 2338 2312 2554 2381; x_wconf 87' lang='lat' dir='ltr'><strong>angelos</strong></span> <span class='ocrx_word' id='word_1_502' title='bbox 2586 2321 2639 2366; x_wconf 92' lang='lat' dir='ltr'><strong>et</strong></span> <span class='ocrx_word' id='word_1_503' title='bbox 2675 2313 2967 2375; x_wconf 71' lang='lat' dir='ltr'><strong>dmmones,</strong></span> <span class='ocrx_word' id='word_1_504' title='bbox 3003 2320 3123 2382; x_wconf 90' lang='lat' dir='ltr'><strong>post</strong></span> <span class='ocrx_word' id='word_1_505' title='bbox 3151 2313 3444 2383; x_wconf 83' lang='lat' dir='ltr'><strong>Origenem</strong></span> <span class='ocrx_word' id='word_1_506' title='bbox 3478 2313 3581 2367; x_wconf 88' lang='lat' dir='ltr'><strong>viri</strong></span> <span class='ocrx_word' id='word_1_507' title='bbox 3619 2329 3748 2383; x_wconf 79' lang='lat' dir='ltr'><strong>gra-</strong></span> 
     </span>
    </p>
   </div>
   <div class='ocr_carea' id='block_1_67' title="bbox 2157 2405 3744 2476">
    <p class='ocr_par' dir='ltr' id='par_1_67' title="bbox 2157 2405 3744 2476">
     <span class='ocr_line' id='line_1_67' title="bbox 2157 2405 3744 2476; baseline 0.003 -20"><span class='ocrx_word' id='word_1_508' title='bbox 2157 2420 2246 2458; x_wconf 85' lang='lat' dir='ltr'><strong>ves</strong></span> <span class='ocrx_word' id='word_1_509' title='bbox 2278 2406 2480 2476; x_wconf 89' lang='lat' dir='ltr'><strong>opinati</strong></span> <span class='ocrx_word' id='word_1_510' title='bbox 2536 2417 2680 2460; x_wconf 89' lang='lat' dir='ltr'><strong>sunt.</strong></span> <span class='ocrx_word' id='word_1_511' title='bbox 2714 2405 3029 2460; x_wconf 84' lang='lat' dir='ltr'><strong>Ambrosius</strong></span> <span class='ocrx_word' id='word_1_512' title='bbox 3059 2405 3202 2460; x_wconf 89' lang='lat' dir='ltr'><strong>hunc</strong></span> <span class='ocrx_word' id='word_1_513' title='bbox 3246 2422 3531 2475; x_wconf 80' lang='lat' dir='ltr'><strong>exponens</strong></span> <span class='ocrx_word' id='word_1_514' title='bbox 3588 2406 3744 2461; x_wconf 85' lang='lat' dir='ltr'><strong>Pauli</strong></span> 
     </span>
    </p>
   </div>
   <div class='ocr_carea' id='block_1_68' title="bbox 2155 2493 3751 2566">
    <p class='ocr_par' dir='ltr' id='par_1_68' title="bbox 2155 2493 3751 2566">
     <span class='ocr_line' id='line_1_68' title="bbox 2155 2493 3751 2566; baseline 0.004 -19"><span class='ocrx_word' id='word_1_515' title='bbox 2155 2493 2328 2549; x_wconf 89' lang='lat' dir='ltr'><strong>locum</strong></span> <span class='ocrx_word' id='word_1_516' title='bbox 2360 2496 2426 2549; x_wconf 90' lang='lat' dir='ltr'><strong>ad</strong></span> <span class='ocrx_word' id='word_1_517' title='bbox 2457 2495 2657 2566; x_wconf 87' lang='lat' dir='ltr'><strong>Ephes.</strong></span> <span class='ocrx_word' id='word_1_518' title='bbox 2692 2513 2774 2560; x_wconf 86' lang='lat' dir='ltr'><strong>tn.</strong></span> <span class='ocrx_word' id='word_1_519' title='bbox 2809 2498 2894 2562; x_wconf 88' lang='lat' dir='ltr'><strong>l0,</strong></span> <span class='ocrx_word' id='word_1_520' title='bbox 2926 2499 3195 2552; x_wconf 69' lang='lat' dir='ltr'><strong>daemones</strong></span> <span class='ocrx_word' id='word_1_521' title='bbox 3237 2499 3305 2552; x_wconf 87' lang='lat' dir='ltr'><strong>ab</strong></span> <span class='ocrx_word' id='word_1_522' title='bbox 3347 2514 3543 2554; x_wconf 90' lang='lat' dir='ltr'><strong>errore</strong></span> <span class='ocrx_word' id='word_1_523' title='bbox 3595 2513 3751 2554; x_wconf 63' lang='lat' dir='ltr'><strong>reto-</strong></span> 
     </span>
    </p>
   </div>
   <div class='ocr_carea' id='block_1_69' title="bbox 2153 2587 3747 2656">
    <p class='ocr_par' dir='ltr' id='par_1_69' title="bbox 2153 2587 3747 2656">
     <span class='ocr_line' id='line_1_69' title="bbox 2153 2587 3747 2656; baseline -0.001 -15"><span class='ocrx_word' id='word_1_524' title='bbox 2153 2587 2266 2641; x_wconf 92' lang='lat' dir='ltr'><strong>cari</strong></span> <span class='ocrx_word' id='word_1_525' title='bbox 2300 2601 2454 2653; x_wconf 86' lang='lat' dir='ltr'><strong>posse</strong></span> <span class='ocrx_word' id='word_1_526' title='bbox 2507 2603 2604 2656; x_wconf 90' lang='lat' dir='ltr'><strong>per</strong></span> <span class='ocrx_word' id='word_1_527' title='bbox 2639 2589 2981 2654; x_wconf 88' lang='lat' dir='ltr'><strong>Ecclesiam,</strong></span> <span class='ocrx_word' id='word_1_528' title='bbox 3018 2600 3072 2644; x_wconf 91' lang='lat' dir='ltr'><strong>et</strong></span> <span class='ocrx_word' id='word_1_529' title='bbox 3126 2605 3156 2643; x_wconf 86' lang='lat' dir='ltr'><strong>a</strong></span> <span class='ocrx_word' id='word_1_530' title='bbox 3207 2589 3408 2642; x_wconf 91' lang='lat' dir='ltr'><strong>diaboli</strong></span> <span class='ocrx_word' id='word_1_531' title='bbox 3463 2590 3747 2643; x_wconf 87' lang='lat' dir='ltr'><strong>consortio</strong></span> 
     </span>
    </p>
   </div>
   <div class='ocr_carea' id='block_1_70' title="bbox 2159 2678 3747 2751">
    <p class='ocr_par' dir='ltr' id='par_1_70' title="bbox 2159 2678 3747 2751">
     <span class='ocr_line' id='line_1_70' title="bbox 2159 2678 3747 2751; baseline -0.001 -19"><span class='ocrx_word' id='word_1_532' title='bbox 2159 2678 2435 2748; x_wconf 84' lang='lat' dir='ltr'><strong>segregari</strong></span> <span class='ocrx_word' id='word_1_533' title='bbox 2461 2679 2692 2733; x_wconf 89' lang='lat' dir='ltr'><strong>censuit.</strong></span> <span class='ocrx_word' id='word_1_534' title='bbox 2730 2679 3090 2751; x_wconf 85' lang='lat' dir='ltr'><strong>Hieronymus</strong></span> <span class='ocrx_word' id='word_1_535' title='bbox 3117 2679 3168 2732; x_wconf 95' lang='lat' dir='ltr'><strong>in</strong></span> <span class='ocrx_word' id='word_1_536' title='bbox 3201 2679 3446 2747; x_wconf 80' lang='lat' dir='ltr'><strong>ejusdem</strong></span> <span class='ocrx_word' id='word_1_537' title='bbox 3484 2678 3747 2747; x_wconf 74' lang='lat' dir='ltr'><strong>Epistola:</strong></span> 
     </span>
    </p>
   </div>
   <div class='ocr_carea' id='block_1_71' title="bbox 2154 2768 3748 2840">
    <p class='ocr_par' dir='ltr' id='par_1_71' title="bbox 2154 2768 3748 2840">
     <span class='ocr_line' id='line_1_71' title="bbox 2154 2768 3748 2840; baseline 0.001 -19"><span class='ocrx_word' id='word_1_538' title='bbox 2154 2781 2271 2837; x_wconf 90' lang='lat' dir='ltr'><strong>cap.</strong></span> <span class='ocrx_word' id='word_1_539' title='bbox 2303 2768 2355 2832; x_wconf 78' lang='lat'><strong>1,</strong></span> <span class='ocrx_word' id='word_1_540' title='bbox 2389 2783 2535 2822; x_wconf 88' lang='lat' dir='ltr'><strong>vers.</strong></span> <span class='ocrx_word' id='word_1_541' title='bbox 2565 2768 2635 2822; x_wconf 74' lang='lat'><strong>22</strong></span> <span class='ocrx_word' id='word_1_542' title='bbox 2668 2785 2683 2822; x_wconf 88' lang='lat'><strong><em>:</em></strong></span> <span class='ocrx_word' id='word_1_543' title='bbox 2725 2788 2743 2821; x_wconf 78' lang='grc' dir='ltr'>ι</span> <span class='ocrx_word' id='word_1_544' title='bbox 2773 2769 2882 2824; x_wconf 89' lang='lat' dir='ltr'><strong>Cur</strong></span> <span class='ocrx_word' id='word_1_545' title='bbox 2909 2778 3085 2827; x_wconf 89' lang='lat' dir='ltr'><strong>autem</strong></span> <span class='ocrx_word' id='word_1_546' title='bbox 3111 2771 3319 2838; x_wconf 92' lang='lat' dir='ltr'><strong>omnia,</strong></span> <span class='ocrx_word' id='word_1_547' title='bbox 3351 2771 3552 2840; x_wconf 91' lang='lat' dir='ltr'><strong>inquit,</strong></span> <span class='ocrx_word' id='word_1_548' title='bbox 3575 2769 3626 2824; x_wconf 90' lang='lat' dir='ltr'><strong>id</strong></span> <span class='ocrx_word' id='word_1_549' title='bbox 3660 2777 3748 2823; x_wconf 92' lang='lat' dir='ltr'><strong>est</strong></span> 
     </span>
    </p>
   </div>
   <div class='ocr_carea' id='block_1_72' title="bbox 2155 2859 3749 2932">
    <p class='ocr_par' dir='ltr' id='par_1_72' title="bbox 2155 2859 3749 2932">
     <span class='ocr_line' id='line_1_72' title="bbox 2155 2859 3749 2932; baseline 0.003 -20"><span class='ocrx_word' id='word_1_550' title='bbox 2155 2859 2349 2929; x_wconf 83' lang='lat' dir='ltr'><strong>angeli,</strong></span> <span class='ocrx_word' id='word_1_551' title='bbox 2391 2861 2592 2924; x_wconf 89' lang='lat' dir='ltr'><strong>throni,</strong></span> <span class='ocrx_word' id='word_1_552' title='bbox 2625 2861 3041 2926; x_wconf 87' lang='lat' dir='ltr'><strong>dominationes,</strong></span> <span class='ocrx_word' id='word_1_553' title='bbox 3080 2872 3402 2932; x_wconf 78' lang='lat' dir='ltr'><strong>poteStates,</strong></span> <span class='ocrx_word' id='word_1_554' title='bbox 3426 2871 3483 2916; x_wconf 91' lang='lat' dir='ltr'><strong>et</strong></span> <span class='ocrx_word' id='word_1_555' title='bbox 3517 2862 3749 2916; x_wconf 71' lang='lat' dir='ltr'><strong>virtutes</strong></span> 
     </span>
    </p>
   </div>
   <div class='ocr_carea' id='block_1_73' title="bbox 2154 2951 3747 3022">
    <p class='ocr_par' dir='ltr' id='par_1_73' title="bbox 2154 2951 3747 3022">
     <span class='ocr_line' id='line_1_73' title="bbox 2154 2951 3747 3022; baseline 0.001 -19"><span class='ocrx_word' id='word_1_556' title='bbox 2154 2960 2382 3015; x_wconf 73' lang='lat' dir='ltr'><strong>ca-terae,</strong></span> <span class='ocrx_word' id='word_1_557' title='bbox 2407 2966 2525 3021; x_wconf 66' lang='lat' dir='ltr'><strong>qua:</strong></span> <span class='ocrx_word' id='word_1_558' title='bbox 2556 2967 2829 3022; x_wconf 82' lang='lat' dir='ltr'><strong>nunquam</strong></span> <span class='ocrx_word' id='word_1_559' title='bbox 2870 2953 3083 3007; x_wconf 82' lang='lat' dir='ltr'><strong>fuerunt</strong></span> <span class='ocrx_word' id='word_1_560' title='bbox 3125 2955 3419 3008; x_wconf 77' lang='lat' dir='ltr'><strong>contraria:</strong></span> <span class='ocrx_word' id='word_1_561' title='bbox 3465 2952 3600 3015; x_wconf 84' lang='lat' dir='ltr'><strong>Deo,</strong></span> <span class='ocrx_word' id='word_1_562' title='bbox 3626 2951 3747 3021; x_wconf 86' lang='lat' dir='ltr'><strong>ejus</strong></span> 
     </span>
    </p>
   </div>
   <div class='ocr_carea' id='block_1_74' title="bbox 2155 3042 3747 3112">
    <p class='ocr_par' dir='ltr' id='par_1_74' title="bbox 2155 3042 3747 3112">
     <span class='ocr_line' id='line_1_74' title="bbox 2155 3042 3747 3112; baseline 0.003 -18"><span class='ocrx_word' id='word_1_563' title='bbox 2155 3043 2385 3110; x_wconf 88' lang='lat' dir='ltr'><strong>pedibus</strong></span> <span class='ocrx_word' id='word_1_564' title='bbox 2439 3042 2838 3112; x_wconf 87' lang='lat' dir='ltr'><strong>subjiciantur,</strong></span> <span class='ocrx_word' id='word_1_565' title='bbox 2909 3047 3121 3101; x_wconf 91' lang='lat' dir='ltr'><strong>videtur</strong></span> <span class='ocrx_word' id='word_1_566' title='bbox 3168 3048 3492 3101; x_wconf 90' lang='lat' dir='ltr'><strong>obscurum.</strong></span> <span class='ocrx_word' id='word_1_567' title='bbox 3558 3043 3747 3099; x_wconf 87' lang='lat' dir='ltr'><strong>Potest</strong></span> 
     </span>
    </p>
   </div>
   <div class='ocr_carea' id='block_1_75' title="bbox 2156 3135 3744 3209">
    <p class='ocr_par' dir='ltr' id='par_1_75' title="bbox 2156 3135 3744 3209">
     <span class='ocr_line' id='line_1_75' title="bbox 2156 3135 3744 3209; baseline 0.003 -20"><span class='ocrx_word' id='word_1_568' title='bbox 2156 3136 2338 3204; x_wconf 89' lang='lat' dir='ltr'><strong>itaque</strong></span> <span class='ocrx_word' id='word_1_569' title='bbox 2371 3135 2691 3204; x_wconf 85' lang='lat' dir='ltr'><strong>responderi</strong></span> <span class='ocrx_word' id='word_1_570' title='bbox 2713 3138 2856 3207; x_wconf 90' lang='lat' dir='ltr'><strong>quod</strong></span> <span class='ocrx_word' id='word_1_571' title='bbox 2887 3141 3086 3209; x_wconf 90' lang='lat' dir='ltr'><strong>absque</strong></span> <span class='ocrx_word' id='word_1_572' title='bbox 3113 3149 3335 3209; x_wconf 89' lang='lat' dir='ltr'><strong>peccato</strong></span> <span class='ocrx_word' id='word_1_573' title='bbox 3369 3138 3554 3192; x_wconf 93' lang='lat' dir='ltr'><strong>nullus</strong></span> <span class='ocrx_word' id='word_1_574' title='bbox 3578 3141 3650 3192; x_wconf 90' lang='lat' dir='ltr'><strong>sit</strong></span> <span class='ocrx_word' id='word_1_575' title='bbox 3673 3139 3744 3202; x_wconf 80' lang='grc'><strong>³⁸,</strong></span> 
     </span>
    </p>
   </div>
   <div class='ocr_carea' id='block_1_76' title="bbox 2156 3226 3748 3296">
    <p class='ocr_par' dir='ltr' id='par_1_76' title="bbox 2156 3226 3748 3296">
     <span class='ocr_line' id='line_1_76' title="bbox 2156 3226 3748 3296; baseline 0.003 -16"><span class='ocrx_word' id='word_1_576' title='bbox 2156 3236 2208 3280; x_wconf 82' lang='grc' dir='ltr'>ει</span> <span class='ocrx_word' id='word_1_577' title='bbox 2236 3227 2411 3280; x_wconf 89' lang='lat' dir='ltr'><strong>sidera</strong></span> <span class='ocrx_word' id='word_1_578' title='bbox 2443 3226 2557 3296; x_wconf 89' lang='lat' dir='ltr'><strong>ipsa</strong></span> <span class='ocrx_word' id='word_1_579' title='bbox 2591 3243 2695 3281; x_wconf 91' lang='lat' dir='ltr'><strong>non</strong></span> <span class='ocrx_word' id='word_1_580' title='bbox 2733 3231 2845 3283; x_wconf 89' lang='lat' dir='ltr'><strong>sint</strong></span> <span class='ocrx_word' id='word_1_581' title='bbox 2880 3233 3075 3284; x_wconf 89' lang='lat' dir='ltr'><strong>munda</strong></span> <span class='ocrx_word' id='word_1_582' title='bbox 3103 3247 3284 3284; x_wconf 89' lang='lat' dir='ltr'><strong>coram</strong></span> <span class='ocrx_word' id='word_1_583' title='bbox 3315 3230 3509 3295; x_wconf 75' lang='lat' dir='ltr'><strong>Deo&quot;,</strong></span> <span class='ocrx_word' id='word_1_584' title='bbox 3538 3231 3748 3285; x_wconf 54' lang='lat' dir='ltr'><strong>omnis-</strong></span> 
     </span>
    </p>
   </div>
   <div class='ocr_carea' id='block_1_77' title="bbox 2157 3315 3748 3384">
    <p class='ocr_par' dir='ltr' id='par_1_77' title="bbox 2157 3315 3748 3384">
     <span class='ocr_line' id='line_1_77' title="bbox 2157 3315 3748 3384; baseline 0.003 -19"><span class='ocrx_word' id='word_1_585' title='bbox 2157 3329 2262 3382; x_wconf 91' lang='lat' dir='ltr'><strong>que</strong></span> <span class='ocrx_word' id='word_1_586' title='bbox 2294 3323 2544 3367; x_wconf 87' lang='lat' dir='ltr'><strong>creatura</strong></span> <span class='ocrx_word' id='word_1_587' title='bbox 2578 3328 2772 3384; x_wconf 87' lang='lat' dir='ltr'><strong>paveat</strong></span> <span class='ocrx_word' id='word_1_588' title='bbox 2799 3315 3076 3372; x_wconf 87' lang='lat' dir='ltr'><strong>Creatoris</strong></span> <span class='ocrx_word' id='word_1_589' title='bbox 3111 3319 3430 3370; x_wconf 84' lang='lat' dir='ltr'><strong>adventum.</strong></span> <span class='ocrx_word' id='word_1_590' title='bbox 3482 3316 3639 3372; x_wconf 89' lang='lat' dir='ltr'><strong>Unde</strong></span> <span class='ocrx_word' id='word_1_591' title='bbox 3689 3327 3748 3370; x_wconf 90' lang='lat' dir='ltr'><strong>et</strong></span> 
     </span>
    </p>
   </div>
   <div class='ocr_carea' id='block_1_78' title="bbox 2155 3405 3742 3478">
    <p class='ocr_par' dir='ltr' id='par_1_78' title="bbox 2155 3405 3742 3478">
     <span class='ocr_line' id='line_1_78' title="bbox 2155 3405 3742 3478; baseline 0.002 -19"><span class='ocrx_word' id='word_1_592' title='bbox 2155 3420 2290 3459; x_wconf 81' lang='lat' dir='ltr'><strong>crux</strong></span> <span class='ocrx_word' id='word_1_593' title='bbox 2345 3405 2646 3460; x_wconf 89' lang='lat' dir='ltr'><strong>Salvatoris</strong></span> <span class='ocrx_word' id='word_1_594' title='bbox 2685 3424 2790 3461; x_wconf 92' lang='lat' dir='ltr'><strong>non</strong></span> <span class='ocrx_word' id='word_1_595' title='bbox 2842 3411 3017 3463; x_wconf 86' lang='lat' dir='ltr'><strong>solum</strong></span> <span class='ocrx_word' id='word_1_596' title='bbox 3077 3424 3140 3463; x_wconf 89' lang='lat' dir='ltr'><strong>ea</strong></span> <span class='ocrx_word' id='word_1_597' title='bbox 3185 3425 3306 3478; x_wconf 72' lang='lat' dir='ltr'><strong>quae</strong></span> <span class='ocrx_word' id='word_1_598' title='bbox 3351 3408 3406 3462; x_wconf 89' lang='lat' dir='ltr'><strong>in</strong></span> <span class='ocrx_word' id='word_1_599' title='bbox 3441 3418 3614 3472; x_wconf 89' lang='lat' dir='ltr'><strong>terra,</strong></span> <span class='ocrx_word' id='word_1_600' title='bbox 3645 3409 3742 3462; x_wconf 87' lang='lat' dir='ltr'><strong>sed</strong></span> 
     </span>
    </p>
   </div>
   <div class='ocr_carea' id='block_1_79' title="bbox 2154 3487 3740 3568">
    <p class='ocr_par' dir='ltr' id='par_1_79' title="bbox 2154 3487 3740 3568">
     <span class='ocr_line' id='line_1_79' title="bbox 2154 3487 3740 3568; baseline 0.001 -20"><span class='ocrx_word' id='word_1_601' title='bbox 2154 3487 2317 3548; x_wconf 87' lang='lat' dir='ltr'><strong>etiam</strong></span> <span class='ocrx_word' id='word_1_602' title='bbox 2347 3509 2409 3547; x_wconf 91' lang='lat' dir='ltr'><strong>ea</strong></span> <span class='ocrx_word' id='word_1_603' title='bbox 2434 3511 2554 3564; x_wconf 72' lang='lat' dir='ltr'><strong>qua:</strong></span> <span class='ocrx_word' id='word_1_604' title='bbox 2588 3496 2639 3549; x_wconf 93' lang='lat' dir='ltr'><strong>in</strong></span> <span class='ocrx_word' id='word_1_605' title='bbox 2682 3497 2837 3552; x_wconf 61' lang='lat' dir='ltr'><strong>caelis</strong></span> <span class='ocrx_word' id='word_1_606' title='bbox 2879 3509 3029 3552; x_wconf 86' lang='lat' dir='ltr'><strong>erant</strong></span> <span class='ocrx_word' id='word_1_607' title='bbox 3058 3513 3324 3568; x_wconf 82' lang='lat' dir='ltr'><strong>purgasse</strong></span> <span class='ocrx_word' id='word_1_608' title='bbox 3347 3499 3740 3568; x_wconf 61' lang='lat' dir='ltr'><strong>perhibeturp</strong></span> 
     </span>
    </p>
   </div>
   <div class='ocr_carea' id='block_1_80' title="bbox 2156 3583 3744 3658">
    <p class='ocr_par' dir='ltr' id='par_1_80' title="bbox 2156 3583 3744 3658">
     <span class='ocr_line' id='line_1_80' title="bbox 2156 3583 3744 3658; baseline 0.003 -22"><span class='ocrx_word' id='word_1_609' title='bbox 2156 3590 2211 3636; x_wconf 90' lang='lat' dir='ltr'><strong>et</strong></span> <span class='ocrx_word' id='word_1_610' title='bbox 2235 3583 2394 3651; x_wconf 87' lang='lat' dir='ltr'><strong>paulo</strong></span> <span class='ocrx_word' id='word_1_611' title='bbox 2435 3587 2684 3655; x_wconf 90' lang='lat' dir='ltr'><strong>superius</strong></span> <span class='ocrx_word' id='word_1_612' title='bbox 2710 3588 2762 3642; x_wconf 93' lang='lat' dir='ltr'><strong>in</strong></span> <span class='ocrx_word' id='word_1_613' title='bbox 2813 3588 2971 3658; x_wconf 86' lang='lat' dir='ltr'><strong>hujus</strong></span> <span class='ocrx_word' id='word_1_614' title='bbox 3031 3589 3225 3657; x_wconf 86' lang='lat' dir='ltr'><strong>capitis</strong></span> <span class='ocrx_word' id='word_1_615' title='bbox 3255 3603 3400 3642; x_wconf 84' lang='lat' dir='ltr'><strong>vers.</strong></span> <span class='ocrx_word' id='word_1_616' title='bbox 3431 3589 3506 3642; x_wconf 72' lang='grc' dir='ltr'><strong>ΞΟ</strong></span> <span class='ocrx_word' id='word_1_617' title='bbox 3557 3605 3570 3640; x_wconf 90' lang='lat'><strong>:</strong></span> <span class='ocrx_word' id='word_1_618' title='bbox 3625 3607 3646 3640; x_wconf 75' lang='grc' dir='ltr'>ι</span> <span class='ocrx_word' id='word_1_619' title='bbox 3685 3587 3744 3642; x_wconf 89' lang='lat' dir='ltr'><strong>Si</strong></span> 
     </span>
    </p>
   </div>
   <div class='ocr_carea' id='block_1_81' title="bbox 2157 3679 3744 3749">
    <p class='ocr_par' dir='ltr' id='par_1_81' title="bbox 2157 3679 3744 3749">
     <span class='ocr_line' id='line_1_81' title="bbox 2157 3679 3744 3749; baseline 0.003 -20"><span class='ocrx_word' id='word_1_620' title='bbox 2157 3685 2336 3729; x_wconf 86' lang='lat' dir='ltr'><strong>autem</strong></span> <span class='ocrx_word' id='word_1_621' title='bbox 2365 3687 2492 3730; x_wconf 90' lang='lat' dir='ltr'><strong>sunt</strong></span> <span class='ocrx_word' id='word_1_622' title='bbox 2515 3679 2868 3747; x_wconf 89' lang='lat' dir='ltr'><strong>principatus,</strong></span> <span class='ocrx_word' id='word_1_623' title='bbox 2895 3689 2945 3734; x_wconf 91' lang='lat' dir='ltr'><strong>et</strong></span> <span class='ocrx_word' id='word_1_624' title='bbox 2984 3689 3300 3749; x_wconf 84' lang='lat' dir='ltr'><strong>potestates,</strong></span> <span class='ocrx_word' id='word_1_625' title='bbox 3325 3691 3382 3733; x_wconf 91' lang='lat' dir='ltr'><strong>et</strong></span> <span class='ocrx_word' id='word_1_626' title='bbox 3408 3681 3661 3746; x_wconf 87' lang='lat' dir='ltr'><strong>virtutes,</strong></span> <span class='ocrx_word' id='word_1_627' title='bbox 3689 3691 3744 3736; x_wconf 88' lang='lat' dir='ltr'><strong>et</strong></span> 
     </span>
    </p>
   </div>
   <div class='ocr_carea' id='block_1_82' title="bbox 2155 3767 3743 3838">
    <p class='ocr_par' dir='ltr' id='par_1_82' title="bbox 2155 3767 3743 3838">
     <span class='ocr_line' id='line_1_82' title="bbox 2155 3767 3743 3838; baseline 0.004 -20"><span class='ocrx_word' id='word_1_628' title='bbox 2155 3767 2572 3834; x_wconf 84' lang='lat' dir='ltr'><strong>dominationes,</strong></span> <span class='ocrx_word' id='word_1_629' title='bbox 2592 3785 2814 3826; x_wconf 89' lang='lat' dir='ltr'><strong>necesse</strong></span> <span class='ocrx_word' id='word_1_630' title='bbox 2827 3781 2909 3826; x_wconf 92' lang='lat' dir='ltr'><strong>est</strong></span> <span class='ocrx_word' id='word_1_631' title='bbox 2934 3781 2991 3825; x_wconf 91' lang='lat' dir='ltr'><strong>ut</strong></span> <span class='ocrx_word' id='word_1_632' title='bbox 3010 3780 3064 3825; x_wconf 91' lang='lat' dir='ltr'><strong>et</strong></span> <span class='ocrx_word' id='word_1_633' title='bbox 3092 3769 3370 3838; x_wconf 85' lang='lat' dir='ltr'><strong>subjectos</strong></span> <span class='ocrx_word' id='word_1_634' title='bbox 3392 3773 3655 3836; x_wconf 87' lang='lat' dir='ltr'><strong>habeant,</strong></span> <span class='ocrx_word' id='word_1_635' title='bbox 3690 3784 3743 3827; x_wconf 89' lang='lat' dir='ltr'><strong>et</strong></span> 
     </span>
    </p>
   </div>
   <div class='ocr_carea' id='block_1_83' title="bbox 2157 3858 3745 3932">
    <p class='ocr_par' dir='ltr' id='par_1_83' title="bbox 2157 3858 3745 3932">
     <span class='ocr_line' id='line_1_83' title="bbox 2157 3858 3745 3932; baseline 0.003 -20"><span class='ocrx_word' id='word_1_636' title='bbox 2157 3858 2411 3914; x_wconf 90' lang='lat' dir='ltr'><strong>timentes</strong></span> <span class='ocrx_word' id='word_1_637' title='bbox 2435 3874 2514 3925; x_wconf 91' lang='lat' dir='ltr'><strong>se,</strong></span> <span class='ocrx_word' id='word_1_638' title='bbox 2551 3871 2606 3914; x_wconf 91' lang='lat' dir='ltr'><strong>et</strong></span> <span class='ocrx_word' id='word_1_639' title='bbox 2628 3865 2927 3917; x_wconf 87' lang='lat' dir='ltr'><strong>servientes</strong></span> <span class='ocrx_word' id='word_1_640' title='bbox 2949 3861 3072 3927; x_wconf 89' lang='lat' dir='ltr'><strong>sibi,</strong></span> <span class='ocrx_word' id='word_1_641' title='bbox 3101 3871 3158 3916; x_wconf 92' lang='lat' dir='ltr'><strong>et</strong></span> <span class='ocrx_word' id='word_1_642' title='bbox 3180 3877 3278 3916; x_wconf 91' lang='lat' dir='ltr'><strong>eos</strong></span> <span class='ocrx_word' id='word_1_643' title='bbox 3319 3862 3415 3932; x_wconf 91' lang='lat' dir='ltr'><strong>qui</strong></span> <span class='ocrx_word' id='word_1_644' title='bbox 3446 3877 3545 3916; x_wconf 87' lang='lat' dir='ltr'><strong>sua</strong></span> <span class='ocrx_word' id='word_1_645' title='bbox 3587 3862 3745 3916; x_wconf 82' lang='lat' dir='ltr'><strong>forti-</strong></span> 
     </span>
    </p>
   </div>
   <div class='ocr_carea' id='block_1_84' title="bbox 2159 3948 3742 4020">
    <p class='ocr_par' dir='ltr' id='par_1_84' title="bbox 2159 3948 3742 4020">
     <span class='ocr_line' id='line_1_84' title="bbox 2159 3948 3742 4020; baseline 0.005 -20"><span class='ocrx_word' id='word_1_646' title='bbox 2159 3948 2346 4002; x_wconf 90' lang='lat' dir='ltr'><strong>tudine</strong></span> <span class='ocrx_word' id='word_1_647' title='bbox 2374 3950 2718 4008; x_wconf 89' lang='lat' dir='ltr'><strong>roborentur.</strong></span> <span class='ocrx_word' id='word_1_648' title='bbox 2757 3953 2885 4020; x_wconf 76' lang='lat' dir='ltr'><strong>Qua:</strong></span> <span class='ocrx_word' id='word_1_649' title='bbox 2943 3950 3358 4007; x_wconf 88' lang='lat' dir='ltr'><strong>distributiones</strong></span> <span class='ocrx_word' id='word_1_650' title='bbox 3409 3951 3742 4020; x_wconf 77' lang='lat' dir='ltr'><strong>olﬁciornm,</strong></span> 
     </span>
    </p>
   </div>
   <div class='ocr_carea' id='block_1_85' title="bbox 2159 4039 3745 4111">
    <p class='ocr_par' dir='ltr' id='par_1_85' title="bbox 2159 4039 3745 4111">
     <span class='ocr_line' id='line_1_85' title="bbox 2159 4039 3745 4111; baseline 0.004 -19"><span class='ocrx_word' id='word_1_651' title='bbox 2159 4056 2263 4095; x_wconf 92' lang='lat' dir='ltr'><strong>non</strong></span> <span class='ocrx_word' id='word_1_652' title='bbox 2316 4039 2488 4096; x_wconf 86' lang='lat' dir='ltr'><strong>solum</strong></span> <span class='ocrx_word' id='word_1_653' title='bbox 2530 4042 3041 4111; x_wconf 78' lang='lat' dir='ltr'><strong>imprzesentiarum,</strong></span> <span class='ocrx_word' id='word_1_654' title='bbox 3081 4043 3177 4096; x_wconf 89' lang='lat' dir='ltr'><strong>sed</strong></span> <span class='ocrx_word' id='word_1_655' title='bbox 3232 4043 3398 4097; x_wconf 88' lang='lat' dir='ltr'><strong>etiam</strong></span> <span class='ocrx_word' id='word_1_656' title='bbox 3453 4044 3506 4097; x_wconf 93' lang='lat' dir='ltr'><strong>in</strong></span> <span class='ocrx_word' id='word_1_657' title='bbox 3564 4045 3745 4098; x_wconf 78' lang='lat' dir='ltr'><strong>futuro</strong></span> 
     </span>
    </p>
   </div>
   <div class='ocr_carea' id='block_1_86' title="bbox 2160 4125 3742 4205">
    <p class='ocr_par' dir='ltr' id='par_1_86' title="bbox 2160 4125 3742 4205">
     <span class='ocr_line' id='line_1_86' title="bbox 2160 4125 3742 4205; baseline 0.003 -19"><span class='ocrx_word' id='word_1_658' title='bbox 2160 4131 2360 4187; x_wconf 63' lang='lat' dir='ltr'><strong>saeculo</strong></span> <span class='ocrx_word' id='word_1_659' title='bbox 2378 4125 2560 4200; x_wconf 85' lang='lat' dir='ltr'><strong>erunt,</strong></span> <span class='ocrx_word' id='word_1_660' title='bbox 2591 4145 2647 4187; x_wconf 91' lang='lat' dir='ltr'><strong>ut</strong></span> <span class='ocrx_word' id='word_1_661' title='bbox 2666 4150 2763 4202; x_wconf 89' lang='lat' dir='ltr'><strong>per</strong></span> <span class='ocrx_word' id='word_1_662' title='bbox 2785 4135 3029 4205; x_wconf 88' lang='lat' dir='ltr'><strong>singulos</strong></span> <span class='ocrx_word' id='word_1_663' title='bbox 3060 4135 3338 4204; x_wconf 80' lang='lat' dir='ltr'><strong>prolectus</strong></span> <span class='ocrx_word' id='word_1_664' title='bbox 3359 4176 3377 4201; x_wconf 97' lang='lat'><strong>,</strong></span> <span class='ocrx_word' id='word_1_665' title='bbox 3403 4146 3460 4190; x_wconf 89' lang='lat' dir='ltr'><strong>et</strong></span> <span class='ocrx_word' id='word_1_666' title='bbox 3487 4137 3742 4200; x_wconf 86' lang='lat' dir='ltr'><strong>honores,</strong></span> 
     </span>
    </p>
   </div>
   <div class='ocr_carea' id='block_1_87' title="bbox 2158 4216 3739 4298">
    <p class='ocr_par' dir='ltr' id='par_1_87' title="bbox 2158 4216 3739 4298">
     <span class='ocr_line' id='line_1_87' title="bbox 2158 4216 3739 4298; baseline 0.003 -21"><span class='ocrx_word' id='word_1_667' title='bbox 2158 4231 2211 4277; x_wconf 92' lang='lat' dir='ltr'><strong>et</strong></span> <span class='ocrx_word' id='word_1_668' title='bbox 2235 4216 2600 4287; x_wconf 75' lang='lat' dir='ltr'><strong>escensiones,</strong></span> <span class='ocrx_word' id='word_1_669' title='bbox 2626 4236 2678 4278; x_wconf 91' lang='lat' dir='ltr'><strong>et</strong></span> <span class='ocrx_word' id='word_1_670' title='bbox 2711 4226 3121 4293; x_wconf 88' lang='lat' dir='ltr'><strong>descensiones,</strong></span> <span class='ocrx_word' id='word_1_671' title='bbox 3147 4227 3230 4282; x_wconf 85' lang='lat' dir='ltr'><strong>vel</strong></span> <span class='ocrx_word' id='word_1_672' title='bbox 3264 4238 3486 4283; x_wconf 89' lang='lat' dir='ltr'><strong>crescat</strong></span> <span class='ocrx_word' id='word_1_673' title='bbox 3525 4229 3739 4298; x_wconf 71' lang='lat' dir='ltr'><strong>aliquis,</strong></span> 
     </span>
    </p>
   </div>
   <div class='ocr_carea' id='block_1_88' title="bbox 2161 4315 3746 4390">
    <p class='ocr_par' dir='ltr' id='par_1_88' title="bbox 2161 4315 3746 4390">
     <span class='ocr_line' id='line_1_88' title="bbox 2161 4315 3746 4390; baseline 0.003 -22"><span class='ocrx_word' id='word_1_674' title='bbox 2161 4315 2245 4369; x_wconf 86' lang='lat' dir='ltr'><strong>vel</strong></span> <span class='ocrx_word' id='word_1_675' title='bbox 2275 4315 2571 4383; x_wconf 85' lang='lat' dir='ltr'><strong>decrescat,</strong></span> <span class='ocrx_word' id='word_1_676' title='bbox 2601 4329 2656 4371; x_wconf 89' lang='lat' dir='ltr'><strong>et</strong></span> <span class='ocrx_word' id='word_1_677' title='bbox 2687 4320 2786 4372; x_wconf 89' lang='lat' dir='ltr'><strong>sub</strong></span> <span class='ocrx_word' id='word_1_678' title='bbox 2818 4318 2922 4371; x_wconf 90' lang='lat' dir='ltr'><strong>alia</strong></span> <span class='ocrx_word' id='word_1_679' title='bbox 2954 4329 3116 4389; x_wconf 89' lang='lat' dir='ltr'><strong>atque</strong></span> <span class='ocrx_word' id='word_1_680' title='bbox 3144 4321 3247 4373; x_wconf 90' lang='lat' dir='ltr'><strong>alia</strong></span> <span class='ocrx_word' id='word_1_681' title='bbox 3286 4331 3583 4390; x_wconf 88' lang='lat' dir='ltr'><strong>potestate,</strong></span> <span class='ocrx_word' id='word_1_682' title='bbox 3635 4322 3746 4375; x_wconf 63' lang='lat' dir='ltr'><strong>vir.</strong></span> 
     </span>
    </p>
   </div>
   <div class='ocr_carea' id='block_1_89' title="bbox 2173 4410 3742 4483">
    <p class='ocr_par' dir='ltr' id='par_1_89' title="bbox 2173 4410 3742 4483">
     <span class='ocr_line' id='line_1_89' title="bbox 2173 4410 3742 4483; baseline 0.005 -23"><span class='ocrx_word' id='word_1_683' title='bbox 2173 4418 2306 4473; x_wconf 89' lang='lat' dir='ltr'><strong>tute,</strong></span> <span class='ocrx_word' id='word_1_684' title='bbox 2355 4410 2659 4479; x_wconf 86' lang='lat' dir='ltr'><strong>principatu</strong></span> <span class='ocrx_word' id='word_1_685' title='bbox 2694 4420 2748 4465; x_wconf 84' lang='lat' dir='ltr'><strong>et</strong></span> <span class='ocrx_word' id='word_1_686' title='bbox 2781 4412 3148 4466; x_wconf 86' lang='lat' dir='ltr'><strong>dominatione</strong></span> <span class='ocrx_word' id='word_1_687' title='bbox 3181 4412 3294 4466; x_wconf 84' lang='lat' dir='ltr'><strong>ﬁat.</strong></span> <span class='ocrx_word' id='word_1_688' title='bbox 3327 4432 3346 4464; x_wconf 67' lang='grc' dir='ltr'><strong><em>ι</em></strong></span> <span class='ocrx_word' id='word_1_689' title='bbox 3394 4415 3573 4483; x_wconf 78' lang='lat' dir='ltr'><strong>Atque</strong></span> <span class='ocrx_word' id='word_1_690' title='bbox 3632 4413 3742 4468; x_wconf 67' lang='lat' dir='ltr'><strong>hmo</strong></span> 
     </span>
    </p>
   </div>
   <div class='ocr_carea' id='block_1_90' title="bbox 2159 4499 3740 4577">
    <p class='ocr_par' dir='ltr' id='par_1_90' title="bbox 2159 4499 3740 4577">
     <span class='ocr_line' id='line_1_90' title="bbox 2159 4499 3740 4577; baseline 0.004 -25"><span class='ocrx_word' id='word_1_691' title='bbox 2159 4516 2282 4552; x_wconf 92' lang='lat' dir='ltr'><strong>cum</strong></span> <span class='ocrx_word' id='word_1_692' title='bbox 2318 4499 2498 4554; x_wconf 79' lang='lat' dir='ltr'><strong>Ruﬁni</strong></span> <span class='ocrx_word' id='word_1_693' title='bbox 2540 4503 3044 4572; x_wconf 86' lang='lat' dir='ltr'><strong>reprehensionibus</strong></span> <span class='ocrx_word' id='word_1_694' title='bbox 3074 4517 3128 4559; x_wconf 91' lang='lat' dir='ltr'><strong>et</strong></span> <span class='ocrx_word' id='word_1_695' title='bbox 3184 4505 3437 4559; x_wconf 85' lang='lat' dir='ltr'><strong>censuris</strong></span> <span class='ocrx_word' id='word_1_696' title='bbox 3471 4509 3740 4577; x_wconf 73' lang='lat' dir='ltr'><strong>exagitata</strong></span> 
     </span>
    </p>
   </div>
   <div class='ocr_carea' id='block_1_91' title="bbox 478 4590 3740 4671">
    <p class='ocr_par' dir='ltr' id='par_1_91' title="bbox 478 4590 3740 4671">
     <span class='ocr_line' id='line_1_91' title="bbox 478 4590 3740 4671; baseline 0.003 -30"><span class='ocrx_word' id='word_1_697' title='bbox 478 4595 648 4666; x_wconf 66' lang='grc' dir='ltr'><strong>ιρῖρειι,</strong></span> <span class='ocrx_word' id='word_1_698' title='bbox 681 4597 749 4648; x_wconf 70' lang='lat' dir='ltr'><strong>ad</strong></span> <span class='ocrx_word' id='word_1_699' title='bbox 773 4595 949 4661; x_wconf 46' lang='lat' dir='ltr'><strong>Rom”</strong></span> <span class='ocrx_word' id='word_1_700' title='bbox 985 4613 1134 4652; x_wconf 78' lang='lat' dir='ltr'><strong>num,</strong></span> <span class='ocrx_word' id='word_1_701' title='bbox 1161 4597 1249 4663; x_wconf 69' lang='grc' dir='ltr'><strong>ιο,</strong></span> <span class='ocrx_word' id='word_1_702' title='bbox 1273 4615 1396 4668; x_wconf 65' lang='lat' dir='ltr'><strong>pag,</strong></span> <span class='ocrx_word' id='word_1_703' title='bbox 1425 4599 1550 4662; x_wconf 70' lang='lat'><strong>568,</strong></span> <span class='ocrx_word' id='word_1_704' title='bbox 1577 4611 1859 4668; x_wconf 50' lang='lat' dir='ltr'><strong>postquam</strong></span> <span class='ocrx_word' id='word_1_705' title='bbox 1885 4598 2048 4652; x_wconf 68' lang='lat' dir='ltr'><strong>liber-</strong></span> <span class='ocrx_word' id='word_1_706' title='bbox 2088 4617 2131 4671; x_wconf 71' lang='grc' dir='ltr'><strong>ι)</strong></span> <span class='ocrx_word' id='word_1_707' title='bbox 2164 4590 2417 4656; x_wconf 76' lang='lat' dir='ltr'><strong>inissent,</strong></span> <span class='ocrx_word' id='word_1_708' title='bbox 2450 4595 2530 4647; x_wconf 89' lang='lat' dir='ltr'><strong>sic</strong></span> <span class='ocrx_word' id='word_1_709' title='bbox 2579 4611 2840 4651; x_wconf 69' lang='lat' dir='ltr'><strong>excusare</strong></span> <span class='ocrx_word' id='word_1_710' title='bbox 2889 4607 3123 4650; x_wconf 87' lang='lat' dir='ltr'><strong>conatur</strong></span> <span class='ocrx_word' id='word_1_711' title='bbox 3173 4596 3539 4669; x_wconf 84' lang='lat' dir='ltr'><strong>Hieronymus</strong></span> <span class='ocrx_word' id='word_1_712' title='bbox 3567 4599 3678 4668; x_wconf 61' lang='grc' dir='ltr'><strong>(δὲ)</strong></span> <span class='ocrx_word' id='word_1_713' title='bbox 3724 4612 3740 4650; x_wconf 91' lang='lat'>:</span> 
     </span>
    </p>
   </div>
   <div class='ocr_carea' id='block_1_92' title="bbox 478 4689 2059 4760">
    <p class='ocr_par' dir='ltr' id='par_1_92' title="bbox 478 4689 2059 4760">
     <span class='ocr_line' id='line_1_92' title="bbox 478 4689 2059 4760; baseline 0.002 -20"><span class='ocrx_word' id='word_1_714' title='bbox 478 4690 605 4743; x_wconf 84' lang='lat' dir='ltr'><strong>tatis</strong></span> <span class='ocrx_word' id='word_1_715' title='bbox 644 4689 922 4743; x_wconf 89' lang='lat' dir='ltr'><strong>voluntate</strong></span> <span class='ocrx_word' id='word_1_716' title='bbox 954 4691 1237 4759; x_wconf 68' lang='lat' dir='ltr'><strong>praeditam</strong></span> <span class='ocrx_word' id='word_1_717' title='bbox 1277 4707 1397 4746; x_wconf 88' lang='lat' dir='ltr'><strong>esse</strong></span> <span class='ocrx_word' id='word_1_718' title='bbox 1448 4703 1702 4746; x_wconf 89' lang='lat' dir='ltr'><strong>naturam</strong></span> <span class='ocrx_word' id='word_1_719' title='bbox 1757 4691 2059 4760; x_wconf 73' lang='lat' dir='ltr'><strong>quan-libet</strong></span> 
     </span>
    </p>
   </div>
   <div class='ocr_carea' id='block_1_93' title="bbox 479 4781 2059 4852">
    <p class='ocr_par' dir='ltr' id='par_1_93' title="bbox 479 4781 2059 4852">
     <span class='ocr_line' id='line_1_93' title="bbox 479 4781 2059 4852; baseline 0.003 -18"><span class='ocrx_word' id='word_1_720' title='bbox 479 4781 704 4836; x_wconf 83' lang='lat' dir='ltr'><strong>rationis</strong></span> <span class='ocrx_word' id='word_1_721' title='bbox 750 4792 1055 4850; x_wconf 86' lang='lat' dir='ltr'><strong>compotem</strong></span> <span class='ocrx_word' id='word_1_722' title='bbox 1109 4782 1394 4839; x_wconf 80' lang='lat' dir='ltr'><strong>confessus</strong></span> <span class='ocrx_word' id='word_1_723' title='bbox 1440 4797 1542 4849; x_wconf 86' lang='lat' dir='ltr'><strong>est,</strong></span> <span class='ocrx_word' id='word_1_724' title='bbox 1580 4801 1684 4839; x_wconf 92' lang='lat' dir='ltr'><strong>non</strong></span> <span class='ocrx_word' id='word_1_725' title='bbox 1734 4800 1797 4838; x_wconf 91' lang='lat' dir='ltr'><strong>ea</strong></span> <span class='ocrx_word' id='word_1_726' title='bbox 1836 4783 2059 4852; x_wconf 73' lang='lat' dir='ltr'><strong>perinde</strong></span> 
     </span>
    </p>
   </div>
   <div class='ocr_carea' id='block_1_94' title="bbox 475 4872 2056 4946">
    <p class='ocr_par' dir='ltr' id='par_1_94' title="bbox 475 4872 2056 4946">
     <span class='ocr_line' id='line_1_94' title="bbox 475 4872 2056 4946; baseline 0.001 -23"><span class='ocrx_word' id='word_1_727' title='bbox 475 4873 551 4924; x_wconf 86' lang='lat' dir='ltr'><strong>uti</strong></span> <span class='ocrx_word' id='word_1_728' title='bbox 575 4872 764 4925; x_wconf 87' lang='lat' dir='ltr'><strong>doceat</strong></span> <span class='ocrx_word' id='word_1_729' title='bbox 802 4885 817 4924; x_wconf 91' lang='lat'>:</span> <span class='ocrx_word' id='word_1_730' title='bbox 863 4891 882 4922; x_wconf 84' lang='grc'>‹</span> <span class='ocrx_word' id='word_1_731' title='bbox 915 4873 1051 4939; x_wconf 86' lang='lat' dir='ltr'><strong>Quid</strong></span> <span class='ocrx_word' id='word_1_732' title='bbox 1081 4882 1262 4929; x_wconf 89' lang='lat' dir='ltr'><strong>autem</strong></span> <span class='ocrx_word' id='word_1_733' title='bbox 1289 4877 1383 4939; x_wconf 92' lang='lat' dir='ltr'><strong>sit,</strong></span> <span class='ocrx_word' id='word_1_734' title='bbox 1409 4875 1608 4946; x_wconf 88' lang='lat' dir='ltr'><strong>inquit,</strong></span> <span class='ocrx_word' id='word_1_735' title='bbox 1649 4876 1788 4945; x_wconf 91' lang='lat' dir='ltr'><strong>quod</strong></span> <span class='ocrx_word' id='word_1_736' title='bbox 1826 4875 1880 4928; x_wconf 90' lang='lat' dir='ltr'><strong>in</strong></span> <span class='ocrx_word' id='word_1_737' title='bbox 1917 4873 2056 4927; x_wconf 80' lang='lat' dir='ltr'><strong>futu-</strong></span> 
     </span>
    </p>
   </div>
   <div class='ocr_carea' id='block_1_95' title="bbox 476 4964 2052 5033">
    <p class='ocr_par' dir='ltr' id='par_1_95' title="bbox 476 4964 2052 5033">
     <span class='ocr_line' id='line_1_95' title="bbox 476 4964 2052 5033; baseline 0.001 -17"><span class='ocrx_word' id='word_1_738' title='bbox 476 4965 554 5018; x_wconf 91' lang='lat' dir='ltr'><strong>ris</strong></span> <span class='ocrx_word' id='word_1_739' title='bbox 606 4964 818 5018; x_wconf 66' lang='lat' dir='ltr'><strong>sazculis</strong></span> <span class='ocrx_word' id='word_1_740' title='bbox 849 4973 1030 5020; x_wconf 88' lang='lat' dir='ltr'><strong>teneat</strong></span> <span class='ocrx_word' id='word_1_741' title='bbox 1090 4969 1304 5024; x_wconf 83' lang='lat' dir='ltr'><strong>arbitrii</strong></span> <span class='ocrx_word' id='word_1_742' title='bbox 1361 4971 1693 5033; x_wconf 85' lang='lat' dir='ltr'><strong>libertatem,</strong></span> <span class='ocrx_word' id='word_1_743' title='bbox 1726 4983 1794 5022; x_wconf 91' lang='lat' dir='ltr'><strong>ne</strong></span> <span class='ocrx_word' id='word_1_744' title='bbox 1839 4983 2052 5021; x_wconf 90' lang='lat' dir='ltr'><strong>rursum</strong></span> 
     </span>
    </p>
   </div>
   <div class='ocr_carea' id='block_1_96' title="bbox 467 5058 2058 5128">
    <p class='ocr_par' dir='ltr' id='par_1_96' title="bbox 467 5058 2058 5128">
     <span class='ocr_line' id='line_1_96' title="bbox 467 5058 2058 5128; baseline 0 -16"><span class='ocrx_word' id='word_1_745' title='bbox 467 5067 696 5112; x_wconf 85' lang='lat' dir='ltr'><strong>corruat</strong></span> <span class='ocrx_word' id='word_1_746' title='bbox 729 5059 781 5110; x_wconf 91' lang='lat' dir='ltr'><strong>in</strong></span> <span class='ocrx_word' id='word_1_747' title='bbox 816 5069 1124 5125; x_wconf 90' lang='lat' dir='ltr'><strong>peccatum,</strong></span> <span class='ocrx_word' id='word_1_748' title='bbox 1164 5059 1312 5116; x_wconf 88' lang='lat' dir='ltr'><strong>brevi</strong></span> <span class='ocrx_word' id='word_1_749' title='bbox 1343 5078 1440 5116; x_wconf 91' lang='lat' dir='ltr'><strong>nos</strong></span> <span class='ocrx_word' id='word_1_750' title='bbox 1490 5075 1741 5116; x_wconf 86' lang='lat' dir='ltr'><strong>sermone</strong></span> <span class='ocrx_word' id='word_1_751' title='bbox 1769 5058 2058 5128; x_wconf 85' lang='lat' dir='ltr'><strong>Apostolus</strong></span> 
     </span>
    </p>
   </div>
   <div class='ocr_carea' id='block_1_97' title="bbox 475 5147 2058 5221">
    <p class='ocr_par' dir='ltr' id='par_1_97' title="bbox 475 5147 2058 5221">
     <span class='ocr_line' id='line_1_97' title="bbox 475 5147 2058 5221; baseline 0.003 -21"><span class='ocrx_word' id='word_1_752' title='bbox 475 5147 652 5210; x_wconf 88' lang='lat' dir='ltr'><strong>docet,</strong></span> <span class='ocrx_word' id='word_1_753' title='bbox 689 5147 878 5202; x_wconf 82' lang='lat' dir='ltr'><strong>dicens</strong></span> <span class='ocrx_word' id='word_1_754' title='bbox 907 5165 921 5202; x_wconf 93' lang='lat'><strong>:</strong></span> <span class='ocrx_word' id='word_1_755' title='bbox 954 5147 1202 5205; x_wconf 79' lang='lat' dir='ltr'><strong>Charitas</strong></span> <span class='ocrx_word' id='word_1_756' title='bbox 1255 5167 1524 5221; x_wconf 84' lang='lat' dir='ltr'><strong>nunquam</strong></span> <span class='ocrx_word' id='word_1_757' title='bbox 1550 5153 1692 5204; x_wconf 78' lang='lat' dir='ltr'><strong>cadit</strong></span> <span class='ocrx_word' id='word_1_758' title='bbox 1722 5151 1797 5216; x_wconf 54' lang='lat' dir='ltr'><strong>ﬁ;</strong></span> <span class='ocrx_word' id='word_1_759' title='bbox 1853 5151 2058 5204; x_wconf 91' lang='lat' dir='ltr'><strong>idcirco</strong></span> 
     </span>
    </p>
   </div>
   <div class='ocr_carea' id='block_1_98' title="bbox 471 5240 2055 5313">
    <p class='ocr_par' dir='ltr' id='par_1_98' title="bbox 471 5240 2055 5313">
     <span class='ocr_line' id='line_1_98' title="bbox 471 5240 2055 5313; baseline 0.001 -20"><span class='ocrx_word' id='word_1_760' title='bbox 471 5241 615 5293; x_wconf 89' lang='lat' dir='ltr'><strong>enim</strong></span> <span class='ocrx_word' id='word_1_761' title='bbox 641 5250 696 5294; x_wconf 91' lang='lat' dir='ltr'><strong>et</strong></span> <span class='ocrx_word' id='word_1_762' title='bbox 723 5240 827 5295; x_wconf 90' lang='lat' dir='ltr'><strong>ﬁde</strong></span> <span class='ocrx_word' id='word_1_763' title='bbox 849 5251 904 5296; x_wconf 91' lang='lat' dir='ltr'><strong>et</strong></span> <span class='ocrx_word' id='word_1_764' title='bbox 933 5257 1028 5310; x_wconf 89' lang='lat' dir='ltr'><strong>spe</strong></span> <span class='ocrx_word' id='word_1_765' title='bbox 1063 5245 1236 5313; x_wconf 91' lang='lat' dir='ltr'><strong>major</strong></span> <span class='ocrx_word' id='word_1_766' title='bbox 1261 5246 1502 5299; x_wconf 87' lang='lat' dir='ltr'><strong>charitas</strong></span> <span class='ocrx_word' id='word_1_767' title='bbox 1535 5245 1752 5308; x_wconf 89' lang='lat' dir='ltr'><strong>dicitur,</strong></span> <span class='ocrx_word' id='word_1_768' title='bbox 1783 5245 1905 5312; x_wconf 89' lang='lat' dir='ltr'><strong>quia</strong></span> <span class='ocrx_word' id='word_1_769' title='bbox 1943 5244 2055 5297; x_wconf 83' lang='lat' dir='ltr'><strong>sola</strong></span> 
     </span>
    </p>
   </div>
   <div class='ocr_carea' id='block_1_99' title="bbox 473 5334 2056 5408">
    <p class='ocr_par' dir='ltr' id='par_1_99' title="bbox 473 5334 2056 5408">
     <span class='ocr_line' id='line_1_99' title="bbox 473 5334 2056 5408; baseline 0.003 -22"><span class='ocrx_word' id='word_1_770' title='bbox 473 5334 577 5386; x_wconf 88' lang='lat' dir='ltr'><strong>erit</strong></span> <span class='ocrx_word' id='word_1_771' title='bbox 602 5349 702 5402; x_wconf 89' lang='lat' dir='ltr'><strong>per</strong></span> <span class='ocrx_word' id='word_1_772' title='bbox 722 5349 884 5405; x_wconf 88' lang='lat' dir='ltr'><strong>quam</strong></span> <span class='ocrx_word' id='word_1_773' title='bbox 923 5338 1162 5407; x_wconf 89' lang='lat' dir='ltr'><strong>delinqui</strong></span> <span class='ocrx_word' id='word_1_774' title='bbox 1193 5339 1332 5392; x_wconf 92' lang='lat' dir='ltr'><strong>ultra</strong></span> <span class='ocrx_word' id='word_1_775' title='bbox 1377 5355 1480 5392; x_wconf 87' lang='lat' dir='ltr'><strong>non</strong></span> <span class='ocrx_word' id='word_1_776' title='bbox 1511 5338 1740 5408; x_wconf 91' lang='lat' dir='ltr'><strong>poterit;</strong></span> <span class='ocrx_word' id='word_1_777' title='bbox 1783 5355 1800 5387; x_wconf 76' lang='grc' dir='ltr'><strong><em>ι</em></strong></span> <span class='ocrx_word' id='word_1_778' title='bbox 1858 5337 2056 5390; x_wconf 89' lang='lat' dir='ltr'><strong>deinde</strong></span> 
     </span>
    </p>
   </div>
   <div class='ocr_carea' id='block_1_100' title="bbox 473 5427 2052 5496">
    <p class='ocr_par' dir='ltr' id='par_1_100' title="bbox 473 5427 2052 5496">
     <span class='ocr_line' id='line_1_100' title="bbox 473 5427 2052 5496; baseline 0 -16"><span class='ocrx_word' id='word_1_779' title='bbox 473 5427 730 5493; x_wconf 86' lang='lat' dir='ltr'><strong>subjiciat</strong></span> <span class='ocrx_word' id='word_1_780' title='bbox 776 5446 791 5481; x_wconf 88' lang='lat'><strong>:</strong></span> <span class='ocrx_word' id='word_1_781' title='bbox 859 5449 876 5480; x_wconf 86' lang='grc'><strong>‹</strong></span> <span class='ocrx_word' id='word_1_782' title='bbox 915 5429 982 5483; x_wconf 85' lang='grc' dir='ltr'><strong>Ει</strong></span> <span class='ocrx_word' id='word_1_783' title='bbox 1025 5431 1145 5484; x_wconf 90' lang='lat' dir='ltr'><strong>ideo</strong></span> <span class='ocrx_word' id='word_1_784' title='bbox 1191 5431 1385 5483; x_wconf 90' lang='lat' dir='ltr'><strong>merito</strong></span> <span class='ocrx_word' id='word_1_785' title='bbox 1433 5431 1670 5484; x_wconf 79' lang='lat' dir='ltr'><strong>cliaritas</strong></span> <span class='ocrx_word' id='word_1_786' title='bbox 1701 5469 1715 5494; x_wconf 91' lang='lat'><strong>,</strong></span> <span class='ocrx_word' id='word_1_787' title='bbox 1777 5443 1898 5496; x_wconf 64' lang='lat' dir='ltr'><strong>quae</strong></span> <span class='ocrx_word' id='word_1_788' title='bbox 1941 5428 2052 5480; x_wconf 89' lang='lat' dir='ltr'><strong>sola</strong></span> 
     </span>
    </p>
   </div>
   <div class='ocr_carea' id='block_1_101' title="bbox 473 5518 2048 5588">
    <p class='ocr_par' dir='ltr' id='par_1_101' title="bbox 473 5518 2048 5588">
     <span class='ocr_line' id='line_1_101' title="bbox 473 5518 2048 5588; baseline -0.004 -13"><span class='ocrx_word' id='word_1_789' title='bbox 473 5523 714 5575; x_wconf 88' lang='lat' dir='ltr'><strong>omnium</strong></span> <span class='ocrx_word' id='word_1_790' title='bbox 749 5518 922 5588; x_wconf 84' lang='lat' dir='ltr'><strong>major</strong></span> <span class='ocrx_word' id='word_1_791' title='bbox 954 5529 1058 5585; x_wconf 86' lang='lat' dir='ltr'><strong>est,</strong></span> <span class='ocrx_word' id='word_1_792' title='bbox 1095 5535 1312 5586; x_wconf 74' lang='lat' dir='ltr'><strong>omnem</strong></span> <span class='ocrx_word' id='word_1_793' title='bbox 1341 5532 1642 5574; x_wconf 85' lang='lat' dir='ltr'><strong>creaturam</strong></span> <span class='ocrx_word' id='word_1_794' title='bbox 1691 5529 1809 5574; x_wconf 79' lang='lat' dir='ltr'><strong>con]</strong></span> <span class='ocrx_word' id='word_1_795' title='bbox 1824 5519 1989 5572; x_wconf 83' lang='lat' dir='ltr'><strong>&#39;Lttehit</strong></span> <span class='ocrx_word' id='word_1_796' title='bbox 2019 5532 2048 5570; x_wconf 93' lang='lat' dir='ltr'><strong>a</strong></span> 
     </span>
    </p>
   </div>
   <div class='ocr_carea' id='block_1_102' title="bbox 543 5659 1615 5731">
    <p class='ocr_par' dir='ltr' id='par_1_102' title="bbox 543 5659 1615 5731">
     <span class='ocr_line' id='line_1_102' title="bbox 543 5659 1615 5731; baseline 0.006 -20"><span class='ocrx_word' id='word_1_797' title='bbox 543 5659 632 5712; x_wconf 68' lang='grc' dir='ltr'><strong>ιιι</strong></span> <span class='ocrx_word' id='word_1_798' title='bbox 661 5661 781 5715; x_wconf 87' lang='lat' dir='ltr'><strong>Cor.</strong></span> <span class='ocrx_word' id='word_1_799' title='bbox 813 5676 931 5727; x_wconf 77' lang='lat' dir='ltr'><strong>xnt,</strong></span> <span class='ocrx_word' id='word_1_800' title='bbox 957 5660 1011 5716; x_wconf 88' lang='lat'><strong>8.</strong></span> <span class='ocrx_word' id='word_1_801' title='bbox 1126 5663 1169 5692; x_wconf 77' lang='grc'><strong>’³</strong></span> <span class='ocrx_word' id='word_1_802' title='bbox 1201 5661 1216 5714; x_wconf 96' lang='grc'><strong>1</strong></span> <span class='ocrx_word' id='word_1_803' title='bbox 1247 5661 1371 5716; x_wconf 88' lang='lat' dir='ltr'><strong>Cor.</strong></span> <span class='ocrx_word' id='word_1_804' title='bbox 1405 5677 1494 5731; x_wconf 75' lang='lat' dir='ltr'><strong>xv,</strong></span> <span class='ocrx_word' id='word_1_805' title='bbox 1524 5659 1615 5714; x_wconf 62' lang='lat'><strong>98.</strong></span> 
     </span>
    </p>
   </div>
   <div class='ocr_carea' id='block_1_103' title="bbox 481 5800 2037 5944">
    <p class='ocr_par' dir='ltr' id='par_1_103' title="bbox 481 5800 2037 5944">
     <span class='ocr_line' id='line_1_103' title="bbox 481 5800 2037 5944; baseline 0.002 -89"><span class='ocrx_word' id='word_1_806' title='bbox 481 5800 663 5944; x_wconf 52' lang='lat' dir='ltr'><strong>“Si?</strong></span> <span class='ocrx_word' id='word_1_807' title='bbox 696 5803 916 5874; x_wconf 81' lang='lat' dir='ltr'><strong>Origen.</strong></span> <span class='ocrx_word' id='word_1_808' title='bbox 981 5806 1121 5874; x_wconf 88' lang='lat' dir='ltr'><strong>apud</strong></span> <span class='ocrx_word' id='word_1_809' title='bbox 1181 5805 1328 5863; x_wconf 77' lang='lat' dir='ltr'><strong>llier.</strong></span> <span class='ocrx_word' id='word_1_810' title='bbox 1396 5807 1554 5876; x_wconf 75' lang='lat' dir='ltr'><strong>epist.</strong></span> <span class='ocrx_word' id='word_1_811' title='bbox 1606 5807 1672 5862; x_wconf 82' lang='lat'><strong>59</strong></span> <span class='ocrx_word' id='word_1_812' title='bbox 1747 5806 1814 5862; x_wconf 86' lang='lat' dir='ltr'><strong>ad</strong></span> <span class='ocrx_word' id='word_1_813' title='bbox 1869 5805 2037 5871; x_wconf 84' lang='lat' dir='ltr'><strong>Avit.,</strong></span> 
     </span>
    </p>
   </div>
   <div class='ocr_carea' id='block_1_104' title="bbox 1709 5657 2124 5722">
    <p class='ocr_par' dir='ltr' id='par_1_104' title="bbox 1709 5657 2124 5722">
     <span class='ocr_line' id='line_1_104' title="bbox 1709 5657 2124 5722; baseline -0.01 -7"><span class='ocrx_word' id='word_1_814' title='bbox 1709 5660 1754 5690; x_wconf 76' lang='lat'>“</span> <span class='ocrx_word' id='word_1_815' title='bbox 1783 5658 1882 5714; x_wconf 81' lang='lat' dir='ltr'><strong>Job</strong></span> <span class='ocrx_word' id='word_1_816' title='bbox 1916 5673 2003 5722; x_wconf 67' lang='lat' dir='ltr'><strong>xv,</strong></span> <span class='ocrx_word' id='word_1_817' title='bbox 2039 5657 2124 5712; x_wconf 72' lang='grc' dir='ltr'><strong>Η.</strong></span> 
     </span>
    </p>
   </div>
   <div class='ocr_carea' id='block_1_105' title="bbox 2171 4683 3740 4758">
    <p class='ocr_par' dir='ltr' id='par_1_105' title="bbox 2171 4683 3740 4758">
     <span class='ocr_line' id='line_1_105' title="bbox 2171 4683 3740 4758; baseline 0.006 -26"><span class='ocrx_word' id='word_1_818' title='bbox 2171 4700 2188 4732; x_wconf 74' lang='grc' dir='ltr'>ι</span> <span class='ocrx_word' id='word_1_819' title='bbox 2231 4683 2702 4755; x_wconf 84' lang='lat' dir='ltr'><strong>Sinautemputat</strong></span> <span class='ocrx_word' id='word_1_820' title='bbox 2741 4697 2794 4742; x_wconf 90' lang='lat' dir='ltr'><strong>et</strong></span> <span class='ocrx_word' id='word_1_821' title='bbox 2844 4689 3050 4744; x_wconf 90' lang='lat' dir='ltr'><strong>idcirco</strong></span> <span class='ocrx_word' id='word_1_822' title='bbox 3090 4704 3174 4742; x_wconf 91' lang='lat' dir='ltr'><strong>me</strong></span> <span class='ocrx_word' id='word_1_823' title='bbox 3227 4689 3518 4758; x_wconf 80' lang='lat' dir='ltr'><strong>Origenent</strong></span> <span class='ocrx_word' id='word_1_824' title='bbox 3567 4688 3740 4758; x_wconf 86' lang='lat' dir='ltr'><strong>sequi,</strong></span> 
     </span>
    </p>
   </div>
   <div class='ocr_carea' id='block_1_106' title="bbox 2161 4774 3744 4845">
    <p class='ocr_par' dir='ltr' id='par_1_106' title="bbox 2161 4774 3744 4845">
     <span class='ocr_line' id='line_1_106' title="bbox 2161 4774 3744 4845; baseline 0.006 -20"><span class='ocrx_word' id='word_1_825' title='bbox 2161 4774 2289 4840; x_wconf 87' lang='lat' dir='ltr'><strong>quia</strong></span> <span class='ocrx_word' id='word_1_826' title='bbox 2330 4776 2607 4842; x_wconf 75' lang='lat' dir='ltr'><strong>profectus</strong></span> <span class='ocrx_word' id='word_1_827' title='bbox 2633 4788 2688 4833; x_wconf 91' lang='lat' dir='ltr'><strong>et</strong></span> <span class='ocrx_word' id='word_1_828' title='bbox 2719 4779 2977 4845; x_wconf 80' lang='lat' dir='ltr'><strong>honores,</strong></span> <span class='ocrx_word' id='word_1_829' title='bbox 3021 4780 3371 4836; x_wconf 88' lang='lat' dir='ltr'><strong>ascensiones</strong></span> <span class='ocrx_word' id='word_1_830' title='bbox 3423 4791 3481 4836; x_wconf 88' lang='lat' dir='ltr'><strong>et</strong></span> <span class='ocrx_word' id='word_1_831' title='bbox 3517 4783 3744 4836; x_wconf 89' lang='lat' dir='ltr'><strong>descen-</strong></span> 
     </span>
    </p>
   </div>
   <div class='ocr_carea' id='block_1_107' title="bbox 2165 4865 3742 4942">
    <p class='ocr_par' dir='ltr' id='par_1_107' title="bbox 2165 4865 3742 4942">
     <span class='ocr_line' id='line_1_107' title="bbox 2165 4865 3742 4942; baseline 0.005 -24"><span class='ocrx_word' id='word_1_832' title='bbox 2165 4865 2389 4933; x_wconf 89' lang='lat' dir='ltr'><strong>siones;</strong></span> <span class='ocrx_word' id='word_1_833' title='bbox 2446 4869 2780 4924; x_wconf 90' lang='lat' dir='ltr'><strong>incrementa</strong></span> <span class='ocrx_word' id='word_1_834' title='bbox 2836 4880 2888 4927; x_wconf 92' lang='lat' dir='ltr'><strong>et</strong></span> <span class='ocrx_word' id='word_1_835' title='bbox 2945 4873 3350 4927; x_wconf 88' lang='lat' dir='ltr'><strong>imminutiones</strong></span> <span class='ocrx_word' id='word_1_836' title='bbox 3408 4875 3463 4928; x_wconf 93' lang='lat' dir='ltr'><strong>in</strong></span> <span class='ocrx_word' id='word_1_837' title='bbox 3528 4873 3742 4942; x_wconf 80' lang='lat' dir='ltr'><strong>exposi-</strong></span> 
     </span>
    </p>
   </div>
   <div class='ocr_carea' id='block_1_108' title="bbox 2167 4956 3743 5033">
    <p class='ocr_par' dir='ltr' id='par_1_108' title="bbox 2167 4956 3743 5033">
     <span class='ocr_line' id='line_1_108' title="bbox 2167 4956 3743 5033; baseline 0.006 -26"><span class='ocrx_word' id='word_1_838' title='bbox 2167 4956 2311 5010; x_wconf 91' lang='lat' dir='ltr'><strong>tione</strong></span> <span class='ocrx_word' id='word_1_839' title='bbox 2346 4974 2462 5012; x_wconf 84' lang='lat' dir='ltr'><strong>tnea</strong></span> <span class='ocrx_word' id='word_1_840' title='bbox 2497 4962 2670 5029; x_wconf 90' lang='lat' dir='ltr'><strong>posui,</strong></span> <span class='ocrx_word' id='word_1_841' title='bbox 2713 4964 2849 5017; x_wconf 84' lang='lat' dir='ltr'><strong>sciat</strong></span> <span class='ocrx_word' id='word_1_842' title='bbox 2892 4964 3120 5018; x_wconf 88' lang='lat' dir='ltr'><strong>multttm</strong></span> <span class='ocrx_word' id='word_1_843' title='bbox 3151 4964 3444 5030; x_wconf 89' lang='lat' dir='ltr'><strong>interesse,</strong></span> <span class='ocrx_word' id='word_1_844' title='bbox 3467 4965 3536 5020; x_wconf 90' lang='lat' dir='ltr'><strong>de</strong></span> <span class='ocrx_word' id='word_1_845' title='bbox 3582 4980 3743 5033; x_wconf 81' lang='lat' dir='ltr'><strong>auge-</strong></span> 
     </span>
    </p>
   </div>
   <div class='ocr_carea' id='block_1_109' title="bbox 2164 5045 3742 5118">
    <p class='ocr_par' dir='ltr' id='par_1_109' title="bbox 2164 5045 3742 5118">
     <span class='ocr_line' id='line_1_109' title="bbox 2164 5045 3742 5118; baseline 0.006 -21"><span class='ocrx_word' id='word_1_846' title='bbox 2164 5045 2253 5110; x_wconf 76' lang='lat' dir='ltr'><strong>lis,</strong></span> <span class='ocrx_word' id='word_1_847' title='bbox 2288 5057 2343 5102; x_wconf 88' lang='lat' dir='ltr'><strong>et</strong></span> <span class='ocrx_word' id='word_1_848' title='bbox 2399 5053 2691 5118; x_wconf 77' lang='lat' dir='ltr'><strong>serapliim,</strong></span> <span class='ocrx_word' id='word_1_849' title='bbox 2716 5062 2771 5106; x_wconf 91' lang='lat' dir='ltr'><strong>et</strong></span> <span class='ocrx_word' id='word_1_850' title='bbox 2814 5054 3092 5107; x_wconf 65' lang='lat' dir='ltr'><strong>cherubim</strong></span> <span class='ocrx_word' id='word_1_851' title='bbox 3127 5054 3309 5109; x_wconf 88' lang='lat' dir='ltr'><strong>dicere</strong></span> <span class='ocrx_word' id='word_1_852' title='bbox 3362 5056 3659 5118; x_wconf 73' lang='lat' dir='ltr'><strong>daemones,</strong></span> <span class='ocrx_word' id='word_1_853' title='bbox 3689 5065 3742 5108; x_wconf 91' lang='lat' dir='ltr'><strong>et</strong></span> 
     </span>
    </p>
   </div>
   <div class='ocr_carea' id='block_1_110' title="bbox 2169 5141 3741 5218">
    <p class='ocr_par' dir='ltr' id='par_1_110' title="bbox 2169 5141 3741 5218">
     <span class='ocr_line' id='line_1_110' title="bbox 2169 5141 3741 5218; baseline 0.004 -24"><span class='ocrx_word' id='word_1_854' title='bbox 2169 5141 2422 5198; x_wconf 89' lang='lat' dir='ltr'><strong>homines</strong></span> <span class='ocrx_word' id='word_1_855' title='bbox 2469 5144 2607 5208; x_wconf 88' lang='lat' dir='ltr'><strong>ﬁeri,</strong></span> <span class='ocrx_word' id='word_1_856' title='bbox 2653 5147 2795 5211; x_wconf 86' lang='lat' dir='ltr'><strong>quod</strong></span> <span class='ocrx_word' id='word_1_857' title='bbox 2827 5145 3055 5200; x_wconf 80' lang='lat' dir='ltr'><strong>allirmat</strong></span> <span class='ocrx_word' id='word_1_858' title='bbox 3088 5147 3370 5216; x_wconf 85' lang='lat' dir='ltr'><strong>Origenes,</strong></span> <span class='ocrx_word' id='word_1_859' title='bbox 3399 5160 3455 5202; x_wconf 89' lang='lat' dir='ltr'><strong>et</strong></span> <span class='ocrx_word' id='word_1_860' title='bbox 3483 5150 3626 5218; x_wconf 88' lang='lat' dir='ltr'><strong>ipsos</strong></span> <span class='ocrx_word' id='word_1_861' title='bbox 3657 5149 3741 5201; x_wconf 81' lang='lat' dir='ltr'><strong>in-</strong></span> 
     </span>
    </p>
   </div>
   <div class='ocr_carea' id='block_1_111' title="bbox 2168 5237 3742 5308">
    <p class='ocr_par' dir='ltr' id='par_1_111' title="bbox 2168 5237 3742 5308">
     <span class='ocr_line' id='line_1_111' title="bbox 2168 5237 3742 5308; baseline 0.004 -23"><span class='ocrx_word' id='word_1_862' title='bbox 2168 5243 2250 5287; x_wconf 89' lang='lat' dir='ltr'><strong>ter</strong></span> <span class='ocrx_word' id='word_1_863' title='bbox 2272 5249 2330 5287; x_wconf 92' lang='lat' dir='ltr'><strong>se</strong></span> <span class='ocrx_word' id='word_1_864' title='bbox 2367 5237 2589 5304; x_wconf 83' lang='lat' dir='ltr'><strong>angelos</strong></span> <span class='ocrx_word' id='word_1_865' title='bbox 2614 5239 2827 5292; x_wconf 87' lang='lat' dir='ltr'><strong>diversa</strong></span> <span class='ocrx_word' id='word_1_866' title='bbox 2873 5238 3170 5292; x_wconf 88' lang='lat' dir='ltr'><strong>otliciorum</strong></span> <span class='ocrx_word' id='word_1_867' title='bbox 3198 5253 3397 5308; x_wconf 84' lang='lat' dir='ltr'><strong>genera</strong></span> <span class='ocrx_word' id='word_1_868' title='bbox 3427 5255 3550 5294; x_wconf 90' lang='lat' dir='ltr'><strong>esse</strong></span> <span class='ocrx_word' id='word_1_869' title='bbox 3586 5240 3742 5294; x_wconf 60' lang='lat' dir='ltr'><strong>sorti.</strong></span> 
     </span>
    </p>
   </div>
   <div class='ocr_carea' id='block_1_112' title="bbox 2164 5330 3743 5401">
    <p class='ocr_par' dir='ltr' id='par_1_112' title="bbox 2164 5330 3743 5401">
     <span class='ocr_line' id='line_1_112' title="bbox 2164 5330 3743 5401; baseline 0.003 -20"><span class='ocrx_word' id='word_1_870' title='bbox 2164 5339 2266 5392; x_wconf 91' lang='lat' dir='ltr'><strong>tos,</strong></span> <span class='ocrx_word' id='word_1_871' title='bbox 2304 5330 2446 5398; x_wconf 89' lang='lat' dir='ltr'><strong>quod</strong></span> <span class='ocrx_word' id='word_1_872' title='bbox 2477 5330 2729 5385; x_wconf 70' lang='lat' dir='ltr'><strong>Ecclesiae</strong></span> <span class='ocrx_word' id='word_1_873' title='bbox 2759 5348 2863 5386; x_wconf 90' lang='lat' dir='ltr'><strong>non</strong></span> <span class='ocrx_word' id='word_1_874' title='bbox 2899 5342 3180 5401; x_wconf 81' lang='lat' dir='ltr'><strong>repugnat.</strong></span> <span class='ocrx_word' id='word_1_875' title='bbox 3211 5332 3494 5397; x_wconf 86' lang='lat' dir='ltr'><strong>Quomodo</strong></span> <span class='ocrx_word' id='word_1_876' title='bbox 3515 5345 3566 5387; x_wconf 90' lang='lat' dir='ltr'><strong>et</strong></span> <span class='ocrx_word' id='word_1_877' title='bbox 3606 5337 3743 5386; x_wconf 83' lang='lat' dir='ltr'><strong>inter</strong></span> 
     </span>
    </p>
   </div>
   <div class='ocr_carea' id='block_1_113' title="bbox 2163 5419 3743 5491">
    <p class='ocr_par' dir='ltr' id='par_1_113' title="bbox 2163 5419 3743 5491">
     <span class='ocr_line' id='line_1_113' title="bbox 2163 5419 3743 5491; baseline 0.003 -18"><span class='ocrx_word' id='word_1_878' title='bbox 2163 5419 2410 5474; x_wconf 89' lang='lat' dir='ltr'><strong>homines</strong></span> <span class='ocrx_word' id='word_1_879' title='bbox 2443 5423 2580 5475; x_wconf 89' lang='lat' dir='ltr'><strong>ordo</strong></span> <span class='ocrx_word' id='word_1_880' title='bbox 2609 5422 2930 5491; x_wconf 85' lang='lat' dir='ltr'><strong>dignitatum</strong></span> <span class='ocrx_word' id='word_1_881' title='bbox 2963 5436 3026 5476; x_wconf 81' lang='lat' dir='ltr'><strong>ex</strong></span> <span class='ocrx_word' id='word_1_882' title='bbox 3051 5421 3252 5477; x_wconf 86' lang='lat' dir='ltr'><strong>laboris</strong></span> <span class='ocrx_word' id='word_1_883' title='bbox 3277 5423 3545 5477; x_wconf 85' lang='lat' dir='ltr'><strong>varietate</strong></span> <span class='ocrx_word' id='word_1_884' title='bbox 3567 5421 3743 5477; x_wconf 84' lang='lat' dir='ltr'><strong>diver-</strong></span> 
     </span>
    </p>
   </div>
   <div class='ocr_carea' id='block_1_114' title="bbox 2164 5514 3741 5585">
    <p class='ocr_par' dir='ltr' id='par_1_114' title="bbox 2164 5514 3741 5585">
     <span class='ocr_line' id='line_1_114' title="bbox 2164 5514 3741 5585; baseline -0.001 -17"><span class='ocrx_word' id='word_1_885' title='bbox 2164 5529 2256 5569; x_wconf 88' lang='lat' dir='ltr'><strong>sus</strong></span> <span class='ocrx_word' id='word_1_886' title='bbox 2295 5523 2399 5580; x_wconf 89' lang='lat' dir='ltr'><strong>est,</strong></span> <span class='ocrx_word' id='word_1_887' title='bbox 2436 5530 2558 5569; x_wconf 77' lang='lat' dir='ltr'><strong>(um</strong></span> <span class='ocrx_word' id='word_1_888' title='bbox 2589 5515 2873 5585; x_wconf 87' lang='lat' dir='ltr'><strong>episcopus</strong></span> <span class='ocrx_word' id='word_1_889' title='bbox 2907 5523 2962 5568; x_wconf 88' lang='lat' dir='ltr'><strong>et</strong></span> <span class='ocrx_word' id='word_1_890' title='bbox 2994 5514 3305 5583; x_wconf 84' lang='lat' dir='ltr'><strong>presbyter,</strong></span> <span class='ocrx_word' id='word_1_891' title='bbox 3339 5521 3394 5568; x_wconf 87' lang='lat' dir='ltr'><strong>et</strong></span> <span class='ocrx_word' id='word_1_892' title='bbox 3448 5515 3626 5570; x_wconf 90' lang='lat' dir='ltr'><strong>omnis</strong></span> <span class='ocrx_word' id='word_1_893' title='bbox 3649 5526 3741 5568; x_wconf 77' lang='lat' dir='ltr'><strong>ee-</strong></span> 
     </span>
    </p>
   </div>
   <div class='ocr_carea' id='block_1_115' title="bbox 2202 5655 2610 5722">
    <p class='ocr_par' dir='ltr' id='par_1_115' title="bbox 2202 5655 2610 5722">
     <span class='ocr_line' id='line_1_115' title="bbox 2202 5655 2610 5722; baseline 0.005 -11"><span class='ocrx_word' id='word_1_894' title='bbox 2202 5657 2248 5687; x_wconf 83' lang='grc'><strong>²⁷</strong></span> <span class='ocrx_word' id='word_1_895' title='bbox 2276 5656 2376 5712; x_wconf 82' lang='lat' dir='ltr'><strong>Job</strong></span> <span class='ocrx_word' id='word_1_896' title='bbox 2405 5672 2530 5722; x_wconf 81' lang='lat' dir='ltr'><strong>xxv,</strong></span> <span class='ocrx_word' id='word_1_897' title='bbox 2557 5655 2610 5713; x_wconf 85' lang='lat'><strong>5.</strong></span> 
     </span>
    </p>
   </div>
   <div class='ocr_carea' id='block_1_116' title="bbox 2222 5797 3233 5875">
    <p class='ocr_par' dir='ltr' id='par_1_116' title="bbox 2222 5797 3233 5875">
     <span class='ocr_line' id='line_1_116' title="bbox 2222 5797 3233 5875; baseline -0.007 -15"><span class='ocrx_word' id='word_1_898' title='bbox 2222 5798 2332 5875; x_wconf 64' lang='grc' dir='ltr'><strong>(δὲ)</strong></span> <span class='ocrx_word' id='word_1_899' title='bbox 2367 5808 2518 5875; x_wconf 79' lang='lat' dir='ltr'><strong>Apol.</strong></span> <span class='ocrx_word' id='word_1_900' title='bbox 2552 5805 2667 5859; x_wconf 84' lang='lat' dir='ltr'><strong>adv.</strong></span> <span class='ocrx_word' id='word_1_901' title='bbox 2701 5803 2824 5873; x_wconf 79' lang='lat' dir='ltr'><strong>Ruf.</strong></span> <span class='ocrx_word' id='word_1_902' title='bbox 2854 5802 2946 5857; x_wconf 90' lang='lat' dir='ltr'><strong>lib.</strong></span> <span class='ocrx_word' id='word_1_903' title='bbox 2973 5817 3009 5866; x_wconf 87' lang='grc' dir='ltr'><strong>ι,</strong></span> <span class='ocrx_word' id='word_1_904' title='bbox 3036 5813 3152 5868; x_wconf 85' lang='lat' dir='ltr'><strong>cap.</strong></span> <span class='ocrx_word' id='word_1_905' title='bbox 3178 5797 3233 5854; x_wconf 86' lang='lat'><strong>6.</strong></span> 
     </span>
    </p>
   </div>
  </div>
