3898 6544
157 425 254 480 865

156 643 338 685 omnes
369 627 615 685 homines
649 640 773 685 sunt
805 645 820 682 :
862 632 942 686 sic
973 641 1026 686 et
1061 633 1200 687 inter
1257 635 1476 703 angelos
1527 637 1717 691 merita

154 737 268 776 esse
307 721 543 786 diversa,
570 731 624 775 et
652 730 832 777 tamen
867 721 920 776 in
956 723 1203 792 angelica
1236 739 1425 780 omnes
1463 727 1720 792 persiste-

159 829 212 869 re
261 812 543 884 dignitate,
586 827 684 867 nec
739 813 808 868 de
857 814 1060 884 angelis
1113 814 1362 868 homines
1407 814 1562 879 ﬁeri,
1621 830 1720 870 nec

157 919 363 959 rursum
443 902 688 958 homines
745 905 798 957 in
865 904 1093 974 angelos
1166 905 1470 961 reformari.
1527 925 1546 960 ι
1603 905 1716 962 Hoc

153 995 393 1064 Origenis
447 995 587 1049 inter
646 1005 699 1049 et
759 995 1069 1068 Hieronymi
1129 998 1431 1052 doctrinam
1471 999 1716 1067 interest,

153 1088 284 1156 quod
325 1087 486 1141 unius
509 1101 629 1141 esse
673 1097 878 1142 naturae
903 1089 1125 1158 angelos
1163 1098 1215 1144 et
1259 1091 1472 1146 animas
1501 1089 1590 1144 ille
1621 1107 1720 1144 au-

155 1174 404 1228 tumarit:
457 1183 510 1228 at
545 1190 646 1243 pro
687 1175 920 1240 meritis,
977 1177 1231 1248 gradibus
1278 1178 1446 1234 fuisse
1489 1179 1718 1237 diversis

144 1267 487 1330 constitutos,
510 1275 565 1320 et
597 1265 745 1320 varia
767 1265 967 1321 obiisse
992 1267 1188 1335 ollicia,
1220 1286 1338 1340 quae
1357 1271 1556 1327 'tamen
1585 1275 1717 1329 sub-

153 1357 264 1411 inde
290 1371 387 1426 pro
409 1357 724 1411 meritorum
759 1361 970 1415 ratione
1001 1373 1393 1427 permutentur,
1419 1363 1498 1418 vel
1552 1365 1714 1423 altius

147 1447 506 1517 ascendendo,
562 1449 648 1504 vel
693 1450 759 1505 ad
820 1450 1076 1506 inferiora
1137 1453 1515 1521 prolabendo:
1556 1467 1718 1526 atque

152 1538 296 1609 hujus
341 1539 730 1597 vicissitudinis
758 1544 962 1613 gradus
1005 1561 1126 1603 esse
1164 1550 1501 1618 angelorum,
1531 1551 1714 1606 homi-

152 1647 265 1685 num
333 1647 397 1686 ae
450 1633 755 1688 daemonum
814 1647 1085 1695 naturam.
1165 1640 1524 1714 Hieronymus
1587 1660 1715 1700 vero

147 1723 444 1796 angelorum
500 1725 718 1795 quidem
762 1739 1010 1784 naturam
1047 1732 1115 1786 ab
1162 1733 1399 1788 humana
1457 1737 1712 1802 secrevit,

151 1816 232 1869 sed
263 1816 441 1870 varios
468 1817 590 1872 illos
615 1820 812 1886 gradus
835 1831 889 1876 et
914 1823 1132 1878 ordines
1164 1825 1373 1894 angelis
1404 1841 1503 1896 pro
1543 1828 1715 1881 virtu-

953 425 1526 485 ORIGENIANORUM
1567 430 1694 486 LIB.
1739 431 1802 496 ll,
1843 431 1997 488 CAP.
2037 435 2105 499 Il,
2139 435 2430 503 QUIEST.
2474 438 2539 497 ν.

155 535 483 594 elesiasticus
507 536 706 608 gradus
726 537 926 594 habeat
951 541 1197 595 ordinem
1244 558 1422 608 suum,
1449 554 1504 599 et
1533 554 1712 600 tamen

1819 562 1954 610 πους
1986 551 2112 622 περὶ
2157 552 2228 605 τὰ
2287 555 2529 624 πρακτέα
2570 558 3019 628 καταγινόμεναι,
3073 565 3273 635 μᾶλλόν

3309 458 3414 514 866

3308 573 3417 624 εἰσι

1821 635 1927 688 τῶν
1947 637 2120 691 ἄλλων
2154 641 2386 711 τρεπταί
2404 659 2417 672 ο
2455 643 2576 695 ὅσαι
2606 643 2662 696 δὲ
2697 645 2766 697 δι’
2792 647 3070 719 ἀκρότητα
3095 652 3310 720 φύσεως
3337 657 3418 729 τῷ

1819 726 1938 798 Θεῷ
1965 729 2105 782 κατὰ
2125 731 2307 802 σχέσιν
2332 733 2716 804 πλησιάζουσι,
2743 738 2836 790 καὶ
2852 742 2916 810 τῇ
2945 741 3135 796 τούτου
3158 749 3421 821 κατανοή-

1826 837 1908 872 σει
1948 821 2009 874 τὸ
2045 824 2310 895 μακάριον
2359 830 2699 898 καρποῦνται
2746 831 2882 901 πρὸς
2936 834 3134 909 ἑαυίτάς
3185 840 3279 892 καὶ
3328 841 3418 894 τὸν

1819 908 1952 965 Θεὸν
1988 913 2146 982 μόνον
2177 915 2574 989 ἐστραμμέναι,
2608 937 2716 974 των
2765 925 2861 992 μὲν
2895 927 3155 994 πρακτῶν
3182 929 3276 982 καὶ
3313 931 3418 1001 τῆς

1820 1002 1951 1075 ὕλης
1974 1006 2316 1062 παντάπασιν
2346 1009 2552 1074 ἑαυτὰς
2584 1012 3056 1085 ἀπηλλοτρίωσαν,
3093 1023 3160 1092 τῇ
3189 1022 3246 1074 δὲ
3283 1023 3418 1078 θεω-

1821 1095 1912 1168 ρίᾳ
1945 1099 2036 1151 καὶ
2067 1099 2145 1170 τῷ
2185 1101 2302 1172 Θεῷ
2345 1105 2796 1174 προσῳκείωσαν,
2833 1107 3084 1178 μένουσιν
3129 1112 3411 1185 ἄτρεπτον..

1824 1210 1844 1244 ι
1868 1189 2105 1246 Rursum
2133 1207 2198 1248 ex
2231 1193 2314 1248 his
2343 1211 2463 1264 qua:
2495 1199 2738 1252 materiae
2783 1211 3036 1270 expertes
3077 1215 3223 1270 sunt,
3265 1224 3417 1276 quae-

1822 1296 2036 1353 cunque
2082 1284 2134 1338 in
2172 1283 2302 1340 locis
2332 1295 2488 1341 terra:
2519 1289 2832 1358 propinquis
2875 1303 3185 1360 versantur,
3232 1297 3302 1352 ob
3323 1314 3414 1354 so-

1820 1373 2069 1428 cietatem
2112 1390 2274 1444 quam
2305 1375 2506 1430 habent
2543 1393 2665 1432 cum
2691 1379 3005 1436 hominibus
3035 1383 3182 1438 circa
3209 1401 3296 1442 res
3331 1404 3416 1458 ge-

1823 1465 2022 1519 rendas
2043 1477 2405 1537 occupantur,
2441 1470 2655 1523 caneris
2687 1472 3063 1528 mutabiliores
3093 1487 3235 1530 sunt.
3261 1478 3414 1544 Quae-

1825 1571 2040 1626 cunque
2064 1568 2245 1612 autem
2271 1571 2491 1628 prepter
2508 1573 2718 1618 natura:
2742 1566 3115 1632 praestantiam
3143 1571 3209 1621 ad
3244 1570 3412 1626 Deum

1820 1662 1916 1717 per
1953 1649 2204 1704 allectum
2243 1653 2529 1718 accedunt,
2572 1666 2627 1710 et
2681 1673 2777 1726 per
2809 1657 2959 1712 illius
3001 1664 3410 1734 contemplatio-

1815 1755 1939 1794 nem
1983 1740 2319 1799 beatitudine
2351 1743 2634 1812 l'ruuntur;
2683 1751 2748 1802 ad
2783 1750 2990 1819 seipsos
3016 1763 3071 1806 et
3123 1755 3289 1810 Deum
3320 1771 3410 1811 so-

1818 1831 1930 1884 lum
1965 1846 2263 1898 conversaa,
2311 1849 2340 1889 a
2369 1836 2530 1892 rebus
2561 1841 2789 1908 agendis
2815 1850 2870 1896 et
2916 1846 3140 1900 materia
3185 1850 3412 1905 omnino

151 1908 278 1963 tibus
309 1920 362 1962 et
413 1912 626 1967 meritis
664 1913 737 1966 ita
793 1915 1094 1984 assignatos
1149 1919 1519 1988 existimavit,
1550 1930 1606 1975 ut
1647 1924 1715 1976 ad
1748 1903 1792 1964 Β
1821 1938 1881 1978 se
1906 1923 2036 1991 ipsae
2065 1936 2454 1994 segregarunt;
2490 1931 2932 2000 contemplationi
2975 1949 3106 1990 vero
3140 1947 3206 1991 et-
3221 1937 3328 1992 Deo
3350 1952 3412 1994 se

151 2001 407 2068 superiora
442 2002 742 2058 etiamnum
785 2007 1050 2076 aspirent,
1082 2018 1133 2064 et
1168 2010 1306 2064 bene
1349 2014 1556 2083 agendo
1590 2028 1713 2084 per-

150 2092 370 2160 veniant,
403 2097 491 2148 vel
540 2097 680 2150 male
708 2098 919 2167 agendo
949 2099 1015 2152 ad
1049 2100 1310 2156 inferiora
1337 2105 1713 2169 devolvantur,

152 2196 198 2238 et
219 2185 301 2240 alii
354 2188 559 2258 aliique
609 2189 693 2243 vel
732 2191 1007 2258 potestati,
1043 2192 1126 2246 vel
1175 2195 1502 2266 principatui
1555 2196 1716 2264 subji-

151 2280 364 2344 ciantur,
402 2280 722 2352 futurasque
748 2283 911 2338 etiam
949 2285 1254 2352 huiusmodi
1283 2290 1712 2358 permutationes

152 2371 196 2424 in
225 2381 506 2435 aeternum,
545 2373 638 2426 sed
669 2375 812 2428 intra
852 2388 1057 2432 natura:
1085 2363 1344 2446 angelicae
1379 2380 1542 2438 lines.

214 2464 432 2531 Angelos
487 2480 629 2535 a‘gre
659 2467 901 2533 quidem,
941 2469 1034 2522 sed
1074 2485 1298 2538 peccare
1338 2480 1516 2526 tamen
1558 2489 1713 2542 posse

153 2556 313 2610 sciscit
359 2557 590 2611 Basilius
638 2559 823 2614 homil.
855 2561 910 2613 in
952 2560 1142 2629 psalm.
1190 2578 1381 2617 xxxii:
1428 2565 1710 2636 Δυσμετα-

151 2646 316 2710 θέτους
343 2644 488 2701 εἶναι
522 2649 656 2720 πρὸς
702 2650 919 2715 κακίαν,
948 2650 1008 2703 τὸ
1043 2651 1268 2722 μόνιμον
1303 2654 1383 2716 εἰς
1413 2654 1613 2727 ἀρετὴν
1644 2660 1710 2729 τῇ

149 2739 303 2810 δωρεᾷ
344 2739 433 2793 τοῦ
491 2741 644 2809 ἁγίου
705 2742 1014 2812 Πνεύματος
1054 2742 1296 2814 ἔχοντας.
1359 2763 1377 2796 ι
1431 2745 1596 2816 IEgre
1643 2749 1710 2801 ad

151 2831 386 2886 malitiam
428 2834 682 2888 converti
727 2848 908 2902 posse,
933 2837 1296 2890 constantiam
1339 2837 1482 2890 illam
1517 2837 1567 2890 in
1604 2837 1714 2891 vir-

152 2931 250 2977 tute
280 2924 545 2978 beneIicio
585 2925 761 2978 sancti
793 2925 1032 2993 Spiritus
1075 2925 1357 2980 habentes.
1385 2945 1405 2980 ι
1442 2926 1713 2982 Maximus

151 3015 197 3068 in
227 3030 338 3084 cap.
371 3016 426 3070 II
483 3015 728 3085 Dionysii
761 3016 835 3069 De
865 3017 1058 3070 emicat.
1099 3017 1388 3082 hierarch.,
1420 3018 1565 3087 quod
1591 3034 1714 3087 gra-

151 3102 225 3155 tiae
244 3103 425 3160 divinae
445 3115 736 3174 acceptum
761 3113 878 3158 erat
907 3103 1270 3171 referendum,
1304 3106 1368 3159 ad
1398 3108 1709 3176 angelorum

151 3192 394 3260 allectum,
424 3205 484 3250 et
513 3205 887 3264 comparatum
910 3198 1193 3265 quemdam
1219 3199 1462 3253 habitum
1504 3199 1704 3264 retulit,

153 3286 274 3351 quod
313 3287 464 3358 plane
510 3286 893 3356 Origenianum
941 3298 1025 3343 est
1061 3307 1073 3342 :
1110 3289 1297 3342 Ἔστιν
1339 3285 1453 3354 οὖν,
1509 3291 1704 3360 inquit,

154 3379 554 3451 ἐπιχειρήσαντα
602 3381 775 3434 εἰπεῖν
818 3380 1074 3444 εὐσεϐῶς,
1109 3383 1191 3435 ὅτι
1224 3384 1250 3435 ὁ
1277 3381 1408 3447 Θεὸς
1447 3381 1706 3455 προειδὼς

154 3469 308 3521 αὐτῶν
334 3471 425 3541 τὴν
462 3471 566 3541 τῆς
599 3471 842 3539 ἐφέσεως
881 3472 1116 3543 κίνησιν,
1148 3472 1240 3526 καὶ
1272 3473 1371 3537 τὰς
1405 3473 1584 3526 αὐτῶν
1609 3474 1707 3528 τά·

156 3560 247 3626 ξεις
266 3563 411 3628 ἀξίας
440 3563 623 3616 αὐτῶν
657 3567 980 3638 παρήγαγεν
999 3580 1011 3594 ⁸
1051 3563 1109 3629 ἐξ
1129 3558 1203 3618 ὧν
1237 3565 1337 3617 οὐκ
1361 3564 1424 3618 ἂν
1448 3565 1592 3618 εἴποι
1624 3584 1710 3631 τις

155 3657 298 3720 αὑτὰς
326 3657 584 3711 δύνασθαι
633 3660 906 3724 ἐκπεσεῖν,
936 3657 1022 3710 διὰ
1065 3658 1162 3730 τὴν
1205 3657 1315 3724 ἕξιν
1349 3658 1468 3713 τινὰ
1509 3660 1711 3730 κτήσα-

157 3745 258 3800 σθαι
287 3749 412 3818 πρὸς
445 3748 508 3802 τὸ
543 3749 765 3817 ἀγαθὸν,
800 3749 889 3801 διὰ
921 3748 1018 3819 τῆς
1061 3748 1198 3816 ἄγαν
1241 3748 1546 3820 Θελήσεωςο
1586 3751 1710 3815 τοὺς

155 3838 200 3892 δὲ
237 3842 506 3910 ἀγγέλους,
552 3843 798 3895 τουτέστι
833 3844 958 3905 τοὺς
1004 3841 1344 3906 τελευταίους
1380 3843 1709 3914 διακόσμους

156 3931 429 4002 ἐνδέχεσθαι
465 3934 617 3997 ἴσως,
651 3935 743 3988 καλ⁸
777 3935 872 3988 ἐπὶ
901 3935 962 3986 τὸ
985 3937 1162 4006 χεῖρον
1211 3935 1518 4007 τραπῆναι·
1559 3932 1710 3989 εἶπεν

156 4023 322 4088 αὐτοὺς
364 4026 468 4097 γὰρ
504 4026 920 4098 περικοσμίους,
953 4027 1010 4092 ἐξ
1043 4019 1117 4078 ὧν
1151 4021 1323 4096 οἶμαι,
1355 4025 1572 4094 καὶτὸν
1592 4025 1711 4080 διά-

156 4113 285 4169 ϐολόν
310 4135 433 4172 ποτε
462 4114 602 4172 εἶναι
633 4120 738 4190 πρὸ
766 4118 859 4172 τοῦ
893 4117 968 4190 μὴ
1006 4120 1280 4170 ἐκπεσεῖν.
1331 4137 1349 4170 ι
1375 4117 1534 4172 Licet
1563 4119 1708 4172 enim

156 4205 227 4273 pie
246 4208 414 4262 dicere
439 4210 690 4280 aggredi,
719 4209 882 4262 Deum
912 4208 1128 4261 illorum
1153 4208 1466 4276 cupiditatis
1507 4218 1709 4262 motum

156 4298 532 4362 praeﬁdentem,
580 4301 798 4354 ordines
833 4300 1046 4354 illorum
1077 4299 1207 4370 ipsis
1247 4299 1440 4367 dignos
1467 4300 1709 4354 induxisr

156 4398 321 4441 sezex
344 4391 539 4458 quilms
585 4406 743 4444 nemo
783 4391 998 4458 quidem
1041 4391 1238 4444 dixerit
1269 4391 1522 4444 excidere
1567 4392 1710 4460 ipsos

156 4486 324 4543 posse;
353 4487 632 4549 propterea
664 4481 804 4547 quod
830 4478 1072 4534 habitum
1093 4481 1378 4548 quemdam
1409 4479 1475 4533 ad
1507 4479 1706 4534 bonum

156 4562 373 4620 obtinent
421 4582 486 4620 ex
549 4567 852 4621 vehementi
905 4567 1178 4621 desiderio
1222 4585 1237 4622 :
1276 4571 1497 4638 angelos
1547 4583 1699 4632 vero,

157 4665 424 4720 postremos
483 4674 678 4728 nempe
716 4659 937 4713 ordines
985 4657 1052 4712 ad
1111 4659 1408 4727 nequitiam
1467 4659 1698 4714 fortasse

157 4749 366 4802 converti
409 4766 584 4820 posse.
627 4751 731 4805 Eos
755 4751 958 4820 quippe
988 4751 1126 4805 dixit
1153 4751 1698 4816 circummundanos;

157 4850 210 4888 ex
233 4839 412 4907 quibus
461 4843 716 4897 existimo
748 4843 920 4897 luisse
953 4843 1242 4912 aliquando
1275 4843 1568 4905 diabolum,
1597 4844 1700 4913 pri-

159 4939 354 4996 usquam
415 4933 755 4988 decideret.»
814 4935 942 4998 Qua:
987 4933 1308 5004 eGregorio
1359 4933 1702 4989 Nazianzeno

159 5018 310 5089 aliqua
360 5039 420 5078 ex
455 5036 609 5092 parte
660 5025 928 5080 Maximus
980 5027 1195 5080 videtur
1227 5025 1568 5080 transtulisse
1603 5044 1617 5080 :
1659 5027 1704 5081 is

158 5111 275 5164 enim
309 5129 422 5169 cum
457 5117 604 5181 alibi,
646 5125 756 5171 tum
798 5127 936 5172 urat.
962 5116 1052 5182 38,
1089 5116 1164 5189 μὴ
1206 5119 1520 5189 ἀκινήτους,
1556 5117 1696 5171 ἀλλὰ

158 5200 471 5276 δυσκινήτους
514 5208 736 5279 angelos
765 5221 884 5262 esse
927 5207 1060 5272 vult,
1087 5207 1226 5276 quod
1260 5222 1287 5259 a
1322 5207 1430 5261 Deo
1454 5207 1608 5259 valde
1635 5207 1704 5261 ob

161 5296 580 5365 propinquitatem
622 5298 1012 5354 illustrentur:
1060 5299 1172 5353 hanc
1219 5307 1398 5351 autem
1447 5297 1703 5353 inferiora

162 5397 260 5450 Qum
289 5389 512 5456 peccatis
537 5388 766 5444 obnoxia
800 5402 955 5456 sunt,
999 5391 1318 5446 secumlaria
1347 5399 1552 5442 tantum
1579 5391 1696 5446 luce

163 5464 267 5523 frui.
291 5470 468 5528 Simile
493 5486 576 5529 est
603 5475 727 5529 illud
757 5477 992 5533 thnesii
1017 5479 1111 5532 lib.
1146 5476 1219 5530 De
1243 5487 1431 5530 natura
1453 5479 1702 5545 hominis,

162 5573 260 5630 cap.
284 5562 340 5616 41
392 5583 404 5619 :
436 5565 600 5620 Πάλιν
638 5567 694 5621 δὲ
728 5569 932 5624 τούτων
962 5570 1071 5624 τῶν
1113 5570 1293 5624 ἀΰλων
1341 5569 1464 5622 ὅσαι
1511 5569 1609 5641 μὲν
1644 5573 1704 5624 ἐν

162 5652 252 5714 τοῖς
277 5657 569 5725 ’περιγείοις
593 5659 698 5712 εἰσὶ
714 5662 780 5732 τῇ
809 5663 1060 5734 κοινωνίᾳ
1081 5663 1146 5733 τῇ
1182 5657 1314 5730 πρὸς
1347 5659 1474 5723 τοὺς
1495 5657 1706 5732 ἀνθρώ-

221 5852 320 5925 (55)
349 5858 587 5931 August,
616 5861 706 5916 lib.
742 5859 816 5915 De
855 5863 1060 5924 Ιιιτνεε.,
1096 5874 1211 5927 cap.
1244 5857 1335 5912 86.

1816 2012 2242 2098 coniunxerunt,
2303 2015 2671 2074 immutabiles
2731 2033 3018 2080 manent.»
3079 2028 3216 2095 Quid
3263 2031 3407 2099 quod

1814 2089 2453 2164 JoannesDamascenns
2478 2107 2572 2164 lib.
2603 2125 2660 2164 III
2696 2110 2775 2166 De
2803 2115 3014 2170 orthod.
3045 2089 3165 2185 ﬁd.,
3194 2089 3314 2190 cap.
3350 2120 3408 2189 4,

1814 2197 2066 2266 angelum
2121 2213 2248 2254 eum
2308 2215 2566 2268 peccasse
2613 2212 2670 2257 et
2714 2204 2765 2257 in
2802 2215 3065 2262 tartarum
3129 2211 3408 2269 detrusum

1817 2285 1990 2342 fuisse
2026 2288 2204 2356 docet,
2259 2291 2348 2360 qui
2388 2295 2660 2349 terrestris
2681 2295 2889 2352 ordinis
2929 2301 3293 2369 principatum
3326 2313 3408 2359 te«-

1816 2380 1998 2442 nebat,
2047 2382 2241 2451 cuique
2277 2385 2654 2440 custodiendae
2701 2396 2859 2443 terrae
2889 2404 3016 2444 cura
3052 2406 3081 2445 a
3116 2393 3223 2448 Deo
3260 2410 3408 2450 com-

1815 2467 1978 2521 missa
2013 2466 2232 2523 fuerat?
2285 2470 2771 2527 Germanissimum
2823 2490 2957 2529 vero
3007 2477 3404 2548 Origenismum

1813 2561 2030 2629 sapiunt
2059 2562 2144 2615 illa
2190 2563 2399 2632 Evagrii
2428 2582 2442 2618 :
2478 2564 2744 2621 Ἕκαστον
2771 2567 2958 2638 τάγμα
3001 2569 3109 2622 τῶν
3138 2571 3404 2642 οὐρανίων

1811 2650 2114 2722 δυνάμεων,
2148 2653 2181 2725 ἢ
2210 2653 2329 2707 ὅλον
2357 2654 2421 2708 ἐκ
2445 2655 2552 2708 τῶν
2588 2656 2764 2725 κάτω,
2801 2659 2833 2730 ἢ
2863 2659 2981 2714 ὅλον
3012 2662 3102 2714 ἐπὶ
3134 2662 3239 2716 τῶν
3270 2665 3402 2729 ἄνω,

1812 2741 1845 2812 ἢ
1875 2744 1939 2796 ὲκ
1971 2744 2079 2797 τῶν
2104 2744 2216 2798 ἀνω
2265 2748 2360 2801 καὶ
2392 2747 2612 2801 ἐπὶτῶν
2633 2751 2784 2804 κάτω
2812 2752 3130 2823 συνέστηκε.
3179 2774 3197 2806 ι
3227 2753 3406 2811 Unus-
3492 2764 3498 2771 '

1813 2837 2049 2906 quisque
2079 2839 2212 2894 ordo
2240 2841 2497 2894 virtutum
2523 2843 2855 2910 caelestium,
2881 2856 2975 2900 aut
3003 2856 3147 2902 totus
3169 2863 3236 2903 cx
3268 2849 3404 2905 infe-

1816 2926 2080 2991 rioribus,
2108 2939 2204 2983 aut
2236 2939 2381 2987 totus
2409 2946 2471 2986 ex
2518 2936 2910 3004 superioribus,
2952 2940 3032 2992 vel
3057 2955 3121 2994 ex
3157 2943 3404 3011 superio.

1814 3017 1969 3072 ribus
2005 3029 2059 3072 et
2114 3020 2464 3078 inferioribus
2493 3034 2727 3079 constat.
2755 3046 2774 3078 ι
2831 3028 2996 3084 Multo
3058 3046 3184 3086 vero
3231 3035 3401 3104 magis

1812 3107 1901 3164 illa
1932 3127 1948 3166 :
1997 3109 2086 3175 Ἐξ
2121 3112 2418 3185 ἀγγελικῆς
2446 3119 2832 3182 καταστάσεως
2878 3122 2969 3175 καὶ
3003 3124 3400 3197 ἀρχαγγελικῆς

1810 3198 2016 3272 ψυχικὴ
2058 3204 2392 3269 κατάστασις
2415 3207 2657 3274 γίνεται·
2693 3210 2756 3263 ἐκ
2788 3210 2844 3264 δὲ
2875 3213 2973 3282 τῆς
3012 3213 3249 3287 ψυχικῆς
3287 3218 3402 3271 δαι-

1813 3292 2076 3363 μονιώδης
2110 3295 2202 3348 καὶ
2243 3296 2558 3370 ἀνθρωπίνη
2582 3317 2594 3330 ·
2633 3303 2699 3354 ἔκ
2723 3301 2778 3356 δὲ
2809 3304 2908 3375 τῆς
2939 3307 3285 3380 ἀνθρωπίνης
3311 3309 3384 3378 ἀγ

1809 3382 1955 3452 γελοι
1986 3385 2147 3440 πάλιν
2176 3388 2270 3440 καὶ
2295 3387 2550 3460 δαίμονες
2580 3391 2842 3460 γίνονται.
2885 3416 2902 3447 ι
2933 3396 3008 3451 Ex
3036 3400 3284 3470 angelico
3309 3417 3401 3456 or-

1811 3473 1958 3541 dine,
1986 3488 2040 3530 et
2068 3479 2449 3549 archangelico
2471 3482 2722 3537 animalis
2745 3486 2880 3539 ordo
2908 3487 3121 3541 exsistit
3149 3505 3164 3542 :
3194 3503 3261 3543 ex
3287 3491 3376 3544 ani

1812 3568 1936 3621 tnali
1963 3575 2141 3623 autem
2197 3570 2564 3628 daamoniacus
2592 3584 2646 3628 et
2695 3576 2966 3633 humanus
3019 3594 3130 3633 :ex
3161 3582 3400 3639 humano

1810 3666 1988 3711 autem
2024 3660 2200 3728 angeli
2246 3677 2432 3718 rursus
2459 3663 2844 3737 daemonesque
2865 3669 3022 3726 ﬁunt.
3051 3690 3069 3721 ι
3102 3670 3401 3744 Utrumque

1812 3747 1990 3803 locum
2037 3752 2251 3806 adducit
2281 3752 2550 3811 Maximus
2580 3757 2632 3811 in
2672 3774 2792 3827 cap.
2829 3760 2862 3814 6
2923 3761 3159 3834 Dimaysii
3198 3764 3274 3818 De
3314 3782 3400 3820 ec-

1811 3839 1934 3893 διεδ.
1966 3842 2229 3895 liierarch.
2263 3843 2433 3899 Favet
2479 3846 2655 3901 eidem
2697 3851 2936 3920 opinioni
2970 3854 3036 3908 de
3084 3856 3397 3924 angelorum

1812 3933 2190 4000 progressibus
2242 3944 2294 3988 et
2335 3940 2786 3995 conversionibus
2836 3947 3099 3997 sententia
3152 3949 3396 4014 quaadam

1813 4021 2147 4078 Tertulliano
2179 4026 2246 4079 ab
2275 4025 2578 4098 Augustino
2618 4029 2732 4100 (55)
2787 4032 2991 4097 afﬁcta,
3036 4052 3156 4105 qum
3191 4040 3398 4096 animas

1814 4113 2091 4167 hominum
2120 4130 2354 4184 nequam
2380 4129 2500 4185 post
2523 4132 2754 4176 mortem
2794 4124 2845 4176 in
2872 4125 3144 4182 daemones
3173 4143 3397 4184 c0nver-

1811 4216 1929 4258 Sum
1969 4202 2033 4255 iri
2073 4203 2333 4258 decernit.
2377 4207 2696 4277 Quanquam
2730 4211 2782 4265 in
2817 4212 3258 4272 Tertullianistas
3285 4221 3398 4274 cria

1812 4310 1932 4347 men
1967 4295 2107 4348 istud
2137 4295 2348 4351 derivat
2377 4299 2614 4355 Isidorus
2640 4302 2732 4356 lib.
2765 4320 2858 4359 vnt
2899 4304 3132 4377 0rigin.,
3185 4326 3302 4379 cap.
3337 4311 3394 4367 6.

1812 4381 1910 4437 llic
1958 4387 2072 4452 ipse
2104 4401 2263 4454 quem
2313 4389 2434 4443 dico
2464 4387 2805 4458 Ilispalensis
2849 4394 3087 4452 Isidorus
3141 4402 3395 4456 nonnulla

1813 4473 1974 4527 habet
2013 4475 2416 4545 Origenismum
2460 4481 2661 4537 olentia
2706 4484 2802 4540 lib.
2834 4488 3161 4558 vnOrigin.,
3187 4507 3305 4561 cap.
3341 4493 3395 4557 5,

1816 4565 2179 4633 «Αηεριοτιιιη
2237 4578 2416 4622 autem
2461 4572 2806 4640 vocabulum,
2856 4577 3014 4633 otiicii
3059 4596 3253 4637 nomen
3291 4593 3396 4646 est,

1809 4669 1915 4707 non
1955 4663 2180 4722 naturae,
2209 4676 2229 4710 ι
2275 4659 2429 4726 cuius
2465 4666 2799 4731 pronuntiati
2850 4670 3114 4725 rationem
3149 4673 3287 4728 hanc
3318 4675 3397 4728 af-

1809 4741 1932 4808 fert,
1978 4763 1996 4794 ι
2027 4743 2255 4814 Semper
2282 4747 2426 4801 enim
2469 4751 2695 4818 spiritus
2727 4763 2875 4820 sunt,
2907 4757 3001 4811 sed
3031 4775 3151 4812 cum
3179 4761 3396 4814 mittun-

1811 4843 1914 4894 tur,
1957 4845 2223 4889 vocantur
2255 4837 2453 4906 angeli.
2483 4858 2502 4892 ι
2565 4839 2720 4909 Vere,
2751 4843 2843 4898 sed
2878 4845 2945 4899 de
2981 4849 3198 4901 nomine
3245 4865 3397 4918 quaa-

1809 4931 2040 4984 stionem
2073 4933 2235 4986 habet
2263 4931 2522 4990 Isidorus.
2551 4933 2814 5006 Origenes
2840 4947 3020 4992 autem
3044 4941 3288 5004 eamdem
3320 4941 3395 4993 lo-

1805 5023 2078 5076 cutionem
2137 5023 2240 5076 alio
2274 5039 2435 5078 sensu
2475 5033 2791 5097 usurpavit;
2837 5029 2889 5083 id
2918 5030 3060 5082 enim
3095 5031 3195 5084 sibi
3228 5033 3394 5086 voluit

1807 5125 2030 5167 naturas
2073 5113 2195 5168 illas
2220 5130 2338 5183 qu:e
2388 5118 2628 5186 angelica
2669 5119 2930 5188 dignitate
2963 5119 3234 5181 fruuntur,
3283 5138 3389 5177 non

1806 5203 1858 5257 id
1898 5202 2158 5257 natalium
2204 5204 2324 5274 jure
2360 5205 2531 5262 fuisse
2565 5221 2908 5277 consecutas,
2958 5211 3052 5267 sed
3100 5212 3392 5270 virtutibus

1805 5296 1917 5349 suis
1936 5296 2100 5351 fuisse
2116 5299 2459 5365 promeritas.
2482 5301 2676 5354 Subdit
2697 5302 2888 5356 deinde
2907 5302 3176 5360 Isidorus:
3207 5323 3226 5356 ι
3257 5304 3394 5360 Uni-

1807 5387 2003 5456 cuique
2061 5387 2246 5452 etiam,
2305 5388 2444 5443 sicut
2489 5388 2936 5458 przedictumesl,
2968 5392 3183 5459 propria
3216 5392 3388 5445 cilicia

1808 5486 1934 5530 sunt
1970 5474 2236 5544 iniuncta,
2266 5493 2386 5546 qua:
2417 5493 2511 5533 eos
2548 5480 2913 5547 promeruisse
2956 5481 3010 5536 in
3047 5483 3230 5538 mundi
3263 5498 3393 5538 con-

1807 5570 2183 5624 statexordio.
2210 5588 2228 5620 ι
2266 5570 2432 5625 Plane
2480 5571 2835 5642 Ωριγενικῶς.

1885 5657 2042 5714 XVII.
2080 5659 2190 5716 Nec
2229 5659 2505 5734 sull‘ragiis
2537 5663 2714 5730 modo,
2743 5663 2838 5718 sed
2873 5663 3080 5719 ratione
3108 5662 3270 5718 etiam
3301 5678 3390 5733 pu-
