3916 6536
447 435 555 492 867

1741 428 1804 490 P.
1845 427 2160 484 DANIELIS
2197 424 2434 481 HUETII

3614 411 3726 467 868

447 565 615 622 gnere
671 559 849 620 potest
873 545 1160 617 Origenes,
1195 553 1251 599 et
1309 544 1490 614 aliqua
1535 543 1728 600 saltem
1780 545 2040 599 doctrinae
2071 553 2119 608 Α
2151 543 2268 597 dem
2296 543 2499 610 absque
2533 537 2783 595 Ecclesia:
2815 550 2915 604 0pe
2970 534 3296 590 intellexisse
3343 547 3360 587 :
3399 529 3731 622 cognovisse
3785 554 3787 556 -

446 657 562 695 sum
595 641 767 707 capita
794 639 1098 693 defendere.
1124 636 1256 690 Nam
1285 637 1534 690 ordinum
1557 638 1894 706 etgraduum
1919 636 2032 698 illa,

447 749 609 804 quam
643 731 777 796 dixi,
832 730 1164 799 permutatio
1205 737 1435 783 eatenus
1480 729 1689 782 admitti
1747 737 1944 798 potest,
1989 729 2033 782 si

448 833 670 880 servato
704 833 1017 877 naturarum
1053 823 1108 877 in
1157 821 1466 876 hominibus
1498 829 1553 874 et
1593 821 1800 891 angelis
1843 821 2039 876 discri-

449 913 614 977 mine,
645 912 894 967 homines
931 928 1030 982 per
1064 913 1317 982 gratiam,
1341 926 1529 980 parem
1570 911 1776 981 angelis
1807 912 2038 966 beatitu-

449 1004 592 1059 dinis
645 1013 700 1058 et
732 1005 916 1076 gloria:
969 1005 1195 1074 gradum
1243 1005 1499 1075 consequi
1551 1019 1710 1075 posse
1766 1004 2033 1058 dicamus.

447 1094 651 1151 Probat
677 1107 856 1152 autem
884 1097 1026 1152 istud
1059 1097 1336 1164 angelicus
1383 1099 1571 1152 doctor
1594 1106 1736 1166 part.
1767 1112 1806 1159 I,
1839 1103 2031 1164 quaest.

447 1186 575 1252 108,
611 1200 776 1256 atque
818 1187 949 1241 illud
991 1203 1112 1243 esse
1152 1187 1304 1254 dicit,
1354 1205 1375 1238 ι
1401 1187 1660 1242 Homines
1707 1187 1775 1241 ad
1818 1187 2037 1242 ordines

447 1278 762 1347 angelorum
792 1280 1015 1334 assumi.
1053 1297 1073 1330 ι
1108 1278 1246 1332 Huic
1277 1294 1404 1332 vero
1441 1279 1747 1348 Hieronymi
1777 1278 2034 1334 crimina-

447 1369 608 1433 tioni,
633 1384 740 1439 qua
771 1384 835 1423 eo
863 1383 1209 1438 progressum
1241 1361 1529 1438 Origenem
1553 1371 1820 1439 queritur,
1860 1378 1920 1422 ut
1948 1384 2036 1421 ra-

449 1461 615 1514 tionis
638 1461 931 1530 participes
955 1460 1168 1512 animas
1194 1458 1245 1511 in
1283 1460 1562 1514 hrutorum
1592 1474 1822 1529 corpora
1858 1458 2038 1514 devol-

447 1551 501 1604 vi
528 1551 778 1620 opinatus
806 1551 898 1613 sit,
929 1549 1128 1618 opponi
1157 1559 1342 1614 posset
1367 1550 1494 1604 illud
1516 1549 1770 1620 Origenis
1797 1550 2039 1603 testimo-

451 1643 600 1696 nium
631 1659 661 1697 e
689 1645 781 1697 lib.
803 1660 824 1698 ι
859 1643 993 1712 Περὶ
1031 1641 1252 1710 ἀρχῶν,
1287 1658 1406 1712 cap.
1446 1643 1499 1707 7,
1533 1661 1682 1698 num.
1713 1643 1768 1709 4,
1801 1657 1920 1711 pag.
1947 1641 2034 1706 76,

452 1733 554 1788 nisi
589 1734 767 1787 Ruﬁni
801 1735 1120 1802 interpretis
1155 1736 1314 1790 dubia
1340 1748 1487 1790 esset
1523 1737 1694 1790 fides:
1736 1753 1755 1786 t
1781 1735 1872 1789 Illa
1907 1748 2040 1788 sane

452 1839 553 1879 nos
583 1841 918 1894 nequaquam
950 1827 1258 1896 recipienda
1286 1843 1595 1890 censemus,
1623 1843 1742 1896 qua:
1775 1836 1831 1881 et
1859 1842 1888 1879 a
1921 1827 2042 1894 qui-

2137 647 2266 688 vere
2317 645 2415 700 per
2473 629 2768 684 Ecclesiam
2830 626 3242 690 lncarnationis,
3306 621 3729 690 redemptionis,

2139 725 2317 780 crucis
2378 733 2434 780 et
2469 723 2658 777 mortis
2701 719 2905 776 Christi
2964 719 3242 789 mysteria.
3284 715 3425 770 Tum
3468 713 3733 769 dubitans

2137 815 2390 888 proponit
2420 813 2614 883 ecquid
2651 813 2703 866 in
2736 809 2974 865 Ecclesia
3003 825 3123 880 qua:
3147 807 3351 864 Christi
3383 819 3592 874 corpus
3621 813 3728 862 est.

2138 918 2321 978 utpote
2337 905 2454 974 ejus
2479 919 2699 973 Sponsa,
2719 917 2971 970 sponsum
2993 902 3167 971 ipsum
3192 901 3463 954 hactenus
3491 897 3596 950 sibi
3624 910 3730 949 non

2137 999 2311 1052 visum
2345 995 2746 1065 conspexerint.
2787 991 3206 1063 Cbrysostomns
3260 1001 3551 1061 praeterea,
3607 1002 3731 1042 cum

2141 1090 2290 1153 alibi,
2315 1099 2428 1144 tum
2479 1097 2832 1142 memoratam
2877 1085 3025 1141 Pauli
3079 1083 3410 1138 sententiam
3446 1093 3734 1134 commen-

2139 1179 2294 1234 tariis
2329 1177 2443 1232 suis
2469 1177 2761 1240 illustrans,
2797 1176 3000 1247 liquido
3023 1170 3512 1241 declaratangelos
3543 1184 3730 1223 rerum

2137 1274 2236 1327 sibi
2293 1281 2450 1324 antea
2499 1269 2833 1324 occultarum
2883 1279 2940 1324 et
2984 1267 3289 1337 ignotarum
3364 1263 3623 1318 notitiam
3666 1275 3732 1314 ex

2139 1365 2256 1435 ipso
2283 1363 2657 1433 apostolorum
2723 1375 2821 1415 ore
2863 1371 3230 1428 comparasse,
3265 1367 3321 1410 et
3347 1357 3403 1409 in
3450 1354 3520 1408 iis
3570 1353 3736 1406 rebus

2139 1457 2463 1526 praecipuam
2497 1454 2664 1509 fuisse
2704 1452 2945 1522 gentium
2985 1448 3271 1505 adChristi
3303 1448 3465 1502 fidem
3497 1459 3733 1499 conver-

2139 1553 2369 1616 sionem,
2416 1547 2624 1617 angelis
2663 1555 2819 1600 antea
2861 1545 3190 1614 ignoratam.
3228 1541 3461 1595 Accedit
3489 1539 3559 1591 ad
3586 1552 3737 1591 eam-

2141 1643 2260 1698 dem
2287 1641 2597 1711 opinionem
2657 1637 3017 1707 Hieronymus
3064 1635 3156 1688 lib.
3188 1650 3225 1688 ιι
3258 1634 3314 1686 in
3358 1632 3538 1699 Epist.
3568 1631 3638 1682 ad
3665 1628 3737 1683 E-

2139 1733 2309 1802 phes.,
2339 1747 2461 1802 cap.
2495 1746 2575 1793 ιιι,
2616 1743 2670 1782 v.
2705 1729 2793 1793 l0,
2835 1737 2893 1781 et
2927 1724 3275 1794 multiplicem
3317 1723 3465 1777 illam
3511 1723 3735 1792 sapien-

2143 1826 2271 1880 tiam
2311 1822 2518 1894 angelis
2558 1823 2861 1892 ignoratam
2891 1819 3016 1873 vita:
3041 1816 3244 1872 Christi
3299 1815 3580 1889 mysteriis
3607 1829 3742 1870 con—

451 1917 682 1972 busdain
713 1919 986 1988 superﬂuo
1031 1921 1115 1973 vel
1167 1920 1368 1990 requiri
1404 1921 1487 1973 vel
1533 1921 1702 1975 astrui
1747 1920 1943 1984 solent,
1985 1918 2037 1972 id
2068 1904 2110 1958 Β
2141 1915 2298 1970 tineri
2327 1915 2506 1969 docet.
2530 1911 2641 1968 Hos
2675 1912 2765 1966 alii
2797 1909 3106 1978 complures
3133 1909 3304 1963 secuti
3337 1917 3484 1962 sunt.
3516 1908 3586 1961 At
3613 1923 3738 1960 cum

451 2015 556 2071 est,
594 2010 738 2076 quod
785 2009 978 2061 aniune
1018 2009 1070 2062 in
1100 2019 1306 2062 tantum
1346 2009 1426 2063 sui
1461 2009 1746 2063 decessum
1789 2007 2036 2074 veniant,

456 2110 515 2154 ut
546 2111 751 2154 naturae
781 2101 1063 2155 rationalis
1090 2117 1151 2155 ac
1179 2100 1460 2171 dignitatis
1483 2101 1663 2155 oblitae
1689 2101 1849 2155 etiam
1880 2100 1932 2152 in
1957 2114 2040 2153 or-

455 2190 640 2246 dinem
690 2191 1141 2245 irrationahiliutn
1175 2192 1553 2258 animantium,
1602 2190 1685 2244 vel
1721 2189 2036 2252 bestiarum,

454 2283 537 2338 vel
566 2284 833 2353 pecudum
883 2284 1242 2338 devolvantur
1411 2284 1541 2350 Qua:
1586 2299 1685 2338 nos
1722 2297 1826 2336 non
1866 2284 2036 2337 solum

454 2389 561 2429 non
621 2376 987 2444 suscipimus;
1017 2377 1108 2431 sed
1137 2387 1190 2430 et
1219 2393 1412 2432 omnes
1437 2379 1533 2430 has
1581 2365 1910 2431 assertiOnes
1947 2389 2040 2429 eo-

455 2481 575 2520 rum
615 2477 804 2520 contra
841 2467 995 2520 fidem
1028 2478 1269 2524 nostram
1306 2469 1587 2524 venientes
1633 2465 1928 2520 refutamus
1955 2475 2038 2519 at-

455 2572 562 2626 que
585 2559 908 2626 respuinms.
941 2577 959 2610 ι
999 2562 1173 2629 Atque
1221 2561 1335 2615 haec
1365 2559 1703 2615 enucleatius
1752 2570 2041 2627 perseque—

455 2663 582 2702 mur
619 2647 777 2709 infra,
814 2665 935 2703 cum
973 2647 1226 2720 Origenis
1257 2652 1323 2704 de
1377 2648 1839 2719 metempsychosi
1874 2645 2040 2700 docu-

361 2731 370 2739 ’
456 2748 636 2794 menta
664 2741 1050 2797 scrutabimur.

529 2831 607 2886 Ex
634 2833 1002 2901 superioribus
1041 2833 1350 2888 Adamantii
1377 2834 1524 2888 circa
1557 2831 1783 2901 angelici
1830 2829 2041 2884 arbitrii

457 2921 791 2989 libertatem,
846 2934 902 2979 et
949 2926 1247 2980 etiamnum
1295 2937 1730 2995 perseverantem
1781 2927 1918 2978 bene
1958 2920 2041 2974 vel

459 3012 602 3067 male
624 3015 815 3084 agendi
845 3014 1155 3069 facultatem
1185 3017 1397 3086 placitis
1428 3015 1769 3070 consectaria
1794 3014 2044 3068 videntur

461 3105 549 3159 illa
577 3105 720 3172 duo;
751 3107 978 3162 aliorum
1021 3107 1514 3172 adhortationibus,
1545 3109 1826 3178 exemplis,
1873 3118 1925 3162 et
1957 3107 2040 3160 in-

457 3198 838 3255 ititutionibus
865 3201 931 3253 ad
974 3201 1199 3255 meliora
1234 3200 1500 3269 prolicere
1530 3216 1690 3271 posse
1717 3200 1959 3268 angelos,
1990 3207 2044 3251 et

461 3290 653 3344 mortis
671 3289 874 3345 Christi
907 3291 1170 3347 beneﬁcio
1192 3291 1426 3362 gaudere
1450 3309 1464 3356 ;
1493 3292 1741 3354 alterum,
1774 3300 2046 3360 gestorum

461 3383 728 3436 rationem
755 3383 886 3437 olim
915 3386 1239 3448 reddituros,
1271 3392 1324 3437 et
1343 3394 1587 3438 extremo
1608 3383 1843 3438 examini
1875 3398 1940 3437 ac
1959 3380 2047 3451 ju-

459 3472 606 3527 dicio
641 3475 919 3529 subditum
960 3477 1051 3530 iri.
1118 3475 1274 3530 Prius
1330 3475 1460 3529 illud
1499 3475 1692 3544 partim
1727 3474 1840 3544 jam
1881 3489 2044 3544 supra

462 3566 766 3634 attigimus,
824 3583 943 3621 cum
994 3583 1278 3637 ageremus
1317 3568 1393 3632 de
1446 3567 1716 3620 taxatione
1771 3567 2048 3635 sanguinis

461 3651 664 3708 Christi
715 3655 801 3724 (ιιι
852 3657 1182 3712 sebolastico
1215 3672 1366 3710 more
1417 3655 1630 3727 loquar)
1679 3665 1730 3710 et
1765 3666 1945 3710 utrum
1981 3655 2047 3709 ad

464 3746 690 3814 angelos
726 3746 879 3804 effusi
909 3748 1114 3804 Christi
1145 3750 1426 3820 sanguinis
1458 3750 1687 3818 gratiam
1725 3764 2048 3819 prorogare-

463 3839 537 3893 rit
564 3837 827 3908 Origenes
859 3858 1256 3910 qumreremus.
1284 3841 1439 3896 Nunc
1467 3857 1599 3896 vero
1622 3841 1818 3911 ecquid
1854 3841 2048 3896 alienis

465 3929 754 3999 praeceptis
789 3931 1072 3986 informari
1111 3947 1232 3996 eos,
1277 3943 1334 3985 et
1364 3932 1428 3984 ad
1463 3931 1716 3984 virtutem
1750 3931 1935 4001 arrigi.
1963 3930 2048 3986 vel

468 4017 910 4076 institutionibus
959 4023 1164 4076 erudiri
1198 4023 1581 4089 autumaverit,
1627 4025 2044 4094 perpendamus.

537 4107 718 4164 XVIII.
746 4111 894 4165 Pauli
935 4111 1165 4182 apostoli
1198 4113 1266 4166 ad
1300 4113 1563 4180 Ephesios
1611 4113 1904 4168 scribentis
1929 4128 2047 4167 ver-

462 4203 531 4259 ba
565 4204 680 4258 haec
706 4213 836 4259 sunt
860 4205 907 4237 ’⁸
933 4223 947 4258 :
981 4225 999 4256 ι
1024 4203 1153 4259 Mihi
1195 4205 1438 4259 omnium
1468 4214 1780 4258 sanctorum
1823 4205 2046 4258 minimo

464 4302 587 4354 data
626 4307 707 4353 est
739 4297 910 4367 gratia
941 4298 1056 4352 haec
1094 4299 1147 4350 in
1177 4299 1449 4366 gentibus,
1486 4297 1866 4368 evangelizare
1898 4299 2045 4352 inve-

467 4392 749 4460 Stigabiles
786 4391 1001 4445 divitias
1029 4390 1257 4454 Christi,
1295 4401 1349 4445 et
1378 4391 1680 4445 illuminare
1706 4406 1895 4445 omnes
1925 4405 2043 4460 quae

464 4482 537 4537 sit
571 4484 902 4552 dispensatio
956 4485 1290 4536 sacramenti
1321 4483 1618 4536 absconditi
1669 4498 1698 4535 a
1747 4482 1958 4538 saxulis
1991 4483 2042 4535 in

466 4572 576 4628 Deo
611 4575 703 4644 qui
735 4575 914 4628 omnia
955 4576 1182 4638 creavit,
1227 4584 1284 4628 ut
1322 4575 1628 4628 innotescat
1664 4589 1804 4628 nunc
1841 4574 2042 4642 princi-

464 4666 680 4735 patibus
705 4676 764 4721 et
789 4667 1149 4736 potestatibus
1189 4668 1242 4720 io
1273 4665 1590 4720 coelestibus
1618 4681 1713 4735 per
1739 4665 2040 4719 Ecclesiam

467 4757 814 4813 multiformis
862 4759 1121 4828 sapientia
1159 4758 1278 4812 Dei.
1304 4776 1321 4808 ι
1366 4755 1490 4810 Haec
1525 4756 1763 4825 antiquis
1793 4755 2046 4810 Ecclesiae

467 4847 720 4906 Patribus
751 4865 972 4905 causam
1005 4849 1294 4911 dederunt,
1337 4861 1435 4901 cur
1479 4847 1760 4900 crederent
1785 4846 2047 4916 pleraque

467 4945 561 4998 Dei
591 4944 848 5014 mystcria
907 4940 1130 5009 angelos
1165 4956 1262 5009 per
1288 4939 1587 4994 Ecclesiam
1631 4938 1905 5002 didicisse,
1937 4956 2042 4994 non

465 5053 527 5093 ea
554 5037 768 5107 quidem
809 5051 929 5105 qua:
967 5034 1059 5090 Dei
1107 5045 1316 5088 natura:
1353 5032 1661 5086 necessario
1706 5031 1924 5097 insunt;
1957 5032 2044 5085 illa

467 5129 728 5198 siquidem
767 5136 1138 5196 cognoverunt
1184 5140 1396 5190 omnes,
1443 5140 1566 5178 cum
1613 5123 1780 5177 semel
1823 5124 1888 5178 iis
1917 5140 2047 5178 con-

469 5218 652 5273 tuendi
700 5218 792 5272 Dei
826 5217 1057 5272 facultas
1111 5231 1375 5271 concessa
1421 5225 1537 5280 est;
1578 5215 1675 5270 sed
1719 5231 1838 5286 qua:
1875 5215 2047 5271 libere

469 5309 612 5364 Deus
649 5318 701 5362 et
750 5308 1052 5363 forinsecus
1083 5319 1364 5378 Operatur,
1390 5323 1574 5363 eorum
1612 5307 1828 5361 demum
1863 5309 2049 5376 cogni-

467 5405 664 5454 tionem
694 5398 859 5454 fuisse
880 5414 974 5467 per
1000 5400 1296 5455 Ecclesiam
1321 5400 1563 5470 adeptos.
1588 5398 1883 5470 Gregorius
1911 5399 2046 5470 Nys-

465 5506 628 5544 senus
657 5490 842 5544 homil.
866 5491 899 5545 8
933 5493 988 5545 in
1014 5492 1224 5550 Cantic.
1273 5493 1345 5545 ita
1379 5491 1524 5545 Pauli
1564 5491 1739 5544 locum
1784 5492 2048 5560 interpre-

470 5590 635 5646 tatur,
663 5599 926 5637 summam
955 5596 1010 5638 et
1032 5585 1408 5638 admirabilem
1442 5583 1533 5638 Dei
1566 5593 1909 5653 potestatem,
1940 5599 2042 5651 qua

466 5677 646 5729 Omnia
679 5677 746 5732 de
789 5677 958 5731 nihilo
995 5676 1112 5731 solo
1149 5680 1316 5732 verbo
1371 5678 1629 5739 condidit,
1662 5676 1884 5746 angelos
1921 5676 2045 5742 qui-

539 5787 584 5816 "
611 5786 808 5854 Ephes.
833 5803 916 5851 ιιι,
957 5789 1128 5842 8-10.⁴
1192 5791 1238 5824 ²⁹
1274 5790 1429 5844 Deut.
1458 5803 1630 5852 xxxii,
1660 5788 1710 5842 1.

1789 5787 1834 5818 ³⁸
1863 5786 2001 5840 Psal.
2033 5799 2279 5849 cxxxvn,
2328 5789 2381 5844 1.

470 5851 515 5884 ³⁸
542 5851 709 5924 Apoc.
765 5873 826 5924 ιι,
858 5873 980 5913 vers
1026 5859 1079 5924 I,
1115 5859 1169 5914 4.
1245 5861 1291 5893 “
1311 5861 1441 5915 ibid.
1470 5859 1553 5914 14.
1618 5851 1675 5890 ί³⁸
1705 5858 1895 5913 Matth.
1925 5857 2158 5925 xxx-,il.

2142 2007 2382 2060 nonnulli
2425 2021 2492 2059 ex
2538 2004 2604 2059 iis
2645 2005 2724 2058 sic
2757 2002 2998 2057 eruditos
3041 2000 3375 2055 crediderint
3421 2015 3519 2068 per
3550 1999 3741 2052 Eccle-

2142 2099 2276 2153 siam
2305 2100 2560 2168 angelos,
2605 2097 2758 2166 quasi
2791 2109 2974 2148 rerum
3019 2101 3186 2149 testes
3214 2103 3271 2147 et
3300 2093 3581 2155 conscios,
3620 2106 3744 2160 quae

2142 2191 2410 2245 sententia
2448 2192 2515 2244 ad
2547 2189 2834 2245 veritatem
2883 2188 3106 2257 propius
3153 2185 3402 2248 accedit_;
3434 2183 3530 2236 alii
3581 2181 3741 2251 quasi

2142 2281 2480 2351 discipulos;
2523 2282 2838 2351 posterioris
2863 2281 3024 2349 hujus
3050 2279 3318 2348 dogmatis
3349 2286 3547 2330 auctor
3571 2273 3743 2329 fuisse

2141 2375 2358 2429 videtur
2405 2374 2685 2444 Origenes.
2734 2374 2826 2429 Sic
2877 2374 3018 2428 enim
3068 2383 3287 2444 perorat
3336 2370 3532 2426 homil.
3577 2369 3646 2422 εδ
3679 2367 3738 2420 in

2141 2463 2276 2518 Luc.
2303 2481 2323 2519 :
2363 2483 2384 2516 ς
2410 2465 2577 2519 Docet
2623 2465 2786 2534 igitur
2832 2462 3083 2518 Salvator
3121 2473 3323 2529 noster,
3379 2471 3436 2515 et
3493 2459 3741 2529 Spiritus

2142 2567 2362 2613 sanctus
2409 2559 2500 2628 qui
2552 2559 2766 2614 locutus
2797 2569 2884 2614 est
2945 2559 2997 2612 in
3053 2557 3352 2626 prophetis,
3400 2569 3512 2608 non
3561 2553 3740 2606 solum

2143 2650 2413 2714 homines,
2456 2650 2550 2704 sed
2581 2649 2741 2705 etiam
2777 2651 2995 2720 angelos
3018 2658 3072 2704 et
3126 2649 3358 2703 virtutes
3408 2643 3739 2700 inrisibi'es.

2143 2740 2280 2808 Quid
2327 2741 2520 2812 loquar
2563 2743 2629 2797 de
2669 2743 2993 2799 Salvatore?
3035 2741 3316 2810 Propheta:
3369 2753 3592 2809 quoque
3638 2737 3743 2805 ipsi

2141 2845 2198 2890 et
2224 2835 2477 2905 apostoli,
2525 2852 2686 2891 omne
2745 2838 2888 2906 quod
2932 2842 3209 2897 resonant,
3253 2847 3363 2887 non
3406 2831 3586 2884 solum
3639 2830 3745 2883 ho-

2144 2925 2400 2992 minibus,
2447 2928 2542 2981 sed
2581 2936 2632 2981 et
2676 2928 2884 2998 angelis
2935 2925 3249 2996 praedicant.
3297 2922 3454 2990 Quod
3504 2931 3560 2975 ut
3599 2921 3746 2974 scias

2144 3029 2332 3070 verum
2379 3033 2395 3070 :
2441 3018 2684 3084 Attende,
2740 3019 2934 3088 inquit,
2977 3015 3187 3078 etclam,
3233 3025 3281 3068 et
3327 3012 3524 3082 loquar
3548 3011 3627 3076 ’νς
3680 3009 3744 3063 1η

2144 3119 2419 3177 conspectu
2467 3109 2771 3180 angelorum
2814 3109 3041 3179 psallam
3095 3107 3188 3160 tibi
3213 3106 3298 3172 ⁸⁰;
3341 3115 3399 3159 et
3443 3121 3458 3157 :
3501 3103 3747 3156 Laudate

2154 3197 2594 3263 Dontinum,cteli
2641 3200 2912 3265 caelorum,
2958 3211 3005 3253 et
3055 3214 3206 3268 aqua’
3233 3214 3351 3265 quia
3393 3213 3562 3265 super
3588 3197 3746 3250 caelos

2150 3297 2294 3352 sunt,
2333 3289 2552 3344 laudent
2592 3306 2776 3345 nomen
2826 3290 3035 3344 Domini
3054 3290 3095 3321 ³¹
3118 3307 3135 3357 ;
3183 3299 3237 3343 et
3277 3307 3291 3344 :
3334 3286 3587 3342 Laudent
3624 3305 3746 3342 eum

2151 3381 2324 3452 angeli
2345 3399 2365 3448 ;
2392 3392 2447 3436 et
2478 3401 2491 3437 :
2519 3381 2586 3436 In
2609 3384 2752 3437 omni
2777 3383 2890 3438 loco
2915 3383 3188 3450 potestatis
3221 3381 3334 3452 ejus
3357 3382 3600 3447 benedic,
3633 3384 3750 3434 ani-

2152 3491 2237 3528 ma
2268 3490 2404 3540 mea,
2451 3475 2676 3529 Domino
2697 3476 2764 3532 “.
2803 3477 3049 3530 Invenies
3101 3477 3153 3529 in
3199 3475 3453 3544 plurimis
3485 3475 3643 3539 locis,
3694 3484 3748 3529 et

2152 3563 2389 3619 maxime
2417 3565 2468 3616 in
2500 3564 2753 3628 Psalmis,
2789 3574 2841 3620 et
2881 3565 2947 3619 ad
2995 3564 3216 3634 angelos
3257 3579 3574 3618 sermonem
3604 3564 3743 3629 fieri,

2152 3654 2276 3709 data
2316 3657 2520 3710 homini
2565 3666 2854 3721 potestate,
2884 3658 2932 3710 ei
2965 3668 3145 3710 tamen
3195 3655 3287 3724 qui
3317 3655 3595 3724 Spiritum
3621 3671 3746 3709 san-

2152 3756 2297 3801 ctum
2343 3747 2527 3813 habet,
2588 3757 2647 3802 ut
2688 3759 2742 3802 et
2792 3747 3019 3819 angelos
3069 3748 3478 3818 alloquatur.E
3537 3748 3741 3816 quibus

2157 3852 2322 3891 unttm
2347 3837 2885 3908 exemplumdonam,
2917 3851 2975 3892 ut
3003 3839 3238 3893 sciamus
3271 3837 3499 3907 angelos
3529 3853 3746 3907 quoque

2155 3927 2410 3982 humanis
2448 3929 2671 3983 vocibus
2700 3931 2928 3984 erudiri.
2976 3930 3247 4000 Scriptum
3299 3941 3385 3985 est
3433 3931 3490 3984 itt
3531 3935 3743 4000 Apoca-

2152 4019 2286 4091 lypsi
2311 4018 2537 4076 Joannis
2561 4022 2606 4053 ³⁸
2643 4041 2657 4078 :
2689 4023 2886 4093 Angela
2924 4023 3273 4093 Ephesiorum
3315 4022 3578 4077 Ecclesia:
3614 4023 3744 4075 scri—

2150 4111 2209 4164 be
2236 4126 2257 4166 :
2299 4110 2481 4166 Habeo
2511 4114 2715 4184 aliquid
2749 4127 2934 4168 contra
2975 4123 3055 4177 te;
3089 4124 3145 4167 et
3169 4130 3385 4168 rursum
3416 4111 3464 4144 ³⁸
3499 4130 3514 4166 :
3547 4113 3744 4180 Angela

2149 4201 2398 4257 Ecclesia
2429 4202 2675 4274 Pergami
2699 4207 2866 4259 scribe
2896 4221 2916 4257 .'
2945 4204 3128 4258 Habeo
3158 4207 3434 4276 quidpiam
3459 4214 3647 4258 contra
3671 4212 3742 4256 te.

2147 4293 2306 4350 Certe
2328 4295 2490 4350 homo
2511 4308 2594 4351 est
2623 4299 2711 4366 qui
2739 4299 2931 4353 scribit
2963 4299 3190 4368 angelis.
3217 4310 3269 4348 et
3301 4299 3515 4368 aliquid
3547 4297 3741 4368 praeci-

2148 4387 2245 4454 pit.
2273 4405 2291 4438 ι
2341 4387 2470 4441 Item
2497 4388 2592 4443 lib.
2623 4403 2716 4443 vm
2770 4391 2824 4442 in
2857 4387 3032 4458 Epist.
3081 4391 3150 4442 ad
3208 4388 3392 4453 Rom.,
3442 4405 3598 4445 num.
3635 4387 3739 4442 I0:

2156 4493 2176 4527 ι
2221 4477 2602 4546 Numquidnam
2649 4491 2904 4548 tanquam
2949 4495 3137 4534 servus
3167 4480 3340 4534 bonus
3385 4489 3441 4534 et
3479 4480 3654 4534 fidelis
3675 4479 3740 4544 ³⁸,

2147 4570 2239 4636 qui
2284 4570 2334 4622 in
2386 4584 2555 4638 pauca
2599 4569 2777 4624 fuerat
2809 4571 3006 4634 ﬁdelis,
3043 4572 3250 4625 sciebat
3279 4587 3340 4627 se
3381 4588 3557 4641 super
3579 4571 3740 4624 umlta

2148 4663 2608 4727 constituendum,
2663 4673 2720 4716 et
2751 4663 3064 4732 Apostolum
3117 4663 3359 4718 futurum
3406 4665 3576 4718 etiam
3625 4670 3744 4732 post

2147 4756 2350 4809 exitqu
2379 4769 2560 4821 suum,
2612 4770 2717 4808 non
2755 4754 2926 4808 solum
2951 4755 3219 4822 gentium;
3256 4757 3352 4810 sed
3378 4765 3436 4810 et
3466 4755 3742 4810 Israelita-

2149 4861 2288 4913 rum,
2315 4855 2373 4902 et
2399 4846 2629 4900 aliorum
2671 4845 2924 4902 fortassis
2953 4847 3327 4912 invisibilium,
3360 4847 3436 4901 ibi
3461 4849 3554 4901 ubi
3580 4848 3742 4901 bene-

2147 4939 2578 5008 dicuntspiritus
2599 4951 2653 4995 et
2691 4942 2885 4996 animae
2922 4939 3191 5008 iustorum
3223 4939 3523 4995 Dominum
3549 4940 3616 5003 “,
3649 4941 3743 5010 hy-

2150 5045 2334 5084 mnum
2364 5031 2576 5096 dicunt,
2637 5043 2691 5087 et
2735 5034 3140 5101 superexaltant
3175 5049 3298 5087 eum
3349 5033 3406 5087 in
3451 5033 3735 5089 sarcula?»

2150 5123 2225 5176 De
2253 5123 2502 5177 doctrina
2531 5123 2618 5178 illa
2653 5125 2859 5194 angelis
2899 5141 2927 5180 a
2966 5125 3185 5180 Christo
3211 5125 3411 5178 tradita
3437 5141 3606 5197 supra
3631 5125 3738 5194 jam

2147 5215 2576 5284 disputavimus;
2609 5217 2676 5272 de
2698 5233 2760 5272 ea
2797 5234 2928 5273 vero
2953 5235 3115 5289 quam
3142 5235 3170 5272 a
3210 5221 3505 5289 prOphetis
3533 5231 3588 5274 et
3619 5234 3740 5287 apo-

2147 5310 2298 5365 stolis
2325 5321 2653 5379 acccperunt
2685 5313 2811 5380 ipsi,
2855 5311 2933 5365 sic
2955 5311 3043 5381 pio
3073 5312 3362 5379 unicuique
3389 5312 3739 5367 sentiendum

2147 5409 2249 5464 est,
2301 5418 2406 5455 non
2437 5403 2654 5472 quidem
2696 5404 3008 5458 hominibus
3056 5404 3208 5473 prius
3239 5403 3545 5456 revelatum
3576 5402 3739 5455 fuisse

2147 5499 2203 5543 et
2228 5500 2490 5544 retectum
2522 5507 2684 5560 quam
2714 5494 2919 5566 angelis
2949 5492 3349 5549 Incarnationis
3389 5494 3738 5563 mysterium,

2148 5581 2290 5650 quod
2309 5598 2426 5635 cum
2451 5583 2744 5654 Scripturze
2767 5601 2936 5642 sacra:
2965 5587 3290 5643 testimoniis
3318 5585 3620 5640 manifeste
3646 5600 3738 5653 pu-

2151 5685 2310 5743 gnat;
2351 5675 2446 5730 sed
2479 5692 2582 5762 non
2626 5677 2896 5749 integram
2926 5689 3101 5735 tamen
3135 5678 3298 5748 hujus
3324 5680 3739 5748 cognitionem;

2233 5804 2280 5892 ἐς
2319 5789 2428 5892 ἃς...
2725 5807 2946 5865 curm,
2975 5796 3029 5860 1,
3083 5794 3136 5850 5.
3251 5793 3297 5827 ³¹
3329 5792 3486 5852 Psal.
3529 5793 3736 5859 01,22.

2316 5860 2451 5917 Dan.
2486 5875 2567 5924 ιιι,
2600 5861 2687 5916 86.
