3898 6522
174 408 269 464 869

1005 410 1576 472 omeennmoaun
1612 417 1742 475 LIB.
1783 420 1847 487 ιι,
1886 419 2038 476 CAP.
2081 417 2146 483 ιι,
2187 412 2462 483 ρυλεετ.
2508 412 2570 468 v.

3317 416 3426 471 870

175 532 420 584 bonorum
453 537 634 584 autem
668 545 790 599 quae
819 546 886 586 ex
922 546 987 586 eo
1010 535 1269 603 conscqui
1300 536 1590 606 debebant,
1620 557 1748 609 gen-
1776 546 1823 603 Α
1852 555 2151 610 nunquam,
2203 537 2290 594 vel
2334 551 2546 606 parum,
2576 534 2662 591 vel
2706 532 2826 605 plus
2873 533 3068 590 faciem
3117 534 3209 590 Dei
3253 536 3427 605 angeli

171 623 295 676 tium
342 630 470 690 puta
527 624 905 679 conversionis
951 625 1337 695 Citrysostomo
1407 645 1737 699 memoratae,

170 712 277 768 fere
299 713 493 767 nullam
520 731 536 780 ;
571 717 828 786 temporis
859 732 988 772 vero
1011 720 1271 787 postremi
1299 720 1495 790 jndicii
1533 723 1738 780 nullam

168 805 378 860 Omnino
402 806 679 861 habuisse.

232 897 366 951 XIX.
395 898 469 952 De
489 899 695 967 judicio
723 912 903 956 autem
933 904 985 956 in
1022 904 1243 973 angelos
1271 905 1547 962 reddendo
1566 910 1743 977 quod-

169 1003 369 1056 cunque
398 989 641 1044 decernit
666 989 947 1061 Origenes,
983 995 1050 1048 ad
1085 995 1306 1065 angelos
1336 998 1612 1053 hominum
1641 1015 1740 1055 cu-

167 1079 347 1133 stodiae
380 1082 663 1150 praefectos
693 1084 804 1138 fere
830 1086 1083 1152 pertinet.
1122 1085 1254 1141 Nam
1275 1088 1389 1142 sive
1412 1090 1609 1158 quibus
1634 1093 1744 1147 Ec-

166 1170 441 1226 clesiarum
467 1174 788 1242 gubernatio
809 1176 1096 1232 commissa
1116 1189 1219 1243 est,
1250 1181 1362 1235 sive
1391 1181 1585 1250 quibus
1612 1199 1742 1254 gen-

169 1262 318 1332 tium,
349 1264 433 1319 vel
462 1265 801 1335 singulorum
848 1267 1124 1321 hominum
1156 1260 1413 1339 deputata
1439 1282 1522 1327 est
1554 1285 1743 1328 custo-

164 1354 265 1422 dia,
286 1370 380 1411 eos
408 1357 775 1412 administrati
810 1362 1053 1415 muneris
1082 1363 1376 1431 rationem,
1407 1364 1550 1420 haud
1583 1381 1744 1423 secus

163 1466 219 1505 ac
247 1450 513 1513 homines,
555 1452 865 1507 reddituros
903 1455 1110 1510 deiinit.
1147 1457 1395 1527 Duplicis
1435 1471 1618 1517 autem
1644 1479 1743 1532 ge-

162 1542 297 1596 neris
344 1543 548 1612 judicia
597 1546 650 1597 in
706 1544 825 1601 illos
860 1562 890 1601 a
937 1548 1048 1602 Deo
1090 1553 1335 1607 exerceri
1386 1552 1577 1621 docet;
1613 1556 1740 1622 alia,

161 1635 579 1705 quotiescunque
632 1637 882 1693 homines
934 1656 1079 1695 cura:
1124 1658 1235 1697 suae
1276 1645 1529 1711 permissi
1574 1659 1742 1713 recte,

165 1725 360 1779 maleve
384 1742 445 1781 se
478 1739 705 1795 gerunt;
740 1729 885 1783 aliud
913 1746 1064 1796 vero,
1089 1750 1211 1787 cttm
1238 1750 1492 1803 supremo
1519 1738 1743 1795 arbitrio

163 1820 223 1873 de
250 1834 426 1873 rerum
454 1820 830 1875 universarum
861 1838 1075 1878 summa
1115 1826 1255 1883 Deus
1279 1828 1567 1895 judicabit.
1596 1831 1745 1889 Utri-

1842 632 2378 703 contemplabuntur.
2401 649 2422 683 ι

1911 726 1983 780 At
2015 739 2120 779 non
2174 723 2400 791 angelos
2445 720 2622 776 solum
2679 728 2912 783 tutores,
2950 718 3048 775 sed
3088 719 3226 774 alios
3259 722 3423 774 etiam

1839 817 2153 885 quicunque
2180 814 2419 884 peccatis
2439 828 2499 868 se
2526 812 2752 882 alligant
2784 812 2836 865 in
2863 810 3127 881 judicium
3157 811 3430 867 sistendos

1841 907 2159 979 pronuntiat
2204 905 2390 961 homil.
2415 905 2449 959 4
2490 905 2546 958 in
2576 903 2799 969 Each”
2856 920 3008 959 num.
3038 907 3087 971 1,
3125 920 3247 975 pag.
3274 904 3380 959 570
3410 922 3424 957 :

1846 1018 1866 1051 ι
1887 999 2110 1067 Quando
2137 1014 2289 1067 ergo,
2326 997 2524 1066 inquit,
2569 996 2746 1065 angeli
2774 997 3229 1066 przevaricantur,
3255 1007 3311 1051 et
3334 998 3425 1051 alii

1841 1100 1969 1147 sunt
1994 1092 2087 1161 qui
2131 1089 2225 1144 Dei
2252 1098 2523 1158 przecepta
2554 1087 2888 1153 custodiunt,
2920 1096 2974 1141 et
2998 1088 3262 1158 judicium
3291 1102 3429 1157 pra:-

1840 1184 2132 1247 stolantur,
2164 1197 2269 1235 non
2318 1180 2494 1234 solum
2541 1179 2845 1241 hominum,
2881 1194 3070 1233 verum
3113 1181 3277 1234 etiam
3309 1180 3427 1244 Dei,

1844 1283 1903 1328 ut
1947 1272 2266 1344 frequenter
2291 1272 2529 1327 diximus
2566 1281 2674 1325 tam
2709 1272 2775 1325 de
2802 1272 2886 1325 bis
2927 1286 3049 1340 quae
3082 1272 3135 1325 in
3165 1270 3430 1343 Apocaly-

1842 1366 1924 1437 psi
1948 1365 2262 1434 conscripta
2299 1375 2446 1427 sunt,
2481 1378 2645 1432 quam
2683 1372 2737 1418 et
2762 1379 2828 1418 ex
2866 1363 3431 1419 aliisinnumerabili-

1842 1460 1967 1524 bus,
2002 1474 2193 1530 quare,
2224 1459 2469 1528 inquam,
2501 1472 2608 1511 non
2640 1467 2798 1512 terra:
2822 1467 2878 1513 et
2906 1458 3051 1512 aeris
3072 1455 3333 1525 judicium
3360 1456 3433 1512 sit

1842 1551 2125 1607 futurum?
2147 1568 2166 1602 ο

1914 1640 2034 1695 XX.
2059 1640 2294 1711 Angelos
2329 1640 2847 1710 reprehensionibus
2873 1656 2938 1696 ac
2963 1640 3227 1697 conviciis
3253 1640 3432 1696 inces-

1844 1733 1911 1801 si,
1948 1749 2073 1787 cum
2125 1733 2460 1804 provinciam
2496 1742 2804 1801 susceptam
2849 1733 2989 1788 male
3023 1733 3429 1795 administrant,

1843 1842 1942 1882 cur
1964 1824 2516 1894 erederetOrigenes,
2546 1840 2614 1880 ex
2640 1840 2705 1881 eo
2726 1825 2943 1880 videtur
2962 1828 3248 1889 adductus,
3285 1827 3429 1895 quod

160 1926 257 1982 que
284 1922 467 1967 autem
492 1911 820 1981 judiciorum
849 1920 1032 1984 generi
1068 1934 1195 1975 suas
1227 1922 1441 1978 videtur
1461 1926 1736 1997 assignas-
1771 1903 1814 1959 Β
1841 1918 2202 1992 Apocalypsis
2245 1922 2490 1975 secundo
2517 1927 2572 1975 et
2623 1919 2783 1973 tertio
2818 1919 2997 1988 capite
3026 1919 3290 1987 scriptum
3321 1930 3426 1983 est,

161 2018 214 2058 se
262 2018 473 2072 pmnas,
516 2020 611 2059 sua
646 2007 899 2075 praunia;
948 2024 1014 2065 ac
1056 2010 1331 2080 prioribus
1360 2017 1601 2085 quidem,
1635 2034 1736 2089 pro

159 2095 293 2149 obito
324 2106 475 2151 recte
503 2098 700 2163 cilicio,
747 2100 937 2156 laudes
975 2113 1029 2156 et
1058 2104 1324 2173 gloriam;
1366 2124 1462 2177 pro
1492 2125 1552 2165 re
1598 2115 1737 2167 male

161 2197 321 2256 gesta,
354 2189 705 2257 ignominiam
742 2202 797 2246 et
818 2193 1050 2249 dedecus
1086 2214 1100 2250 :
1139 2200 1427 2264 posteriori
1452 2216 1600 2269 vero,
1639 2220 1738 2273 pro

163 2279 468 2334 meritorum
509 2282 741 2348 ratione,
779 2286 1175 2343 diuturniorem
1221 2299 1277 2344 et
1315 2292 1622 2361 clariorem,
1655 2297 1738 2351 vel

164 2370 523 2426 obswriorem
560 2386 615 2429 et
644 2378 971 2444 breviorem,
998 2382 1081 2433 vel
1114 2382 1336 2449 nullam,
1368 2386 1452 2439 vel
1476 2398 1734 2442 aeternam

162 2457 245 2514 Dei
286 2462 570 2519 visionem.
615 2466 745 2534 Quae
793 2483 1103 2537 quanquam
1157 2488 1261 2527 non
1303 2475 1558 2532 distincte
1594 2481 1737 2549 apud

161 2550 298 2605 ilium
328 2569 589 2624 expressa
631 2558 901 2625 invenias,
937 2577 1001 2617 ex
1048 2562 1162 2630 ejus
1193 2575 1371 2620 tamen
1416 2572 1737 2625 assertioni-

162 2644 249 2698 bus
275 2645 430 2701 facile
451 2649 813 2705 dedtteuntnr.
848 2651 1076 2707 Homilia
1100 2654 1153 2707 in
1179 2654 1346 2711 Num.
1378 2674 1469 2725 xx,
1502 2676 1655 2717 num.
1679 2663 1737 2728 5,

162 2735 387 2803 pluribus
418 2750 801 2806 argumentum
833 2742 960 2796 illud
982 2744 1255 2811 edisserit,
1286 2758 1340 2802 et
1371 2751 1589 2819 angelos
1620 2754 1740 2808 uni-

160 2827 342 2896 cuique
391 2841 645 2885 nostrum
682 2834 1036 2903 gubernando
1066 2837 1363 2907 delegatos,
1414 2852 1506 2896 aut
1546 2843 1737 2900 Eccle-

159 2918 345 2975 siarum
402 2923 659 2992 regimini
704 2925 1002 2993 adhibitus,
1039 2928 1118 2981 vel
1156 2946 1254 2999 pro
1303 2932 1581 2989 hominum
1631 2936 1737 2992 sibi

162 3014 473 3069 traditorum
504 3017 640 3070 bene
666 3019 835 3087 gestis
866 3019 1257 3086 collaudatum,
1304 3026 1385 3078 vel
1410 3042 1508 3094 pro
1536 3043 1736 3096 pecca—

161 3106 221 3158 tis
240 3106 511 3176 culpatum
530 3125 594 3163 ac
620 3109 957 3165 conftttatum
984 3113 1050 3166 iri
1081 3114 1347 3181 allirtnat;
1382 3117 1543 3186 idque
1576 3134 1643 3174 ex
1675 3135 1741 3175 eo

1837 2010 1915 2064 uti
1944 2012 2277 2066 notavimus.
2320 2012 2432 2067 Cur
2460 2021 2638 2066 autem
2690 2020 3024 2081 postremum
3056 2026 3272 2081 quoque
3300 2012 3430 2067 sub-

1841 2101 2010 2156 ituros
2040 2101 2302 2171 judicium
2342 2102 2759 2166 existimaverit,
2788 2117 2968 2157 causae
3002 2102 3169 2157 fuisse
3213 2103 3429 2159 videtur

1839 2193 1993 2250 locus
2019 2194 2112 2249 ille
2145 2194 2326 2260 Pauli,
2363 2210 2524 2265 quem
2573 2196 2902 2265 protulimus
2948 2210 3016 2251 ex
3051 2195 3072 2249 Ι
3102 2194 3229 2249 Cor.
3259 2211 3335 2260 νι,
3366 2195 3425 2259 5,

1843 2303 1864 2338 ι
1890 2286 2122 2342 Nescitis
2164 2288 2422 2356 quoniam
2464 2289 2687 2356 angelos
2735 2289 3178 2358 judicabimus?»
3222 2290 3313 2359 qui
3359 2289 3429 2345 de

1837 2378 1995 2434 bonis
2032 2389 2215 2434 tamen
2247 2380 2454 2450 angelis
2486 2380 2656 2435 nihilo
2686 2382 2858 2451 magis
2890 2380 3273 2450 intelligendus
3316 2388 3426 2443 est,

1837 2484 2004 2540 quam
2031 2471 2117 2526 ille
2134 2471 2306 2535 Petri,
2338 2488 2403 2526 ex
2431 2472 2603 2527 altera
2626 2472 2741 2539 ejus
2770 2473 3034 2542 Epistola,
3059 2488 3179 2543 cap.
3200 2490 3259 2539 ιι,
3285 2489 3338 2529 v.
3357 2474 3425 2529 4:

1845 2581 1863 2613 ι
1893 2562 1949 2618 Si
1999 2565 2143 2619 enim
2200 2565 2342 2619 Dens
2372 2566 2579 2635 angelis
2610 2566 2958 2633 peccantibus
3004 2582 3107 2619 non
3157 2567 3424 2636 pepercit,

1838 2657 1933 2712 sed
1962 2655 2284 2712 rudentibus
2320 2657 2517 2711 inferni
2550 2660 2826 2713 detractos
2858 2660 2911 2712 in
2952 2668 3214 2713 tartarum
3256 2661 3427 2713 tradi-

1841 2748 1919 2802 dit
1950 2748 2278 2803 cruciandos
2318 2750 2368 2802 in
2394 2748 2660 2816 judicium
2697 2752 3040 2819 reservarip
3075 2761 3130 2805 et
3162 2751 3249 2807 ille
3275 2750 3429 2807 .luda:

1839 2855 1986 2895 vers.
2016 2839 2050 2895 6
2086 2857 2102 2895 :
2149 2859 2169 2892 ι
2197 2841 2436 2912 Angelos
2467 2858 2596 2897 vero
2627 2844 2718 2913 qui
2745 2860 2852 2900 non
2884 2858 3245 2901 servaverunt
3267 2861 3426 2900 suum

1839 2934 2229 3003 principatum,
2275 2935 2370 2989 sed
2417 2935 2934 3006 reliqueruntsuum
2967 2938 3329 3003 domicilium,
3370 2938 3425 2992 in

1837 3027 2101 3095 judicium
2134 3032 2317 3100 magni
2358 3030 2486 3095 dici,
2533 3032 2766 3087 vinculis
2792 3035 3015 3088 aeternis
3048 3032 3149 3088 sub
3193 3033 3427 3103 caligine

1843 3124 2162 3177 reservavit.
2195 3143 2214 3175 ι
2248 3124 2453 3179 Retulit
2478 3133 2657 3180 tamen
2695 3127 2761 3180 ad
2796 3125 3018 3195 angelos
3044 3126 3216 3180 bonos
3242 3125 3428 3179 Pauli-

162 3196 771 3308 p‘robatepocalypseos
807 3205 990 3308 capite
1021 3220 1081 3269 ιι,
1129 3207 1181 3259 iu
1215 3223 1322 3275 quo
1364 3210 1732 3268 Asiaticarum
1760 3250 1803 3308 α
1844 3232 1972 3271 num
2014 3216 2157 3270 istud
2186 3216 2556 3272 Tertullianns
2589 3218 2639 3272 in
2676 3218 2815 3273 libro
2850 3220 2927 3272 De
2959 3220 3108 3289 fuga,
3145 3234 3264 3289 cap.
3304 3218 3373 3272 10
3406 3236 3421 3272 :

166 3288 517 3345 Ecclesiarum
569 3293 745 3363 angeli
806 3294 1057 3351 laudibus
1109 3309 1163 3352 et
1216 3302 1728 3367 reprehensionibus

167 3394 252 3447 pro
287 3381 498 3437 meritis
532 3384 879 3452 excipiuntur
925 3404 940 3440 :
999 3405 1019 3438 ι
1047 3387 1273 3444 Venicnt
1308 3394 1479 3455 enim,
1502 3413 1522 3446 ι
1556 3396 1733 3465 inquit

168 3485 300 3525 num.
327 3470 381 3533 4,
414 3491 435 3525 ι
467 3474 641 3545 angeli
684 3475 751 3530 ad
788 3476 1054 3544 judicium
1088 3482 1389 3549 nobiscum,
1432 3496 1486 3540 et
1512 3489 1732 3544 stabunt

159 3573 245 3629 pro
274 3564 422 3617 nobis
448 3575 578 3619 ante
602 3563 784 3620 Solem
812 3565 1057 3633 justitiaa,
1083 3585 1152 3624 ne
1179 3571 1319 3628 forte
1340 3573 1537 3645 aliquis
1565 3578 1729 3633 etiam

164 3667 219 3706 ex
252 3653 376 3721 ipsis
394 3670 582 3710 causa:
606 3655 791 3721 fuerit,
816 3662 961 3727 quod
990 3678 1089 3717 nos
1108 3663 1464 3735 deliquimus;
1496 3686 1565 3726 ne
1590 3668 1731 3727 forte

167 3747 326 3801 minus
352 3763 483 3817 erga
533 3765 634 3805 nos
656 3754 836 3820 aperis
866 3762 920 3808 et
949 3752 1153 3809 laboris
1185 3759 1563 3828 expenderint,
1622 3780 1733 3834 quo

166 3852 251 3891 nos
274 3855 300 3891 a
331 3850 682 3907 peccatorum
716 3845 836 3898 labe
872 3846 1198 3903 revocarint.
1226 3868 1246 3901 ι
1298 3850 1499 3906 Eadem
1535 3856 1733 3923 proba-

164 3927 379 3985 tionibus
426 3933 745 4001 coniirmat,
789 3946 841 3991 et
891 3940 1085 4007 repetit
1126 3942 1313 3996 homil.
1359 3944 1428 3998 15
1474 3949 1529 3999 in
1572 3946 1729 4014 Luc.,

169 4030 314 4091 atque
358 4024 430 4078 ita
464 4026 743 4081 concludit
774 4046 789 4083 :
826 4048 845 4080 ι
871 4028 1039 4085 Porro
1079 4032 1393 4103 frequenter
1438 4040 1623 4094 evenit
1673 4050 1733 4096 ut

166 4113 306 4171 nobis
332 4115 709 4173 laborantibus
736 4120 837 4190 ipsi
867 4137 1022 4177 suum
1049 4125 1283 4181 ofﬁcium
1313 4144 1419 4183 non
1452 4132 1728 4198 expleant,

165 4215 215 4258 et
242 4206 289 4260 in
321 4209 496 4280 culpis
529 4211 657 4265 sint.
681 4231 701 4263 ι
740 4213 810 4268 At
843 4215 1066 4271 homilia
1106 4219 1158 4272 in
1202 4220 1342 4273 idem
1374 4222 1729 4294 Evangelium

165 4294 245 4360 35,
277 4314 377 4354 non
410 4302 691 4357 hominum
714 4307 953 4361 onmium
977 4308 1196 4378 angelos
1227 4310 1415 4366 faciem
1439 4312 1614 4371 Patris
1639 4316 1731 4385 qui

166 4386 212 4441 in
250 4392 384 4447 coelo
428 4405 515 4449 est
556 4395 739 4450 videre
768 4396 918 4465 dicit,
961 4400 1053 4454 sed
1088 4414 1276 4455 eorum
1317 4404 1588 4460 duntaxat
1640 4410 1731 4477 qui

166 4479 402 4540 Ecclesiae
455 4502 653 4542 nomen
709 4488 1006 4557 dederunt;
1059 4500 1171 4546 tum
1223 4494 1300 4549 ait
1330 4499 1673 4566 postmodum
1714 4516 1732 4533 ο

1839 3329 1859 3363 ι
1885 3311 2069 3367 Times
2097 3312 2398 3377 hominem,
2433 3313 2632 3382 inquit,
2676 3313 3005 3378 Christiane,
3040 3328 3199 3382 quem
3238 3312 3423 3368 timeri

1832 3414 2046 3473 oportet
2066 3405 2135 3459 ab
2168 3404 2394 3474 angelis,
2428 3405 2691 3472 siquidem
2715 3404 2935 3475 angelos
2955 3405 3299 3475 judicaturus
3321 3420 3421 3461 es:

1832 3511 1994 3565 quem
2047 3495 2228 3551 timeri
2278 3506 2495 3565 oportet
2546 3510 2574 3549 a
2605 3497 2906 3561 daemoniis,
2966 3496 3235 3567 siquidem
3276 3507 3332 3552 et
3364 3496 3423 3553 in

1834 3586 2107 3642 daemones
2137 3588 2393 3656 accepisti
2437 3597 2787 3659 potestatem.
2815 3608 2833 3641 ι

1904 3676 2045 3732 XXI.
2074 3677 2328 3747 Origenis
2358 3678 2681 3733 sententiam
2718 3678 2929 3733 mollire
2956 3679 3152 3749 satagit
3185 3678 3246 3733 S.
3275 3677 3424 3732 Tho-

1834 3785 1953 3824 mas
1975 3779 2116 3838 part.
2154 3787 2191 3835 ι,
2224 3779 2419 3838 quaest.
2443 3771 2568 3837 115,
2607 3780 2712 3826 art.
2746 3772 2798 3835 7,
2824 3782 2877 3825 et
2911 3781 3031 3840 post
3062 3770 3208 3826 illum
3245 3772 3424 3827 Gene-

1833 3863 2068 3917 brardus
2100 3862 2152 3916 in
2184 3861 2548 3928 Collectaneis,
2582 3876 2701 3930 cap.
2738 3863 2793 3929 6,
2816 3864 2971 3932 quasi
3011 3864 3061 3918 id
3090 3863 3190 3917 sibi
3235 3864 3421 3919 volue-

1832 3955 1925 4019 rit,
1960 3971 1979 4005 ι
2016 3953 2235 4024 angelos
2265 3954 2387 4008 duci
2421 3954 2472 4008 in
2512 3954 2777 4024 judicium
2823 3970 2920 4025 pro
2964 3955 3203 4023 peccatis
3241 3955 3421 4009 homi-

1832 4063 1985 4112 num,
2033 4063 2139 4101 non
2168 4047 2323 4114 quasi
2361 4063 2501 4111 reos,
2529 4048 2621 4102 sed
2648 4049 2804 4116 quasi
2840 4057 3026 4111 testes,
3076 4049 3143 4102 ad
3194 4047 3421 4102 convin-

1833 4140 2061 4195 cendum
2118 4139 2364 4194 homines
2417 4139 2482 4194 de
2537 4154 2724 4193 eorum
2777 4140 3009 4209 ignavia.
3063 4158 3082 4193 ι
3129 4138 3277 4195 lianc
3330 4156 3419 4195 re»

1833 4231 2179 4297 sponsionem
2242 4229 2436 4284 fulcire
2485 4240 2714 4285 conatur
2758 4229 3145 4286 Genebrardus
3197 4230 3418 4285 homilia

1833 4321 2084 4391 Origenis
2137 4321 2423 4375 undecima
2476 4320 2532 4373 in
2568 4320 2762 4385 Num.,
2800 4337 2948 4376 num.
2981 4322 3034 4383 5,
3090 4325 3143 4376 in
3184 4337 3285 4391 qua
3320 4323 3419 4377 ha-

1834 4413 2032 4467 bentur
2077 4411 2334 4467 nonnulla
2385 4412 2755 4479 superioribus
2783 4413 3033 4468 dissona:
3087 4412 3141 4467 in
3174 4423 3423 4468 extremo

1836 4520 2029 4574 nempe
2081 4504 2285 4573 judicio
2334 4504 2617 4579 adfuturos
2649 4505 2864 4573 quidem
2905 4505 3124 4575 angelos
3166 4520 3288 4560 cum
3322 4505 3421 4559 b'o-

168 4572 469 4669 ‘QuomOdO
493 4578 639 4633 enim
674 4579 718 4634 εί
746 4594 843 4649 Per
891 4596 1076 4636 curam
1102 4599 1289 4639 θοτυῐη
1323 4598 1379 4643 el
1409 4589 1726 4644 iﬂdUSU'ialn
1758 4595 1807 4655 D
1834 4572 2093 4665 minibus,
2125 4600 2217 4656 sed
2251 4572 2477 4654 examen
2506 4610 2559 4652 et
2584 4572 2845 4667 judicium
2889 4614 3228 4669 nequaquam
3287 4600 3419 4654 sub-

166 4664 296 4720 salus
319 4668 628 4725 hominibus
656 4684 1023 4742 comparatur,
1067 4674 1261 4733 faciem
1302 4677 1480 4735 Patris
1509 4696 1728 4753 semper

166 4761 433 4815 attendunt
482 4781 497 4817 :
552 4762 632 4816 sic
675 4763 721 4817 si
764 4778 862 4833 per
910 4768 1290 4838 negligentiam
1340 4787 1527 4828 eorum
1563 4775 1727 4831 homo

164 4851 435 4917 corruerit,
489 4854 653 4908 etiam
717 4859 800 4911 sui
854 4858 1079 4927 periculi
1136 4878 1248 4917 rem
1304 4878 1424 4920 esse
1472 4882 1578 4920 non
1630 4883 1727 4922 ne-

165 4941 343 4997 sciunt.
366 4963 385 4996 ι
432 4946 496 5000 Et
524 4948 685 5013 paulo
719 4950 947 5007 inferius
977 4971 991 5007 :
1025 4953 1360 5024 «Ignominia
1392 4959 1588 5027 angelo
1619 4970 1722 5025 est,

166 5030 206 5082 si
248 5033 401 5089 homo
419 5037 601 5105 justus
630 5042 874 5095 creditus
915 5043 1094 5111 fuerit,
1137 5056 1191 5100 et
1221 5052 1530 5115 peccaverit
1563 5068 1577 5106 :
1608 5061 1664 5106 ut
1696 5067 1727 5107 e

167 5128 425 5181 contrario
469 5128 637 5198 gloria
673 5142 759 5187 est
808 5135 1018 5203 angelo,
1054 5137 1099 5191 si
1131 5140 1370 5209 creditus
1395 5142 1498 5196 sibi
1529 5144 1724 5199 saltem

167 5213 404 5274 minimus
430 5221 482 5274 in
507 5221 747 5279 Ecclesia
778 5226 965 5283 fuerit.
998 5228 1265 5285 Videbunt
1292 5233 1435 5287 enim
1483 5250 1586 5289 non
1619 5236 1724 5290 ali~

165 5310 384 5376 quando,
423 5316 516 5370 sed
557 5332 773 5389 semper
794 5320 988 5374 faciem
1018 5320 1195 5377 Patris
1227 5325 1319 5395 qui
1351 5334 1435 5380 est
1469 5327 1520 5381 in
1545 5329 1720 5394 ccelis,

168 5408 274 5450 cum
302 5402 388 5456 alii
435 5421 650 5476 semper
675 5425 779 5463 non
808 5412 1050 5467 videant.
1099 5412 1409 5469 Secundum
1471 5420 1723 5474 meritum

168 5488 297 5542 enim
326 5508 534 5562 eorum,
570 5516 799 5568 quorum
829 5504 1001 5574 angeli
1050 5513 1194 5569 sunt,
1223 5517 1315 5560 aut
1341 5522 1577 5579 semper,
1634 5522 1728 5567 aut

200 5626 335 5709 "(34)
373 5632 500 5709 Post
528 5637 770 5701 verbum,
806 5657 824 5689 ι
862 5630 1217 5709 responderit,
1256 5662 1275 5696 ι
1319 5644 1369 5699 in
1416 5661 1544 5699 mss.
1572 5647 1719 5701 codi-

171 5698 586 5783 cibus'additur:
626 5725 657 5783 t_
688 5698 801 5783 Erit
841 5698 1067 5783 ergoet
1114 5717 1164 5766 in
1197 5698 1718 5783 Iioejudicium'Dei,

176 5775 335 5856 illim")
372 5777 694 5856 negligentia
720 5775 1293 5856 aliqua'niinistrorum
1310 5775 1607 5852 'spiritunm
1630 5775 1720 5856 qui

175 5836 234 5887 ad
260 5836 611 5902 ministériiun
664 5856 719 5903 et
754 5836 1076 5917 adjutorium
1124 5836 1273 5910 missi
1324 5836 1725 5927 shifpiapiéi

1836 4689 2026 4745 ituros.
2054 4690 2244 4759 Operae
2295 4692 2528 4760 pretium
2558 4690 2719 4743 fuerit
2771 4691 2931 4744 verba
2972 4692 3084 4761 ipsa
3126 4691 3419 4745 adducere.

1841 4804 1860 4836 ι
1893 4785 2064 4856 Igitur
2105 4786 2478 4853 unusquisque
2509 4785 2823 4855 angelorum
2862 4785 2915 4838 in
2954 4783 3420 4839 consummatione

1833 4876 2012 4931 smcnli
2042 4878 2216 4931 aderit
2247 4878 2297 4930 in
2330 4877 2551 4946 judicio,
2599 4879 2836 4933 edocens
2879 4892 2973 4931 eos
3004 4891 3186 4930 secum
3222 4875 3418 4944 quibus

1831 4971 2073 5039 praefuit,
2131 4960 2268 5039 quos
2320 4970 2548 5038 adjuvit,
2591 4987 2726 5039 quos
2779 4968 3053 5032 instruxit,
3096 4960 3193 5037 pro
3219 4965 3416 5036 quibus

1831 5075 2046 5128 seraper
2073 5061 2205 5115 vidit
2236 5061 2428 5115 faciem
2467 5061 2641 5115 Patris
2664 5062 2754 5131 qui
2791 5062 2842 5114 in
2873 5061 3026 5116 caelis
3056 5070 3157 5115 est.
3190 5060 3254 5114 Et
3285 5068 3416 5129 puto

1830 5151 1994 5204 etiam
2054 5150 2123 5205 ibi
2178 5152 2579 5222 inquisitionem
2636 5154 2896 5219 futuram,
2951 5169 3056 5208 non
3087 5153 3304 5223 quidem
3345 5167 3413 5208 an

1830 5242 2053 5296 cultura:
2079 5244 2356 5299 hominum
2386 5247 2608 5316 angelus
2632 5248 2885 5314 defuerit,
2937 5248 3031 5303 sed
3073 5263 3140 5301 an
3191 5246 3417 5301 cultura

1831 5333 2088 5401 angelicae
2115 5349 2453 5403 nequaquam
2483 5336 2644 5405 digne
2680 5338 2910 5407 segnitia
2936 5338 3167 5392 humana
3194 5350 3416 5405 respon-

1832 5422 1973 5477 derit
2000 5422 2135 5493 (54).
2177 5441 2196 5474 ι
2228 5424 2363 5477 Tum
2414 5425 2607 5479 deinde
2649 5427 2821 5481 locum
2872 5429 3021 5482 illum
3055 5428 3186 5483 Paul
3249 5443 3416 5497 expo-

1835 5514 1918 5568 nit
1942 5513 1962 5568 Ι
1990 5514 2117 5570 Cor.
2152 5531 2228 5582 v1,
2256 5517 2313 5584 5,
2343 5533 2408 5573 ex
2436 5535 2543 5588 quo
2574 5520 2640 5574 ad
2681 5522 2991 5591 iigmentutn
3023 5522 3148 5576 illttd
3178 5520 3244 5575 de
3262 5519 3412 5589 judi-

1828 5653 2050 5725 θρεμᾳί
2087 5653 2457 5708 haereditatem
2494 5655 2715 5723 capiunt
2756 5658 2965 5721 salutis,
2993 5671 3061 5710 an
3097 5670 3283 5709 eorum
3316 5654 3411 5725 qui

1830 5722 1899 5773 ab
1931 5721 2275 5790 iisjuvantur
2304 5725 2513 5793 ignavia
2542 5721 2646 5778 tam
2687 5727 2835 5780 multi
2866 5728 3044 5794 lapsus
3070 5726 3191 5790 vitte
3221 5721 3412 5779 bunia-

1830 5806 1914 5865 nae
1947 5795 2285 5860 proveniant.
2326 5813 2344 5846 ι
2373 5794 2499 5848 Ηιιεο
2522 5795 2577 5865 si
2608 5795 2823 5865 legisset
2860 5797 3107 5858 lluetius,
3150 5809 3254 5849 non
3300 5804 3409 5848 tam

1832 5861 2062 5919 ﬁdenter
2107 5864 2434 5921 asseruisset
2471 5866 2523 5922 in
2549 5864 2637 5922 his
2660 5861 2959 5939 'Origcnem
3000 5882 3096 5940 pro
3125 5879 3276 5923 more
3312 5880 3412 5921 suo
