  <div class='ocr_page' id='page_1' title='image "/cluster/home/n/w/nwhite01/storage/ocr_20150623/17/hvd.32044051719607/447.png"; bbox 0 0 3898 6550; ppageno 0'>
   <div class='ocr_carea' id='block_1_1' title="bbox 459 437 560 498">
    <p class='ocr_par' dir='ltr' id='par_1_1' title="bbox 459 437 560 498">
     <span class='ocr_line' id='line_1_1' title="bbox 459 437 560 498; baseline 0.02 -2"><span class='ocrx_word' id='word_1_1' title='bbox 459 437 560 498; x_wconf 81' lang='lat'><strong>87!</strong></span> 
     </span>
    </p>
   </div>
   <div class='ocr_carea' id='block_1_2' title="bbox 1727 407 2418 488">
    <p class='ocr_par' dir='ltr' id='par_1_2' title="bbox 1727 407 2418 488">
     <span class='ocr_line' id='line_1_2' title="bbox 1727 407 2418 488; baseline -0.012 0"><span class='ocrx_word' id='word_1_2' title='bbox 1727 407 1789 488; x_wconf 71' lang='grc' dir='ltr'><strong>Ρ.</strong></span> <span class='ocrx_word' id='word_1_3' title='bbox 1827 426 2146 486; x_wconf 77' lang='lat' dir='ltr'><strong>DANIELIS</strong></span> <span class='ocrx_word' id='word_1_4' title='bbox 2183 424 2418 482; x_wconf 77' lang='lat' dir='ltr'><strong>uuam</strong></span> 
     </span>
    </p>
   </div>
   <div class='ocr_carea' id='block_1_3' title="bbox 3589 422 3675 477">
    <p class='ocr_par' dir='ltr' id='par_1_3' title="bbox 3589 422 3675 477">
     <span class='ocr_line' id='line_1_3' title="bbox 3589 422 3675 477; baseline 0.012 -1"><span class='ocrx_word' id='word_1_5' title='bbox 3589 422 3675 477; x_wconf 69' lang='grc' dir='ltr'><strong>ετξ</strong></span> 
     </span>
    </p>
   </div>
   <div class='ocr_carea' id='block_1_4' title="bbox 465 535 3681 622">
    <p class='ocr_par' dir='ltr' id='par_1_4' title="bbox 465 535 3681 622">
     <span class='ocr_line' id='line_1_4' title="bbox 465 535 3681 622; baseline -0.009 -9"><span class='ocrx_word' id='word_1_6' title='bbox 465 558 552 612; x_wconf 87' lang='lat' dir='ltr'><strong>cio</strong></span> <span class='ocrx_word' id='word_1_7' title='bbox 579 557 632 610; x_wconf 92' lang='lat' dir='ltr'><strong>in</strong></span> <span class='ocrx_word' id='word_1_8' title='bbox 656 551 874 622; x_wconf 82' lang='lat' dir='ltr'><strong>angelos</strong></span> <span class='ocrx_word' id='word_1_9' title='bbox 899 547 1187 606; x_wconf 85' lang='lat' dir='ltr'><strong>statuendo</strong></span> <span class='ocrx_word' id='word_1_10' title='bbox 1210 547 1615 618; x_wconf 82' lang='lat' dir='ltr'><strong>procudendum</strong></span> <span class='ocrx_word' id='word_1_11' title='bbox 1637 546 2042 600; x_wconf 87' lang='lat' dir='ltr'><strong>fuitinductus:</strong></span> <span class='ocrx_word' id='word_1_12' title='bbox 2076 560 2120 611; x_wconf 75' lang='grc' dir='ltr'>Α</span> <span class='ocrx_word' id='word_1_13' title='bbox 2149 555 2382 608; x_wconf 83' lang='lat' dir='ltr'><strong>namque</strong></span> <span class='ocrx_word' id='word_1_14' title='bbox 2411 540 2490 594; x_wconf 82' lang='lat' dir='ltr'><strong>eis</strong></span> <span class='ocrx_word' id='word_1_15' title='bbox 2529 547 2742 594; x_wconf 87' lang='lat' dir='ltr'><strong>servata</strong></span> <span class='ocrx_word' id='word_1_16' title='bbox 2784 554 2906 594; x_wconf 87' lang='lat' dir='ltr'><strong>esse</strong></span> <span class='ocrx_word' id='word_1_17' title='bbox 2949 538 3001 592; x_wconf 90' lang='lat' dir='ltr'><strong>in</strong></span> <span class='ocrx_word' id='word_1_18' title='bbox 3040 536 3308 600; x_wconf 88' lang='lat' dir='ltr'><strong>futurum;</strong></span> <span class='ocrx_word' id='word_1_19' title='bbox 3348 552 3365 585; x_wconf 76' lang='grc' dir='ltr'><strong>ι</strong></span> <span class='ocrx_word' id='word_1_20' title='bbox 3403 535 3543 604; x_wconf 85' lang='lat' dir='ltr'><strong>cujus</strong></span> <span class='ocrx_word' id='word_1_21' title='bbox 3571 538 3681 593; x_wconf 82' lang='lat' dir='ltr'><strong>hanc</strong></span> 
     </span>
    </p>
   </div>
   <div class='ocr_carea' id='block_1_5' title="bbox 473 638 2045 716">
    <p class='ocr_par' dir='ltr' id='par_1_5' title="bbox 473 638 2045 716">
     <span class='ocr_line' id='line_1_5' title="bbox 473 638 2045 716; baseline -0.01 -13"><span class='ocrx_word' id='word_1_22' title='bbox 473 669 492 703; x_wconf 78' lang='grc' dir='ltr'><strong>ι</strong></span> <span class='ocrx_word' id='word_1_23' title='bbox 551 649 705 716; x_wconf 84' lang='lat' dir='ltr'><strong>Quod</strong></span> <span class='ocrx_word' id='word_1_24' title='bbox 749 645 796 699; x_wconf 89' lang='lat' dir='ltr'><strong>si</strong></span> <span class='ocrx_word' id='word_1_25' title='bbox 835 645 909 698; x_wconf 89' lang='lat' dir='ltr'><strong>ita</strong></span> <span class='ocrx_word' id='word_1_26' title='bbox 965 651 1069 707; x_wconf 87' lang='lat' dir='ltr'><strong>est,</strong></span> <span class='ocrx_word' id='word_1_27' title='bbox 1121 642 1315 709; x_wconf 89' lang='lat' dir='ltr'><strong>inquit,</strong></span> <span class='ocrx_word' id='word_1_28' title='bbox 1369 642 1475 695; x_wconf 87' lang='lat' dir='ltr'><strong>erit</strong></span> <span class='ocrx_word' id='word_1_29' title='bbox 1519 654 1652 707; x_wconf 86' lang='lat' dir='ltr'><strong>ergo</strong></span> <span class='ocrx_word' id='word_1_30' title='bbox 1695 639 1859 694; x_wconf 89' lang='lat' dir='ltr'><strong>etiam</strong></span> <span class='ocrx_word' id='word_1_31' title='bbox 1907 638 2045 690; x_wconf 85' lang='lat' dir='ltr'><strong>inter</strong></span> 
     </span>
    </p>
   </div>
   <div class='ocr_carea' id='block_1_6' title="bbox 467 728 2064 809">
    <p class='ocr_par' dir='ltr' id='par_1_6' title="bbox 467 728 2064 809">
     <span class='ocr_line' id='line_1_6' title="bbox 467 728 2064 809; baseline -0.011 -13"><span class='ocrx_word' id='word_1_32' title='bbox 467 741 691 809; x_wconf 86' lang='lat' dir='ltr'><strong>angelos</strong></span> <span class='ocrx_word' id='word_1_33' title='bbox 719 748 776 793; x_wconf 91' lang='lat' dir='ltr'><strong>ct</strong></span> <span class='ocrx_word' id='word_1_34' title='bbox 812 736 1061 790; x_wconf 82' lang='lat' dir='ltr'><strong>homines</strong></span> <span class='ocrx_word' id='word_1_35' title='bbox 1085 733 1346 803; x_wconf 79' lang='lat' dir='ltr'><strong>judicium</strong></span> <span class='ocrx_word' id='word_1_36' title='bbox 1381 732 1503 795; x_wconf 88' lang='lat' dir='ltr'><strong>Dei;</strong></span> <span class='ocrx_word' id='word_1_37' title='bbox 1540 743 1591 786; x_wconf 92' lang='lat' dir='ltr'><strong>et</strong></span> <span class='ocrx_word' id='word_1_38' title='bbox 1625 730 1871 786; x_wconf 72' lang='lat' dir='ltr'><strong>fortassis</strong></span> <span class='ocrx_word' id='word_1_39' title='bbox 1903 728 2064 797; x_wconf 84' lang='lat' dir='ltr'><strong>judi-.</strong></span> 
     </span>
    </p>
   </div>
   <div class='ocr_carea' id='block_1_7' title="bbox 465 823 2044 897">
    <p class='ocr_par' dir='ltr' id='par_1_7' title="bbox 465 823 2044 897">
     <span class='ocr_line' id='line_1_7' title="bbox 465 823 2044 897; baseline -0.008 -11"><span class='ocrx_word' id='word_1_40' title='bbox 465 831 738 886; x_wconf 88' lang='lat' dir='ltr'><strong>cabnntur</strong></span> <span class='ocrx_word' id='word_1_41' title='bbox 763 828 930 897; x_wconf 81' lang='lat' dir='ltr'><strong>aliqui</strong></span> <span class='ocrx_word' id='word_1_42' title='bbox 953 841 1076 881; x_wconf 91' lang='lat' dir='ltr'><strong>cum</strong></span> <span class='ocrx_word' id='word_1_43' title='bbox 1101 825 1289 886; x_wconf 88' lang='lat' dir='ltr'><strong>Paulo,</strong></span> <span class='ocrx_word' id='word_1_44' title='bbox 1319 835 1374 878; x_wconf 90' lang='lat' dir='ltr'><strong>et</strong></span> <span class='ocrx_word' id='word_1_45' title='bbox 1396 824 1747 878; x_wconf 89' lang='lat' dir='ltr'><strong>conferentur</strong></span> <span class='ocrx_word' id='word_1_46' title='bbox 1770 823 2044 876; x_wconf 89' lang='lat' dir='ltr'><strong>laboribus</strong></span> 
     </span>
    </p>
   </div>
   <div class='ocr_carea' id='block_1_8' title="bbox 465 916 2048 991">
    <p class='ocr_par' dir='ltr' id='par_1_8' title="bbox 465 916 2048 991">
     <span class='ocr_line' id='line_1_8' title="bbox 465 916 2048 991; baseline -0.006 -14"><span class='ocrx_word' id='word_1_47' title='bbox 465 923 604 991; x_wconf 78' lang='lat' dir='ltr'><strong>ejus,</strong></span> <span class='ocrx_word' id='word_1_48' title='bbox 633 932 688 976; x_wconf 92' lang='lat' dir='ltr'><strong>et</strong></span> <span class='ocrx_word' id='word_1_49' title='bbox 719 921 986 974; x_wconf 85' lang='lat' dir='ltr'><strong>fructibus</strong></span> <span class='ocrx_word' id='word_1_50' title='bbox 1009 919 1100 988; x_wconf 91' lang='lat' dir='ltr'><strong>qui</strong></span> <span class='ocrx_word' id='word_1_51' title='bbox 1125 934 1190 973; x_wconf 82' lang='lat' dir='ltr'><strong>ex</strong></span> <span class='ocrx_word' id='word_1_52' title='bbox 1224 916 1569 970; x_wconf 89' lang='lat' dir='ltr'><strong>multitudine</strong></span> <span class='ocrx_word' id='word_1_53' title='bbox 1597 916 1930 970; x_wconf 82' lang='lat' dir='ltr'><strong>credentium</strong></span> <span class='ocrx_word' id='word_1_54' title='bbox 1963 928 2048 967; x_wconf 88' lang='lat' dir='ltr'><strong>ve-</strong></span> 
     </span>
    </p>
   </div>
   <div class='ocr_carea' id='block_1_9' title="bbox 469 1007 2048 1076">
    <p class='ocr_par' dir='ltr' id='par_1_9' title="bbox 469 1007 2048 1076">
     <span class='ocr_line' id='line_1_9' title="bbox 469 1007 2048 1076; baseline -0.006 -7"><span class='ocrx_word' id='word_1_55' title='bbox 469 1017 628 1070; x_wconf 86' lang='lat' dir='ltr'><strong>niunt</strong></span> <span class='ocrx_word' id='word_1_56' title='bbox 680 1031 695 1068; x_wconf 88' lang='lat'><strong>:</strong></span> <span class='ocrx_word' id='word_1_57' title='bbox 751 1021 806 1066; x_wconf 89' lang='lat' dir='ltr'><strong>et</strong></span> <span class='ocrx_word' id='word_1_58' title='bbox 859 1013 998 1066; x_wconf 90' lang='lat' dir='ltr'><strong>forte</strong></span> <span class='ocrx_word' id='word_1_59' title='bbox 1044 1011 1350 1065; x_wconf 76' lang='lat' dir='ltr'><strong>invenietur</strong></span> <span class='ocrx_word' id='word_1_60' title='bbox 1395 1009 1447 1062; x_wconf 90' lang='lat' dir='ltr'><strong>in</strong></span> <span class='ocrx_word' id='word_1_61' title='bbox 1478 1009 1752 1064; x_wconf 89' lang='lat' dir='ltr'><strong>laboribus</strong></span> <span class='ocrx_word' id='word_1_62' title='bbox 1802 1007 2048 1076; x_wconf 87' lang='lat' dir='ltr'><strong>superior</strong></span> 
     </span>
    </p>
   </div>
   <div class='ocr_carea' id='block_1_10' title="bbox 467 1098 2042 1172">
    <p class='ocr_par' dir='ltr' id='par_1_10' title="bbox 467 1098 2042 1172">
     <span class='ocr_line' id='line_1_10' title="bbox 467 1098 2042 1172; baseline -0.008 -11"><span class='ocrx_word' id='word_1_63' title='bbox 467 1109 634 1161; x_wconf 89' lang='lat' dir='ltr'><strong>etiam</strong></span> <span class='ocrx_word' id='word_1_64' title='bbox 662 1104 936 1172; x_wconf 77' lang='lat' dir='ltr'><strong>aliquibus</strong></span> <span class='ocrx_word' id='word_1_65' title='bbox 967 1103 1209 1172; x_wconf 88' lang='lat' dir='ltr'><strong>angelis;</strong></span> <span class='ocrx_word' id='word_1_66' title='bbox 1263 1112 1316 1156; x_wconf 90' lang='lat' dir='ltr'><strong>et</strong></span> <span class='ocrx_word' id='word_1_67' title='bbox 1363 1102 1480 1156; x_wconf 91' lang='lat' dir='ltr'><strong>ideo</strong></span> <span class='ocrx_word' id='word_1_68' title='bbox 1515 1100 1771 1154; x_wconf 90' lang='lat' dir='ltr'><strong>nimirum</strong></span> <span class='ocrx_word' id='word_1_69' title='bbox 1795 1098 2042 1151; x_wconf 89' lang='lat' dir='ltr'><strong>dicebat:</strong></span> 
     </span>
    </p>
   </div>
   <div class='ocr_carea' id='block_1_11' title="bbox 470 1189 2048 1264">
    <p class='ocr_par' dir='ltr' id='par_1_11' title="bbox 470 1189 2048 1264">
     <span class='ocr_line' id='line_1_11' title="bbox 470 1189 2048 1264; baseline -0.005 -13"><span class='ocrx_word' id='word_1_70' title='bbox 470 1201 551 1251; x_wconf 79' lang='lat' dir='ltr'><strong>An</strong></span> <span class='ocrx_word' id='word_1_71' title='bbox 592 1196 799 1250; x_wconf 75' lang='lat' dir='ltr'><strong>nescitis</strong></span> <span class='ocrx_word' id='word_1_72' title='bbox 843 1195 968 1264; x_wconf 82' lang='lat' dir='ltr'><strong>quia</strong></span> <span class='ocrx_word' id='word_1_73' title='bbox 1017 1193 1226 1263; x_wconf 82' lang='lat' dir='ltr'><strong>angelos</strong></span> <span class='ocrx_word' id='word_1_74' title='bbox 1261 1191 1722 1262; x_wconf 78' lang='lat' dir='ltr'><strong>judicabimus&quot;?</strong></span> <span class='ocrx_word' id='word_1_75' title='bbox 1757 1189 1869 1244; x_wconf 81' lang='lat' dir='ltr'><strong>Non</strong></span> <span class='ocrx_word' id='word_1_76' title='bbox 1905 1189 2048 1258; x_wconf 89' lang='lat' dir='ltr'><strong>quod</strong></span> 
     </span>
    </p>
   </div>
   <div class='ocr_carea' id='block_1_12' title="bbox 473 1280 2046 1358">
    <p class='ocr_par' dir='ltr' id='par_1_12' title="bbox 473 1280 2046 1358">
     <span class='ocr_line' id='line_1_12' title="bbox 473 1280 2046 1358; baseline -0.006 -15"><span class='ocrx_word' id='word_1_77' title='bbox 473 1291 588 1358; x_wconf 89' lang='lat' dir='ltr'><strong>ipse</strong></span> <span class='ocrx_word' id='word_1_78' title='bbox 621 1287 819 1342; x_wconf 81' lang='lat' dir='ltr'><strong>Paulus</strong></span> <span class='ocrx_word' id='word_1_79' title='bbox 846 1286 1052 1354; x_wconf 80' lang='lat' dir='ltr'><strong>iudicet</strong></span> <span class='ocrx_word' id='word_1_80' title='bbox 1099 1285 1340 1355; x_wconf 76' lang='lat' dir='ltr'><strong>angelos,</strong></span> <span class='ocrx_word' id='word_1_81' title='bbox 1392 1285 1487 1339; x_wconf 89' lang='lat' dir='ltr'><strong>sed</strong></span> <span class='ocrx_word' id='word_1_82' title='bbox 1531 1284 1672 1351; x_wconf 84' lang='lat' dir='ltr'><strong>quod</strong></span> <span class='ocrx_word' id='word_1_83' title='bbox 1717 1297 1854 1351; x_wconf 79' lang='lat' dir='ltr'><strong>Opus</strong></span> <span class='ocrx_word' id='word_1_84' title='bbox 1901 1280 2046 1335; x_wconf 85' lang='lat' dir='ltr'><strong>Pauli</strong></span> 
     </span>
    </p>
   </div>
   <div class='ocr_carea' id='block_1_13' title="bbox 2147 627 3679 700">
    <p class='ocr_par' dir='ltr' id='par_1_13' title="bbox 2147 627 3679 700">
     <span class='ocr_line' id='line_1_13' title="bbox 2147 627 3679 700; baseline 0 -13"><span class='ocrx_word' id='word_1_85' title='bbox 2147 635 2410 687; x_wconf 89' lang='lat' dir='ltr'><strong>rationem</strong></span> <span class='ocrx_word' id='word_1_86' title='bbox 2444 631 2672 686; x_wconf 89' lang='lat' dir='ltr'><strong>subdit:</strong></span> <span class='ocrx_word' id='word_1_87' title='bbox 2710 649 2730 684; x_wconf 71' lang='grc' dir='ltr'><strong>ι</strong></span> <span class='ocrx_word' id='word_1_88' title='bbox 2777 631 3032 700; x_wconf 86' lang='lat' dir='ltr'><strong>quoniam</strong></span> <span class='ocrx_word' id='word_1_89' title='bbox 3093 627 3295 696; x_wconf 77' lang='lat' dir='ltr'><strong>indigni</strong></span> <span class='ocrx_word' id='word_1_90' title='bbox 3345 637 3467 681; x_wconf 86' lang='lat' dir='ltr'><strong>sunt</strong></span> <span class='ocrx_word' id='word_1_91' title='bbox 3515 632 3592 698; x_wconf 91' lang='lat' dir='ltr'><strong>qui</strong></span> <span class='ocrx_word' id='word_1_92' title='bbox 3637 635 3679 687; x_wconf 93' lang='lat' dir='ltr'><strong>in</strong></span> 
     </span>
    </p>
   </div>
   <div class='ocr_carea' id='block_1_14' title="bbox 2145 722 3682 798">
    <p class='ocr_par' dir='ltr' id='par_1_14' title="bbox 2145 722 3682 798">
     <span class='ocr_line' id='line_1_14' title="bbox 2145 722 3682 798; baseline -0.001 -16"><span class='ocrx_word' id='word_1_93' title='bbox 2145 727 2400 798; x_wconf 67' lang='lat' dir='ltr'><strong>praesenti</strong></span> <span class='ocrx_word' id='word_1_94' title='bbox 2451 727 2649 781; x_wconf 57' lang='lat' dir='ltr'><strong>saeculo</strong></span> <span class='ocrx_word' id='word_1_95' title='bbox 2698 727 3084 794; x_wconf 83' lang='lat' dir='ltr'><strong>corripiantur,</strong></span> <span class='ocrx_word' id='word_1_96' title='bbox 3126 725 3220 778; x_wconf 90' lang='lat' dir='ltr'><strong>sed</strong></span> <span class='ocrx_word' id='word_1_97' title='bbox 3268 725 3322 776; x_wconf 92' lang='lat' dir='ltr'><strong>in</strong></span> <span class='ocrx_word' id='word_1_98' title='bbox 3367 722 3538 778; x_wconf 79' lang='lat' dir='ltr'><strong>futuro</strong></span> <span class='ocrx_word' id='word_1_99' title='bbox 3572 729 3682 781; x_wconf 76' lang='lat' dir='ltr'><strong>reci-</strong></span> 
     </span>
    </p>
   </div>
   <div class='ocr_carea' id='block_1_15' title="bbox 2145 815 3681 889">
    <p class='ocr_par' dir='ltr' id='par_1_15' title="bbox 2145 815 3681 889">
     <span class='ocr_line' id='line_1_15' title="bbox 2145 815 3681 889; baseline 0.001 -17"><span class='ocrx_word' id='word_1_100' title='bbox 2145 821 2292 889; x_wconf 90' lang='lat' dir='ltr'><strong>pient</strong></span> <span class='ocrx_word' id='word_1_101' title='bbox 2321 833 2440 889; x_wconf 77' lang='lat' dir='ltr'><strong>quze</strong></span> <span class='ocrx_word' id='word_1_102' title='bbox 2469 827 2767 874; x_wconf 89' lang='lat' dir='ltr'><strong>merentur.</strong></span> <span class='ocrx_word' id='word_1_103' title='bbox 2814 835 2834 870; x_wconf 74' lang='grc' dir='ltr'><strong>ι</strong></span> <span class='ocrx_word' id='word_1_104' title='bbox 2891 815 3266 870; x_wconf 86' lang='lat' dir='ltr'><strong>Consentanea</strong></span> <span class='ocrx_word' id='word_1_105' title='bbox 3317 826 3444 868; x_wconf 91' lang='lat' dir='ltr'><strong>sunt</strong></span> <span class='ocrx_word' id='word_1_106' title='bbox 3491 830 3597 882; x_wconf 66' lang='lat' dir='ltr'><strong>quae</strong></span> <span class='ocrx_word' id='word_1_107' title='bbox 3631 833 3681 873; x_wconf 74' lang='lat' dir='ltr'><strong>er</strong></span> 
     </span>
    </p>
   </div>
   <div class='ocr_carea' id='block_1_16' title="bbox 2145 903 3684 974">
    <p class='ocr_par' dir='ltr' id='par_1_16' title="bbox 2145 903 3684 974">
     <span class='ocr_line' id='line_1_16' title="bbox 2145 903 3684 974; baseline -0.001 -15"><span class='ocrx_word' id='word_1_108' title='bbox 2145 905 2380 972; x_wconf 80' lang='lat' dir='ltr'><strong>Origene</strong></span> <span class='ocrx_word' id='word_1_109' title='bbox 2426 904 2846 959; x_wconf 86' lang='lat' dir='ltr'><strong>subministrant</strong></span> <span class='ocrx_word' id='word_1_110' title='bbox 2868 903 3084 957; x_wconf 71' lang='lat' dir='ltr'><strong>Catenze</strong></span> <span class='ocrx_word' id='word_1_111' title='bbox 3111 903 3163 956; x_wconf 92' lang='lat' dir='ltr'><strong>in</strong></span> <span class='ocrx_word' id='word_1_112' title='bbox 3201 903 3377 956; x_wconf 77' lang='lat' dir='ltr'><strong>Exod.</strong></span> <span class='ocrx_word' id='word_1_113' title='bbox 3407 919 3492 964; x_wconf 78' lang='lat' dir='ltr'><strong>xx,</strong></span> <span class='ocrx_word' id='word_1_114' title='bbox 3514 904 3563 966; x_wconf 88' lang='lat'><strong>5.</strong></span> <span class='ocrx_word' id='word_1_115' title='bbox 3590 922 3684 974; x_wconf 76' lang='lat' dir='ltr'><strong>pag.</strong></span> 
     </span>
    </p>
   </div>
   <div class='ocr_carea' id='block_1_17' title="bbox 2148 993 3688 1066">
    <p class='ocr_par' dir='ltr' id='par_1_17' title="bbox 2148 993 3688 1066">
     <span class='ocr_line' id='line_1_17' title="bbox 2148 993 3688 1066; baseline -0.001 -16"><span class='ocrx_word' id='word_1_116' title='bbox 2148 997 2249 1050; x_wconf 67' lang='grc'><strong>127</strong></span> <span class='ocrx_word' id='word_1_117' title='bbox 2283 1013 2296 1050; x_wconf 89' lang='lat'><strong>:</strong></span> <span class='ocrx_word' id='word_1_118' title='bbox 2330 994 2581 1065; x_wconf 82' lang='grc' dir='ltr'><strong>Τοσούτῳ</strong></span> <span class='ocrx_word' id='word_1_119' title='bbox 2605 995 2801 1066; x_wconf 82' lang='grc' dir='ltr'><strong>χρόνῳ,</strong></span> <span class='ocrx_word' id='word_1_120' title='bbox 2831 995 3023 1064; x_wconf 88' lang='lat' dir='ltr'><strong>inquit,</strong></span> <span class='ocrx_word' id='word_1_121' title='bbox 3075 995 3103 1046; x_wconf 83' lang='lat'>6</span> <span class='ocrx_word' id='word_1_122' title='bbox 3145 993 3392 1056; x_wconf 84' lang='grc' dir='ltr'>διάϐολος</span> <span class='ocrx_word' id='word_1_123' title='bbox 3433 995 3688 1066; x_wconf 73' lang='grc' dir='ltr'><strong>ἁμαρτάνει</strong></span> 
     </span>
    </p>
   </div>
   <div class='ocr_carea' id='block_1_18' title="bbox 2148 1085 3688 1158">
    <p class='ocr_par' dir='ltr' id='par_1_18' title="bbox 2148 1085 3688 1158">
     <span class='ocr_line' id='line_1_18' title="bbox 2148 1085 3688 1158; baseline -0.003 -14"><span class='ocrx_word' id='word_1_124' title='bbox 2148 1090 2255 1144; x_wconf 82' lang='grc' dir='ltr'><strong>ἀπὸ</strong></span> <span class='ocrx_word' id='word_1_125' title='bbox 2284 1088 2514 1149; x_wconf 78' lang='grc' dir='ltr'><strong>κτίσεως</strong></span> <span class='ocrx_word' id='word_1_126' title='bbox 2565 1089 2661 1141; x_wconf 73' lang='grc' dir='ltr'><strong>καὶ</strong></span> <span class='ocrx_word' id='word_1_127' title='bbox 2709 1087 3017 1158; x_wconf 77' lang='grc' dir='ltr'>καταϐολῆς</span> <span class='ocrx_word' id='word_1_128' title='bbox 3056 1087 3284 1157; x_wconf 81' lang='grc' dir='ltr'><strong>κόσμου,</strong></span> <span class='ocrx_word' id='word_1_129' title='bbox 3327 1087 3423 1138; x_wconf 64' lang='grc' dir='ltr'><strong>κα)⁵</strong></span> <span class='ocrx_word' id='word_1_130' title='bbox 3449 1085 3560 1139; x_wconf 73' lang='grc' dir='ltr'>οὔτε</span> <span class='ocrx_word' id='word_1_131' title='bbox 3587 1087 3688 1157; x_wconf 82' lang='grc' dir='ltr'>πῦρ,</span> 
     </span>
    </p>
   </div>
   <div class='ocr_carea' id='block_1_19' title="bbox 2146 1177 3689 1253">
    <p class='ocr_par' dir='ltr' id='par_1_19' title="bbox 2146 1177 3689 1253">
     <span class='ocr_line' id='line_1_19' title="bbox 2146 1177 3689 1253; baseline -0.004 -18"><span class='ocrx_word' id='word_1_132' title='bbox 2146 1182 2269 1236; x_wconf 76' lang='grc' dir='ltr'>οὔτε</span> <span class='ocrx_word' id='word_1_133' title='bbox 2299 1179 2516 1253; x_wconf 81' lang='grc' dir='ltr'><strong>μάστιξ.</strong></span> <span class='ocrx_word' id='word_1_134' title='bbox 2572 1179 2646 1233; x_wconf 82' lang='grc' dir='ltr'><strong>Οὐ</strong></span> <span class='ocrx_word' id='word_1_135' title='bbox 2685 1179 2794 1250; x_wconf 79' lang='grc' dir='ltr'>γὰρ</span> <span class='ocrx_word' id='word_1_136' title='bbox 2833 1179 2985 1245; x_wconf 81' lang='grc' dir='ltr'>ἄξιός</span> <span class='ocrx_word' id='word_1_137' title='bbox 3023 1180 3138 1231; x_wconf 82' lang='grc' dir='ltr'>ἐστι</span> <span class='ocrx_word' id='word_1_138' title='bbox 3180 1177 3290 1230; x_wconf 83' lang='grc' dir='ltr'>τῶν</span> <span class='ocrx_word' id='word_1_139' title='bbox 3331 1177 3589 1230; x_wconf 77' lang='grc' dir='ltr'><strong>κολάσεων</strong></span> <span class='ocrx_word' id='word_1_140' title='bbox 3608 1177 3689 1229; x_wconf 78' lang='grc' dir='ltr'>τῶν</span> 
     </span>
    </p>
   </div>
   <div class='ocr_carea' id='block_1_20' title="bbox 2150 1269 3692 1342">
    <p class='ocr_par' dir='ltr' id='par_1_20' title="bbox 2150 1269 3692 1342">
     <span class='ocr_line' id='line_1_20' title="bbox 2150 1269 3692 1342; baseline -0.009 -12"><span class='ocrx_word' id='word_1_141' title='bbox 2150 1277 2257 1330; x_wconf 82' lang='grc' dir='ltr'><strong>ἀπὸ</strong></span> <span class='ocrx_word' id='word_1_142' title='bbox 2291 1273 2385 1328; x_wconf 84' lang='grc' dir='ltr'><strong>τοῦ</strong></span> <span class='ocrx_word' id='word_1_143' title='bbox 2414 1273 2572 1336; x_wconf 83' lang='grc' dir='ltr'>Θεοῦ,</span> <span class='ocrx_word' id='word_1_144' title='bbox 2599 1272 2659 1325; x_wconf 81' lang='grc' dir='ltr'>οὐ</span> <span class='ocrx_word' id='word_1_145' title='bbox 2685 1273 2795 1342; x_wconf 82' lang='grc' dir='ltr'><strong>γὰρ</strong></span> <span class='ocrx_word' id='word_1_146' title='bbox 2817 1271 3037 1325; x_wconf 78' lang='grc' dir='ltr'>δύναται</span> <span class='ocrx_word' id='word_1_147' title='bbox 3063 1273 3238 1324; x_wconf 79' lang='grc' dir='ltr'>εἰπεῖν</span> <span class='ocrx_word' id='word_1_148' title='bbox 3269 1270 3300 1322; x_wconf 86' lang='grc' dir='ltr'>ὁ</span> <span class='ocrx_word' id='word_1_149' title='bbox 3331 1269 3590 1331; x_wconf 82' lang='grc' dir='ltr'>διάϐολος·</span> <span class='ocrx_word' id='word_1_150' title='bbox 3611 1270 3692 1320; x_wconf 72' lang='grc' dir='ltr'><strong>Κύ-</strong></span> 
     </span>
    </p>
   </div>
   <div class='ocr_carea' id='block_1_21' title="bbox 473 1361 2064 1449">
    <p class='ocr_par' dir='ltr' id='par_1_21' title="bbox 473 1372 2049 1449">
     <span class='ocr_line' id='line_1_21' title="bbox 473 1372 2049 1449; baseline -0.007 -15"><span class='ocrx_word' id='word_1_151' title='bbox 473 1380 619 1449; x_wconf 90' lang='lat' dir='ltr'><strong>quod</strong></span> <span class='ocrx_word' id='word_1_152' title='bbox 643 1379 750 1449; x_wconf 77' lang='lat' dir='ltr'><strong>egit</strong></span> <span class='ocrx_word' id='word_1_153' title='bbox 783 1379 833 1430; x_wconf 91' lang='lat' dir='ltr'><strong>in</strong></span> <span class='ocrx_word' id='word_1_154' title='bbox 862 1375 1177 1446; x_wconf 84' lang='lat' dir='ltr'><strong>Evangeiio,</strong></span> <span class='ocrx_word' id='word_1_155' title='bbox 1209 1385 1264 1430; x_wconf 89' lang='lat' dir='ltr'><strong>et</strong></span> <span class='ocrx_word' id='word_1_156' title='bbox 1291 1389 1417 1443; x_wconf 92' lang='lat' dir='ltr'><strong>erga</strong></span> <span class='ocrx_word' id='word_1_157' title='bbox 1450 1374 1661 1427; x_wconf 88' lang='lat' dir='ltr'><strong>animas</strong></span> <span class='ocrx_word' id='word_1_158' title='bbox 1691 1372 2049 1434; x_wconf 90' lang='lat' dir='ltr'><strong>credentium,</strong></span> 
     </span>
    </p>
   </div>
   <div class='ocr_carea' id='block_1_22' title="bbox 2169 1361 3693 1449">
    <p class='ocr_par' dir='ltr' id='par_1_22' title="bbox 2169 1361 3693 1439">
     <span class='ocr_line' id='line_1_22' title="bbox 2169 1361 3693 1439; baseline -0.008 -14"><span class='ocrx_word' id='word_1_159' title='bbox 2169 1387 2256 1433; x_wconf 75' lang='lat' dir='ltr'><strong>ne,</strong></span> <span class='ocrx_word' id='word_1_160' title='bbox 2305 1369 2390 1439; x_wconf 80' lang='grc' dir='ltr'><strong>μὴ</strong></span> <span class='ocrx_word' id='word_1_161' title='bbox 2424 1361 2589 1438; x_wconf 82' lang='grc' dir='ltr'>θυμῷ</span> <span class='ocrx_word' id='word_1_162' title='bbox 2624 1383 2740 1421; x_wconf 83' lang='grc' dir='ltr'><strong>σου</strong></span> <span class='ocrx_word' id='word_1_163' title='bbox 2764 1367 3021 1436; x_wconf 70' lang='grc' dir='ltr'><strong>ἐλέγξῃς</strong></span> <span class='ocrx_word' id='word_1_164' title='bbox 3048 1382 3144 1434; x_wconf 83' lang='grc' dir='ltr'>με,</span> <span class='ocrx_word' id='word_1_165' title='bbox 3180 1367 3277 1417; x_wconf 74' lang='grc' dir='ltr'><strong>καὶ</strong></span> <span class='ocrx_word' id='word_1_166' title='bbox 3304 1363 3374 1416; x_wconf 80' lang='grc' dir='ltr'><strong>τὰ</strong></span> <span class='ocrx_word' id='word_1_167' title='bbox 3401 1362 3536 1432; x_wconf 79' lang='grc' dir='ltr'><strong>ἑξῆς.</strong></span> <span class='ocrx_word' id='word_1_168' title='bbox 3563 1363 3693 1414; x_wconf 73' lang='grc' dir='ltr'><strong>Ἐκα-</strong></span> 
     </span>
    </p>
   </div>
   <div class='ocr_carea' id='block_1_23' title="bbox 473 1462 2045 1538">
    <p class='ocr_par' dir='ltr' id='par_1_23' title="bbox 473 1462 2045 1538">
     <span class='ocr_line' id='line_1_23' title="bbox 473 1462 2045 1538; baseline -0.009 -11"><span class='ocrx_word' id='word_1_169' title='bbox 473 1471 737 1530; x_wconf 88' lang='lat' dir='ltr'><strong>iudicabit</strong></span> <span class='ocrx_word' id='word_1_170' title='bbox 782 1469 990 1538; x_wconf 86' lang='lat' dir='ltr'><strong>aliquos</strong></span> <span class='ocrx_word' id='word_1_171' title='bbox 1047 1485 1060 1522; x_wconf 90' lang='lat'><strong>:</strong></span> <span class='ocrx_word' id='word_1_172' title='bbox 1128 1481 1236 1521; x_wconf 93' lang='lat' dir='ltr'><strong>non</strong></span> <span class='ocrx_word' id='word_1_173' title='bbox 1281 1466 1427 1520; x_wconf 88' lang='lat' dir='ltr'><strong>enim</strong></span> <span class='ocrx_word' id='word_1_174' title='bbox 1453 1478 1665 1527; x_wconf 86' lang='lat' dir='ltr'><strong>omnes,</strong></span> <span class='ocrx_word' id='word_1_175' title='bbox 1699 1462 1792 1516; x_wconf 90' lang='lat' dir='ltr'><strong>sed</strong></span> <span class='ocrx_word' id='word_1_176' title='bbox 1834 1462 2045 1530; x_wconf 88' lang='lat' dir='ltr'><strong>aliquos</strong></span> 
     </span>
    </p>
   </div>
   <div class='ocr_carea' id='block_1_24' title="bbox 475 1554 2050 1633">
    <p class='ocr_par' dir='ltr' id='par_1_24' title="bbox 475 1554 2050 1633">
     <span class='ocr_line' id='line_1_24' title="bbox 475 1554 2050 1633; baseline -0.007 -17"><span class='ocrx_word' id='word_1_177' title='bbox 475 1561 810 1633; x_wconf 80' lang='lat' dir='ltr'><strong>angelorum.</strong></span> <span class='ocrx_word' id='word_1_178' title='bbox 848 1578 869 1612; x_wconf 74' lang='grc' dir='ltr'><strong>ι</strong></span> <span class='ocrx_word' id='word_1_179' title='bbox 906 1558 1144 1625; x_wconf 90' lang='lat' dir='ltr'><strong>Quorum</strong></span> <span class='ocrx_word' id='word_1_180' title='bbox 1185 1571 1443 1624; x_wconf 79' lang='lat' dir='ltr'><strong>germana</strong></span> <span class='ocrx_word' id='word_1_181' title='bbox 1474 1563 1599 1608; x_wconf 90' lang='lat' dir='ltr'><strong>sunt</strong></span> <span class='ocrx_word' id='word_1_182' title='bbox 1629 1562 1683 1607; x_wconf 90' lang='lat' dir='ltr'><strong>et</strong></span> <span class='ocrx_word' id='word_1_183' title='bbox 1714 1554 1815 1606; x_wconf 84' lang='lat' dir='ltr'><strong>ista</strong></span> <span class='ocrx_word' id='word_1_184' title='bbox 1849 1566 1881 1606; x_wconf 91' lang='lat' dir='ltr'><strong>e</strong></span> <span class='ocrx_word' id='word_1_185' title='bbox 1917 1561 2050 1605; x_wconf 89' lang='lat' dir='ltr'><strong>tom.</strong></span> 
     </span>
    </p>
   </div>
   <div class='ocr_carea' id='block_1_25' title="bbox 475 1643 2049 1712">
    <p class='ocr_par' dir='ltr' id='par_1_25' title="bbox 475 1643 2049 1712">
     <span class='ocr_line' id='line_1_25' title="bbox 475 1643 2049 1712; baseline -0.008 -4"><span class='ocrx_word' id='word_1_186' title='bbox 475 1670 507 1708; x_wconf 75' lang='grc' dir='ltr'><strong>ι</strong></span> <span class='ocrx_word' id='word_1_187' title='bbox 529 1655 582 1707; x_wconf 80' lang='lat' dir='ltr'><strong>in</strong></span> <span class='ocrx_word' id='word_1_188' title='bbox 607 1652 798 1706; x_wconf 77' lang='lat' dir='ltr'><strong>Matth.</strong></span> <span class='ocrx_word' id='word_1_189' title='bbox 826 1666 901 1712; x_wconf 83' lang='lat' dir='ltr'><strong>vt.</strong></span> <span class='ocrx_word' id='word_1_190' title='bbox 931 1665 1082 1704; x_wconf 84' lang='lat' dir='ltr'><strong>num.</strong></span> <span class='ocrx_word' id='word_1_191' title='bbox 1108 1649 1177 1703; x_wconf 74' lang='lat' dir='ltr'><strong>i3</strong></span> <span class='ocrx_word' id='word_1_192' title='bbox 1209 1667 1222 1702; x_wconf 92' lang='lat'>:</span> <span class='ocrx_word' id='word_1_193' title='bbox 1253 1648 1476 1710; x_wconf 78' lang='grc' dir='ltr'><strong>Τούτοις</strong></span> <span class='ocrx_word' id='word_1_194' title='bbox 1505 1646 1560 1698; x_wconf 81' lang='grc' dir='ltr'>δὲ</span> <span class='ocrx_word' id='word_1_195' title='bbox 1604 1646 1704 1700; x_wconf 82' lang='grc' dir='ltr'><strong>οὐκ</strong></span> <span class='ocrx_word' id='word_1_196' title='bbox 1748 1643 2049 1706; x_wconf 82' lang='grc' dir='ltr'>ἀκολουθεῖ,</span> 
     </span>
    </p>
   </div>
   <div class='ocr_carea' id='block_1_26' title="bbox 472 1734 2054 1817">
    <p class='ocr_par' dir='ltr' id='par_1_26' title="bbox 472 1734 2054 1817">
     <span class='ocr_line' id='line_1_26' title="bbox 472 1734 2054 1817; baseline -0.009 -18"><span class='ocrx_word' id='word_1_197' title='bbox 472 1747 609 1817; x_wconf 76' lang='grc' dir='ltr'>ὅπερ</span> <span class='ocrx_word' id='word_1_198' title='bbox 629 1743 832 1798; x_wconf 75' lang='grc' dir='ltr'>οἴονταί</span> <span class='ocrx_word' id='word_1_199' title='bbox 858 1758 1022 1805; x_wconf 87' lang='grc' dir='ltr'>τινες,</span> <span class='ocrx_word' id='word_1_200' title='bbox 1059 1740 1140 1793; x_wconf 84' lang='grc' dir='ltr'>ὃτι</span> <span class='ocrx_word' id='word_1_201' title='bbox 1183 1740 1278 1792; x_wconf 69' lang='grc' dir='ltr'><strong>καὶ</strong></span> <span class='ocrx_word' id='word_1_202' title='bbox 1315 1737 1425 1791; x_wconf 85' lang='grc' dir='ltr'><strong>τῶν</strong></span> <span class='ocrx_word' id='word_1_203' title='bbox 1459 1737 1628 1806; x_wconf 82' lang='grc' dir='ltr'>ἁγίων</span> <span class='ocrx_word' id='word_1_204' title='bbox 1667 1734 1912 1804; x_wconf 77' lang='grc' dir='ltr'>ἀγγέλων</span> <span class='ocrx_word' id='word_1_205' title='bbox 1948 1734 2054 1785; x_wconf 77' lang='grc' dir='ltr'>εἰσὶ</span> 
     </span>
    </p>
   </div>
   <div class='ocr_carea' id='block_1_27' title="bbox 479 1824 2054 1910">
    <p class='ocr_par' dir='ltr' id='par_1_27' title="bbox 479 1824 2054 1910">
     <span class='ocr_line' id='line_1_27' title="bbox 479 1824 2054 1910; baseline -0.01 -19"><span class='ocrx_word' id='word_1_206' title='bbox 479 1838 755 1910; x_wconf 79' lang='grc' dir='ltr'><strong>κρείττους</strong></span> <span class='ocrx_word' id='word_1_207' title='bbox 779 1835 826 1888; x_wconf 88' lang='grc' dir='ltr'>οἱ</span> <span class='ocrx_word' id='word_1_208' title='bbox 851 1834 1127 1906; x_wconf 77' lang='grc' dir='ltr'>ἄνθρωποι</span> <span class='ocrx_word' id='word_1_209' title='bbox 1156 1833 1205 1884; x_wconf 75' lang='lat' dir='ltr'><strong>oi</strong></span> <span class='ocrx_word' id='word_1_210' title='bbox 1235 1832 1292 1884; x_wconf 82' lang='grc' dir='ltr'>ὲν</span> <span class='ocrx_word' id='word_1_211' title='bbox 1326 1830 1546 1901; x_wconf 83' lang='grc' dir='ltr'>Χριστῷ</span> <span class='ocrx_word' id='word_1_212' title='bbox 1574 1827 1868 1897; x_wconf 81' lang='grc' dir='ltr'><strong>σωζόμενοι</strong></span> <span class='ocrx_word' id='word_1_213' title='bbox 1887 1843 1901 1856; x_wconf 74' lang='grc' dir='ltr'><strong><em>ο</em></strong></span> <span class='ocrx_word' id='word_1_214' title='bbox 1937 1824 2054 1889; x_wconf 82' lang='grc' dir='ltr'>πῶς</span> 
     </span>
    </p>
   </div>
   <div class='ocr_carea' id='block_1_28' title="bbox 2155 1456 3693 1530">
    <p class='ocr_par' dir='ltr' id='par_1_28' title="bbox 2155 1456 3693 1530">
     <span class='ocr_line' id='line_1_28' title="bbox 2155 1456 3693 1530; baseline -0.006 -13"><span class='ocrx_word' id='word_1_215' title='bbox 2155 1481 2277 1527; x_wconf 87' lang='grc' dir='ltr'>στος</span> <span class='ocrx_word' id='word_1_216' title='bbox 2329 1458 2423 1516; x_wconf 77' lang='grc' dir='ltr'>οὖν</span> <span class='ocrx_word' id='word_1_217' title='bbox 2470 1462 2725 1524; x_wconf 82' lang='grc' dir='ltr'>συνειδὼς</span> <span class='ocrx_word' id='word_1_218' title='bbox 2774 1460 2951 1530; x_wconf 81' lang='grc' dir='ltr'>ἐαυτῷ</span> <span class='ocrx_word' id='word_1_219' title='bbox 2982 1458 3276 1530; x_wconf 81' lang='grc' dir='ltr'>ἁμαρτίας,</span> <span class='ocrx_word' id='word_1_220' title='bbox 3315 1456 3548 1526; x_wconf 80' lang='grc' dir='ltr'><strong>εὐχέσθω</strong></span> <span class='ocrx_word' id='word_1_221' title='bbox 3576 1456 3693 1508; x_wconf 68' lang='grc' dir='ltr'>κολα-</span> 
     </span>
    </p>
   </div>
   <div class='ocr_carea' id='block_1_29' title="bbox 2155 1549 3691 1625">
    <p class='ocr_par' dir='ltr' id='par_1_29' title="bbox 2155 1549 3691 1625">
     <span class='ocr_line' id='line_1_29' title="bbox 2155 1549 3691 1625; baseline -0.006 -16"><span class='ocrx_word' id='word_1_222' title='bbox 2155 1555 2380 1625; x_wconf 77' lang='grc' dir='ltr'>σθῆναι·</span> <span class='ocrx_word' id='word_1_223' title='bbox 2422 1553 2587 1606; x_wconf 77' lang='grc' dir='ltr'>καλὸν</span> <span class='ocrx_word' id='word_1_224' title='bbox 2616 1551 2845 1623; x_wconf 75' lang='grc' dir='ltr'>μὲνγὰρ</span> <span class='ocrx_word' id='word_1_225' title='bbox 2876 1552 2935 1604; x_wconf 83' lang='grc' dir='ltr'>τὸ</span> <span class='ocrx_word' id='word_1_226' title='bbox 2966 1551 3130 1622; x_wconf 80' lang='grc' dir='ltr'>μηδὲν</span> <span class='ocrx_word' id='word_1_227' title='bbox 3164 1551 3314 1616; x_wconf 77' lang='grc' dir='ltr'>ἄξιον</span> <span class='ocrx_word' id='word_1_228' title='bbox 3346 1549 3602 1610; x_wconf 81' lang='grc' dir='ltr'>κολάσεως</span> <span class='ocrx_word' id='word_1_229' title='bbox 3621 1563 3691 1600; x_wconf 81' lang='grc' dir='ltr'><strong>πε-</strong></span> 
     </span>
    </p>
   </div>
   <div class='ocr_carea' id='block_1_30' title="bbox 2155 1643 3690 1720">
    <p class='ocr_par' dir='ltr' id='par_1_30' title="bbox 2155 1643 3690 1720">
     <span class='ocr_line' id='line_1_30' title="bbox 2155 1643 3690 1720; baseline -0.008 -17"><span class='ocrx_word' id='word_1_230' title='bbox 2155 1649 2459 1720; x_wconf 71' lang='grc' dir='ltr'>ποιηκέναι.</span> <span class='ocrx_word' id='word_1_231' title='bbox 2509 1649 2572 1699; x_wconf 80' lang='lat' dir='ltr'><strong>El</strong></span> <span class='ocrx_word' id='word_1_232' title='bbox 2621 1647 2676 1700; x_wconf 82' lang='grc' dir='ltr'><strong>δέ</strong></span> <span class='ocrx_word' id='word_1_233' title='bbox 2726 1665 2776 1699; x_wconf 84' lang='grc' dir='ltr'><strong>τι</strong></span> <span class='ocrx_word' id='word_1_234' title='bbox 2818 1645 2965 1712; x_wconf 78' lang='grc' dir='ltr'>ἄξιον</span> <span class='ocrx_word' id='word_1_235' title='bbox 3011 1645 3285 1706; x_wconf 80' lang='grc' dir='ltr'><strong>κολάσεως</strong></span> <span class='ocrx_word' id='word_1_236' title='bbox 3339 1643 3690 1712; x_wconf 51' lang='grc' dir='ltr'>πεποιήκαμν,</span> 
     </span>
    </p>
   </div>
   <div class='ocr_carea' id='block_1_31' title="bbox 2155 1733 3692 1811">
    <p class='ocr_par' dir='ltr' id='par_1_31' title="bbox 2155 1733 3692 1811">
     <span class='ocr_line' id='line_1_31' title="bbox 2155 1733 3692 1811; baseline -0.005 -16"><span class='ocrx_word' id='word_1_237' title='bbox 2155 1741 2299 1796; x_wconf 83' lang='grc' dir='ltr'>οῦτω</span> <span class='ocrx_word' id='word_1_238' title='bbox 2325 1741 2696 1811; x_wconf 80' lang='grc' dir='ltr'>κολασοῶμεν,</span> <span class='ocrx_word' id='word_1_239' title='bbox 2727 1739 2868 1792; x_wconf 78' lang='grc' dir='ltr'>ὥστε</span> <span class='ocrx_word' id='word_1_240' title='bbox 2895 1737 3080 1793; x_wconf 75' lang='grc' dir='ltr'>ἐνθάδε</span> <span class='ocrx_word' id='word_1_241' title='bbox 3115 1738 3214 1809; x_wconf 79' lang='grc' dir='ltr'><strong>μὲν</strong></span> <span class='ocrx_word' id='word_1_242' title='bbox 3238 1736 3558 1791; x_wconf 59' lang='grc' dir='ltr'>ἀπολαϐεῖν</span> <span class='ocrx_word' id='word_1_243' title='bbox 3591 1733 3692 1806; x_wconf 76' lang='grc' dir='ltr'><strong>μετᾶ</strong></span> 
     </span>
    </p>
   </div>
   <div class='ocr_carea' id='block_1_32' title="bbox 2155 1828 3692 1903">
    <p class='ocr_par' dir='ltr' id='par_1_32' title="bbox 2155 1828 3692 1903">
     <span class='ocr_line' id='line_1_32' title="bbox 2155 1828 3692 1903; baseline -0.006 -15"><span class='ocrx_word' id='word_1_244' title='bbox 2155 1836 2212 1888; x_wconf 78' lang='grc' dir='ltr'>δὲ</span> <span class='ocrx_word' id='word_1_245' title='bbox 2237 1835 2412 1888; x_wconf 87' lang='grc' dir='ltr'>ταῦτα</span> <span class='ocrx_word' id='word_1_246' title='bbox 2458 1837 2536 1898; x_wconf 75' lang='grc' dir='ltr'>εἰς</span> <span class='ocrx_word' id='word_1_247' title='bbox 2576 1835 2701 1896; x_wconf 82' lang='grc' dir='ltr'>τοὺς</span> <span class='ocrx_word' id='word_1_248' title='bbox 2735 1833 2971 1896; x_wconf 76' lang='grc' dir='ltr'>κόλπους</span> <span class='ocrx_word' id='word_1_249' title='bbox 3013 1831 3266 1903; x_wconf 76' lang='grc' dir='ltr'>Ἀϐραὰμ</span> <span class='ocrx_word' id='word_1_250' title='bbox 3301 1828 3692 1884; x_wconf 76' lang='grc' dir='ltr'>ἀναπαύσασθαι.</span> 
     </span>
    </p>
   </div>
   <div class='ocr_carea' id='block_1_33' title="bbox 474 1915 2064 2001">
    <p class='ocr_par' dir='ltr' id='par_1_33' title="bbox 474 1915 2051 2001">
     <span class='ocr_line' id='line_1_33' title="bbox 474 1915 2051 2001; baseline -0.01 -18"><span class='ocrx_word' id='word_1_251' title='bbox 474 1931 584 2001; x_wconf 84' lang='grc' dir='ltr'><strong>γὰρ</strong></span> <span class='ocrx_word' id='word_1_252' title='bbox 610 1929 858 1982; x_wconf 77' lang='grc' dir='ltr'>δύνανται</span> <span class='ocrx_word' id='word_1_253' title='bbox 904 1927 953 1979; x_wconf 86' lang='grc' dir='ltr'>οἱ</span> <span class='ocrx_word' id='word_1_254' title='bbox 980 1926 1084 1978; x_wconf 68' lang='grc' dir='ltr'><strong>ὑπὸ</strong></span> <span class='ocrx_word' id='word_1_255' title='bbox 1109 1925 1278 1993; x_wconf 80' lang='grc' dir='ltr'>ἁγίων</span> <span class='ocrx_word' id='word_1_256' title='bbox 1313 1921 1557 1992; x_wconf 76' lang='grc' dir='ltr'>ἀγγέλων</span> <span class='ocrx_word' id='word_1_257' title='bbox 1587 1921 1665 1984; x_wconf 76' lang='grc' dir='ltr'>εἰς</span> <span class='ocrx_word' id='word_1_258' title='bbox 1690 1919 1833 1989; x_wconf 75' lang='grc' dir='ltr'>ἄγγη</span> <span class='ocrx_word' id='word_1_259' title='bbox 1871 1915 2051 1987; x_wconf 66' lang='lat' dir='ltr'><strong>sane.</strong></span> 
     </span>
    </p>
   </div>
   <div class='ocr_carea' id='block_1_34' title="bbox 2169 1915 3696 2001">
    <p class='ocr_par' dir='ltr' id='par_1_34' title="bbox 2169 1923 3696 1996">
     <span class='ocr_line' id='line_1_34' title="bbox 2169 1923 3696 1996; baseline -0.004 -17"><span class='ocrx_word' id='word_1_260' title='bbox 2169 1947 2186 1979; x_wconf 77' lang='grc' dir='ltr'><strong>ι</strong></span> <span class='ocrx_word' id='word_1_261' title='bbox 2220 1927 2428 1982; x_wconf 88' lang='lat' dir='ltr'><strong>Tandin</strong></span> <span class='ocrx_word' id='word_1_262' title='bbox 2459 1937 2543 1983; x_wconf 89' lang='lat' dir='ltr'><strong>est</strong></span> <span class='ocrx_word' id='word_1_263' title='bbox 2572 1943 2636 1982; x_wconf 80' lang='lat' dir='ltr'><strong>ex</strong></span> <span class='ocrx_word' id='word_1_264' title='bbox 2680 1943 2788 1996; x_wconf 88' lang='lat' dir='ltr'><strong>quo</strong></span> <span class='ocrx_word' id='word_1_265' title='bbox 2818 1935 3009 1996; x_wconf 90' lang='lat' dir='ltr'><strong>peccat</strong></span> <span class='ocrx_word' id='word_1_266' title='bbox 3031 1925 3278 1979; x_wconf 86' lang='lat' dir='ltr'><strong>diabolus</strong></span> <span class='ocrx_word' id='word_1_267' title='bbox 3316 1940 3346 1978; x_wconf 88' lang='lat' dir='ltr'><strong>a</strong></span> <span class='ocrx_word' id='word_1_268' title='bbox 3382 1923 3630 1978; x_wconf 84' lang='lat' dir='ltr'><strong>creatione</strong></span> <span class='ocrx_word' id='word_1_269' title='bbox 3650 1936 3696 1974; x_wconf 84' lang='lat' dir='ltr'><strong>ac</strong></span> 
     </span>
    </p>
   </div>
   <div class='ocr_carea' id='block_1_35' title="bbox 478 2007 2058 2093">
    <p class='ocr_par' dir='ltr' id='par_1_35' title="bbox 478 2007 2058 2093">
     <span class='ocr_line' id='line_1_35' title="bbox 478 2007 2058 2093; baseline -0.01 -18"><span class='ocrx_word' id='word_1_270' title='bbox 478 2038 628 2093; x_wconf 84' lang='grc' dir='ltr'>μενοι</span> <span class='ocrx_word' id='word_1_271' title='bbox 647 2023 754 2082; x_wconf 83' lang='grc' dir='ltr'>τοῖς</span> <span class='ocrx_word' id='word_1_272' title='bbox 784 2019 1063 2089; x_wconf 81' lang='grc' dir='ltr'>βάλλουσιν</span> <span class='ocrx_word' id='word_1_273' title='bbox 1082 2019 1160 2080; x_wconf 79' lang='grc' dir='ltr'>εἰς</span> <span class='ocrx_word' id='word_1_274' title='bbox 1192 2016 1258 2068; x_wconf 77' lang='grc' dir='ltr'>τὰ</span> <span class='ocrx_word' id='word_1_275' title='bbox 1279 2015 1424 2083; x_wconf 82' lang='grc' dir='ltr'><strong>ἄγγη</strong></span> <span class='ocrx_word' id='word_1_276' title='bbox 1453 2009 1912 2084; x_wconf 78' lang='grc' dir='ltr'>παραϐάλλεσθαι,</span> <span class='ocrx_word' id='word_1_277' title='bbox 1949 2007 2058 2060; x_wconf 70' lang='grc' dir='ltr'>ὑπὸ</span> 
     </span>
    </p>
   </div>
   <div class='ocr_carea' id='block_1_36' title="bbox 479 2102 2060 2184">
    <p class='ocr_par' dir='ltr' id='par_1_36' title="bbox 479 2102 2060 2184">
     <span class='ocr_line' id='line_1_36' title="bbox 479 2102 2060 2184; baseline -0.007 -20"><span class='ocrx_word' id='word_1_278' title='bbox 479 2111 574 2182; x_wconf 80' lang='grc' dir='ltr'>τὴν</span> <span class='ocrx_word' id='word_1_279' title='bbox 605 2111 826 2163; x_wconf 73' lang='grc' dir='ltr'>ἐκείνων</span> <span class='ocrx_word' id='word_1_280' title='bbox 854 2108 1176 2184; x_wconf 65' lang='grc' dir='ltr'>τεταγμένοι</span> <span class='ocrx_word' id='word_1_281' title='bbox 1221 2106 1506 2172; x_wconf 72' lang='grc' dir='ltr'>ἐξουσίανς</span> <span class='ocrx_word' id='word_1_282' title='bbox 1554 2102 1739 2157; x_wconf 83' lang='grc' dir='ltr'>Ταῦτα</span> <span class='ocrx_word' id='word_1_283' title='bbox 1781 2103 1838 2155; x_wconf 81' lang='grc' dir='ltr'><strong>δέ</strong></span> <span class='ocrx_word' id='word_1_284' title='bbox 1881 2118 2060 2172; x_wconf 85' lang='grc' dir='ltr'>φαμεν</span> 
     </span>
    </p>
   </div>
   <div class='ocr_carea' id='block_1_37' title="bbox 477 2191 2061 2269">
    <p class='ocr_par' dir='ltr' id='par_1_37' title="bbox 477 2191 2061 2269">
     <span class='ocr_line' id='line_1_37' title="bbox 477 2191 2061 2269; baseline -0.008 -14"><span class='ocrx_word' id='word_1_285' title='bbox 477 2203 577 2255; x_wconf 73' lang='grc' dir='ltr'><strong>οὐκ</strong></span> <span class='ocrx_word' id='word_1_286' title='bbox 605 2200 923 2269; x_wconf 82' lang='grc' dir='ltr'>ἀγνοοῦντὲς</span> <span class='ocrx_word' id='word_1_287' title='bbox 956 2217 1116 2251; x_wconf 88' lang='grc' dir='ltr'>τινων</span> <span class='ocrx_word' id='word_1_288' title='bbox 1139 2196 1408 2265; x_wconf 84' lang='grc' dir='ltr'>ἀγγέλων,</span> <span class='ocrx_word' id='word_1_289' title='bbox 1439 2195 1546 2247; x_wconf 79' lang='grc' dir='ltr'>τῶν</span> <span class='ocrx_word' id='word_1_290' title='bbox 1589 2193 1661 2265; x_wconf 79' lang='grc' dir='ltr'><strong>μὴ</strong></span> <span class='ocrx_word' id='word_1_291' title='bbox 1691 2191 1946 2263; x_wconf 76' lang='grc' dir='ltr'>τοιαύτην</span> <span class='ocrx_word' id='word_1_292' title='bbox 1981 2193 2061 2244; x_wconf 85' lang='lat' dir='ltr'><strong>ol-</strong></span> 
     </span>
    </p>
   </div>
   <div class='ocr_carea' id='block_1_38' title="bbox 479 2283 2064 2365">
    <p class='ocr_par' dir='ltr' id='par_1_38' title="bbox 479 2283 2064 2365">
     <span class='ocr_line' id='line_1_38' title="bbox 479 2283 2064 2365; baseline -0.008 -18"><span class='ocrx_word' id='word_1_293' title='bbox 479 2293 736 2365; x_wconf 74' lang='grc' dir='ltr'>κονομίαν</span> <span class='ocrx_word' id='word_1_294' title='bbox 761 2291 1274 2362; x_wconf 73' lang='grc' dir='ltr'>ἐγκεχειρισμένων.</span> <span class='ocrx_word' id='word_1_295' title='bbox 1312 2287 1427 2341; x_wconf 79' lang='grc' dir='ltr'>ἀλλ’</span> <span class='ocrx_word' id='word_1_296' title='bbox 1457 2287 1581 2340; x_wconf 77' lang='grc' dir='ltr'><strong>οὐδὲ</strong></span> <span class='ocrx_word' id='word_1_297' title='bbox 1613 2286 1815 2340; x_wconf 83' lang='grc' dir='ltr'>τούτων</span> <span class='ocrx_word' id='word_1_298' title='bbox 1847 2283 2064 2337; x_wconf 83' lang='grc' dir='ltr'>πάντων</span> 
     </span>
    </p>
   </div>
   <div class='ocr_carea' id='block_1_39' title="bbox 476 2372 2062 2455">
    <p class='ocr_par' dir='ltr' id='par_1_39' title="bbox 476 2372 2062 2455">
     <span class='ocr_line' id='line_1_39' title="bbox 476 2372 2062 2455; baseline -0.011 -15"><span class='ocrx_word' id='word_1_299' title='bbox 476 2384 754 2455; x_wconf 79' lang='grc' dir='ltr'>διαφέρειν</span> <span class='ocrx_word' id='word_1_300' title='bbox 786 2383 912 2445; x_wconf 78' lang='grc' dir='ltr'>τοὺς</span> <span class='ocrx_word' id='word_1_301' title='bbox 938 2384 995 2434; x_wconf 86' lang='grc' dir='ltr'>ὲν</span> <span class='ocrx_word' id='word_1_302' title='bbox 1023 2378 1241 2451; x_wconf 82' lang='grc' dir='ltr'>Χριστῴ</span> <span class='ocrx_word' id='word_1_303' title='bbox 1264 2377 1683 2448; x_wconf 79' lang='grc' dir='ltr'>σωθησομένους</span> <span class='ocrx_word' id='word_1_304' title='bbox 1705 2372 2026 2445; x_wconf 79' lang='grc' dir='ltr'>ἀνθρώπους</span> <span class='ocrx_word' id='word_1_305' title='bbox 2045 2386 2062 2402; x_wconf 85' lang='grc'>⁶</span> 
     </span>
    </p>
   </div>
   <div class='ocr_carea' id='block_1_40' title="bbox 477 2462 2066 2545">
    <p class='ocr_par' dir='ltr' id='par_1_40' title="bbox 477 2462 2066 2545">
     <span class='ocr_line' id='line_1_40' title="bbox 477 2462 2066 2545; baseline -0.01 -15"><span class='ocrx_word' id='word_1_306' title='bbox 477 2476 792 2545; x_wconf 76' lang='grc' dir='ltr'>ἀνέγνωμεν</span> <span class='ocrx_word' id='word_1_307' title='bbox 841 2473 950 2545; x_wconf 76' lang='grc' dir='ltr'><strong>γὰρ</strong></span> <span class='ocrx_word' id='word_1_308' title='bbox 994 2473 1088 2526; x_wconf 72' lang='grc' dir='ltr'><strong>καὶ</strong></span> <span class='ocrx_word' id='word_1_309' title='bbox 1127 2471 1219 2524; x_wconf 85' lang='grc' dir='ltr'><strong>τό·</strong></span> <span class='ocrx_word' id='word_1_310' title='bbox 1259 2471 1336 2533; x_wconf 71' lang='grc' dir='ltr'>εἰς</span> <span class='ocrx_word' id='word_1_311' title='bbox 1380 2468 1415 2522; x_wconf 75' lang='grc' dir='ltr'>ἃ</span> <span class='ocrx_word' id='word_1_312' title='bbox 1461 2465 1814 2537; x_wconf 75' lang='grc' dir='ltr'>ἐπιθυμοῦσιν</span> <span class='ocrx_word' id='word_1_313' title='bbox 1846 2462 2066 2531; x_wconf 84' lang='grc' dir='ltr'>ἄγγελοι</span> 
     </span>
    </p>
   </div>
   <div class='ocr_carea' id='block_1_41' title="bbox 481 2553 2066 2639">
    <p class='ocr_par' dir='ltr' id='par_1_41' title="bbox 481 2553 2066 2639">
     <span class='ocr_line' id='line_1_41' title="bbox 481 2553 2066 2639; baseline -0.009 -19"><span class='ocrx_word' id='word_1_314' title='bbox 481 2565 824 2639; x_wconf 79' lang='grc' dir='ltr'>παρακῦψαι.</span> <span class='ocrx_word' id='word_1_315' title='bbox 857 2563 982 2616; x_wconf 77' lang='grc' dir='ltr'>ἔνθα</span> <span class='ocrx_word' id='word_1_316' title='bbox 1015 2563 1114 2614; x_wconf 77' lang='grc' dir='ltr'><strong>οὐκ</strong></span> <span class='ocrx_word' id='word_1_317' title='bbox 1136 2561 1374 2632; x_wconf 79' lang='grc' dir='ltr'>εἴρηται,</span> <span class='ocrx_word' id='word_1_318' title='bbox 1407 2557 1608 2620; x_wconf 83' lang='grc' dir='ltr'>πάντες</span> <span class='ocrx_word' id='word_1_319' title='bbox 1638 2556 1882 2624; x_wconf 82' lang='grc' dir='ltr'>ἄγγελοι.</span> <span class='ocrx_word' id='word_1_320' title='bbox 1911 2553 2066 2606; x_wconf 79' lang='grc' dir='ltr'>υῖδαο</span> 
     </span>
    </p>
   </div>
   <div class='ocr_carea' id='block_1_42' title="bbox 482 2646 2065 2729">
    <p class='ocr_par' dir='ltr' id='par_1_42' title="bbox 482 2646 2065 2729">
     <span class='ocr_line' id='line_1_42' title="bbox 482 2646 2065 2729; baseline -0.009 -18"><span class='ocrx_word' id='word_1_321' title='bbox 482 2674 585 2729; x_wconf 86' lang='grc' dir='ltr'>μεν</span> <span class='ocrx_word' id='word_1_322' title='bbox 619 2659 713 2710; x_wconf 71' lang='grc' dir='ltr'><strong>καὶ</strong></span> <span class='ocrx_word' id='word_1_323' title='bbox 751 2655 812 2708; x_wconf 84' lang='grc' dir='ltr'>τό</span> <span class='ocrx_word' id='word_1_324' title='bbox 834 2672 848 2686; x_wconf 75' lang='grc' dir='ltr'><strong>ο</strong></span> <span class='ocrx_word' id='word_1_325' title='bbox 875 2653 1138 2722; x_wconf 79' lang='grc' dir='ltr'>ἀγγέλους</span> <span class='ocrx_word' id='word_1_326' title='bbox 1172 2649 1486 2722; x_wconf 79' lang='grc' dir='ltr'>κρινοῦμεν,</span> <span class='ocrx_word' id='word_1_327' title='bbox 1531 2649 1663 2702; x_wconf 81' lang='grc' dir='ltr'>ὅπου</span> <span class='ocrx_word' id='word_1_328' title='bbox 1693 2647 1767 2718; x_wconf 82' lang='grc' dir='ltr'>μὴ</span> <span class='ocrx_word' id='word_1_329' title='bbox 1793 2646 2065 2709; x_wconf 79' lang='grc' dir='ltr'>λέλεκται,</span> 
     </span>
    </p>
   </div>
   <div class='ocr_carea' id='block_1_43' title="bbox 485 2737 2067 2815">
    <p class='ocr_par' dir='ltr' id='par_1_43' title="bbox 485 2737 2067 2815">
     <span class='ocr_line' id='line_1_43' title="bbox 485 2737 2067 2815; baseline -0.007 -13"><span class='ocrx_word' id='word_1_330' title='bbox 485 2749 689 2811; x_wconf 81' lang='grc' dir='ltr'>πάντας</span> <span class='ocrx_word' id='word_1_331' title='bbox 721 2746 1010 2815; x_wconf 84' lang='grc' dir='ltr'>ἀγγέλους.</span> <span class='ocrx_word' id='word_1_332' title='bbox 1049 2746 1102 2800; x_wconf 93' lang='lat' dir='ltr'><strong>in</strong></span> <span class='ocrx_word' id='word_1_333' title='bbox 1140 2745 1226 2798; x_wconf 89' lang='lat' dir='ltr'><strong>bis</strong></span> <span class='ocrx_word' id='word_1_334' title='bbox 1259 2744 1522 2812; x_wconf 78' lang='lat' dir='ltr'><strong>Origenes</strong></span> <span class='ocrx_word' id='word_1_335' title='bbox 1569 2741 1747 2810; x_wconf 81' lang='lat' dir='ltr'><strong>prodit</strong></span> <span class='ocrx_word' id='word_1_336' title='bbox 1784 2738 1948 2790; x_wconf 87' lang='lat' dir='ltr'><strong>animi</strong></span> <span class='ocrx_word' id='word_1_337' title='bbox 1983 2737 2067 2791; x_wconf 88' lang='lat' dir='ltr'><strong>sui</strong></span> 
     </span>
    </p>
   </div>
   <div class='ocr_carea' id='block_1_44' title="bbox 485 2831 2067 2907">
    <p class='ocr_par' dir='ltr' id='par_1_44' title="bbox 485 2831 2067 2907">
     <span class='ocr_line' id='line_1_44' title="bbox 485 2831 2067 2907; baseline -0.007 -10"><span class='ocrx_word' id='word_1_338' title='bbox 485 2843 759 2897; x_wconf 84' lang='lat' dir='ltr'><strong>levitatem</strong></span> <span class='ocrx_word' id='word_1_339' title='bbox 792 2850 849 2895; x_wconf 87' lang='lat' dir='ltr'><strong>et</strong></span> <span class='ocrx_word' id='word_1_340' title='bbox 876 2839 1293 2895; x_wconf 85' lang='lat' dir='ltr'><strong>inconstantiam</strong></span> <span class='ocrx_word' id='word_1_341' title='bbox 1338 2852 1436 2907; x_wconf 91' lang='lat' dir='ltr'><strong>pro</strong></span> <span class='ocrx_word' id='word_1_342' title='bbox 1471 2850 1619 2890; x_wconf 90' lang='lat' dir='ltr'><strong>more</strong></span> <span class='ocrx_word' id='word_1_343' title='bbox 1645 2849 1762 2888; x_wconf 91' lang='lat' dir='ltr'><strong>suo.</strong></span> <span class='ocrx_word' id='word_1_344' title='bbox 1809 2831 2067 2901; x_wconf 83' lang='lat' dir='ltr'><strong>Quisquis</strong></span> 
     </span>
    </p>
   </div>
   <div class='ocr_carea' id='block_1_45' title="bbox 482 2922 2066 2996">
    <p class='ocr_par' dir='ltr' id='par_1_45' title="bbox 482 2922 2066 2996">
     <span class='ocr_line' id='line_1_45' title="bbox 482 2922 2066 2996; baseline -0.007 -10"><span class='ocrx_word' id='word_1_345' title='bbox 482 2942 663 2986; x_wconf 84' lang='lat' dir='ltr'><strong>autem</strong></span> <span class='ocrx_word' id='word_1_346' title='bbox 694 2933 760 2984; x_wconf 87' lang='lat' dir='ltr'><strong>ad</strong></span> <span class='ocrx_word' id='word_1_347' title='bbox 787 2930 962 2984; x_wconf 91' lang='lat' dir='ltr'><strong>locum</strong></span> <span class='ocrx_word' id='word_1_348' title='bbox 996 2929 1248 2991; x_wconf 88' lang='lat' dir='ltr'><strong>alterum,</strong></span> <span class='ocrx_word' id='word_1_349' title='bbox 1279 2941 1439 2996; x_wconf 88' lang='lat' dir='ltr'><strong>quem</strong></span> <span class='ocrx_word' id='word_1_350' title='bbox 1475 2940 1570 2980; x_wconf 92' lang='lat' dir='ltr'><strong>sua</strong></span> <span class='ocrx_word' id='word_1_351' title='bbox 1606 2923 1955 2994; x_wconf 89' lang='lat' dir='ltr'><strong>responsione</strong></span> <span class='ocrx_word' id='word_1_352' title='bbox 1982 2922 2066 2976; x_wconf 82' lang='lat' dir='ltr'><strong>di-</strong></span> 
     </span>
    </p>
   </div>
   <div class='ocr_carea' id='block_1_46' title="bbox 485 3013 2069 3084">
    <p class='ocr_par' dir='ltr' id='par_1_46' title="bbox 485 3013 2069 3084">
     <span class='ocr_line' id='line_1_46' title="bbox 485 3013 2069 3084; baseline -0.006 -7"><span class='ocrx_word' id='word_1_353' title='bbox 485 3023 634 3077; x_wconf 87' lang='lat' dir='ltr'><strong>luere</strong></span> <span class='ocrx_word' id='word_1_354' title='bbox 669 3032 900 3076; x_wconf 89' lang='lat' dir='ltr'><strong>conatur</strong></span> <span class='ocrx_word' id='word_1_355' title='bbox 929 3019 1189 3084; x_wconf 85' lang='lat' dir='ltr'><strong>Thomas,</strong></span> <span class='ocrx_word' id='word_1_356' title='bbox 1243 3027 1404 3074; x_wconf 87' lang='lat' dir='ltr'><strong>caute</strong></span> <span class='ocrx_word' id='word_1_357' title='bbox 1446 3017 1756 3082; x_wconf 83' lang='lat' dir='ltr'><strong>attenderit,</strong></span> <span class='ocrx_word' id='word_1_358' title='bbox 1811 3013 1928 3081; x_wconf 85' lang='lat' dir='ltr'><strong>ejus</strong></span> <span class='ocrx_word' id='word_1_359' title='bbox 1969 3028 2069 3068; x_wconf 79' lang='lat' dir='ltr'><strong>ex-</strong></span> 
     </span>
    </p>
   </div>
   <div class='ocr_carea' id='block_1_47' title="bbox 484 3106 2064 3183">
    <p class='ocr_par' dir='ltr' id='par_1_47' title="bbox 484 3106 2064 3183">
     <span class='ocr_line' id='line_1_47' title="bbox 484 3106 2064 3183; baseline -0.004 -16"><span class='ocrx_word' id='word_1_360' title='bbox 484 3114 786 3182; x_wconf 84' lang='lat' dir='ltr'><strong>ceptionem</strong></span> <span class='ocrx_word' id='word_1_361' title='bbox 837 3128 1024 3183; x_wconf 84' lang='lat' dir='ltr'><strong>parum</strong></span> <span class='ocrx_word' id='word_1_362' title='bbox 1084 3110 1352 3180; x_wconf 86' lang='lat' dir='ltr'><strong>probabit.</strong></span> <span class='ocrx_word' id='word_1_363' title='bbox 1393 3107 1540 3162; x_wconf 80' lang='lat' dir='ltr'><strong>Talia</strong></span> <span class='ocrx_word' id='word_1_364' title='bbox 1583 3109 1672 3162; x_wconf 90' lang='lat' dir='ltr'><strong>illa</strong></span> <span class='ocrx_word' id='word_1_365' title='bbox 1708 3117 1837 3162; x_wconf 90' lang='lat' dir='ltr'><strong>sunt</strong></span> <span class='ocrx_word' id='word_1_366' title='bbox 1876 3106 2064 3161; x_wconf 88' lang='lat' dir='ltr'><strong>homil.</strong></span> 
     </span>
    </p>
   </div>
   <div class='ocr_carea' id='block_1_48' title="bbox 483 3201 2064 3271">
    <p class='ocr_par' dir='ltr' id='par_1_48' title="bbox 483 3201 2064 3271">
     <span class='ocr_line' id='line_1_48' title="bbox 483 3201 2064 3271; baseline -0.006 -12"><span class='ocrx_word' id='word_1_367' title='bbox 483 3205 557 3259; x_wconf 61' lang='lat'><strong>‘14</strong></span> <span class='ocrx_word' id='word_1_368' title='bbox 600 3206 656 3258; x_wconf 86' lang='lat' dir='ltr'><strong>in</strong></span> <span class='ocrx_word' id='word_1_369' title='bbox 691 3203 879 3266; x_wconf 67' lang='lat' dir='ltr'><strong>Nam,</strong></span> <span class='ocrx_word' id='word_1_370' title='bbox 924 3219 1069 3257; x_wconf 89' lang='lat' dir='ltr'><strong>num.</strong></span> <span class='ocrx_word' id='word_1_371' title='bbox 1098 3203 1132 3257; x_wconf 79' lang='lat'><strong>&#39;5</strong></span> <span class='ocrx_word' id='word_1_372' title='bbox 1162 3219 1176 3256; x_wconf 90' lang='lat'><strong>:</strong></span> <span class='ocrx_word' id='word_1_373' title='bbox 1208 3222 1227 3254; x_wconf 72' lang='grc' dir='ltr'><strong>ι</strong></span> <span class='ocrx_word' id='word_1_374' title='bbox 1265 3203 1418 3271; x_wconf 71' lang='lat' dir='ltr'><strong>Saepe</strong></span> <span class='ocrx_word' id='word_1_375' title='bbox 1467 3201 1702 3254; x_wconf 83' lang='lat' dir='ltr'><strong>diximus</strong></span> <span class='ocrx_word' id='word_1_376' title='bbox 1741 3201 2064 3261; x_wconf 86' lang='lat' dir='ltr'><strong>animarum,</strong></span> 
     </span>
    </p>
   </div>
   <div class='ocr_carea' id='block_1_49' title="bbox 2163 2013 3693 2084">
    <p class='ocr_par' dir='ltr' id='par_1_49' title="bbox 2163 2013 3693 2084">
     <span class='ocr_line' id='line_1_49' title="bbox 2163 2013 3693 2084; baseline -0.005 -14"><span class='ocrx_word' id='word_1_377' title='bbox 2163 2019 2346 2071; x_wconf 78' lang='lat' dir='ltr'><strong>tllttlltll</strong></span> <span class='ocrx_word' id='word_1_378' title='bbox 2405 2017 2811 2080; x_wconf 84' lang='lat' dir='ltr'><strong>constitutione,</strong></span> <span class='ocrx_word' id='word_1_379' title='bbox 2871 2032 2968 2071; x_wconf 91' lang='lat' dir='ltr'><strong>nec</strong></span> <span class='ocrx_word' id='word_1_380' title='bbox 3011 2017 3060 2070; x_wconf 87' lang='lat' dir='ltr'><strong>ei</strong></span> <span class='ocrx_word' id='word_1_381' title='bbox 3117 2016 3255 2084; x_wconf 84' lang='lat' dir='ltr'><strong>ignis</strong></span> <span class='ocrx_word' id='word_1_382' title='bbox 3307 2030 3408 2068; x_wconf 91' lang='lat' dir='ltr'><strong>nec</strong></span> <span class='ocrx_word' id='word_1_383' title='bbox 3453 2013 3693 2082; x_wconf 74' lang='lat' dir='ltr'><strong>flagellum.</strong></span> 
     </span>
    </p>
   </div>
   <div class='ocr_carea' id='block_1_50' title="bbox 2164 2105 3696 2186">
    <p class='ocr_par' dir='ltr' id='par_1_50' title="bbox 2164 2105 3696 2186">
     <span class='ocr_line' id='line_1_50' title="bbox 2164 2105 3696 2186; baseline -0.005 -24"><span class='ocrx_word' id='word_1_384' title='bbox 2164 2108 2277 2162; x_wconf 82' lang='lat' dir='ltr'><strong>Non</strong></span> <span class='ocrx_word' id='word_1_385' title='bbox 2311 2109 2455 2163; x_wconf 92' lang='lat' dir='ltr'><strong>enim</strong></span> <span class='ocrx_word' id='word_1_386' title='bbox 2487 2121 2770 2178; x_wconf 80' lang='lat' dir='ltr'><strong>ptenarum</strong></span> <span class='ocrx_word' id='word_1_387' title='bbox 2804 2109 3000 2176; x_wconf 81' lang='lat' dir='ltr'><strong>dignus</strong></span> <span class='ocrx_word' id='word_1_388' title='bbox 3037 2117 3120 2162; x_wconf 88' lang='lat' dir='ltr'><strong>est</strong></span> <span class='ocrx_word' id='word_1_389' title='bbox 3145 2123 3262 2175; x_wconf 75' lang='lat' dir='ltr'><strong>quae</strong></span> <span class='ocrx_word' id='word_1_390' title='bbox 3291 2123 3322 2186; x_wconf 56' lang='grc' dir='ltr'><strong>εξ</strong></span> <span class='ocrx_word' id='word_1_391' title='bbox 3351 2105 3460 2160; x_wconf 86' lang='lat' dir='ltr'><strong>Deo</strong></span> <span class='ocrx_word' id='word_1_392' title='bbox 3497 2105 3696 2171; x_wconf 71' lang='lat' dir='ltr'><strong>inﬂigun-</strong></span> 
     </span>
    </p>
   </div>
   <div class='ocr_carea' id='block_1_51' title="bbox 2165 2193 3694 2267">
    <p class='ocr_par' dir='ltr' id='par_1_51' title="bbox 2165 2193 3694 2267">
     <span class='ocr_line' id='line_1_51' title="bbox 2165 2193 3694 2267; baseline -0.007 -14"><span class='ocrx_word' id='word_1_393' title='bbox 2165 2209 2271 2264; x_wconf 92' lang='lat' dir='ltr'><strong>lur,</strong></span> <span class='ocrx_word' id='word_1_394' title='bbox 2306 2213 2405 2252; x_wconf 86' lang='lat' dir='ltr'><strong>nec</strong></span> <span class='ocrx_word' id='word_1_395' title='bbox 2431 2207 2607 2267; x_wconf 85' lang='lat' dir='ltr'><strong>potest</strong></span> <span class='ocrx_word' id='word_1_396' title='bbox 2634 2197 2884 2251; x_wconf 81' lang='lat' dir='ltr'><strong>diabolus</strong></span> <span class='ocrx_word' id='word_1_397' title='bbox 2913 2197 3095 2250; x_wconf 84' lang='lat' dir='ltr'><strong>dicere</strong></span> <span class='ocrx_word' id='word_1_398' title='bbox 3123 2212 3138 2245; x_wconf 83' lang='lat'><strong>:</strong></span> <span class='ocrx_word' id='word_1_399' title='bbox 3181 2195 3424 2259; x_wconf 80' lang='lat' dir='ltr'><strong>Domine,</strong></span> <span class='ocrx_word' id='word_1_400' title='bbox 3479 2211 3534 2247; x_wconf 83' lang='lat' dir='ltr'><strong>ne</strong></span> <span class='ocrx_word' id='word_1_401' title='bbox 3563 2197 3609 2246; x_wconf 78' lang='lat' dir='ltr'><strong>in</strong></span> <span class='ocrx_word' id='word_1_402' title='bbox 3635 2193 3694 2243; x_wconf 78' lang='lat' dir='ltr'><strong>in</strong></span> 
     </span>
    </p>
   </div>
   <div class='ocr_carea' id='block_1_52' title="bbox 2165 2283 3695 2360">
    <p class='ocr_par' dir='ltr' id='par_1_52' title="bbox 2165 2283 3695 2360">
     <span class='ocr_line' id='line_1_52' title="bbox 2165 2283 3695 2360; baseline -0.007 -18"><span class='ocrx_word' id='word_1_403' title='bbox 2165 2297 2255 2343; x_wconf 84' lang='lat' dir='ltr'><strong>tua</strong></span> <span class='ocrx_word' id='word_1_404' title='bbox 2299 2305 2493 2360; x_wconf 79' lang='lat' dir='ltr'><strong>arguas</strong></span> <span class='ocrx_word' id='word_1_405' title='bbox 2546 2289 2707 2355; x_wconf 72' lang='lat' dir='ltr'><strong>me“,</strong></span> <span class='ocrx_word' id='word_1_406' title='bbox 2733 2299 2840 2344; x_wconf 90' lang='lat' dir='ltr'><strong>etc.</strong></span> <span class='ocrx_word' id='word_1_407' title='bbox 2891 2289 3154 2357; x_wconf 81' lang='lat' dir='ltr'><strong>Quisquis</strong></span> <span class='ocrx_word' id='word_1_408' title='bbox 3216 2301 3351 2357; x_wconf 86' lang='lat' dir='ltr'><strong>ergo</strong></span> <span class='ocrx_word' id='word_1_409' title='bbox 3396 2286 3492 2339; x_wconf 83' lang='lat' dir='ltr'><strong>sibi</strong></span> <span class='ocrx_word' id='word_1_410' title='bbox 3535 2283 3695 2352; x_wconf 76' lang='lat' dir='ltr'><strong>peccati</strong></span> 
     </span>
    </p>
   </div>
   <div class='ocr_carea' id='block_1_53' title="bbox 2165 2374 3696 2449">
    <p class='ocr_par' dir='ltr' id='par_1_53' title="bbox 2165 2374 3696 2449">
     <span class='ocr_line' id='line_1_53' title="bbox 2165 2374 3696 2449; baseline -0.007 -14"><span class='ocrx_word' id='word_1_411' title='bbox 2165 2382 2419 2436; x_wconf 89' lang='lat' dir='ltr'><strong>conscius</strong></span> <span class='ocrx_word' id='word_1_412' title='bbox 2449 2391 2553 2446; x_wconf 86' lang='lat' dir='ltr'><strong>est,</strong></span> <span class='ocrx_word' id='word_1_413' title='bbox 2584 2391 2703 2435; x_wconf 89' lang='lat' dir='ltr'><strong>oret</strong></span> <span class='ocrx_word' id='word_1_414' title='bbox 2726 2390 2783 2433; x_wconf 86' lang='lat' dir='ltr'><strong>ut</strong></span> <span class='ocrx_word' id='word_1_415' title='bbox 2811 2380 3084 2449; x_wconf 86' lang='lat' dir='ltr'><strong>puniatur.</strong></span> <span class='ocrx_word' id='word_1_416' title='bbox 3114 2379 3345 2433; x_wconf 80' lang='lat' dir='ltr'><strong>Praestat</strong></span> <span class='ocrx_word' id='word_1_417' title='bbox 3368 2377 3570 2446; x_wconf 79' lang='lat' dir='ltr'><strong>quidem</strong></span> <span class='ocrx_word' id='word_1_418' title='bbox 3598 2374 3696 2427; x_wconf 86' lang='lat' dir='ltr'><strong>nihil</strong></span> 
     </span>
    </p>
   </div>
   <div class='ocr_carea' id='block_1_54' title="bbox 2167 2466 3698 2539">
    <p class='ocr_par' dir='ltr' id='par_1_54' title="bbox 2167 2466 3698 2539">
     <span class='ocr_line' id='line_1_54' title="bbox 2167 2466 3698 2539; baseline -0.005 -15"><span class='ocrx_word' id='word_1_419' title='bbox 2167 2470 2505 2525; x_wconf 86' lang='lat' dir='ltr'><strong>commisisse</strong></span> <span class='ocrx_word' id='word_1_420' title='bbox 2535 2471 2926 2539; x_wconf 58' lang='lat' dir='ltr'><strong>quod‘poenam</strong></span> <span class='ocrx_word' id='word_1_421' title='bbox 2957 2478 3251 2524; x_wconf 89' lang='lat' dir='ltr'><strong>mereatur.</strong></span> <span class='ocrx_word' id='word_1_422' title='bbox 3289 2466 3390 2522; x_wconf 87' lang='lat' dir='ltr'><strong>Sin</strong></span> <span class='ocrx_word' id='word_1_423' title='bbox 3425 2477 3585 2519; x_wconf 88' lang='lat' dir='ltr'><strong>autem</strong></span> <span class='ocrx_word' id='word_1_424' title='bbox 3611 2475 3698 2531; x_wconf 71' lang='lat' dir='ltr'><strong>pte-</strong></span> 
     </span>
    </p>
   </div>
   <div class='ocr_carea' id='block_1_55' title="bbox 2171 2560 3699 2631">
    <p class='ocr_par' dir='ltr' id='par_1_55' title="bbox 2171 2560 3699 2631">
     <span class='ocr_line' id='line_1_55' title="bbox 2171 2560 3699 2631; baseline -0.003 -16"><span class='ocrx_word' id='word_1_425' title='bbox 2171 2577 2235 2615; x_wconf 91' lang='lat' dir='ltr'><strong>na</strong></span> <span class='ocrx_word' id='word_1_426' title='bbox 2265 2562 2484 2629; x_wconf 81' lang='lat' dir='ltr'><strong>dignum</strong></span> <span class='ocrx_word' id='word_1_427' title='bbox 2522 2561 2799 2631; x_wconf 84' lang='lat' dir='ltr'><strong>quidpiam</strong></span> <span class='ocrx_word' id='word_1_428' title='bbox 2827 2563 3056 2631; x_wconf 89' lang='lat' dir='ltr'><strong>egimus,</strong></span> <span class='ocrx_word' id='word_1_429' title='bbox 3084 2561 3160 2615; x_wconf 90' lang='lat' dir='ltr'><strong>sic</strong></span> <span class='ocrx_word' id='word_1_430' title='bbox 3190 2560 3503 2629; x_wconf 81' lang='lat' dir='ltr'><strong>puniamur,</strong></span> <span class='ocrx_word' id='word_1_431' title='bbox 3529 2567 3699 2626; x_wconf 68' lang='lat' dir='ltr'><strong>utpra-</strong></span> 
     </span>
    </p>
   </div>
   <div class='ocr_carea' id='block_1_56' title="bbox 2168 2647 3697 2727">
    <p class='ocr_par' dir='ltr' id='par_1_56' title="bbox 2168 2647 3697 2727">
     <span class='ocr_line' id='line_1_56' title="bbox 2168 2647 3697 2727; baseline -0.006 -19"><span class='ocrx_word' id='word_1_432' title='bbox 2168 2654 2305 2708; x_wconf 91' lang='lat' dir='ltr'><strong>senti</strong></span> <span class='ocrx_word' id='word_1_433' title='bbox 2339 2654 2554 2723; x_wconf 84' lang='lat' dir='ltr'><strong>quidem</strong></span> <span class='ocrx_word' id='word_1_434' title='bbox 2596 2669 2710 2708; x_wconf 84' lang='lat' dir='ltr'><strong>aevo</strong></span> <span class='ocrx_word' id='word_1_435' title='bbox 2751 2654 3096 2724; x_wconf 78' lang='lat' dir='ltr'><strong>recipiamus,</strong></span> <span class='ocrx_word' id='word_1_436' title='bbox 3127 2662 3248 2720; x_wconf 90' lang='lat' dir='ltr'><strong>post</strong></span> <span class='ocrx_word' id='word_1_437' title='bbox 3283 2651 3402 2706; x_wconf 66' lang='lat' dir='ltr'><strong>haec</strong></span> <span class='ocrx_word' id='word_1_438' title='bbox 3427 2667 3545 2727; x_wconf 72' lang='lat' dir='ltr'><strong>vero</strong></span> <span class='ocrx_word' id='word_1_439' title='bbox 3575 2649 3617 2702; x_wconf 88' lang='lat' dir='ltr'><strong>in</strong></span> <span class='ocrx_word' id='word_1_440' title='bbox 3642 2647 3697 2700; x_wconf 84' lang='lat' dir='ltr'><strong>si-</strong></span> 
     </span>
    </p>
   </div>
   <div class='ocr_carea' id='block_1_57' title="bbox 2169 2743 3698 2816">
    <p class='ocr_par' dir='ltr' id='par_1_57' title="bbox 2169 2743 3698 2816">
     <span class='ocr_line' id='line_1_57' title="bbox 2169 2743 3698 2816; baseline -0.005 -15"><span class='ocrx_word' id='word_1_441' title='bbox 2169 2763 2239 2801; x_wconf 91' lang='lat' dir='ltr'><strong>nu</strong></span> <span class='ocrx_word' id='word_1_442' title='bbox 2279 2747 2511 2801; x_wconf 75' lang='lat' dir='ltr'><strong>Abraha:</strong></span> <span class='ocrx_word' id='word_1_443' title='bbox 2543 2747 2971 2816; x_wconf 85' lang='lat' dir='ltr'><strong>requiescamus.</strong></span> <span class='ocrx_word' id='word_1_444' title='bbox 3011 2765 3030 2796; x_wconf 75' lang='grc' dir='ltr'><strong>ι</strong></span> <span class='ocrx_word' id='word_1_445' title='bbox 3064 2746 3236 2798; x_wconf 81' lang='lat' dir='ltr'><strong>Aliam</strong></span> <span class='ocrx_word' id='word_1_446' title='bbox 3278 2743 3496 2798; x_wconf 86' lang='lat' dir='ltr'><strong>adducit</strong></span> <span class='ocrx_word' id='word_1_447' title='bbox 3522 2756 3698 2795; x_wconf 85' lang='lat' dir='ltr'><strong>causam</strong></span> 
     </span>
    </p>
   </div>
   <div class='ocr_carea' id='block_1_58' title="bbox 2169 2834 3695 2908">
    <p class='ocr_par' dir='ltr' id='par_1_58' title="bbox 2169 2834 3695 2908">
     <span class='ocr_line' id='line_1_58' title="bbox 2169 2834 3695 2908; baseline -0.005 -15"><span class='ocrx_word' id='word_1_448' title='bbox 2169 2839 2355 2893; x_wconf 86' lang='lat' dir='ltr'><strong>homil.</strong></span> <span class='ocrx_word' id='word_1_449' title='bbox 2396 2839 2462 2892; x_wconf 79' lang='lat' dir='ltr'><strong>i5</strong></span> <span class='ocrx_word' id='word_1_450' title='bbox 2523 2841 2576 2891; x_wconf 87' lang='lat' dir='ltr'><strong>in</strong></span> <span class='ocrx_word' id='word_1_451' title='bbox 2631 2837 2824 2901; x_wconf 85' lang='lat' dir='ltr'><strong>Num.,</strong></span> <span class='ocrx_word' id='word_1_452' title='bbox 2872 2855 3019 2890; x_wconf 87' lang='lat' dir='ltr'><strong>num.</strong></span> <span class='ocrx_word' id='word_1_453' title='bbox 3075 2837 3130 2897; x_wconf 85' lang='lat'><strong>7.</strong></span> <span class='ocrx_word' id='word_1_454' title='bbox 3180 2847 3466 2908; x_wconf 89' lang='lat' dir='ltr'><strong>postquam</strong></span> <span class='ocrx_word' id='word_1_455' title='bbox 3496 2834 3695 2889; x_wconf 79' lang='lat' dir='ltr'><strong>eumdem</strong></span> 
     </span>
    </p>
   </div>
   <div class='ocr_carea' id='block_1_59' title="bbox 2168 2923 3692 2983">
    <p class='ocr_par' dir='ltr' id='par_1_59' title="bbox 2168 2923 3692 2983">
     <span class='ocr_line' id='line_1_59' title="bbox 2168 2923 3692 2983; baseline 0 -1"><span class='ocrx_word' id='word_1_456' title='bbox 2168 2928 2400 2983; x_wconf 64' lang='lat' dir='ltr'><strong>Matthaei</strong></span> <span class='ocrx_word' id='word_1_457' title='bbox 2433 2927 2607 2982; x_wconf 89' lang='lat' dir='ltr'><strong>locum</strong></span> <span class='ocrx_word' id='word_1_458' title='bbox 2639 2929 2704 2980; x_wconf 85' lang='lat' dir='ltr'><strong>ad</strong></span> <span class='ocrx_word' id='word_1_459' title='bbox 2734 2929 3101 2982; x_wconf 79' lang='lat' dir='ltr'><strong>testimonium</strong></span> <span class='ocrx_word' id='word_1_460' title='bbox 3130 2929 3320 2981; x_wconf 78' lang='lat' dir='ltr'><strong>citavit</strong></span> <span class='ocrx_word' id='word_1_461' title='bbox 3347 2946 3359 2981; x_wconf 92' lang='lat'>:</span> <span class='ocrx_word' id='word_1_462' title='bbox 3383 2945 3402 2978; x_wconf 79' lang='grc' dir='ltr'><strong>ι</strong></span> <span class='ocrx_word' id='word_1_463' title='bbox 3436 2926 3496 2980; x_wconf 83' lang='grc' dir='ltr'><strong>Ει</strong></span> <span class='ocrx_word' id='word_1_464' title='bbox 3519 2926 3581 2979; x_wconf 91' lang='lat' dir='ltr'><strong>ob</strong></span> <span class='ocrx_word' id='word_1_465' title='bbox 3603 2923 3692 2982; x_wconf 73' lang='lat' dir='ltr'><strong>hut.</strong></span> 
     </span>
    </p>
   </div>
   <div class='ocr_carea' id='block_1_60' title="bbox 2169 3011 3696 3088">
    <p class='ocr_par' dir='ltr' id='par_1_60' title="bbox 2169 3011 3696 3088">
     <span class='ocr_line' id='line_1_60' title="bbox 2169 3011 3696 3088; baseline -0.007 -15"><span class='ocrx_word' id='word_1_466' title='bbox 2169 3019 2363 3088; x_wconf 91' lang='lat' dir='ltr'><strong>inquit,</strong></span> <span class='ocrx_word' id='word_1_467' title='bbox 2395 3033 2570 3087; x_wconf 88' lang='lat' dir='ltr'><strong>neque</strong></span> <span class='ocrx_word' id='word_1_468' title='bbox 2609 3018 2881 3072; x_wconf 88' lang='lat' dir='ltr'><strong>diabolum</strong></span> <span class='ocrx_word' id='word_1_469' title='bbox 2913 3018 3139 3072; x_wconf 88' lang='lat' dir='ltr'><strong>removit</strong></span> <span class='ocrx_word' id='word_1_470' title='bbox 3167 3033 3195 3070; x_wconf 88' lang='lat' dir='ltr'><strong>a</strong></span> <span class='ocrx_word' id='word_1_471' title='bbox 3237 3018 3536 3087; x_wconf 87' lang='lat' dir='ltr'><strong>principatu</strong></span> <span class='ocrx_word' id='word_1_472' title='bbox 3557 3011 3696 3068; x_wconf 62' lang='lat' dir='ltr'><strong>seculi</strong></span> 
     </span>
    </p>
   </div>
   <div class='ocr_carea' id='block_1_61' title="bbox 2170 3104 3697 3180">
    <p class='ocr_par' dir='ltr' id='par_1_61' title="bbox 2170 3104 3697 3180">
     <span class='ocr_line' id='line_1_61' title="bbox 2170 3104 3697 3180; baseline -0.005 -15"><span class='ocrx_word' id='word_1_473' title='bbox 2170 3110 2350 3180; x_wconf 91' lang='lat' dir='ltr'><strong>hujus,</strong></span> <span class='ocrx_word' id='word_1_474' title='bbox 2374 3111 2501 3179; x_wconf 90' lang='lat' dir='ltr'><strong>quia</strong></span> <span class='ocrx_word' id='word_1_475' title='bbox 2534 3109 2711 3162; x_wconf 91' lang='lat' dir='ltr'><strong>adhuc</strong></span> <span class='ocrx_word' id='word_1_476' title='bbox 2737 3124 2874 3178; x_wconf 86' lang='lat' dir='ltr'><strong>opus</strong></span> <span class='ocrx_word' id='word_1_477' title='bbox 2912 3118 2996 3164; x_wconf 88' lang='lat' dir='ltr'><strong>est</strong></span> <span class='ocrx_word' id='word_1_478' title='bbox 3030 3124 3190 3178; x_wconf 84' lang='lat' dir='ltr'><strong>Opera</strong></span> <span class='ocrx_word' id='word_1_479' title='bbox 3223 3108 3345 3178; x_wconf 79' lang='lat' dir='ltr'><strong>ejus</strong></span> <span class='ocrx_word' id='word_1_480' title='bbox 3375 3111 3438 3160; x_wconf 90' lang='lat' dir='ltr'><strong>ad</strong></span> <span class='ocrx_word' id='word_1_481' title='bbox 3472 3104 3697 3176; x_wconf 85' lang='lat' dir='ltr'><strong>perfectio-</strong></span> 
     </span>
    </p>
   </div>
   <div class='ocr_carea' id='block_1_62' title="bbox 2171 3196 3699 3268">
    <p class='ocr_par' dir='ltr' id='par_1_62' title="bbox 2171 3196 3699 3268">
     <span class='ocr_line' id='line_1_62' title="bbox 2171 3196 3699 3268; baseline -0.005 -15"><span class='ocrx_word' id='word_1_482' title='bbox 2171 3215 2292 3255; x_wconf 89' lang='lat' dir='ltr'><strong>nem</strong></span> <span class='ocrx_word' id='word_1_483' title='bbox 2334 3214 2524 3256; x_wconf 88' lang='lat' dir='ltr'><strong>eorum</strong></span> <span class='ocrx_word' id='word_1_484' title='bbox 2578 3198 2673 3267; x_wconf 91' lang='lat' dir='ltr'><strong>qui</strong></span> <span class='ocrx_word' id='word_1_485' title='bbox 2721 3199 3018 3254; x_wconf 89' lang='lat' dir='ltr'><strong>coronandi</strong></span> <span class='ocrx_word' id='word_1_486' title='bbox 3079 3207 3241 3262; x_wconf 89' lang='lat' dir='ltr'><strong>sunt;</strong></span> <span class='ocrx_word' id='word_1_487' title='bbox 3291 3214 3429 3268; x_wconf 87' lang='lat' dir='ltr'><strong>opus</strong></span> <span class='ocrx_word' id='word_1_488' title='bbox 3456 3207 3530 3253; x_wconf 89' lang='lat' dir='ltr'><strong>est</strong></span> <span class='ocrx_word' id='word_1_489' title='bbox 3568 3196 3699 3248; x_wconf 84' lang='lat' dir='ltr'><strong>adhuc</strong></span> 
     </span>
    </p>
   </div>
   <div class='ocr_carea' id='block_1_63' title="bbox 486 3275 3698 3366">
    <p class='ocr_par' dir='ltr' id='par_1_63' title="bbox 486 3275 3698 3366">
     <span class='ocr_line' id='line_1_63' title="bbox 486 3275 3698 3366; baseline -0.004 -16"><span class='ocrx_word' id='word_1_490' title='bbox 486 3313 608 3366; x_wconf 77' lang='lat' dir='ltr'><strong>qua:</strong></span> <span class='ocrx_word' id='word_1_491' title='bbox 636 3297 689 3351; x_wconf 93' lang='lat' dir='ltr'><strong>in</strong></span> <span class='ocrx_word' id='word_1_492' title='bbox 722 3296 960 3350; x_wconf 82' lang='lat' dir='ltr'><strong>Ecclesia</strong></span> <span class='ocrx_word' id='word_1_493' title='bbox 995 3294 1085 3349; x_wconf 85' lang='lat' dir='ltr'><strong>Dei</strong></span> <span class='ocrx_word' id='word_1_494' title='bbox 1121 3305 1270 3358; x_wconf 89' lang='lat' dir='ltr'><strong>sunt,</strong></span> <span class='ocrx_word' id='word_1_495' title='bbox 1298 3309 1484 3348; x_wconf 89' lang='lat' dir='ltr'><strong>curam</strong></span> <span class='ocrx_word' id='word_1_496' title='bbox 1518 3292 2070 3362; x_wconf 87' lang='lat' dir='ltr'><strong>procurationcmqne</strong></span> <span class='ocrx_word' id='word_1_497' title='bbox 2099 3275 2144 3335; x_wconf 87' lang='lat' dir='ltr'><strong><em>C</em></strong></span> <span class='ocrx_word' id='word_1_498' title='bbox 2174 3308 2336 3361; x_wconf 88' lang='lat' dir='ltr'><strong>opera</strong></span> <span class='ocrx_word' id='word_1_499' title='bbox 2375 3292 2495 3362; x_wconf 83' lang='lat' dir='ltr'><strong>ejus</strong></span> <span class='ocrx_word' id='word_1_500' title='bbox 2549 3292 2617 3346; x_wconf 90' lang='lat' dir='ltr'><strong>ad</strong></span> <span class='ocrx_word' id='word_1_501' title='bbox 2655 3293 2914 3347; x_wconf 82' lang='lat' dir='ltr'><strong>exercitia</strong></span> <span class='ocrx_word' id='word_1_502' title='bbox 2967 3292 3330 3345; x_wconf 82' lang='lat' dir='ltr'><strong>certaminum</strong></span> <span class='ocrx_word' id='word_1_503' title='bbox 3385 3299 3438 3346; x_wconf 87' lang='lat' dir='ltr'><strong>et</strong></span> <span class='ocrx_word' id='word_1_504' title='bbox 3495 3288 3698 3342; x_wconf 72' lang='lat' dir='ltr'><strong>victorias</strong></span> 
     </span>
    </p>
   </div>
   <div class='ocr_carea' id='block_1_64' title="bbox 490 3382 2066 3456">
    <p class='ocr_par' dir='ltr' id='par_1_64' title="bbox 490 3382 2066 3456">
     <span class='ocr_line' id='line_1_64' title="bbox 490 3382 2066 3456; baseline -0.006 -13"><span class='ocrx_word' id='word_1_505' title='bbox 490 3388 677 3444; x_wconf 84' lang='lat' dir='ltr'><strong>haberi</strong></span> <span class='ocrx_word' id='word_1_506' title='bbox 720 3403 817 3456; x_wconf 90' lang='lat' dir='ltr'><strong>per</strong></span> <span class='ocrx_word' id='word_1_507' title='bbox 855 3386 1096 3456; x_wconf 88' lang='lat' dir='ltr'><strong>angelos,</strong></span> <span class='ocrx_word' id='word_1_508' title='bbox 1126 3400 1373 3454; x_wconf 88' lang='lat' dir='ltr'><strong>quosque</strong></span> <span class='ocrx_word' id='word_1_509' title='bbox 1399 3383 1563 3439; x_wconf 90' lang='lat' dir='ltr'><strong>etiam</strong></span> <span class='ocrx_word' id='word_1_510' title='bbox 1597 3383 1662 3437; x_wconf 92' lang='lat' dir='ltr'><strong>ad</strong></span> <span class='ocrx_word' id='word_1_511' title='bbox 1681 3382 1944 3450; x_wconf 87' lang='lat' dir='ltr'><strong>judicium</strong></span> <span class='ocrx_word' id='word_1_512' title='bbox 1973 3395 2066 3434; x_wconf 84' lang='lat' dir='ltr'><strong>ve-</strong></span> 
     </span>
    </p>
   </div>
   <div class='ocr_carea' id='block_1_65' title="bbox 491 3471 2068 3536">
    <p class='ocr_par' dir='ltr' id='par_1_65' title="bbox 491 3471 2068 3536">
     <span class='ocr_line' id='line_1_65' title="bbox 491 3471 2068 3536; baseline -0.006 -4"><span class='ocrx_word' id='word_1_513' title='bbox 491 3479 609 3532; x_wconf 88' lang='lat' dir='ltr'><strong>nire</strong></span> <span class='ocrx_word' id='word_1_514' title='bbox 636 3491 757 3530; x_wconf 89' lang='lat' dir='ltr'><strong>cum</strong></span> <span class='ocrx_word' id='word_1_515' title='bbox 791 3476 1099 3530; x_wconf 90' lang='lat' dir='ltr'><strong>hominibus</strong></span> <span class='ocrx_word' id='word_1_516' title='bbox 1127 3474 1486 3536; x_wconf 83' lang='lat' dir='ltr'><strong>ostendimus,</strong></span> <span class='ocrx_word' id='word_1_517' title='bbox 1518 3481 1575 3525; x_wconf 86' lang='lat' dir='ltr'><strong>ut</strong></span> <span class='ocrx_word' id='word_1_518' title='bbox 1596 3471 1688 3526; x_wconf 93' lang='lat' dir='ltr'><strong>illo</strong></span> <span class='ocrx_word' id='word_1_519' title='bbox 1723 3471 1903 3525; x_wconf 89' lang='lat' dir='ltr'><strong>divino</strong></span> <span class='ocrx_word' id='word_1_520' title='bbox 1937 3485 2068 3524; x_wconf 80' lang='lat' dir='ltr'><strong>con-</strong></span> 
     </span>
    </p>
   </div>
   <div class='ocr_carea' id='block_1_66' title="bbox 490 3559 2070 3626">
    <p class='ocr_par' dir='ltr' id='par_1_66' title="bbox 490 3559 2070 3626">
     <span class='ocr_line' id='line_1_66' title="bbox 490 3559 2070 3626; baseline -0.005 -7"><span class='ocrx_word' id='word_1_521' title='bbox 490 3575 601 3619; x_wconf 87' lang='lat' dir='ltr'><strong>stet</strong></span> <span class='ocrx_word' id='word_1_522' title='bbox 645 3564 898 3618; x_wconf 80' lang='lat' dir='ltr'><strong>examine</strong></span> <span class='ocrx_word' id='word_1_523' title='bbox 938 3573 1120 3616; x_wconf 89' lang='lat' dir='ltr'><strong>utrum</strong></span> <span class='ocrx_word' id='word_1_524' title='bbox 1156 3575 1251 3616; x_wconf 90' lang='lat' dir='ltr'><strong>sua</strong></span> <span class='ocrx_word' id='word_1_525' title='bbox 1282 3559 1486 3614; x_wconf 88' lang='lat' dir='ltr'><strong>desidia</strong></span> <span class='ocrx_word' id='word_1_526' title='bbox 1517 3559 1860 3626; x_wconf 87' lang='lat' dir='ltr'><strong>peccaverint</strong></span> <span class='ocrx_word' id='word_1_527' title='bbox 1893 3559 2070 3612; x_wconf 88' lang='lat' dir='ltr'><strong>horni-</strong></span> 
     </span>
    </p>
   </div>
   <div class='ocr_carea' id='block_1_67' title="bbox 492 3649 2064 3720">
    <p class='ocr_par' dir='ltr' id='par_1_67' title="bbox 492 3649 2064 3720">
     <span class='ocr_line' id='line_1_67' title="bbox 492 3649 2064 3720; baseline -0.004 -12"><span class='ocrx_word' id='word_1_528' title='bbox 492 3671 612 3719; x_wconf 91' lang='lat' dir='ltr'><strong>nes,</strong></span> <span class='ocrx_word' id='word_1_529' title='bbox 668 3672 734 3708; x_wconf 89' lang='lat' dir='ltr'><strong>an</strong></span> <span class='ocrx_word' id='word_1_530' title='bbox 805 3654 1137 3708; x_wconf 88' lang='lat' dir='ltr'><strong>monitorum</strong></span> <span class='ocrx_word' id='word_1_531' title='bbox 1213 3651 1609 3718; x_wconf 89' lang='lat' dir='ltr'><strong>custodumque</strong></span> <span class='ocrx_word' id='word_1_532' title='bbox 1665 3649 2009 3720; x_wconf 86' lang='lat' dir='ltr'><strong>negligentia.</strong></span> <span class='ocrx_word' id='word_1_533' title='bbox 2044 3667 2064 3702; x_wconf 75' lang='grc' dir='ltr'><strong>ι</strong></span> 
     </span>
    </p>
   </div>
   <div class='ocr_carea' id='block_1_68' title="bbox 494 3737 2067 3804">
    <p class='ocr_par' dir='ltr' id='par_1_68' title="bbox 494 3737 2067 3804">
     <span class='ocr_line' id='line_1_68' title="bbox 494 3737 2067 3804; baseline -0.006 -4"><span class='ocrx_word' id='word_1_534' title='bbox 494 3746 626 3800; x_wconf 79' lang='lat' dir='ltr'><strong>Nam</strong></span> <span class='ocrx_word' id='word_1_535' title='bbox 656 3745 700 3798; x_wconf 88' lang='lat' dir='ltr'><strong>si</strong></span> <span class='ocrx_word' id='word_1_536' title='bbox 737 3753 795 3796; x_wconf 89' lang='lat' dir='ltr'><strong>ut</strong></span> <span class='ocrx_word' id='word_1_537' title='bbox 823 3753 984 3796; x_wconf 89' lang='lat' dir='ltr'><strong>testes</strong></span> <span class='ocrx_word' id='word_1_538' title='bbox 1016 3751 1246 3804; x_wconf 88' lang='lat' dir='ltr'><strong>tantum,</strong></span> <span class='ocrx_word' id='word_1_539' title='bbox 1276 3755 1382 3793; x_wconf 88' lang='lat' dir='ltr'><strong>non</strong></span> <span class='ocrx_word' id='word_1_540' title='bbox 1411 3749 1469 3794; x_wconf 91' lang='lat' dir='ltr'><strong>ut</strong></span> <span class='ocrx_word' id='word_1_541' title='bbox 1503 3754 1622 3793; x_wconf 89' lang='lat' dir='ltr'><strong>reos</strong></span> <span class='ocrx_word' id='word_1_542' title='bbox 1644 3748 1842 3793; x_wconf 88' lang='lat' dir='ltr'><strong>statum</strong></span> <span class='ocrx_word' id='word_1_543' title='bbox 1875 3737 1940 3792; x_wconf 92' lang='lat' dir='ltr'><strong>iri</strong></span> <span class='ocrx_word' id='word_1_544' title='bbox 1970 3754 2067 3791; x_wconf 86' lang='lat' dir='ltr'><strong>an-</strong></span> 
     </span>
    </p>
   </div>
   <div class='ocr_carea' id='block_1_69' title="bbox 492 3833 2066 3912">
    <p class='ocr_par' dir='ltr' id='par_1_69' title="bbox 492 3833 2066 3912">
     <span class='ocr_line' id='line_1_69' title="bbox 492 3833 2066 3912; baseline -0.006 -19"><span class='ocrx_word' id='word_1_545' title='bbox 492 3840 644 3912; x_wconf 87' lang='lat' dir='ltr'><strong>gelos</strong></span> <span class='ocrx_word' id='word_1_546' title='bbox 680 3837 1042 3909; x_wconf 80' lang='lat' dir='ltr'><strong>signiﬁcatum</strong></span> <span class='ocrx_word' id='word_1_547' title='bbox 1076 3835 1328 3892; x_wconf 87' lang='lat' dir='ltr'><strong>voluisset</strong></span> <span class='ocrx_word' id='word_1_548' title='bbox 1370 3833 1652 3904; x_wconf 90' lang='lat' dir='ltr'><strong>Origenes,</strong></span> <span class='ocrx_word' id='word_1_549' title='bbox 1682 3837 1825 3901; x_wconf 89' lang='lat' dir='ltr'><strong>quod</strong></span> <span class='ocrx_word' id='word_1_550' title='bbox 1847 3841 2066 3886; x_wconf 86' lang='lat' dir='ltr'><strong>conten-</strong></span> 
     </span>
    </p>
   </div>
   <div class='ocr_carea' id='block_1_70' title="bbox 493 3922 2071 3996">
    <p class='ocr_par' dir='ltr' id='par_1_70' title="bbox 493 3922 2071 3996">
     <span class='ocr_line' id='line_1_70' title="bbox 493 3922 2071 3996; baseline -0.004 -12"><span class='ocrx_word' id='word_1_551' title='bbox 493 3932 575 3984; x_wconf 89' lang='lat' dir='ltr'><strong>dit</strong></span> <span class='ocrx_word' id='word_1_552' title='bbox 633 3929 888 3992; x_wconf 90' lang='lat' dir='ltr'><strong>Thomas,</strong></span> <span class='ocrx_word' id='word_1_553' title='bbox 953 3943 1056 3981; x_wconf 86' lang='lat' dir='ltr'><strong>nnn</strong></span> <span class='ocrx_word' id='word_1_554' title='bbox 1120 3928 1304 3996; x_wconf 89' lang='lat' dir='ltr'><strong>utique</strong></span> <span class='ocrx_word' id='word_1_555' title='bbox 1363 3927 1432 3980; x_wconf 91' lang='lat' dir='ltr'><strong>de</strong></span> <span class='ocrx_word' id='word_1_556' title='bbox 1501 3938 1688 3979; x_wconf 85' lang='lat' dir='ltr'><strong>eorum</strong></span> <span class='ocrx_word' id='word_1_557' title='bbox 1748 3922 2071 3993; x_wconf 88' lang='lat' dir='ltr'><strong>negligentia</strong></span> 
     </span>
    </p>
   </div>
   <div class='ocr_carea' id='block_1_71' title="bbox 495 4016 2077 4093">
    <p class='ocr_par' dir='ltr' id='par_1_71' title="bbox 495 4016 2077 4093">
     <span class='ocr_line' id='line_1_71' title="bbox 495 4016 2077 4093; baseline -0.004 -17"><span class='ocrx_word' id='word_1_558' title='bbox 495 4023 736 4093; x_wconf 46' lang='lat' dir='ltr'><strong>perinde.</strong></span> <span class='ocrx_word' id='word_1_559' title='bbox 776 4031 837 4075; x_wconf 94' lang='lat' dir='ltr'><strong>ut</strong></span> <span class='ocrx_word' id='word_1_560' title='bbox 885 4022 950 4075; x_wconf 84' lang='lat' dir='ltr'><strong>de</strong></span> <span class='ocrx_word' id='word_1_561' title='bbox 994 4020 1273 4075; x_wconf 84' lang='lat' dir='ltr'><strong>hominum</strong></span> <span class='ocrx_word' id='word_1_562' title='bbox 1328 4018 1532 4073; x_wconf 87' lang='lat' dir='ltr'><strong>desidia</strong></span> <span class='ocrx_word' id='word_1_563' title='bbox 1578 4018 1933 4086; x_wconf 69' lang='lat' dir='ltr'><strong>qumstionem</strong></span> <span class='ocrx_word' id='word_1_564' title='bbox 1978 4016 2077 4070; x_wconf 69' lang='lat' dir='ltr'><strong>ha~</strong></span> 
     </span>
    </p>
   </div>
   <div class='ocr_carea' id='block_1_72' title="bbox 495 4106 2075 4178">
    <p class='ocr_par' dir='ltr' id='par_1_72' title="bbox 495 4106 2075 4178">
     <span class='ocr_line' id='line_1_72' title="bbox 495 4106 2075 4178; baseline -0.006 -10"><span class='ocrx_word' id='word_1_565' title='bbox 495 4115 666 4168; x_wconf 89' lang='lat' dir='ltr'><strong>bitum</strong></span> <span class='ocrx_word' id='word_1_566' title='bbox 725 4113 790 4167; x_wconf 91' lang='lat' dir='ltr'><strong>iri</strong></span> <span class='ocrx_word' id='word_1_567' title='bbox 846 4113 1087 4166; x_wconf 70' lang='lat' dir='ltr'><strong>dixisset.</strong></span> <span class='ocrx_word' id='word_1_568' title='bbox 1143 4111 1216 4164; x_wconf 90' lang='lat' dir='ltr'><strong>De</strong></span> <span class='ocrx_word' id='word_1_569' title='bbox 1266 4109 1458 4164; x_wconf 89' lang='lat' dir='ltr'><strong>alienis</strong></span> <span class='ocrx_word' id='word_1_570' title='bbox 1500 4109 1700 4178; x_wconf 87' lang='lat' dir='ltr'><strong>quippe</strong></span> <span class='ocrx_word' id='word_1_571' title='bbox 1745 4106 2075 4162; x_wconf 79' lang='lat' dir='ltr'><strong>facinoribus</strong></span> 
     </span>
    </p>
   </div>
   <div class='ocr_carea' id='block_1_73' title="bbox 497 4203 2073 4272">
    <p class='ocr_par' dir='ltr' id='par_1_73' title="bbox 497 4203 2073 4272">
     <span class='ocr_line' id='line_1_73' title="bbox 497 4203 2073 4272; baseline -0.006 -12"><span class='ocrx_word' id='word_1_572' title='bbox 497 4206 868 4262; x_wconf 87' lang='lat' dir='ltr'><strong>testimonium</strong></span> <span class='ocrx_word' id='word_1_573' title='bbox 902 4205 1086 4260; x_wconf 88' lang='lat' dir='ltr'><strong>dicunt</strong></span> <span class='ocrx_word' id='word_1_574' title='bbox 1109 4212 1313 4268; x_wconf 87' lang='lat' dir='ltr'><strong>testes;</strong></span> <span class='ocrx_word' id='word_1_575' title='bbox 1351 4203 1588 4272; x_wconf 88' lang='lat' dir='ltr'><strong>ipsorum</strong></span> <span class='ocrx_word' id='word_1_576' title='bbox 1620 4215 1749 4256; x_wconf 90' lang='lat' dir='ltr'><strong>vero</strong></span> <span class='ocrx_word' id='word_1_577' title='bbox 1780 4214 1942 4255; x_wconf 86' lang='lat' dir='ltr'><strong>causa</strong></span> <span class='ocrx_word' id='word_1_578' title='bbox 1971 4213 2073 4252; x_wconf 91' lang='lat' dir='ltr'><strong>non</strong></span> 
     </span>
    </p>
   </div>
   <div class='ocr_carea' id='block_1_74' title="bbox 496 4298 698 4368">
    <p class='ocr_par' dir='ltr' id='par_1_74' title="bbox 496 4298 698 4368">
     <span class='ocr_line' id='line_1_74' title="bbox 496 4298 698 4368; baseline -0.01 -18"><span class='ocrx_word' id='word_1_579' title='bbox 496 4298 698 4368; x_wconf 81' lang='lat' dir='ltr'><strong>agitur.</strong></span> 
     </span>
    </p>
   </div>
   <div class='ocr_carea' id='block_1_75' title="bbox 571 4380 2076 4453">
    <p class='ocr_par' dir='ltr' id='par_1_75' title="bbox 571 4380 2076 4453">
     <span class='ocr_line' id='line_1_75' title="bbox 571 4380 2076 4453; baseline -0.003 -13"><span class='ocrx_word' id='word_1_580' title='bbox 571 4387 737 4445; x_wconf 79' lang='lat' dir='ltr'><strong>XXII.</strong></span> <span class='ocrx_word' id='word_1_581' title='bbox 775 4387 853 4440; x_wconf 82' lang='lat' dir='ltr'><strong>Ex</strong></span> <span class='ocrx_word' id='word_1_582' title='bbox 881 4386 1108 4448; x_wconf 90' lang='lat' dir='ltr'><strong>duobus,</strong></span> <span class='ocrx_word' id='word_1_583' title='bbox 1141 4399 1276 4453; x_wconf 89' lang='lat' dir='ltr'><strong>quos</strong></span> <span class='ocrx_word' id='word_1_584' title='bbox 1304 4385 1604 4451; x_wconf 85' lang='lat' dir='ltr'><strong>attulimus,</strong></span> <span class='ocrx_word' id='word_1_585' title='bbox 1658 4384 1801 4439; x_wconf 86' lang='lat' dir='ltr'><strong>Petri</strong></span> <span class='ocrx_word' id='word_1_586' title='bbox 1840 4393 1894 4437; x_wconf 93' lang='lat' dir='ltr'><strong>et</strong></span> <span class='ocrx_word' id='word_1_587' title='bbox 1920 4380 2076 4436; x_wconf 70' lang='lat' dir='ltr'><strong>Iudae</strong></span> 
     </span>
    </p>
   </div>
   <div class='ocr_carea' id='block_1_76' title="bbox 499 4474 2074 4543">
    <p class='ocr_par' dir='ltr' id='par_1_76' title="bbox 499 4474 2074 4543">
     <span class='ocr_line' id='line_1_76' title="bbox 499 4474 2074 4543; baseline -0.003 -13"><span class='ocrx_word' id='word_1_588' title='bbox 499 4477 653 4543; x_wconf 80' lang='lat' dir='ltr'><strong>locis,</strong></span> <span class='ocrx_word' id='word_1_589' title='bbox 703 4487 759 4531; x_wconf 89' lang='lat' dir='ltr'><strong>et</strong></span> <span class='ocrx_word' id='word_1_590' title='bbox 781 4478 950 4530; x_wconf 87' lang='lat' dir='ltr'><strong>altero</strong></span> <span class='ocrx_word' id='word_1_591' title='bbox 974 4478 1062 4530; x_wconf 89' lang='lat' dir='ltr'><strong>illo</strong></span> <span class='ocrx_word' id='word_1_592' title='bbox 1094 4478 1325 4531; x_wconf 82' lang='lat' dir='ltr'><strong>Matthaei</strong></span> <span class='ocrx_word' id='word_1_593' title='bbox 1359 4476 1562 4541; x_wconf 67' lang='lat' dir='ltr'><strong>vnt,29</strong></span> <span class='ocrx_word' id='word_1_594' title='bbox 1598 4492 1611 4527; x_wconf 89' lang='lat'><strong>:</strong></span> <span class='ocrx_word' id='word_1_595' title='bbox 1655 4493 1674 4526; x_wconf 79' lang='grc' dir='ltr'><strong>ι</strong></span> <span class='ocrx_word' id='word_1_596' title='bbox 1707 4475 1770 4529; x_wconf 83' lang='grc' dir='ltr'>Ει</span> <span class='ocrx_word' id='word_1_597' title='bbox 1795 4489 1923 4529; x_wconf 90' lang='lat' dir='ltr'><strong>ecce</strong></span> <span class='ocrx_word' id='word_1_598' title='bbox 1958 4474 2074 4528; x_wconf 87' lang='lat' dir='ltr'><strong>cla-</strong></span> 
     </span>
    </p>
   </div>
   <div class='ocr_carea' id='block_1_77' title="bbox 500 4565 2072 4633">
    <p class='ocr_par' dir='ltr' id='par_1_77' title="bbox 500 4565 2072 4633">
     <span class='ocr_line' id='line_1_77' title="bbox 500 4565 2072 4633; baseline -0.002 -11"><span class='ocrx_word' id='word_1_599' title='bbox 500 4577 784 4622; x_wconf 90' lang='lat' dir='ltr'><strong>maverunt</strong></span> <span class='ocrx_word' id='word_1_600' title='bbox 834 4569 1076 4621; x_wconf 87' lang='lat' dir='ltr'><strong>dicentes</strong></span> <span class='ocrx_word' id='word_1_601' title='bbox 1109 4584 1122 4618; x_wconf 92' lang='lat'><strong>:</strong></span> <span class='ocrx_word' id='word_1_602' title='bbox 1153 4568 1289 4633; x_wconf 87' lang='lat' dir='ltr'><strong>Quid</strong></span> <span class='ocrx_word' id='word_1_603' title='bbox 1323 4568 1500 4632; x_wconf 85' lang='lat' dir='ltr'><strong>nobis,</strong></span> <span class='ocrx_word' id='word_1_604' title='bbox 1540 4578 1593 4620; x_wconf 90' lang='lat' dir='ltr'><strong>et</strong></span> <span class='ocrx_word' id='word_1_605' title='bbox 1641 4567 1736 4620; x_wconf 86' lang='lat' dir='ltr'><strong>tibi</strong></span> <span class='ocrx_word' id='word_1_606' title='bbox 1782 4565 1934 4630; x_wconf 82' lang='lat' dir='ltr'><strong>Jesu,</strong></span> <span class='ocrx_word' id='word_1_607' title='bbox 1971 4565 2072 4619; x_wconf 87' lang='lat' dir='ltr'><strong>Fili</strong></span> 
     </span>
    </p>
   </div>
   <div class='ocr_carea' id='block_1_78' title="bbox 2179 3376 3696 3450">
    <p class='ocr_par' dir='ltr' id='par_1_78' title="bbox 2179 3376 3696 3450">
     <span class='ocr_line' id='line_1_78' title="bbox 2179 3376 3696 3450; baseline -0.009 -11"><span class='ocrx_word' id='word_1_608' title='bbox 2179 3385 2482 3439; x_wconf 87' lang='lat' dir='ltr'><strong>beatorum.</strong></span> <span class='ocrx_word' id='word_1_609' title='bbox 2517 3400 2536 3434; x_wconf 73' lang='grc' dir='ltr'><strong>ι</strong></span> <span class='ocrx_word' id='word_1_610' title='bbox 2567 3381 2857 3450; x_wconf 83' lang='lat' dir='ltr'><strong>Snbjungit</strong></span> <span class='ocrx_word' id='word_1_611' title='bbox 2886 3381 3226 3450; x_wconf 90' lang='lat' dir='ltr'><strong>postmodum</strong></span> <span class='ocrx_word' id='word_1_612' title='bbox 3274 3379 3511 3434; x_wconf 86' lang='lat' dir='ltr'><strong>Balaami</strong></span> <span class='ocrx_word' id='word_1_613' title='bbox 3539 3376 3696 3430; x_wconf 86' lang='lat' dir='ltr'><strong>idcirco</strong></span> 
     </span>
    </p>
   </div>
   <div class='ocr_carea' id='block_1_79' title="bbox 2172 3469 3695 3540">
    <p class='ocr_par' dir='ltr' id='par_1_79' title="bbox 2172 3469 3695 3540">
     <span class='ocr_line' id='line_1_79' title="bbox 2172 3469 3695 3540; baseline -0.006 -14"><span class='ocrx_word' id='word_1_614' title='bbox 2172 3473 2593 3528; x_wconf 89' lang='lat' dir='ltr'><strong>incantamentis</strong></span> <span class='ocrx_word' id='word_1_615' title='bbox 2648 3473 2814 3525; x_wconf 89' lang='lat' dir='ltr'><strong>Deum</strong></span> <span class='ocrx_word' id='word_1_616' title='bbox 2876 3471 3270 3536; x_wconf 86' lang='lat' dir='ltr'><strong>intercessisse,</strong></span> <span class='ocrx_word' id='word_1_617' title='bbox 3334 3471 3457 3540; x_wconf 85' lang='lat' dir='ltr'><strong>quia</strong></span> <span class='ocrx_word' id='word_1_618' title='bbox 3517 3469 3695 3521; x_wconf 82' lang='lat' dir='ltr'><strong>alterum</strong></span> 
     </span>
    </p>
   </div>
   <div class='ocr_carea' id='block_1_80' title="bbox 2171 3559 3697 3632">
    <p class='ocr_par' dir='ltr' id='par_1_80' title="bbox 2171 3559 3697 3632">
     <span class='ocr_line' id='line_1_80' title="bbox 2171 3559 3697 3632; baseline -0.005 -16"><span class='ocrx_word' id='word_1_619' title='bbox 2171 3565 2410 3632; x_wconf 87' lang='lat' dir='ltr'><strong>alioquin</strong></span> <span class='ocrx_word' id='word_1_620' title='bbox 2439 3562 2660 3617; x_wconf 87' lang='lat' dir='ltr'><strong>evenire</strong></span> <span class='ocrx_word' id='word_1_621' title='bbox 2695 3577 2917 3618; x_wconf 87' lang='lat' dir='ltr'><strong>necesse</strong></span> <span class='ocrx_word' id='word_1_622' title='bbox 2944 3573 3084 3628; x_wconf 88' lang='lat' dir='ltr'><strong>erat,</strong></span> <span class='ocrx_word' id='word_1_623' title='bbox 3113 3561 3194 3616; x_wconf 88' lang='lat' dir='ltr'><strong>vel</strong></span> <span class='ocrx_word' id='word_1_624' title='bbox 3231 3562 3484 3631; x_wconf 87' lang='lat' dir='ltr'><strong>populum</strong></span> <span class='ocrx_word' id='word_1_625' title='bbox 3511 3559 3588 3612; x_wconf 87' lang='lat' dir='ltr'><strong>Dei</strong></span> <span class='ocrx_word' id='word_1_626' title='bbox 3611 3571 3697 3626; x_wconf 74' lang='lat' dir='ltr'><strong>per-</strong></span> 
     </span>
    </p>
   </div>
   <div class='ocr_carea' id='block_1_81' title="bbox 2170 3651 3701 3718">
    <p class='ocr_par' dir='ltr' id='par_1_81' title="bbox 2170 3651 3701 3718">
     <span class='ocr_line' id='line_1_81' title="bbox 2170 3651 3701 3718; baseline -0.007 -10"><span class='ocrx_word' id='word_1_627' title='bbox 2170 3657 2344 3708; x_wconf 87' lang='lat' dir='ltr'><strong>ditum</strong></span> <span class='ocrx_word' id='word_1_628' title='bbox 2385 3655 2526 3718; x_wconf 85' lang='lat' dir='ltr'><strong>dari,</strong></span> <span class='ocrx_word' id='word_1_629' title='bbox 2563 3655 2606 3708; x_wconf 89' lang='lat' dir='ltr'><strong>si</strong></span> <span class='ocrx_word' id='word_1_630' title='bbox 2641 3655 2974 3708; x_wconf 69' lang='lat' dir='ltr'><strong>dmmonibus</strong></span> <span class='ocrx_word' id='word_1_631' title='bbox 3006 3669 3034 3706; x_wconf 87' lang='lat' dir='ltr'><strong>a</strong></span> <span class='ocrx_word' id='word_1_632' title='bbox 3067 3654 3328 3707; x_wconf 86' lang='lat' dir='ltr'><strong>Balaamo</strong></span> <span class='ocrx_word' id='word_1_633' title='bbox 3356 3651 3612 3706; x_wconf 85' lang='lat' dir='ltr'><strong>accersitis</strong></span> <span class='ocrx_word' id='word_1_634' title='bbox 3637 3663 3701 3698; x_wconf 83' lang='lat' dir='ltr'><strong>ar-</strong></span> 
     </span>
    </p>
   </div>
   <div class='ocr_carea' id='block_1_82' title="bbox 2171 3737 3699 3812">
    <p class='ocr_par' dir='ltr' id='par_1_82' title="bbox 2171 3737 3699 3812">
     <span class='ocr_line' id='line_1_82' title="bbox 2171 3737 3699 3812; baseline -0.005 -13"><span class='ocrx_word' id='word_1_635' title='bbox 2171 3745 2316 3800; x_wconf 85' lang='lat' dir='ltr'><strong>bitrii</strong></span> <span class='ocrx_word' id='word_1_636' title='bbox 2365 3745 2450 3798; x_wconf 90' lang='lat' dir='ltr'><strong>sui</strong></span> <span class='ocrx_word' id='word_1_637' title='bbox 2503 3744 2746 3798; x_wconf 80' lang='lat' dir='ltr'><strong>facultati</strong></span> <span class='ocrx_word' id='word_1_638' title='bbox 2806 3745 2974 3798; x_wconf 87' lang='lat' dir='ltr'><strong>libere</strong></span> <span class='ocrx_word' id='word_1_639' title='bbox 3005 3745 3230 3812; x_wconf 89' lang='lat' dir='ltr'><strong>obsequi</strong></span> <span class='ocrx_word' id='word_1_640' title='bbox 3270 3745 3544 3807; x_wconf 85' lang='lat' dir='ltr'><strong>licuisset;</strong></span> <span class='ocrx_word' id='word_1_641' title='bbox 3588 3738 3649 3792; x_wconf 76' lang='lat' dir='ltr'><strong>vel</strong></span> <span class='ocrx_word' id='word_1_642' title='bbox 3668 3737 3699 3788; x_wconf 89' lang='lat' dir='ltr'><strong>si</strong></span> 
     </span>
    </p>
   </div>
   <div class='ocr_carea' id='block_1_83' title="bbox 2174 3830 3698 3901">
    <p class='ocr_par' dir='ltr' id='par_1_83' title="bbox 2174 3830 3698 3901">
     <span class='ocr_line' id='line_1_83' title="bbox 2174 3830 3698 3901; baseline -0.006 -12"><span class='ocrx_word' id='word_1_643' title='bbox 2174 3835 2388 3890; x_wconf 89' lang='lat' dir='ltr'><strong>arbitrii</strong></span> <span class='ocrx_word' id='word_1_644' title='bbox 2419 3834 2499 3890; x_wconf 84' lang='lat' dir='ltr'><strong>sui</strong></span> <span class='ocrx_word' id='word_1_645' title='bbox 2539 3836 2788 3889; x_wconf 85' lang='lat' dir='ltr'><strong>libertate</strong></span> <span class='ocrx_word' id='word_1_646' title='bbox 2820 3836 3082 3890; x_wconf 87' lang='lat' dir='ltr'><strong>deminuti</strong></span> <span class='ocrx_word' id='word_1_647' title='bbox 3137 3836 3392 3901; x_wconf 88' lang='lat' dir='ltr'><strong>fuissent,</strong></span> <span class='ocrx_word' id='word_1_648' title='bbox 3433 3835 3582 3888; x_wconf 88' lang='lat' dir='ltr'><strong>fuisse</strong></span> <span class='ocrx_word' id='word_1_649' title='bbox 3609 3830 3698 3888; x_wconf 84' lang='lat' dir='ltr'><strong>hoc,</strong></span> 
     </span>
    </p>
   </div>
   <div class='ocr_carea' id='block_1_84' title="bbox 2179 3925 3699 3989">
    <p class='ocr_par' dir='ltr' id='par_1_84' title="bbox 2179 3925 3699 3989">
     <span class='ocr_line' id='line_1_84' title="bbox 2179 3925 3699 3989; baseline -0.003 -13"><span class='ocrx_word' id='word_1_650' title='bbox 2179 3943 2198 3976; x_wconf 75' lang='grc' dir='ltr'><strong>ι</strong></span> <span class='ocrx_word' id='word_1_651' title='bbox 2230 3925 2518 3980; x_wconf 86' lang='lat' dir='ltr'><strong>damnasse</strong></span> <span class='ocrx_word' id='word_1_652' title='bbox 2552 3927 2932 3981; x_wconf 82' lang='lat' dir='ltr'><strong>rationabilem</strong></span> <span class='ocrx_word' id='word_1_653' title='bbox 2981 3937 3314 3989; x_wconf 82' lang='lat' dir='ltr'><strong>creaturam,</strong></span> <span class='ocrx_word' id='word_1_654' title='bbox 3375 3937 3429 3981; x_wconf 90' lang='lat' dir='ltr'><strong>et</strong></span> <span class='ocrx_word' id='word_1_655' title='bbox 3463 3936 3572 3978; x_wconf 88' lang='lat' dir='ltr'><strong>ante</strong></span> <span class='ocrx_word' id='word_1_656' title='bbox 3598 3933 3699 3976; x_wconf 76' lang='lat' dir='ltr'><strong>tein-</strong></span> 
     </span>
    </p>
   </div>
   <div class='ocr_carea' id='block_1_85' title="bbox 2176 4011 3698 4090">
    <p class='ocr_par' dir='ltr' id='par_1_85' title="bbox 2176 4011 3698 4090">
     <span class='ocr_line' id='line_1_85' title="bbox 2176 4011 3698 4090; baseline 0 -20"><span class='ocrx_word' id='word_1_657' title='bbox 2176 4033 2272 4088; x_wconf 85' lang='lat' dir='ltr'><strong>pus</strong></span> <span class='ocrx_word' id='word_1_658' title='bbox 2306 4018 2552 4072; x_wconf 85' lang='lat' dir='ltr'><strong>intulisse</strong></span> <span class='ocrx_word' id='word_1_659' title='bbox 2584 4019 2874 4087; x_wconf 88' lang='lat' dir='ltr'><strong>judicium,</strong></span> <span class='ocrx_word' id='word_1_660' title='bbox 2924 4029 2981 4074; x_wconf 90' lang='lat' dir='ltr'><strong>et</strong></span> <span class='ocrx_word' id='word_1_661' title='bbox 3009 4020 3296 4090; x_wconf 87' lang='lat' dir='ltr'><strong>impedisse</strong></span> <span class='ocrx_word' id='word_1_662' title='bbox 3355 4019 3602 4077; x_wconf 86' lang='lat' dir='ltr'><strong>omnibus,</strong></span> <span class='ocrx_word' id='word_1_663' title='bbox 3633 4011 3698 4082; x_wconf 81' lang='lat' dir='ltr'><strong>qui</strong></span> 
     </span>
    </p>
   </div>
   <div class='ocr_carea' id='block_1_86' title="bbox 2174 4105 3699 4182">
    <p class='ocr_par' dir='ltr' id='par_1_86' title="bbox 2174 4105 3699 4182">
     <span class='ocr_line' id='line_1_86' title="bbox 2174 4105 3699 4182; baseline -0.005 -18"><span class='ocrx_word' id='word_1_664' title='bbox 2174 4109 2462 4164; x_wconf 84' lang='lat' dir='ltr'><strong>adversum</strong></span> <span class='ocrx_word' id='word_1_665' title='bbox 2487 4125 2580 4164; x_wconf 89' lang='lat' dir='ltr'><strong>eos</strong></span> <span class='ocrx_word' id='word_1_666' title='bbox 2609 4111 2662 4164; x_wconf 91' lang='lat' dir='ltr'><strong>in</strong></span> <span class='ocrx_word' id='word_1_667' title='bbox 2694 4127 2867 4182; x_wconf 81' lang='lat' dir='ltr'><strong>agone</strong></span> <span class='ocrx_word' id='word_1_668' title='bbox 2894 4121 3178 4166; x_wconf 86' lang='lat' dir='ltr'><strong>certantes</strong></span> <span class='ocrx_word' id='word_1_669' title='bbox 3205 4121 3456 4180; x_wconf 86' lang='lat' dir='ltr'><strong>poterant</strong></span> <span class='ocrx_word' id='word_1_670' title='bbox 3481 4105 3699 4163; x_wconf 84' lang='lat' dir='ltr'><strong>coronari.</strong></span> 
     </span>
    </p>
   </div>
   <div class='ocr_carea' id='block_1_87' title="bbox 2177 4195 3698 4263">
    <p class='ocr_par' dir='ltr' id='par_1_87' title="bbox 2177 4195 3698 4263">
     <span class='ocr_line' id='line_1_87' title="bbox 2177 4195 3698 4263; baseline -0.006 -11"><span class='ocrx_word' id='word_1_671' title='bbox 2177 4197 2234 4251; x_wconf 84' lang='lat' dir='ltr'><strong>Si</strong></span> <span class='ocrx_word' id='word_1_672' title='bbox 2257 4201 2401 4253; x_wconf 90' lang='lat' dir='ltr'><strong>enim</strong></span> <span class='ocrx_word' id='word_1_673' title='bbox 2425 4201 2707 4256; x_wconf 66' lang='lat' dir='ltr'><strong>daatnoniis</strong></span> <span class='ocrx_word' id='word_1_674' title='bbox 2729 4202 3013 4257; x_wconf 86' lang='lat' dir='ltr'><strong>auferatur</strong></span> <span class='ocrx_word' id='word_1_675' title='bbox 3041 4202 3265 4258; x_wconf 86' lang='lat' dir='ltr'><strong>libertas</strong></span> <span class='ocrx_word' id='word_1_676' title='bbox 3289 4201 3519 4263; x_wconf 89' lang='lat' dir='ltr'><strong>arbitrii,</strong></span> <span class='ocrx_word' id='word_1_677' title='bbox 3545 4195 3698 4251; x_wconf 87' lang='lat' dir='ltr'><strong>nullum</strong></span> 
     </span>
    </p>
   </div>
   <div class='ocr_carea' id='block_1_88' title="bbox 2177 4290 3698 4361">
    <p class='ocr_par' dir='ltr' id='par_1_88' title="bbox 2177 4290 3698 4361">
     <span class='ocr_line' id='line_1_88' title="bbox 2177 4290 3698 4361; baseline -0.003 -18"><span class='ocrx_word' id='word_1_678' title='bbox 2177 4290 2323 4343; x_wconf 89' lang='lat' dir='ltr'><strong>ultra</strong></span> <span class='ocrx_word' id='word_1_679' title='bbox 2370 4291 2809 4361; x_wconf 87' lang='lat' dir='ltr'><strong>impugnaturum</strong></span> <span class='ocrx_word' id='word_1_680' title='bbox 2843 4295 3080 4349; x_wconf 88' lang='lat' dir='ltr'><strong>athletas</strong></span> <span class='ocrx_word' id='word_1_681' title='bbox 3129 4295 3365 4359; x_wconf 89' lang='lat' dir='ltr'><strong>Christi;</strong></span> <span class='ocrx_word' id='word_1_682' title='bbox 3403 4293 3536 4347; x_wconf 89' lang='lat' dir='ltr'><strong>nullo</strong></span> <span class='ocrx_word' id='word_1_683' title='bbox 3564 4299 3698 4342; x_wconf 85' lang='lat' dir='ltr'><strong>autem</strong></span> 
     </span>
    </p>
   </div>
   <div class='ocr_carea' id='block_1_89' title="bbox 2180 4376 3702 4456">
    <p class='ocr_par' dir='ltr' id='par_1_89' title="bbox 2180 4376 3702 4456">
     <span class='ocr_line' id='line_1_89' title="bbox 2180 4376 3702 4456; baseline -0.003 -19"><span class='ocrx_word' id='word_1_684' title='bbox 2180 4384 2550 4453; x_wconf 84' lang='lat' dir='ltr'><strong>impugnante,</strong></span> <span class='ocrx_word' id='word_1_685' title='bbox 2586 4400 2688 4439; x_wconf 90' lang='lat' dir='ltr'><strong>nec</strong></span> <span class='ocrx_word' id='word_1_686' title='bbox 2718 4396 2994 4441; x_wconf 84' lang='lat' dir='ltr'><strong>certamen</strong></span> <span class='ocrx_word' id='word_1_687' title='bbox 3019 4386 3235 4456; x_wconf 85' lang='lat' dir='ltr'><strong>aliquod</strong></span> <span class='ocrx_word' id='word_1_688' title='bbox 3257 4387 3495 4440; x_wconf 87' lang='lat' dir='ltr'><strong>futurum</strong></span> <span class='ocrx_word' id='word_1_689' title='bbox 3521 4401 3533 4448; x_wconf 89' lang='lat'><strong>;</strong></span> <span class='ocrx_word' id='word_1_690' title='bbox 3559 4391 3602 4435; x_wconf 85' lang='lat' dir='ltr'><strong>et</strong></span> <span class='ocrx_word' id='word_1_691' title='bbox 3618 4376 3702 4431; x_wconf 70' lang='lat' dir='ltr'><strong>sub&#39;</strong></span> 
     </span>
    </p>
   </div>
   <div class='ocr_carea' id='block_1_90' title="bbox 2185 4471 3698 4547">
    <p class='ocr_par' dir='ltr' id='par_1_90' title="bbox 2185 4471 3698 4547">
     <span class='ocr_line' id='line_1_90' title="bbox 2185 4471 3698 4547; baseline -0.006 -22"><span class='ocrx_word' id='word_1_692' title='bbox 2185 4473 2294 4528; x_wconf 87' lang='lat' dir='ltr'><strong>lato</strong></span> <span class='ocrx_word' id='word_1_693' title='bbox 2329 4475 2652 4540; x_wconf 83' lang='lat' dir='ltr'><strong>certamine,</strong></span> <span class='ocrx_word' id='word_1_694' title='bbox 2702 4477 2905 4530; x_wconf 91' lang='lat' dir='ltr'><strong>nullum</strong></span> <span class='ocrx_word' id='word_1_695' title='bbox 2940 4477 3177 4531; x_wconf 88' lang='lat' dir='ltr'><strong>futurum</strong></span> <span class='ocrx_word' id='word_1_696' title='bbox 3223 4479 3517 4547; x_wconf 74' lang='lat' dir='ltr'><strong>przetnium.</strong></span> <span class='ocrx_word' id='word_1_697' title='bbox 3546 4471 3698 4526; x_wconf 78' lang='lat' dir='ltr'><strong>nullam</strong></span> 
     </span>
    </p>
   </div>
   <div class='ocr_carea' id='block_1_91' title="bbox 2182 4569 3699 4630">
    <p class='ocr_par' dir='ltr' id='par_1_91' title="bbox 2182 4569 3699 4630">
     <span class='ocr_line' id='line_1_91' title="bbox 2182 4569 3699 4630; baseline -0.001 -10"><span class='ocrx_word' id='word_1_698' title='bbox 2182 4569 2485 4623; x_wconf 88' lang='lat' dir='ltr'><strong>victoriam.</strong></span> <span class='ocrx_word' id='word_1_699' title='bbox 2516 4588 2532 4617; x_wconf 78' lang='grc' dir='ltr'><strong>ι</strong></span> <span class='ocrx_word' id='word_1_700' title='bbox 2565 4569 2635 4622; x_wconf 85' lang='lat' dir='ltr'><strong>At</strong></span> <span class='ocrx_word' id='word_1_701' title='bbox 2665 4570 2884 4624; x_wconf 88' lang='lat' dir='ltr'><strong>homilia</strong></span> <span class='ocrx_word' id='word_1_702' title='bbox 2925 4571 2992 4626; x_wconf 79' lang='grc'><strong>15</strong></span> <span class='ocrx_word' id='word_1_703' title='bbox 3034 4573 3089 4624; x_wconf 85' lang='lat' dir='ltr'><strong>in</strong></span> <span class='ocrx_word' id='word_1_704' title='bbox 3123 4570 3242 4626; x_wconf 83' lang='lat' dir='ltr'><strong>Jos.</strong></span> <span class='ocrx_word' id='word_1_705' title='bbox 3289 4587 3438 4624; x_wconf 86' lang='lat' dir='ltr'><strong>num.</strong></span> <span class='ocrx_word' id='word_1_706' title='bbox 3467 4571 3515 4630; x_wconf 82' lang='grc' dir='ltr'><strong>ϐ,</strong></span> <span class='ocrx_word' id='word_1_707' title='bbox 3555 4573 3699 4618; x_wconf 77' lang='lat' dir='ltr'><strong>norum</strong></span> 
     </span>
    </p>
   </div>
   <div class='ocr_carea' id='block_1_92' title="bbox 501 4634 3700 4730">
    <p class='ocr_par' dir='ltr' id='par_1_92' title="bbox 501 4634 3700 4730">
     <span class='ocr_line' id='line_1_92' title="bbox 501 4634 3700 4730; baseline -0.001 -20"><span class='ocrx_word' id='word_1_708' title='bbox 501 4657 634 4713; x_wconf 86' lang='lat' dir='ltr'><strong>Dei?</strong></span> <span class='ocrx_word' id='word_1_709' title='bbox 659 4657 849 4711; x_wconf 84' lang='lat' dir='ltr'><strong>venisti</strong></span> <span class='ocrx_word' id='word_1_710' title='bbox 877 4659 981 4712; x_wconf 90' lang='lat' dir='ltr'><strong>huc</strong></span> <span class='ocrx_word' id='word_1_711' title='bbox 1003 4668 1126 4711; x_wconf 90' lang='lat' dir='ltr'><strong>ante</strong></span> <span class='ocrx_word' id='word_1_712' title='bbox 1154 4667 1362 4725; x_wconf 91' lang='lat' dir='ltr'><strong>tempus</strong></span> <span class='ocrx_word' id='word_1_713' title='bbox 1387 4667 1638 4725; x_wconf 91' lang='lat' dir='ltr'><strong>torquere</strong></span> <span class='ocrx_word' id='word_1_714' title='bbox 1665 4655 1800 4709; x_wconf 83' lang='lat' dir='ltr'><strong>nos?</strong></span> <span class='ocrx_word' id='word_1_715' title='bbox 1832 4674 1849 4707; x_wconf 71' lang='grc' dir='ltr'><strong>ι</strong></span> <span class='ocrx_word' id='word_1_716' title='bbox 1878 4656 1928 4708; x_wconf 83' lang='grc' dir='ltr'><strong>ἱη</strong></span> <span class='ocrx_word' id='word_1_717' title='bbox 1955 4671 2073 4709; x_wconf 84' lang='lat' dir='ltr'><strong>eam</strong></span> <span class='ocrx_word' id='word_1_718' title='bbox 2107 4634 2152 4688; x_wconf 81' lang='grc' dir='ltr'><strong>Ῑ)</strong></span> <span class='ocrx_word' id='word_1_719' title='bbox 2182 4660 2314 4728; x_wconf 85' lang='lat' dir='ltr'><strong>quid</strong></span> <span class='ocrx_word' id='word_1_720' title='bbox 2348 4674 2414 4713; x_wconf 89' lang='lat' dir='ltr'><strong>ac</strong></span> <span class='ocrx_word' id='word_1_721' title='bbox 2454 4662 2801 4715; x_wconf 90' lang='lat' dir='ltr'><strong>memorabile</strong></span> <span class='ocrx_word' id='word_1_722' title='bbox 2841 4662 3266 4716; x_wconf 79' lang='lat' dir='ltr'><strong>comminiscitur</strong></span> <span class='ocrx_word' id='word_1_723' title='bbox 3295 4683 3306 4715; x_wconf 89' lang='grc'>;</span> <span class='ocrx_word' id='word_1_724' title='bbox 3342 4661 3700 4730; x_wconf 79' lang='lat' dir='ltr'><strong>quotiescunque</strong></span> 
     </span>
    </p>
   </div>
   <div class='ocr_carea' id='block_1_93' title="bbox 502 4743 2077 4817">
    <p class='ocr_par' dir='ltr' id='par_1_93' title="bbox 502 4743 2077 4817">
     <span class='ocr_line' id='line_1_93' title="bbox 502 4743 2077 4817; baseline -0.003 -17"><span class='ocrx_word' id='word_1_725' title='bbox 502 4747 782 4817; x_wconf 85' lang='lat' dir='ltr'><strong>prolapsus</strong></span> <span class='ocrx_word' id='word_1_726' title='bbox 814 4757 899 4800; x_wconf 88' lang='lat' dir='ltr'><strong>est</strong></span> <span class='ocrx_word' id='word_1_727' title='bbox 923 4746 1242 4800; x_wconf 89' lang='lat' dir='ltr'><strong>sententiam</strong></span> <span class='ocrx_word' id='word_1_728' title='bbox 1271 4743 1558 4816; x_wconf 87' lang='lat' dir='ltr'><strong>Origenes,</strong></span> <span class='ocrx_word' id='word_1_729' title='bbox 1599 4744 1773 4797; x_wconf 87' lang='lat' dir='ltr'><strong>nullas</strong></span> <span class='ocrx_word' id='word_1_730' title='bbox 1804 4759 1945 4797; x_wconf 88' lang='lat' dir='ltr'><strong>nunc</strong></span> <span class='ocrx_word' id='word_1_731' title='bbox 1976 4743 2077 4796; x_wconf 64' lang='lat' dir='ltr'><strong>daa-</strong></span> 
     </span>
    </p>
   </div>
   <div class='ocr_carea' id='block_1_94' title="bbox 498 4835 2074 4905">
    <p class='ocr_par' dir='ltr' id='par_1_94' title="bbox 498 4835 2074 4905">
     <span class='ocr_line' id='line_1_94' title="bbox 498 4835 2074 4905; baseline -0.003 -14"><span class='ocrx_word' id='word_1_732' title='bbox 498 4839 750 4892; x_wconf 89' lang='lat' dir='ltr'><strong>monibus</strong></span> <span class='ocrx_word' id='word_1_733' title='bbox 801 4835 1028 4905; x_wconf 81' lang='lat' dir='ltr'><strong>irrogari</strong></span> <span class='ocrx_word' id='word_1_734' title='bbox 1071 4850 1283 4904; x_wconf 65' lang='lat' dir='ltr'><strong>pinnas,</strong></span> <span class='ocrx_word' id='word_1_735' title='bbox 1339 4849 1512 4903; x_wconf 86' lang='lat' dir='ltr'><strong>neque</strong></span> <span class='ocrx_word' id='word_1_736' title='bbox 1553 4849 1715 4904; x_wconf 84' lang='lat' dir='ltr'><strong>porro</strong></span> <span class='ocrx_word' id='word_1_737' title='bbox 1748 4835 1810 4887; x_wconf 90' lang='lat' dir='ltr'><strong>iri</strong></span> <span class='ocrx_word' id='word_1_738' title='bbox 1867 4835 2074 4902; x_wconf 89' lang='lat' dir='ltr'><strong>irroga-</strong></span> 
     </span>
    </p>
   </div>
   <div class='ocr_carea' id='block_1_95' title="bbox 504 4925 2075 4996">
    <p class='ocr_par' dir='ltr' id='par_1_95' title="bbox 504 4925 2075 4996">
     <span class='ocr_line' id='line_1_95' title="bbox 504 4925 2075 4996; baseline -0.001 -14"><span class='ocrx_word' id='word_1_739' title='bbox 504 4941 636 4993; x_wconf 92' lang='lat' dir='ltr'><strong>tum,</strong></span> <span class='ocrx_word' id='word_1_740' title='bbox 672 4930 844 4983; x_wconf 82' lang='lat' dir='ltr'><strong>donec</strong></span> <span class='ocrx_word' id='word_1_741' title='bbox 876 4938 1124 4983; x_wconf 79' lang='lat' dir='ltr'><strong>extremo</strong></span> <span class='ocrx_word' id='word_1_742' title='bbox 1155 4927 1358 4995; x_wconf 83' lang='lat' dir='ltr'><strong>judicio</strong></span> <span class='ocrx_word' id='word_1_743' title='bbox 1409 4927 1688 4996; x_wconf 88' lang='lat' dir='ltr'><strong>suppliciis</strong></span> <span class='ocrx_word' id='word_1_744' title='bbox 1733 4926 1954 4980; x_wconf 66' lang='lat' dir='ltr'><strong>aeternis</strong></span> <span class='ocrx_word' id='word_1_745' title='bbox 1979 4925 2075 4980; x_wconf 83' lang='lat' dir='ltr'><strong>ad-</strong></span> 
     </span>
    </p>
   </div>
   <div class='ocr_carea' id='block_1_96' title="bbox 499 5014 2076 5090">
    <p class='ocr_par' dir='ltr' id='par_1_96' title="bbox 499 5014 2076 5090">
     <span class='ocr_line' id='line_1_96' title="bbox 499 5014 2076 5090; baseline -0.004 -16"><span class='ocrx_word' id='word_1_746' title='bbox 499 5024 771 5075; x_wconf 88' lang='lat' dir='ltr'><strong>dicantur.</strong></span> <span class='ocrx_word' id='word_1_747' title='bbox 825 5019 878 5072; x_wconf 89' lang='lat' dir='ltr'><strong>Id</strong></span> <span class='ocrx_word' id='word_1_748' title='bbox 938 5021 1189 5090; x_wconf 85' lang='lat' dir='ltr'><strong>prOponit</strong></span> <span class='ocrx_word' id='word_1_749' title='bbox 1234 5019 1425 5090; x_wconf 88' lang='lat' dir='ltr'><strong>dogma</strong></span> <span class='ocrx_word' id='word_1_750' title='bbox 1480 5018 1665 5072; x_wconf 88' lang='lat' dir='ltr'><strong>homil.</strong></span> <span class='ocrx_word' id='word_1_751' title='bbox 1698 5017 1730 5072; x_wconf 92' lang='lat'><strong>8</strong></span> <span class='ocrx_word' id='word_1_752' title='bbox 1779 5017 1836 5070; x_wconf 84' lang='lat' dir='ltr'><strong>in</strong></span> <span class='ocrx_word' id='word_1_753' title='bbox 1879 5014 2076 5082; x_wconf 63' lang='lat' dir='ltr'><strong>Emam,</strong></span> 
     </span>
    </p>
   </div>
   <div class='ocr_carea' id='block_1_97' title="bbox 500 5109 2078 5178">
    <p class='ocr_par' dir='ltr' id='par_1_97' title="bbox 500 5109 2078 5178">
     <span class='ocr_line' id='line_1_97' title="bbox 500 5109 2078 5178; baseline -0.002 -12"><span class='ocrx_word' id='word_1_754' title='bbox 500 5127 652 5168; x_wconf 92' lang='lat' dir='ltr'><strong>num.</strong></span> <span class='ocrx_word' id='word_1_755' title='bbox 692 5112 746 5175; x_wconf 83' lang='lat'><strong>6,</strong></span> <span class='ocrx_word' id='word_1_756' title='bbox 783 5122 837 5166; x_wconf 90' lang='lat' dir='ltr'><strong>et</strong></span> <span class='ocrx_word' id='word_1_757' title='bbox 869 5126 932 5164; x_wconf 79' lang='lat' dir='ltr'><strong>ex</strong></span> <span class='ocrx_word' id='word_1_758' title='bbox 965 5109 1157 5166; x_wconf 80' lang='lat' dir='ltr'><strong>Matth.</strong></span> <span class='ocrx_word' id='word_1_759' title='bbox 1191 5127 1308 5175; x_wconf 89' lang='lat' dir='ltr'><strong>vtu,</strong></span> <span class='ocrx_word' id='word_1_760' title='bbox 1363 5125 1417 5163; x_wconf 88' lang='lat' dir='ltr'><strong>v.</strong></span> <span class='ocrx_word' id='word_1_761' title='bbox 1462 5109 1552 5175; x_wconf 70' lang='lat'><strong>29,</strong></span> <span class='ocrx_word' id='word_1_762' title='bbox 1614 5109 1921 5173; x_wconf 73' lang='lat' dir='ltr'><strong>confirmat,</strong></span> <span class='ocrx_word' id='word_1_763' title='bbox 1972 5122 2078 5178; x_wconf 68' lang='lat' dir='ltr'><strong>pa:-</strong></span> 
     </span>
    </p>
   </div>
   <div class='ocr_carea' id='block_1_98' title="bbox 501 5201 2077 5274">
    <p class='ocr_par' dir='ltr' id='par_1_98' title="bbox 501 5201 2077 5274">
     <span class='ocr_line' id='line_1_98' title="bbox 501 5201 2077 5274; baseline -0.003 -16"><span class='ocrx_word' id='word_1_764' title='bbox 501 5220 708 5274; x_wconf 86' lang='lat' dir='ltr'><strong>nasque</strong></span> <span class='ocrx_word' id='word_1_765' title='bbox 764 5205 905 5258; x_wconf 87' lang='lat' dir='ltr'><strong>inter</strong></span> <span class='ocrx_word' id='word_1_766' title='bbox 957 5203 1233 5258; x_wconf 90' lang='lat' dir='ltr'><strong>hominum</strong></span> <span class='ocrx_word' id='word_1_767' title='bbox 1272 5212 1329 5256; x_wconf 90' lang='lat' dir='ltr'><strong>et</strong></span> <span class='ocrx_word' id='word_1_768' title='bbox 1367 5203 1668 5256; x_wconf 63' lang='lat' dir='ltr'><strong>daamonum</strong></span> <span class='ocrx_word' id='word_1_769' title='bbox 1719 5202 1770 5254; x_wconf 89' lang='lat' dir='ltr'><strong>id</strong></span> <span class='ocrx_word' id='word_1_770' title='bbox 1816 5201 2077 5254; x_wconf 86' lang='lat' dir='ltr'><strong>interesse</strong></span> 
     </span>
    </p>
   </div>
   <div class='ocr_carea' id='block_1_99' title="bbox 504 5294 2078 5366">
    <p class='ocr_par' dir='ltr' id='par_1_99' title="bbox 504 5294 2078 5366">
     <span class='ocr_line' id='line_1_99' title="bbox 504 5294 2078 5366; baseline -0.004 -16"><span class='ocrx_word' id='word_1_771' title='bbox 504 5299 636 5360; x_wconf 84' lang='lat' dir='ltr'><strong>vult,</strong></span> <span class='ocrx_word' id='word_1_772' title='bbox 671 5299 815 5366; x_wconf 92' lang='lat' dir='ltr'><strong>quod</strong></span> <span class='ocrx_word' id='word_1_773' title='bbox 841 5297 914 5349; x_wconf 90' lang='lat' dir='ltr'><strong>illi</strong></span> <span class='ocrx_word' id='word_1_774' title='bbox 953 5295 1293 5363; x_wconf 85' lang='lat' dir='ltr'><strong>castigentur</strong></span> <span class='ocrx_word' id='word_1_775' title='bbox 1333 5296 1385 5348; x_wconf 94' lang='lat' dir='ltr'><strong>in</strong></span> <span class='ocrx_word' id='word_1_776' title='bbox 1423 5297 1523 5350; x_wconf 89' lang='lat' dir='ltr'><strong>hoc</strong></span> <span class='ocrx_word' id='word_1_777' title='bbox 1551 5294 1770 5358; x_wconf 88' lang='lat' dir='ltr'><strong>mundo,</strong></span> <span class='ocrx_word' id='word_1_778' title='bbox 1803 5311 1821 5344; x_wconf 79' lang='grc' dir='ltr'><strong>ι</strong></span> <span class='ocrx_word' id='word_1_779' title='bbox 1855 5301 1911 5345; x_wconf 82' lang='grc' dir='ltr'><strong>ιιι</strong></span> <span class='ocrx_word' id='word_1_780' title='bbox 1950 5307 2078 5360; x_wconf 85' lang='lat' dir='ltr'><strong>pur-</strong></span> 
     </span>
    </p>
   </div>
   <div class='ocr_carea' id='block_1_100' title="bbox 501 5384 2078 5456">
    <p class='ocr_par' dir='ltr' id='par_1_100' title="bbox 501 5384 2078 5456">
     <span class='ocr_line' id='line_1_100' title="bbox 501 5384 2078 5456; baseline -0.002 -17"><span class='ocrx_word' id='word_1_781' title='bbox 501 5390 738 5455; x_wconf 86' lang='lat' dir='ltr'><strong>gatiores</strong></span> <span class='ocrx_word' id='word_1_782' title='bbox 772 5389 837 5440; x_wconf 90' lang='lat' dir='ltr'><strong>ad</strong></span> <span class='ocrx_word' id='word_1_783' title='bbox 870 5387 1108 5440; x_wconf 87' lang='lat' dir='ltr'><strong>futurum</strong></span> <span class='ocrx_word' id='word_1_784' title='bbox 1149 5386 1402 5440; x_wconf 62' lang='lat' dir='ltr'><strong>sarculum</strong></span> <span class='ocrx_word' id='word_1_785' title='bbox 1431 5397 1679 5456; x_wconf 85' lang='lat' dir='ltr'><strong>pergant,</strong></span> <span class='ocrx_word' id='word_1_786' title='bbox 1712 5395 1764 5440; x_wconf 93' lang='lat' dir='ltr'><strong>et</strong></span> <span class='ocrx_word' id='word_1_787' title='bbox 1792 5385 1930 5438; x_wconf 91' lang='lat' dir='ltr'><strong>ultra</strong></span> <span class='ocrx_word' id='word_1_788' title='bbox 1960 5384 2078 5437; x_wconf 85' lang='lat' dir='ltr'><strong>dia-</strong></span> 
     </span>
    </p>
   </div>
   <div class='ocr_carea' id='block_1_101' title="bbox 507 5477 2080 5545">
    <p class='ocr_par' dir='ltr' id='par_1_101' title="bbox 507 5477 2080 5545">
     <span class='ocr_line' id='line_1_101' title="bbox 507 5477 2080 5545; baseline 0 -15"><span class='ocrx_word' id='word_1_789' title='bbox 507 5477 627 5531; x_wconf 89' lang='lat' dir='ltr'><strong>bolo</strong></span> <span class='ocrx_word' id='word_1_790' title='bbox 660 5478 793 5532; x_wconf 83' lang='lat' dir='ltr'><strong>socii</strong></span> <span class='ocrx_word' id='word_1_791' title='bbox 847 5494 953 5533; x_wconf 88' lang='lat' dir='ltr'><strong>non</strong></span> <span class='ocrx_word' id='word_1_792' title='bbox 999 5479 1301 5532; x_wconf 86' lang='lat' dir='ltr'><strong>elliciantur</strong></span> <span class='ocrx_word' id='word_1_793' title='bbox 1331 5479 1383 5531; x_wconf 93' lang='lat' dir='ltr'><strong>in</strong></span> <span class='ocrx_word' id='word_1_794' title='bbox 1411 5491 1610 5545; x_wconf 63' lang='lat' dir='ltr'><strong>poena;</strong></span> <span class='ocrx_word' id='word_1_795' title='bbox 1667 5477 1717 5530; x_wconf 93' lang='lat' dir='ltr'><strong>hi</strong></span> <span class='ocrx_word' id='word_1_796' title='bbox 1750 5491 1878 5531; x_wconf 90' lang='lat' dir='ltr'><strong>vero</strong></span> <span class='ocrx_word' id='word_1_797' title='bbox 1907 5489 2080 5545; x_wconf 85' lang='lat' dir='ltr'><strong>neque</strong></span> 
     </span>
    </p>
   </div>
   <div class='ocr_carea' id='block_1_102' title="bbox 505 5567 2078 5639">
    <p class='ocr_par' dir='ltr' id='par_1_102' title="bbox 505 5567 2078 5639">
     <span class='ocr_line' id='line_1_102' title="bbox 505 5567 2078 5639; baseline 0 -19"><span class='ocrx_word' id='word_1_798' title='bbox 505 5567 869 5636; x_wconf 81' lang='lat' dir='ltr'><strong>corripiantur</strong></span> <span class='ocrx_word' id='word_1_799' title='bbox 892 5583 987 5638; x_wconf 89' lang='lat' dir='ltr'><strong>pro</strong></span> <span class='ocrx_word' id='word_1_800' title='bbox 1018 5581 1258 5639; x_wconf 90' lang='lat' dir='ltr'><strong>peccato,</strong></span> <span class='ocrx_word' id='word_1_801' title='bbox 1291 5585 1465 5637; x_wconf 88' lang='lat' dir='ltr'><strong>neque</strong></span> <span class='ocrx_word' id='word_1_802' title='bbox 1498 5568 1868 5639; x_wconf 82' lang='lat' dir='ltr'><strong>ﬂagellentnr;</strong></span> <span class='ocrx_word' id='word_1_803' title='bbox 1896 5568 2078 5623; x_wconf 88' lang='lat' dir='ltr'><strong>omnia</strong></span> 
     </span>
    </p>
   </div>
   <div class='ocr_carea' id='block_1_103' title="bbox 559 5659 1480 5727">
    <p class='ocr_par' dir='ltr' id='par_1_103' title="bbox 559 5659 1480 5727">
     <span class='ocr_line' id='line_1_103' title="bbox 559 5659 1480 5727; baseline 0.008 -14"><span class='ocrx_word' id='word_1_804' title='bbox 559 5659 603 5692; x_wconf 81' lang='grc'><strong>⁸⁷</strong></span> <span class='ocrx_word' id='word_1_805' title='bbox 629 5662 647 5713; x_wconf 92' lang='lat' dir='ltr'><strong>l</strong></span> <span class='ocrx_word' id='word_1_806' title='bbox 676 5661 802 5714; x_wconf 86' lang='lat' dir='ltr'><strong>Cor.</strong></span> <span class='ocrx_word' id='word_1_807' title='bbox 827 5677 900 5727; x_wconf 78' lang='lat' dir='ltr'><strong>vr,</strong></span> <span class='ocrx_word' id='word_1_808' title='bbox 929 5662 984 5716; x_wconf 80' lang='grc'><strong>5.</strong></span> <span class='ocrx_word' id='word_1_809' title='bbox 1059 5665 1102 5695; x_wconf 77' lang='grc'><strong>³⁸</strong></span> <span class='ocrx_word' id='word_1_810' title='bbox 1133 5663 1273 5720; x_wconf 89' lang='lat' dir='ltr'><strong>Psal.</strong></span> <span class='ocrx_word' id='word_1_811' title='bbox 1314 5680 1389 5727; x_wconf 88' lang='lat' dir='ltr'><strong>vt,</strong></span> <span class='ocrx_word' id='word_1_812' title='bbox 1425 5663 1480 5720; x_wconf 69' lang='grc' dir='ltr'><strong>Ξ.</strong></span> 
     </span>
    </p>
   </div>
   <div class='ocr_carea' id='block_1_104' title="bbox 509 5751 2077 5827">
    <p class='ocr_par' dir='ltr' id='par_1_104' title="bbox 509 5751 2077 5827">
     <span class='ocr_line' id='line_1_104' title="bbox 509 5751 2077 5827; baseline 0.005 -27"><span class='ocrx_word' id='word_1_813' title='bbox 509 5751 789 5827; x_wconf 79' lang='lat' dir='ltr'><strong>animi_s_ui</strong></span> <span class='ocrx_word' id='word_1_814' title='bbox 824 5752 1169 5827; x_wconf 74' lang='lat' dir='ltr'><strong>levitatemet</strong></span> <span class='ocrx_word' id='word_1_815' title='bbox 1204 5757 1621 5827; x_wconf 81' lang='lat' dir='ltr'><strong>inconstantiam</strong></span> <span class='ocrx_word' id='word_1_816' title='bbox 1653 5757 1917 5824; x_wconf 89' lang='lat' dir='ltr'><strong>prodere;</strong></span> <span class='ocrx_word' id='word_1_817' title='bbox 1945 5755 2077 5809; x_wconf 90' lang='lat' dir='ltr'><strong>nihil</strong></span> 
     </span>
    </p>
   </div>
   <div class='ocr_carea' id='block_1_105' title="bbox 506 5820 2076 5893">
    <p class='ocr_par' dir='ltr' id='par_1_105' title="bbox 506 5820 2076 5893">
     <span class='ocr_line' id='line_1_105' title="bbox 506 5820 2076 5893; baseline 0.006 -23"><span class='ocrx_word' id='word_1_818' title='bbox 506 5820 650 5872; x_wconf 82' lang='lat' dir='ltr'><strong>enim</strong></span> <span class='ocrx_word' id='word_1_819' title='bbox 685 5820 772 5875; x_wconf 89' lang='lat' dir='ltr'><strong>hic</strong></span> <span class='ocrx_word' id='word_1_820' title='bbox 805 5822 935 5877; x_wconf 88' lang='lat' dir='ltr'><strong>dicit</strong></span> <span class='ocrx_word' id='word_1_821' title='bbox 972 5826 1113 5893; x_wconf 89' lang='lat' dir='ltr'><strong>quod</strong></span> <span class='ocrx_word' id='word_1_822' title='bbox 1145 5825 1335 5883; x_wconf 84' lang='lat' dir='ltr'><strong>iisdem</strong></span> <span class='ocrx_word' id='word_1_823' title='bbox 1383 5825 1497 5881; x_wconf 89' lang='lat' dir='ltr'><strong>fere</strong></span> <span class='ocrx_word' id='word_1_824' title='bbox 1541 5820 1718 5881; x_wconf 85' lang='lat' dir='ltr'><strong>verbis</strong></span> <span class='ocrx_word' id='word_1_825' title='bbox 1760 5843 1863 5881; x_wconf 91' lang='lat' dir='ltr'><strong>non</strong></span> <span class='ocrx_word' id='word_1_826' title='bbox 1901 5835 2076 5881; x_wconf 76' lang='lat' dir='ltr'><strong>exstet</strong></span> 
     </span>
    </p>
   </div>
   <div class='ocr_carea' id='block_1_106' title="bbox 2182 4741 3698 4822">
    <p class='ocr_par' dir='ltr' id='par_1_106' title="bbox 2182 4741 3698 4822">
     <span class='ocr_line' id='line_1_106' title="bbox 2182 4741 3698 4822; baseline -0.003 -19"><span class='ocrx_word' id='word_1_827' title='bbox 2182 4751 2326 4804; x_wconf 87' lang='lat' dir='ltr'><strong>enim</strong></span> <span class='ocrx_word' id='word_1_828' title='bbox 2372 4754 2578 4804; x_wconf 63' lang='lat' dir='ltr'><strong>daemon</strong></span> <span class='ocrx_word' id='word_1_829' title='bbox 2624 4751 2817 4819; x_wconf 89' lang='lat' dir='ltr'><strong>aliquis</strong></span> <span class='ocrx_word' id='word_1_830' title='bbox 2853 4762 2975 4821; x_wconf 89' lang='lat' dir='ltr'><strong>post</strong></span> <span class='ocrx_word' id='word_1_831' title='bbox 3008 4763 3225 4822; x_wconf 90' lang='lat' dir='ltr'><strong>paratas</strong></span> <span class='ocrx_word' id='word_1_832' title='bbox 3253 4752 3453 4806; x_wconf 86' lang='lat' dir='ltr'><strong>homini</strong></span> <span class='ocrx_word' id='word_1_833' title='bbox 3489 4750 3566 4819; x_wconf 93' lang='lat' dir='ltr'><strong>pio</strong></span> <span class='ocrx_word' id='word_1_834' title='bbox 3605 4741 3698 4798; x_wconf 75' lang='lat' dir='ltr'><strong>iusi-</strong></span> 
     </span>
    </p>
   </div>
   <div class='ocr_carea' id='block_1_107' title="bbox 2183 4841 3700 4910">
    <p class='ocr_par' dir='ltr' id='par_1_107' title="bbox 2183 4841 3700 4910">
     <span class='ocr_line' id='line_1_107' title="bbox 2183 4841 3700 4910; baseline -0.005 -16"><span class='ocrx_word' id='word_1_835' title='bbox 2183 4841 2324 4904; x_wconf 87' lang='lat' dir='ltr'><strong>dias,</strong></span> <span class='ocrx_word' id='word_1_836' title='bbox 2355 4842 2526 4896; x_wconf 89' lang='lat' dir='ltr'><strong>victus</strong></span> <span class='ocrx_word' id='word_1_837' title='bbox 2554 4851 2638 4894; x_wconf 80' lang='lat' dir='ltr'><strong>est</strong></span> <span class='ocrx_word' id='word_1_838' title='bbox 2661 4841 2729 4895; x_wconf 86' lang='lat' dir='ltr'><strong>ab</strong></span> <span class='ocrx_word' id='word_1_839' title='bbox 2762 4857 2848 4906; x_wconf 88' lang='lat' dir='ltr'><strong>eo,</strong></span> <span class='ocrx_word' id='word_1_840' title='bbox 2881 4859 3054 4910; x_wconf 84' lang='lat' dir='ltr'><strong>pugna</strong></span> <span class='ocrx_word' id='word_1_841' title='bbox 3089 4845 3433 4897; x_wconf 82' lang='lat' dir='ltr'><strong>excedentem</strong></span> <span class='ocrx_word' id='word_1_842' title='bbox 3458 4848 3621 4893; x_wconf 58' lang='lat' dir='ltr'><strong>castus</strong></span> <span class='ocrx_word' id='word_1_843' title='bbox 3639 4847 3700 4882; x_wconf 81' lang='lat' dir='ltr'><strong>ar-</strong></span> 
     </span>
    </p>
   </div>
   <div class='ocr_carea' id='block_1_108' title="bbox 2185 4921 3702 5002">
    <p class='ocr_par' dir='ltr' id='par_1_108' title="bbox 2185 4921 3702 5002">
     <span class='ocr_line' id='line_1_108' title="bbox 2185 4921 3702 5002; baseline -0.008 -19"><span class='ocrx_word' id='word_1_844' title='bbox 2185 4941 2398 5000; x_wconf 88' lang='lat' dir='ltr'><strong>temque</strong></span> <span class='ocrx_word' id='word_1_845' title='bbox 2431 4945 2713 4998; x_wconf 89' lang='lat' dir='ltr'><strong>reponere,</strong></span> <span class='ocrx_word' id='word_1_846' title='bbox 2735 4941 2789 4985; x_wconf 89' lang='lat' dir='ltr'><strong>et</strong></span> <span class='ocrx_word' id='word_1_847' title='bbox 2807 4935 2946 5002; x_wconf 86' lang='lat' dir='ltr'><strong>apud</strong></span> <span class='ocrx_word' id='word_1_848' title='bbox 2975 4933 3197 4998; x_wconf 85' lang='lat' dir='ltr'><strong>inferos,</strong></span> <span class='ocrx_word' id='word_1_849' title='bbox 3225 4933 3306 4986; x_wconf 90' lang='lat' dir='ltr'><strong>vel</strong></span> <span class='ocrx_word' id='word_1_850' title='bbox 3335 4933 3627 4986; x_wconf 84' lang='lat' dir='ltr'><strong>destinatum</strong></span> <span class='ocrx_word' id='word_1_851' title='bbox 3651 4921 3702 4973; x_wconf 84' lang='lat' dir='ltr'><strong>si-</strong></span> 
     </span>
    </p>
   </div>
   <div class='ocr_carea' id='block_1_109' title="bbox 2181 5010 3701 5094">
    <p class='ocr_par' dir='ltr' id='par_1_109' title="bbox 2181 5010 3701 5094">
     <span class='ocr_line' id='line_1_109' title="bbox 2181 5010 3701 5094; baseline 0.003 -19"><span class='ocrx_word' id='word_1_852' title='bbox 2181 5021 2232 5076; x_wconf 88' lang='lat' dir='ltr'><strong>bi</strong></span> <span class='ocrx_word' id='word_1_853' title='bbox 2257 5022 2432 5076; x_wconf 89' lang='lat' dir='ltr'><strong>locum</strong></span> <span class='ocrx_word' id='word_1_854' title='bbox 2465 5022 2749 5078; x_wconf 84' lang='lat' dir='ltr'><strong>abeuntem</strong></span> <span class='ocrx_word' id='word_1_855' title='bbox 2777 5038 2880 5077; x_wconf 92' lang='lat' dir='ltr'><strong>nou</strong></span> <span class='ocrx_word' id='word_1_856' title='bbox 2911 5025 3140 5094; x_wconf 85' lang='lat' dir='ltr'><strong>amplius</strong></span> <span class='ocrx_word' id='word_1_857' title='bbox 3166 5023 3470 5078; x_wconf 88' lang='lat' dir='ltr'><strong>hominibus</strong></span> <span class='ocrx_word' id='word_1_858' title='bbox 3490 5019 3546 5070; x_wconf 85' lang='lat' dir='ltr'><strong>ad</strong></span> <span class='ocrx_word' id='word_1_859' title='bbox 3567 5010 3701 5079; x_wconf 56' lang='grc' dir='ltr'>ηεφιι</span> 
     </span>
    </p>
   </div>
   <div class='ocr_carea' id='block_1_110' title="bbox 2183 5101 3698 5180">
    <p class='ocr_par' dir='ltr' id='par_1_110' title="bbox 2183 5101 3698 5180">
     <span class='ocr_line' id='line_1_110' title="bbox 2183 5101 3698 5180; baseline -0.011 -16"><span class='ocrx_word' id='word_1_860' title='bbox 2183 5112 2311 5164; x_wconf 88' lang='lat' dir='ltr'><strong>tiam</strong></span> <span class='ocrx_word' id='word_1_861' title='bbox 2339 5111 2691 5166; x_wconf 88' lang='lat' dir='ltr'><strong>sollicitandis</strong></span> <span class='ocrx_word' id='word_1_862' title='bbox 2728 5128 2944 5180; x_wconf 87' lang='lat' dir='ltr'><strong>operam</strong></span> <span class='ocrx_word' id='word_1_863' title='bbox 2988 5129 3140 5168; x_wconf 85' lang='lat' dir='ltr'><strong>suam</strong></span> <span class='ocrx_word' id='word_1_864' title='bbox 3176 5114 3421 5167; x_wconf 89' lang='lat' dir='ltr'><strong>conferre</strong></span> <span class='ocrx_word' id='word_1_865' title='bbox 3448 5129 3460 5164; x_wconf 75' lang='grc' dir='ltr'>ε</span> <span class='ocrx_word' id='word_1_866' title='bbox 3491 5109 3595 5162; x_wconf 86' lang='lat' dir='ltr'><strong>hinc</strong></span> <span class='ocrx_word' id='word_1_867' title='bbox 3625 5101 3698 5153; x_wconf 89' lang='lat' dir='ltr'><strong>im-</strong></span> 
     </span>
    </p>
   </div>
   <div class='ocr_carea' id='block_1_111' title="bbox 2185 5199 3700 5257">
    <p class='ocr_par' dir='ltr' id='par_1_111' title="bbox 2185 5199 3700 5257">
     <span class='ocr_line' id='line_1_111' title="bbox 2185 5199 3700 5257; baseline -0.005 -2"><span class='ocrx_word' id='word_1_868' title='bbox 2185 5202 2393 5256; x_wconf 87' lang='lat' dir='ltr'><strong>minuto</strong></span> <span class='ocrx_word' id='word_1_869' title='bbox 2409 5201 2716 5256; x_wconf 58' lang='lat' dir='ltr'><strong>daemonum</strong></span> <span class='ocrx_word' id='word_1_870' title='bbox 2737 5213 3064 5257; x_wconf 87' lang='lat' dir='ltr'><strong>tentatorum</strong></span> <span class='ocrx_word' id='word_1_871' title='bbox 3097 5218 3323 5257; x_wconf 87' lang='lat' dir='ltr'><strong>umuero</strong></span> <span class='ocrx_word' id='word_1_872' title='bbox 3352 5200 3595 5255; x_wconf 83' lang='lat' dir='ltr'><strong>faciliores</strong></span> <span class='ocrx_word' id='word_1_873' title='bbox 3615 5199 3700 5244; x_wconf 67' lang='grc' dir='ltr'>εδει)</span> 
     </span>
    </p>
   </div>
   <div class='ocr_carea' id='block_1_112' title="bbox 2185 5293 3700 5364">
    <p class='ocr_par' dir='ltr' id='par_1_112' title="bbox 2185 5293 3700 5364">
     <span class='ocr_line' id='line_1_112' title="bbox 2185 5293 3700 5364; baseline -0.007 -18"><span class='ocrx_word' id='word_1_874' title='bbox 2185 5293 2253 5346; x_wconf 89' lang='lat' dir='ltr'><strong>ad</strong></span> <span class='ocrx_word' id='word_1_875' title='bbox 2301 5293 2500 5348; x_wconf 77' lang='lat' dir='ltr'><strong>Christi</strong></span> <span class='ocrx_word' id='word_1_876' title='bbox 2556 5294 2712 5348; x_wconf 84' lang='lat' dir='ltr'><strong>iidem</strong></span> <span class='ocrx_word' id='word_1_877' title='bbox 2763 5295 2962 5358; x_wconf 85' lang='lat' dir='ltr'><strong>aditus,</strong></span> <span class='ocrx_word' id='word_1_878' title='bbox 3021 5295 3308 5364; x_wconf 86' lang='lat' dir='ltr'><strong>pluresque</strong></span> <span class='ocrx_word' id='word_1_879' title='bbox 3344 5293 3407 5347; x_wconf 91' lang='lat' dir='ltr'><strong>ad</strong></span> <span class='ocrx_word' id='word_1_880' title='bbox 3443 5293 3583 5346; x_wconf 78' lang='lat' dir='ltr'><strong>Deum</strong></span> <span class='ocrx_word' id='word_1_881' title='bbox 3607 5297 3700 5336; x_wconf 81' lang='lat' dir='ltr'><strong>con-</strong></span> 
     </span>
    </p>
   </div>
   <div class='ocr_carea' id='block_1_113' title="bbox 2186 5379 3699 5454">
    <p class='ocr_par' dir='ltr' id='par_1_113' title="bbox 2186 5379 3699 5454">
     <span class='ocr_line' id='line_1_113' title="bbox 2186 5379 3699 5454; baseline -0.007 -16"><span class='ocrx_word' id='word_1_882' title='bbox 2186 5386 2342 5453; x_wconf 87' lang='lat' dir='ltr'><strong>verti,</strong></span> <span class='ocrx_word' id='word_1_883' title='bbox 2403 5400 2562 5454; x_wconf 90' lang='lat' dir='ltr'><strong>quam</strong></span> <span class='ocrx_word' id='word_1_884' title='bbox 2611 5402 2733 5440; x_wconf 88' lang='lat' dir='ltr'><strong>cum</strong></span> <span class='ocrx_word' id='word_1_885' title='bbox 2789 5387 3011 5454; x_wconf 80' lang='lat' dir='ltr'><strong>integris</strong></span> <span class='ocrx_word' id='word_1_886' title='bbox 3055 5387 3224 5454; x_wconf 85' lang='lat' dir='ltr'><strong>c0piis</strong></span> <span class='ocrx_word' id='word_1_887' title='bbox 3255 5384 3444 5440; x_wconf 88' lang='lat' dir='ltr'><strong>nefarii</strong></span> <span class='ocrx_word' id='word_1_888' title='bbox 3472 5381 3536 5434; x_wconf 91' lang='lat' dir='ltr'><strong>illi</strong></span> <span class='ocrx_word' id='word_1_889' title='bbox 3567 5379 3699 5431; x_wconf 79' lang='lat' dir='ltr'><strong>hostes</strong></span> 
     </span>
    </p>
   </div>
   <div class='ocr_carea' id='block_1_114' title="bbox 2185 5465 3698 5548">
    <p class='ocr_par' dir='ltr' id='par_1_114' title="bbox 2185 5465 3698 5548">
     <span class='ocr_line' id='line_1_114' title="bbox 2185 5465 3698 5548; baseline -0.009 -18"><span class='ocrx_word' id='word_1_890' title='bbox 2185 5478 2568 5543; x_wconf 87' lang='lat' dir='ltr'><strong>decertabant;</strong></span> <span class='ocrx_word' id='word_1_891' title='bbox 2606 5481 2655 5533; x_wconf 91' lang='lat' dir='ltr'><strong>id</strong></span> <span class='ocrx_word' id='word_1_892' title='bbox 2682 5479 2824 5548; x_wconf 90' lang='lat' dir='ltr'><strong>quod</strong></span> <span class='ocrx_word' id='word_1_893' title='bbox 2859 5479 3260 5548; x_wconf 88' lang='lat' dir='ltr'><strong>Scripturarum</strong></span> <span class='ocrx_word' id='word_1_894' title='bbox 3295 5478 3497 5532; x_wconf 83' lang='lat' dir='ltr'><strong>demum</strong></span> <span class='ocrx_word' id='word_1_895' title='bbox 3521 5465 3698 5524; x_wconf 75' lang='lat' dir='ltr'><strong>auctori-</strong></span> 
     </span>
    </p>
   </div>
   <div class='ocr_carea' id='block_1_115' title="bbox 2186 5555 3699 5640">
    <p class='ocr_par' dir='ltr' id='par_1_115' title="bbox 2186 5555 3699 5640">
     <span class='ocr_line' id='line_1_115' title="bbox 2186 5555 3699 5640; baseline -0.01 -18"><span class='ocrx_word' id='word_1_896' title='bbox 2186 5577 2298 5623; x_wconf 89' lang='lat' dir='ltr'><strong>tate</strong></span> <span class='ocrx_word' id='word_1_897' title='bbox 2329 5581 2556 5624; x_wconf 87' lang='lat' dir='ltr'><strong>conatur</strong></span> <span class='ocrx_word' id='word_1_898' title='bbox 2585 5572 2837 5640; x_wconf 87' lang='lat' dir='ltr'><strong>probare.</strong></span> <span class='ocrx_word' id='word_1_899' title='bbox 2892 5571 3026 5625; x_wconf 79' lang='lat' dir='ltr'><strong>Cum</strong></span> <span class='ocrx_word' id='word_1_900' title='bbox 3067 5571 3143 5626; x_wconf 90' lang='lat' dir='ltr'><strong>ait</strong></span> <span class='ocrx_word' id='word_1_901' title='bbox 3187 5583 3368 5626; x_wconf 87' lang='lat' dir='ltr'><strong>autem</strong></span> <span class='ocrx_word' id='word_1_902' title='bbox 3414 5555 3699 5622; x_wconf 78' lang='lat' dir='ltr'><strong>Adamantius</strong></span> 
     </span>
    </p>
   </div>
   <div class='ocr_carea' id='block_1_116' title="bbox 2189 5732 3697 5826">
    <p class='ocr_par' dir='ltr' id='par_1_116' title="bbox 2189 5732 3697 5826">
     <span class='ocr_line' id='line_1_116' title="bbox 2189 5732 3697 5826; baseline -0.01 -18"><span class='ocrx_word' id='word_1_903' title='bbox 2189 5754 2410 5809; x_wconf 88' lang='lat' dir='ltr'><strong>homilia</strong></span> <span class='ocrx_word' id='word_1_904' title='bbox 2435 5755 2506 5809; x_wconf 68' lang='lat'><strong>24</strong></span> <span class='ocrx_word' id='word_1_905' title='bbox 2529 5755 2585 5808; x_wconf 87' lang='lat' dir='ltr'><strong>in</strong></span> <span class='ocrx_word' id='word_1_906' title='bbox 2619 5753 2668 5806; x_wconf 82' lang='grc' dir='ltr'><em>Ν</em></span> <span class='ocrx_word' id='word_1_907' title='bbox 2678 5772 2902 5816; x_wconf 80' lang='lat' dir='ltr'><strong>umeros,</strong></span> <span class='ocrx_word' id='word_1_908' title='bbox 2932 5755 3090 5826; x_wconf 89' lang='lat' dir='ltr'><strong>cujus</strong></span> <span class='ocrx_word' id='word_1_909' title='bbox 3116 5757 3294 5812; x_wconf 89' lang='lat' dir='ltr'><strong>locum</strong></span> <span class='ocrx_word' id='word_1_910' title='bbox 3325 5751 3474 5826; x_wconf 90' lang='lat' dir='ltr'><strong>paulo</strong></span> <span class='ocrx_word' id='word_1_911' title='bbox 3498 5742 3612 5802; x_wconf 80' lang='lat' dir='ltr'><strong>infra</strong></span> <span class='ocrx_word' id='word_1_912' title='bbox 3635 5732 3697 5788; x_wconf 67' lang='grc' dir='ltr'><strong>εδ·</strong></span> 
     </span>
    </p>
   </div>
   <div class='ocr_carea' id='block_1_117' title="bbox 2186 5826 2962 5896">
    <p class='ocr_par' dir='ltr' id='par_1_117' title="bbox 2186 5826 2962 5896">
     <span class='ocr_line' id='line_1_117' title="bbox 2186 5826 2962 5896; baseline 0.003 -18"><span class='ocrx_word' id='word_1_913' title='bbox 2186 5827 2334 5880; x_wconf 81' lang='lat' dir='ltr'><strong>ducit</strong></span> <span class='ocrx_word' id='word_1_914' title='bbox 2372 5826 2713 5882; x_wconf 77' lang='lat' dir='ltr'><strong>clariSsimus</strong></span> <span class='ocrx_word' id='word_1_915' title='bbox 2743 5827 2962 5896; x_wconf 64' lang='lat' dir='ltr'><strong>praesul.</strong></span> 
     </span>
    </p>
   </div>
  </div>
