3898 6530
120 513 230 568 873

975 509 1545 565 ORIGENIANORUM
1586 509 1716 563 LIB.
1760 509 1824 574 ll,
1862 509 2013 563 CAP.
2057 509 2122 574 ll,
2160 509 2438 576 QUJEST.
2484 509 2548 562 ν.

3282 511 3342 563 8ἲ
3358 511 3386 564 »ι

119 628 317 683 bomll.
357 627 428 682 55
473 629 526 682 in
579 627 726 688 Lua,
760 647 778 678 ι
827 626 1008 697 Neque
1064 629 1209 684 enim
1244 643 1432 683 omnes
1460 631 1701 682 omnium
1733 635 1778 687 Α
1880 625 2070 686 XXIV.
2113 628 2356 682 Diximus
2393 641 2554 692 supra
2581 627 2861 695 Opinatum
2910 624 3074 680 fuisse
3095 623 3383 695 Origenem

118 727 254 772 sunt
282 717 596 781 adversarii,
655 717 748 771 sed
805 717 998 787 singuli
1053 718 1292 787 singulos
1347 719 1566 784 habent,
1614 719 1707 788 qui

116 811 328 880 ubique
356 825 450 864 eos
491 821 808 879 sequantur,
838 821 892 866 et
927 813 1033 866 sint
1063 813 1302 873 comites,
1343 831 1363 865 ι
1399 814 1449 866 id
1482 815 1550 866 ita
1577 827 1708 869 con-

117 900 299 956 ciliari
351 911 528 971 potest
585 919 706 956 cum
759 904 1129 972 superioribus
1195 922 1210 958 :
1261 918 1394 976 quos
1439 905 1579 960 vinci
1641 908 1708 962 ab

119 993 458 1058 hominibus,
517 1001 572 1050 et
603 995 772 1049 victos
817 994 952 1049 dixit
1011 995 1280 1050 tentandis
1323 996 1390 1051 iis
1422 997 1702 1061 absistere,

116 1098 218 1138 eos
243 1082 568 1154 signiﬁcavit
597 1085 685 1152 qui
708 1099 802 1152 per
841 1083 1116 1138 intervalla
1165 1084 1365 1139 faciunt
1390 1083 1704 1154 impressiou

119 1190 224 1231 nes
290 1185 347 1230 et
405 1175 600 1230 bellum
668 1176 928 1230 adversus
989 1176 1234 1232 homines
1299 1186 1550 1243 movent;
1613 1177 1704 1246 qui

116 1273 307 1318 antem
339 1265 578 1334 perpetui
620 1265 846 1319 comites
897 1265 1204 1320 hominibus
1232 1267 1486 1336 assignati
1520 1268 1706 1321 adhze-

118 1365 269 1420 rent,
301 1356 366 1410 ils
389 1370 519 1410 vero
543 1356 630 1423 jus
653 1368 807 1411 suum
849 1358 1112 1428 integrum
1149 1359 1312 1412 etiam
1353 1360 1620 1426 superatis
1653 1370 1708 1414 et

118 1448 408 1501 hominum
460 1447 659 1517 pietate
704 1446 997 1502 confutatis
1038 1463 1335 1506 remanere.
1389 1448 1707 1505 Planissime

119 1551 256 1591 vero
286 1553 478 1592 sensus
507 1553 669 1604 super
690 1539 792 1594 hoc
825 1552 1143 1611 argumento
1172 1556 1298 1596 suos
1327 1549 1548 1596 enarrat
1578 1543 1706 1597 lib.t

116 1629 264 1697 Περὶ
319 1629 542 1700 ἀρχῶν,
571 1645 692 1699 cap.
725 1630 780 1699 6,
811 1647 959 1686 num.
993 1633 1051 1697 5,
1086 1647 1246 1702 quem
1281 1633 1456 1687 locum
1480 1632 1590 1700 jam
1624 1649 1708 1688 su-

118 1737 219 1791 pra
256 1723 608 1790 produximus
643 1740 657 1776 :
696 1741 715 1773 ι
750 1721 966 1776 Interim
1001 1735 1108 1777 tam
1149 1725 1201 1778 in
1243 1725 1327 1779 his
1371 1739 1492 1795 qum
1520 1726 1708 1780 viden-

120 1825 235 1875 tur,
264 1824 321 1867 et
355 1814 739 1881 temporalibus
763 1814 995 1878 saeculis,
1024 1830 1186 1884 quam
1225 1817 1277 1871 in
1309 1815 1414 1870 illis
1443 1831 1562 1884 qua:
1600 1829 1703 1870 non

117 1905 401 1968 videntur,
428 1915 482 1960 et
507 1916 703 1960 :eterna
728 1916 879 1971 sunt,
901 1921 1087 1961 omnes
1115 1908 1200 1962 isti
1235 1923 1331 1976 pro
1364 1909 1574 1973 ordine,
1608 1924 1704 1976 pro

1813 734 1993 772 rerum
2027 721 2266 772 omnium
2299 719 2510 773 ratione
2543 717 2861 788 pollcntium
2898 733 3059 769 uuam
3089 733 3212 772 csse
3241 733 3392 771 eam-

1809 810 2038 877 demque
2060 817 2332 872 naturam,
2364 825 2565 879 easque
2588 825 2685 879 pro
2709 810 3022 863 meritorum
3055 809 3388 876 inaequalita-

1809 907 1863 955 te
1895 901 1975 955 vel
2006 901 2162 955 evehi
2214 903 2280 955 ad
2309 901 2623 970 angelorum
2663 900 2905 964 ordines,
2947 899 3027 953 vel
3056 900 3106 954 in
3149 901 3381 956 humana

1809 1007 2032 1060 corpora
2057 992 2305 1062 deprimi,
2340 995 2424 1048 vel
2447 994 2717 1047 damones
2745 993 2909 1046 etiam
2943 994 3195 1047 evadere.
3227 994 3385 1047 Aliud

1809 1082 1941 1151 quid
1974 1083 2300 1152 excogitavit
2341 1092 2600 1153 praeterea
2645 1091 2830 1136 nostra
2871 1085 3387 1138 commemoratione

1808 1183 1863 1228 et
1897 1173 2274 1243 disquisitione
2305 1175 2544 1244 dignum,
2569 1173 2848 1228 hominum
2879 1191 3070 1244 nempe
3095 1176 3424 1230 sanctitate'

1808 1266 2220 1334 conspicnorum
2245 1264 2455 1319 animas
2495 1266 2640 1334 ipsos
2688 1280 2808 1321 esse
2841 1267 3084 1337 angelos,
3121 1282 3227 1322 non
3258 1283 3382 1336 pro-

1808 1367 1928 1427 pter
1959 1367 2177 1427 peccata
2203 1357 2256 1411 in
2284 1359 2558 1412 hominum
2592 1359 2832 1413 ordinem
2857 1360 3124 1424 redactos,
3148 1359 3240 1413 sed
3268 1361 3388 1414 aliis

1809 1449 1874 1502 de
1896 1449 2073 1502 causis
2101 1447 2530 1502 extraordinaria
2567 1447 2692 1502 illuc
2715 1447 2986 1517 legatione
3023 1464 3052 1502 a
3094 1449 3206 1504 Deo
3252 1449 3387 1502 mis-

1806 1551 1916 1592 sos.
1952 1537 2206 1592 Prostant
2233 1537 2703 1606 doctrinaehujus
2753 1547 3094 1592 monumenta
3139 1549 3268 1592 tom.
3311 1523 3396 1593 xu

1807 1630 1861 1683 in
1889 1628 2107 1692 Matth”
2134 1646 2282 1684 num.
2307 1631 2397 1693 50,
2427 1631 2517 1685 ιιὺί
2565 1632 2660 1700 ait,
2697 1634 3152 1702 quemadmodum
3193 1633 3387 1686 huma-

1808 1737 1890 1774 na:
1912 1720 2114 1775 Christi
2142 1731 2346 1776 natura:
2381 1721 2618 1776 Verbum
2652 1723 2998 1790 coniunctum
3027 1732 3129 1788 est,
3158 1723 3231 1777 ita
3262 1703 3401 1793 pro;

1809 1813 2053 1882 portione
2085 1814 2318 1884 quadam
2351 1815 2594 1881 angelos,
2632 1825 2886 1884 tanquam
2916 1813 3090 1870 Verba
3121 1831 3242 1870 sese
3263 1832 3388 1884 pro-

1806 1906 1984 1976 phetis
2009 1907 2320 1974 adjunxisse
2354 1922 2366 1957 :
2401 1907 2512 1960 Kal.
2552 1908 2808 1979 πρόσχες,
2856 1907 3052 1976 inquit,
3087 1911 3135 1961 εί
3160 1909 3388 1963 δύνασαι

119 1999 358 2060 ratione,
395 2015 493 2067 pro
531 1999 711 2061 modo,
758 2010 813 2053 et
845 1997 1155 2054 meritorum
1197 2000 1546 2070 dignitatibus
1594 2000 1702 2055 disp

1810 2001 1862 2051 ὲν
1887 1998 2096 2063 τούτοις
2131 1999 2258 2063 τοὺς
2283 1999 2544 2070 πρότερον
2578 1999 2849 2062 παθόντας
2883 2000 3165 2070 προφήτας
3196 2001 3389 2052 ἀναλο-

117 2100 441 2160 pensantur,
477 2099 536 2144 ut
572 2092 662 2147 alii
702 2093 754 2147 in
794 2094 1006 2164 primis,
1047 2092 1135 2146 alii
1166 2093 1219 2146 in
1258 2091 1529 2157 secundis,
1569 2105 1705 2144 nen-

119 2182 257 2236 nulli
282 2183 444 2237 etiam
477 2184 526 2236 iu
559 2183 758 2240 ultimis
794 2186 1146 2254 temporibus,
1179 2192 1234 2238 et
1262 2198 1356 2252 per
1393 2182 1592 2252 majora
1642 2198 1704 2239 ac

117 2276 373 2344 graviora
426 2275 708 2345 supplicia,
753 2291 958 2330 necnon
1001 2285 1053 2330 et
1091 2277 1366 2337 diuturna,
1402 2289 1468 2328 ac
1499 2273 1701 2336 multis,

117 2373 181 2417 ut
213 2365 287 2418 ita
315 2363 512 2427 dicam,
539 2365 750 2419 saeculis
779 2365 1031 2428 tolerata,
1059 2363 1424 2434 asperioribus
1452 2364 1706 2417 emenda-

119 2454 366 2510 tionibus
418 2455 651 2524 repsrati
703 2466 759 2512 et
806 2457 1037 2512 restituti
1087 2455 1502 2518 eruditionibus,
1531 2455 1706 2522 primo

117 2545 410 2615 angelicis,
463 2555 574 2601 tum
635 2546 830 2603 deinde
870 2547 1032 2602 etiam
1071 2547 1412 2615 superiorum
1442 2547 1703 2612 graduum

117 2641 443 2706 virtutibus.
473 2651 528 2696 et
555 2642 636 2696 sic
678 2655 774 2707 per
799 2640 1005 2710 singula
1040 2641 1105 2694 ad
1133 2640 1410 2709 superiora
1442 2640 1703 2708 provecti,

116 2748 298 2802 usque
351 2735 419 2788 ad
473 2747 536 2787 ea
589 2747 706 2801 qua:
743 2743 871 2786 sant
908 2731 1194 2787 invisibilia
1235 2743 1289 2786 et
1335 2740 1534 2786 aiterna
1585 2746 1706 2799 per-

118 2824 380 2888 veniant,
440 2821 664 2891 singulis
724 2821 975 2878 videlicet
1036 2824 1340 2894 quibusque
1403 2824 1703 2878 caelestium

117 2917 388 2970 virtutum
439 2914 626 2971 olliclis
663 2918 895 2993 quadam
941 2917 1307 2972 eruditionum
1357 2917 1536 2986 specie
1584 2932 1705 2986 per-

116 3007 354 3078 agratis.
389 3025 408 3056 ι

193 3098 388 3154 XXIII.
425 3099 604 3156 Vanus
633 3114 763 3154 sane
790 3109 934 3156 esset
979 3115 1044 3157 ac
1069 3114 1499 3170 supervacaneus
1531 3099 1702 3165 labor,

116 3190 345 3246 Patrum
373 3193 614 3248 omnium
641 3193 858 3247 nomina
903 3202 956 3247 et
986 3192 1146 3246 verba
1188 3191 1506 3260 producere.
1548 3201 1705 3258 quot-

113 3294 255 3352 quot
289 3294 412 3354 post
447 3284 740 3338 admissum
770 3284 948 3340 scelus
980 3300 1082 3338 non
1111 3282 1296 3338 statim
1324 3283 1376 3336 in
1412 3282 1700 3336 Tartarum

115 3378 375 3431 detrusos
421 3375 642 3444 angelos
685 3391 929 3443 sensere,
963 3376 1055 3431 sed
1079 3377 1260 3432 damni
1297 3375 1422 3430 licet
1447 3389 1622 3444 paena,
1644 3383 1703 3427 ut

118 3477 345 3527 vocant.
379 3465 624 3531 allectos,
659 3482 823 3535 pana:
875 3478 1052 3520 tamen
1099 3481 1281 3521 sensus
1325 3480 1390 3519 ac
1408 3463 1730 3533 supplicio-x

1806 2094 1930 2160 γίαν
1971 2093 2200 2161 φάσκειν
2254 2092 2545 2162 ἐσχηκέναι
2592 2089 2726 2161 πρὸς
2755 2089 2845 2144 τὸν
2881 2089 2955 2161 μὴ
2999 2090 3189 2160 ἔχοντα
3226 2083 3387 2153 εἶδος,

1810 2182 1943 2252 μηδὲ
1964 2181 2157 2245 κάλλος
2178 2181 2346 2249 Λόγον
2366 2195 2380 2212 ⁸
2412 2179 2600 2250 ὥσπερ
2627 2182 2683 2234 δὲ
2712 2181 2932 2250 ἔρχεται
2957 2180 2986 2232 ὁ
3020 2177 3147 2241 Υἱὸς
3181 2180 3273 2234 τοῦ
3298 2180 3388 2231 ἀν-

1807 2271 2025 2346 θρώπου
2060 2275 2116 2327 ὲν
2148 2276 2215 2346 τῇ
2249 2273 2377 2348 δόξῃ
2413 2274 2506 2327 τοῦ
2541 2273 2752 2346 Πατρός
2784 2272 2968 2337 αὑτοῦ,
3019 2273 3192 2338 οὕτως
3224 2277 3390 2341 ἅγγε-

1806 2366 1886 2420 λοι
1912 2367 2185 2436 γινόμενοι
2218 2366 2267 2419 οἱ
2298 2368 2356 2418 ὲν
2385 2368 2692 2438 προφήταις
2728 2367 2898 2436 λόγοι,
2937 2369 3054 2440 μετ’
3084 2368 3248 2422 αὑτοῦ
3283 2386 3388 2421 πα-

1811 2458 2138 2530 ραγίνονται,
2166 2458 2264 2530 τὴν
2295 2458 2584 2529 ἀναλογίαν
2627 2460 2888 2526 σώζοντες
2935 2464 3033 2534 τῆς
3071 2463 3277 2517 ἑαυτῶν
3303 2463 3390 2516 δό-

1807 2552 1924 2622 ξης.
1978 2551 2148 2606 Turno
2191 2568 2403 2621 quoque
2461 2555 2700 2607 secundo
2751 2556 2805 2606 in
2853 2554 3041 2617 Joan.,
3091 2571 3242 2608 num.
3290 2554 3384 2618 26,

1806 2641 2069 2696 Joannem
2115 2645 2192 2697 ait
2249 2659 2355 2697 non
2406 2644 2569 2698 aliam
2627 2645 2881 2698 habuisse
2943 2660 3161 2699 causam
3202 2661 3300 2699 cur
3331 2645 3385 2698 in

1810 2737 2066 2788 mundum
2103 2735 2339 2798 veniret,
2389 2749 2552 2803 quam
2611 2744 2669 2788 ut
2715 2735 2781 2789 de
2819 2732 2938 2790 luce
2977 2742 3303 2798 testaretur;
3332 2745 3388 2788 et

1807 2827 1956 2880 addit
1989 2826 2146 2896 paulo
2180 2836 2319 2894 post,
2354 2843 2500 2880 nutu.
2530 2819 2622 2892 23,
2653 2826 2870 2896 angelos
2907 2826 3107 2882 Christi
3150 2829 3378 2880 imitato-

1812 2933 1896 2970 res
1930 2919 2222 2970 humauutu
2254 2916 2491 2972 induisse
2519 2931 2739 2986 corpus.
2771 2931 2877 2985 quo
2899 2916 3098 2972 Christi
3129 2917 3180 2972 in
3211 2918 3389 2972 homi-

1809 3022 1904 3060 nes
1931 3022 2170 3062 amorem
2205 3007 2546 3070 mmnlantes,
2605 3009 2986 3076 promovenda:
3031 3010 3266 3078 ipsorum
3301 3026 3389 3062 sa-

1807 3099 1899 3150 luti
1935 3099 2258 3152 iuservirent
2282 3115 2296 3150 :
2321 3099 2431 3152 Kal.
2456 3099 2574 3152 ἐπεὶ
2601 3097 2933 3162 ἁπαξαπλῶς
2959 3100 3016 3151 ὲν
3039 3099 3115 3169 τῷ
3141 3117 3206 3152 πε
3216 3101 3269 3170 pl.
3292 3100 3386 3152 τοῦ

1818 3187 2063 3243 Ἰωάννου
2092 3187 2255 3258 ἐσμὲν
2280 3187 2422 3259 λόγῳ
2444 3186 2729 3258 ζητοῦντες
2756 3186 2919 3240 αὑτοῦ
2943 3186 3042 3259 τὴν
3060 3189 3385 3261 ἀποστολὴν,

1803 3279 1901 3333 οὐκ
1935 3279 2179 3351 ἀκαίρως
2210 3277 2462 3332 ὑπόνοιαν
2487 3280 2781 3350 ἡμετέραν,
2812 3280 2878 3350 ἢν
2903 3281 3029 3350 περὶ
3066 3279 3234 3334 αὑτοῦ
3273 3280 3415 3356 ἔχοτ

1808 3390 1926 3443 μεν,
1964 3371 2376 3444 προσθήσομενυ
2409 3373 2530 3424 ἐπεὶ
2567 3357 2674 3441 γάρ
2711 3372 3024 3442 ἀνέγνωμεν
3068 3375 3195 3443 περὶ
3220 3372 3386 3425 αὑτοῦ

1804 3461 2172 3536 προφητείαν·
2233 3463 2376 3518 Ἰδοὺ
2434 3464 2548 3544 ἐγὼ
2593 3463 2954 3519 ἀποστέλλω
2996 3467 3100 3518 τμῖν
3129 3467 3390 3536 ἄγγελόν

115 3573 244 3615 rum
288 3573 410 3613 esse
461 3571 729 3627 expertes.
782 3557 1109 3614 Cousulatur
1148 3558 1508 3614 Bellarminus
1545 3556 1639 3611 lib.
1685 3571 1700 3609 ι

1810 3575 1917 3624 μου
1962 3557 2076 3625 πρὸ
2127 3556 2454 3624 προσώπου
2499 3573 2636 3619 σου,
2690 3557 2758 3623 ὃς
2790 3558 3230 3613 κατασκευάσει
3275 3557 3391 3629 τὴν

114 3651 199 3706 De
230 3653 414 3705 beatit.
444 3660 706 3715 sanctam,
747 3665 869 3720 cap.
899 3650 952 3704 6.
989 3649 1222 3704 Gravius
1260 3649 1389 3704 illud
1424 3659 1530 3714 est,
1561 3648 1703 3719 quod

114 3744 345 3798 Patrqu
385 3742 600 3796 illorum
633 3742 939 3812 complures
961 3745 1199 3798 sensisse
1241 3743 1407 3798 refert
1443 3742 1705 3796 Eusebius

117 3833 270 3886 Hist.
313 3831 496 3886 eccles.
553 3833 646 3886 lib.
691 3847 764 3898 tv,
813 3847 933 3902 cap.
985 3832 1070 3898 18,
1111 3846 1179 3888 ne
1233 3833 1451 3888 aeternis
1488 3832 1702 3900 quidem

111 3925 458 3980 cruciatibus
501 3939 624 3980 sese
663 3925 976 3978 damnatum
1013 3922 1572 3987 scivisse-diabolum,
1612 3939 1707 3975 an-

115 4030 343 4088 tequam
377 4019 592 4086 publice
648 4017 775 4072 illud
811 4016 1063 4073 Christus
1106 4031 1173 4072 ac
1207 4015 1380 4085 palam
1417 4017 1707 4084 praedicas-

113 4121 223 4164 set.
249 4112 430 4180 Atque
454 4110 580 4165 hinc
609 4111 660 4164 in
689 4124 849 4165 omne
883 4109 1133 4179 nequitia:
1159 4123 1327 4179 genus
1367 4107 1704 4176 prorupisse,

114 4202 436 4269 passimque
487 4203 719 4258 luereses
774 4201 1159 4258 disseminasse
1221 4208 1404 4254 narrat
1474 4197 1710 4252 Isidorus

116 4290 420 4356 Pclttsiota,
453 4292 544 4346 lib.
577 4309 637 4355 It,
663 4293 821 4362 epist.
855 4293 924 4348 90
957 4309 971 4345 :
1012 4289 1273 4363 Ἀκούσας
1320 4289 1416 4342 καὶ
1453 4289 1553 4358 τῆς
1586 4286 1705 4340 καθ’

114 4382 316 4437 ἑαυτοῦ
359 4383 688 4451 ἀποφάσεως
745 4384 838 4436 τὸν
877 4384 1022 4450 ὅρον,
1070 4381 1430 4452 σφοδρότερον
1476 4380 1708 4432 ἔπνευσε

1804 3648 1948 3702 ὁδόν
1978 3666 2095 3703 σου
2118 3648 2459 3718 ἔμπροσθέν
2481 3649 2923 3720 σουὲφίσταμεν
2952 3653 3161 3723 μήποτε
3185 3648 3264 3716 εἷς
3280 3651 3390 3705 τῶν

1806 3740 1975 3807 ἁγίων
2001 3741 2248 3809 ἀγγέλων
2277 3739 2559 3810 τυγχάνων
2587 3742 2682 3794 ἐπὶ
2703 3741 3011 3813 λειτουργίᾳ
3034 3745 3242 3796 καταπέ
3252 3762 3390 3813 μπε-

1803 3848 1894 3886 ται
1921 3833 2015 3886 τοῦ
2040 3835 2293 3907 Σωτῆρος
2322 3834 2479 3904 ἡμῶν
2506 3833 2809 3906 πρόδρομος
2827 3852 2840 3865 ο
2877 3838 2968 3888 καὶ
2991 3836 3143 3889 οὐδὲν
3177 3836 3390 3906 Θαυμα-

1807 3925 1931 3978 στὸν
1955 3926 2047 3979 τοῦ
2080 3926 2422 3998 πρωτοτόκου
2450 3925 2630 3996 πάσης
2655 3926 2884 3989 κτίσεως
2907 3929 3387 3998 ὲνσωματουμένου

1807 4021 1947 4075 κατὰ
1977 4020 2384 4090 φιλανθρωπίαν
2417 4020 2662 4091 ζηλωτάς
2705 4037 2856 4083 τινας
2886 4019 2980 4072 καὶ
3017 4020 3258 4093 μιμητὰς
3291 4038 3386 4088 γε-

1805 4113 2019 4182 γονέναι
2060 4111 2320 4183 Χριστοῦ,
2370 4111 2760 4180 ἀγαπήσαντας
2803 4110 2864 4162 τὸ
2888 4109 2976 4162 διὰ
3008 4109 3100 4163 τοῦ
3138 4109 3385 4180 σώματος

1808 4203 2150 4274 ὑπηρετῆσαι
2215 4203 2281 4272 τῇ
2327 4202 2406 4264 εἰς
2447 4198 2766 4273 ἀνθρώπους
2815 4200 2979 4253 αὑτοῦ
3032 4201 3382 4272 χρηστότητι.

1811 4293 1936 4348 Haec
1975 4292 2326 4346 deliramenta
2385 4291 2581 4345 deinde
2608 4291 2728 4344 libri
2757 4289 3036 4360 cujusdam
3070 4294 3384 4363 apocryphi,

1809 4387 1896 4440 cui
1923 4383 2108 4439 titulus
2133 4393 2214 4438 est
2241 4382 2483 4437 Precatio
2508 4380 2726 4449 Joseplt,
2755 4384 3054 4451 approbare
3090 4383 3298 4448 nititur,
3332 4395 3388 4438 et

113 4479 239 4536 καθ’
279 4477 463 4549 ἡμῶν,
499 4477 592 4530 καὶ
611 4475 709 4539 τὰς
739 4476 978 4548 αἱρέσεις
1003 4475 1177 4528 ἔτεκε.
1218 4493 1237 4525 ι
1277 4474 1472 4526 Audito
1494 4483 1712 4528 senten-

1810 4483 1978 4534 ex'eo
2008 4478 2173 4532 etiam
2207 4476 2348 4544 quod
2373 4476 2661 4532 exsultavit
2691 4475 2926 4530 Joannes
2968 4477 3019 4529 in
3062 4476 3391 4533 Elizabethaa

115 4573 205 4627 tia:
226 4575 521 4626 adversum
548 4587 606 4625 se
633 4572 754 4625 latae
779 4573 1025 4634 decreto,
1054 4569 1234 4623 acrius
1259 4568 1488 4636 spiravit
1513 4567 1565 4621 in
1591 4581 1708 4629 nos,

1812 4578 1990 4629 utero,
2015 4567 2265 4636 quodque
2286 4564 2452 4619 Jacob
2485 4566 2622 4619 inter
2653 4577 2708 4620 et
2746 4564 2887 4618 Esau
2925 4565 3218 4620 discrimen
3255 4566 3388 4620 illud

114 4675 168 4717 et
207 4661 450 4719 haereses
480 4663 706 4732 pvpcl'it.
738 4681 758 4715 ι
791 4661 1107 4733 Origenizat
1147 4659 1263 4728 ipse
1305 4657 1570 4724 Eusebius
1611 4657 1702 4710 lib.
1741 4672 1782 4742 D‘
1811 4678 1840 4714 a
1873 4659 1980 4714 Deo
2005 4659 2365 4712 constitutum
2395 4666 2496 4735 est,
2523 4655 2759 4709 futurum
2787 4666 2844 4710 ut
2876 4654 3046 4724 major
3066 4658 3267 4712 serviat
3290 4659 3392 4711 tui-

117 4774 189 4812 ιιι
229 4757 310 4810 De
338 4765 625 4824 prwparnt.
658 4753 882 4822 Evang.,
928 4755 981 4806 in
1020 4767 1086 4806 eo
1113 4752 1290 4818 capite
1335 4751 1476 4820 quod
1513 4751 1707 4803 inscri-

115 4861 266 4920 ptum
285 4860 373 4905 est
408 4847 581 4916 ιΠερὶ
602 4844 1026 4916 ἀντικειμένων
1043 4842 1382 4913 δυνάμεων,
1413 4843 1524 4910 ubi,
1552 4851 1704 4912 post-

114 4959 280 5012 quam
324 4943 596 4996 daemones
641 4950 860 5009 propter
919 4937 1253 5007 impietatem
1302 4936 1356 4991 in
1413 4934 1700 4992 Tartarqu

115 5033 490 5104 pmcipitatos
514 5031 691 5098 ,l‘uisse
721 5031 878 5093 dixit,
916 5037 1124 5099 partem
1156 5027 1404 5096 exiguam
1447 5023 1514 5080 ad
1545 5039 1703 5080 exer-

116 5127 352 5180 cendam
385 5124 594 5195 piorum
631 5123 905 5176 hominum
941 5117 1284 5176 sanctitatem
1318 5116 1463 5170 circa
1500 5126 1698 5169 terram

117 5220 317 5274 fecisse
345 5231 573 5273 moram.
597 5230 661 5268 ac
683 5213 1046 5269 idololatriam
1088 5210 1142 5264 in
1171 5205 1442 5262 hominem
1467 5205 1706 5260 invexis-

115 5325 172 5362 se
205 5308 394 5364 tradit.
426 5305 740 5377 Origcnizat
794 5312 850 5358 et
889 5300 1183 5357 Cassianus
1219 5298 1415 5354 Count.
1452 5312 1552 5361 vlt,
1581 5311 1702 5363 cap.

117 5403 207 5466 ΓΙ,
250 5399 346 5454 ubi
377 5398 650 5468 proﬂigari
676 5398 970 5457 daemones,
1004 5402 1061 5449 et
1095 5406 1274 5462 pugna
1299 5389 1564 5444 excedere
1595 5399 1705 5441 sta—

117 5494 241 5556 tuit,
277 5491 711 5561 quotiescunque
769 5488 835 5541 ab
883 5483 1192 5540 hominibus
1246 5482 1375 5535 vitia
1429 5496 1492 5542 ea
1540 5496 1706 5549 expu-

116 5598 376 5654 gnantur,
414 5584 610 5651 quibus
640 5580 740 5651 ipsi
777 5586 1031 5649 praesunt.
1059 5575 1133 5632 Ut
1170 5584 1350 5632 autem
1376 5584 1592 5630 careret
1619 5574 1702 5627 bis

116 5679 343 5733 Patrum
385 5675 644 5730 subsidiis
703 5672 964 5741 Origenes
1005 5678 1212 5732 noster,
1258 5669 1526 5722 haereseos
1577 5673 1700 5717 nota

119 5771 362 5824 nondum
393 5769 614 5823 decreto
648 5766 720 5820 illi
757 5764 1000 5832 apposita
1028 5771 1136 5824 est,
1176 5760 1320 5830 quod
1349 5774 1554 5826 pinnam
1579 5773 1704 5810 sen-

116 5879 206 5916 sus
249 5878 281 5915 a
315 5862 652 5915 daemonibus
701 5865 964 5922 removet,
999 5853 1167 5910 donec
1197 5862 1470 5924 postremo
1498 5849 1704 5920 judicio

120 5959 172 6008 iu
202 5956 461 6025 abyssum
495 5953 822 6021 relegenter.

372 6052 642 6113 ΡΑτιιοι,.
683 6049 803 6107 Gn.
847 6045 1045 6106 XVII.

1815 4753 1956 4807 uori.
2021 4750 2131 4804 Nec
2182 4752 2350 4805 multo
2389 4748 2639 4816 superius
2680 4749 2795 4802 haec
2833 4747 3084 4817 leguntur
3120 4751 3169 4801 in
3201 4750 3388 4804 iisdem

1813 4844 2238 4902 Commentariis.
2270 4857 2418 4895 num.
2459 4841 2520 4894 Π
2548 4859 2562 4894 :
2595 4840 2742 4912 Πλὴν
2767 4842 2795 4892 ὁ
2819 4839 2976 4893 τοῦτο
3000 4842 3236 4911 νομίζων
3275 4843 3393 4912 ὲρεῖ

1809 4937 1890 4988 ὅτι
1913 4933 2100 5006 ὥσπερ
2127 4931 2278 5002 παρὰ
2304 4934 2416 4994 τοῖς
2440 4929 2890 5002 ὁμολογουμένοις
2914 4929 3220 5001 ἀνθρώποις
3252 4932 3390 4983 εἰσὶν

1809 5027 2050 5098 ἄγγελοι,
2087 5026 2162 5089 ὡς
2200 5028 2228 5078 ὁ
2258 5023 2532 5094 Ζαχαρίας
2568 5022 2768 5092 λέγων’
2803 5024 3080 5092 Ἀγγελος
3109 5023 3256 5077 Θεοῦ
3277 5023 3392 5094 ἐγὼ

1804 5120 1931 5188 μεθ’
1965 5113 2130 5185 ὑμῶν
2157 5117 2293 5183 ειμι,
2325 5112 2487 5182 λέγει
2522 5113 2729 5179 Κύριος
2758 5111 3199 5180 παντοκράτωρ.
3235 5114 3392 5167 Καὶό

1817 5209 2068 5278 Ἰωάννης
2097 5207 2224 5276 περὶ
2248 5195 2308 5258 οὗ
2335 5203 2671 5274 γέγραπται”
2711 5203 2867 5256 Ἰδοὺ
2896 5204 3010 5272 ἐγὼ
3033 5205 3392 5260 ἀποστέλλω

1807 5300 1913 5352 τεν
1957 5297 2214 5372 ἄγγελόν
2241 5311 2360 5363 μου
2385 5293 2499 5362 πρὸ
2528 5289 2852 5361 προσώπου
2877 5291 2993 5347 σου
3015 5311 3027 5323 ο
3059 5293 3200 5346 οὕτω
3223 5297 3316 5349 καὶ
3341 5297 3389 5348 οἱ

1806 5393 1900 5446 τοῦ
1923 5391 2057 5445 Θεοῦ
2083 5389 2299 5458 ἄγγελοι
2323 5387 2474 5458 παρὰ
2498 5386 2557 5438 τὸ
2590 5385 2748 5462 ἔργον
2780 5383 2940 5439 τοῦτο
2967 5382 3386 5456 χρηματίζουσι,
3432 5413 3434 5416 ν

1808 5489 1901 5539 καὶ
1923 5486 1984 5537 οὐ
2011 5482 2162 5554 παρὰ
2196 5480 2292 5552 τὴν
2327 5478 2486 5548 φύσιν
2517 5478 2706 5547 ἄνδρες
2747 5475 3056 5548 κληθέντες.

1884 5573 2050 5630 XXV.
2097 5573 2209 5626 Iloc
2233 5569 2541 5624 Adamantii
2567 5570 2759 5638 dogma
2787 5569 3044 5623 convellit
3073 5568 3309 5638 Cyrillus
3335 5571 3389 5622 in

1809 5669 1971 5723 loan.
1996 5683 2040 5734 ι,
2063 5666 2119 5727 6,
2145 5663 2446 5730 multosque
2473 5661 2550 5714 ait
2572 5660 2683 5726 jam
2706 5669 2831 5714 ante
2853 5658 3162 5726 Origeuem.
3195 5661 3392 5728 ipsum-

1810 5775 1915 5832 que
1959 5759 2096 5812 adeo
2135 5753 2399 5808 Joannem
2429 5751 2840 5820 evangelistam,
2882 5750 3179 5804 credidisse
3226 5748 3390 5803 Joan-

1814 5866 1935 5908 nem
1968 5848 2264 5918 Baptistam
2321 5859 2425 5898 non
2459 5843 2728 5897 hominem
2753 5841 2942 5904 fuisse.
2977 5842 3072 5895 sed
3114 5843 3389 5909 angelum,

1815 5938 2037 6006 ejusque
2061 5933 2261 5988 erroris
2290 5931 2562 5988 evertendi
2597 5945 2758 5985 causa
2783 5930 3101 6000 ascripsisse
3127 5928 3389 5990 Joannem

2995 6021 3075 6086 28
