3916 6522
512 457 582 510 73
838 456 843 465 ”
1745 447 1807 501 Ρ.
1850 445 2170 501 DANIELIS
2212 444 2446 502 ilUETil

3633 437 3754 491 876

481 576 753 647 Evangelii
783 572 1143 641 scriptorem:
1176 567 1302 622 Fuit
1341 570 1514 620 homo.
1551 566 1869 640 Anonymus
1916 566 2057 635 apud
2087 575 2133 631 Α
2234 564 2504 620 Caeterum
2544 562 2814 617 immerito
2844 564 3025 633 culpat
3071 558 3363 630 Origenem
3411 557 3606 612 Sixtus
3641 554 3754 610 Se-

478 670 726 725 Photium
760 664 882 721 cod.
908 678 1051 717 cxvn
1075 660 1294 731 Origeni
1338 659 1608 726 objectum
1641 658 1824 722 refert,
1859 658 2061 712 dixisse

478 763 648 825 ἰΙΙιιιιι,
676 760 756 814 ὅτι
790 761 853 811 ὲκ
890 753 1294 817 καταπτώσεως
1311 746 1474 824 ἦλθον
1505 752 1553 804 οἱ
1587 750 1731 819 ἆγιοι
1761 752 1840 813 εἰς
1865 750 1955 803 τὸν
1975 750 2063 803 κό-

480 870 637 924 σμον,
675 850 789 904 ἀλλ’
822 850 884 902 οὐ
913 849 979 902 δι’
1007 846 1211 918 ἑτέρων
1246 844 1562 918 Θεραπείαν.
1617 843 1722 897 Pro
1748 842 1902 912 ἅγιοι
1936 841 2063 912 legit

477 946 726 998 Andreas
773 940 1052 1006 Schottus,
1114 940 1267 1009 ἅγιοι
1315 937 1593 1008 ἄγγελοι·
1656 935 1816 989 vertit
1868 935 2057 989 enim:

484 1057 503 1090 ι
540 1038 771 1091 Sanctos
820 1033 1038 1103 angelos
1099 1030 1349 1099 delapsos
1404 1029 1459 1083 in
1509 1027 1770 1083 mundum
1824 1024 2059 1089 venisse,

479 1142 585 1181 nun
617 1126 683 1179 ad
710 1124 935 1179 aliorum
964 1122 1306 1189 obsequium.
1342 1138 1360 1171 ι
1393 1120 1620 1187 Quoquo
1647 1117 1804 1171 modo
1830 1114 2060 1185 legatur,

478 1225 707 1286 apparet
739 1215 1033 1269 calumnia.
1066 1214 1134 1266 At
1162 1211 1527 1281 Hieronymus
1550 1207 1784 1278 priorem
1810 1204 2061 1275 Origenis

477 1308 653 1363 locum
687 1324 717 1363 e
753 1317 882 1362 tom.
925 1320 959 1359 ιι
1004 1306 1056 1358 in
1090 1303 1250 1358 Joan.
1288 1301 1459 1370 tangit
1499 1301 1553 1353 in
1580 1298 1799 1367 Agga’it
1837 1314 1852 1351 :
1885 1315 1904 1348 ι
1935 1297 2063 1361 Qui-

480 1400 604 1454 dam
634 1407 843 1468 putant,
876 1395 1070 1463 inquit,
1107 1405 1158 1448 et
1184 1391 1443 1446 Joannem
1472 1390 1796 1458 Baptistam,
1821 1401 1875 1443 et
1902 1390 2063 1443 Mala-

478 1491 681 1556 chiam,
704 1488 795 1557 qui
822 1488 1211 1554 interpretatur
1227 1481 1442 1552 angelus
1475 1480 1706 1546 Domini,
1733 1489 1786 1533 et
1810 1482 2060 1548 Aggwum

477 1598 637 1653 quem
672 1594 814 1635 nunc
838 1579 1099 1634 habemus
1143 1576 1194 1628 in
1228 1576 1501 1635 manibus,
1531 1573 1697 1627 fuisse
1726 1572 1968 1642 angelos,
2008 1581 2065 1626 et

479 1675 549 1729 ob
569 1670 1025 1743 dispensationem
1051 1674 1105 1721 et
1124 1664 1420 1735 jussionem
1446 1662 1537 1718 Dei
1571 1662 1935 1731 assumpsisse
1964 1660 2065 1714 hu-

480 1780 639 1821 mana
680 1776 931 1832 corpora.
981 1768 1030 1814 et
1068 1760 1208 1812 inter
1242 1755 1488 1810 homines
1532 1764 1905 1808 conversatos.
1956 1751 2066 1806 Nec

481 1860 679 1913 mirum
718 1856 819 1910 hoc
845 1853 912 1908 de
946 1850 1152 1922 angelis
1173 1847 1344 1911 credi,
1393 1860 1515 1901 cum
1550 1860 1648 1914 pro
1674 1843 1847 1899 salute
1876 1852 2061 1897 nostra

480 1952 644 2005 etiam
674 1948 841 2003 Filius
876 1944 972 1998 Dei
1019 1945 1313 1997 humanum
1347 1952 1544 2006 corpus
1592 1934 1969 2004 assumpscrit.
2005 1934 2069 1987 Et
2097 1934 2141 1987 B

482 2043 554 2099 ob
581 2043 721 2097 hanc
746 2052 967 2094 causam
997 2035 1159 2090 etiam
1191 2033 1258 2086 de
1286 2029 1611 2101 apocryphis
1638 2028 1882 2099 praebent
1918 2027 2067 2079 testi-

484 2132 751 2196 monium,
786 2128 877 2182 ubi
907 2126 1107 2181 dicitur
1130 2125 1271 2194 quod
1305 2120 1475 2178 Jacob
1504 2120 1595 2188 qui
1628 2126 1812 2187 postea
1844 2126 2068 2171 vocatus

482 2235 569 2279 est
596 2219 781 2282 Israel,
812 2218 1037 2288 angelus
1061 2214 1247 2279 fuerit,
1286 2224 1341 2269 et
1374 2222 1658 2284 propterea
1686 2208 2069 2278 supplantave—

481 2316 561 2371 rit
593 2315 817 2369 fratrem
850 2311 903 2365 in
938 2318 1128 2365 ventre
1160 2306 1350 2362 matris
1377 2318 1517 2370 suas;
1557 2300 1818 2357 Joannem
1854 2314 2071 2371 quoque

486 2408 555 2461 ad
584 2420 769 2461 vocem
799 2402 980 2457 Mariae
1011 2400 1201 2454 matris
1236 2396 1445 2451 Domini
1492 2392 1796 2449 exsultasse
1831 2392 1883 2446 in
1918 2399 2070 2445 utero

493 2496 811 2559 Elizabeth;
841 2503 899 2548 et
931 2491 1174 2547 omnium
1200 2484 1602 2544 rationabilium
1629 2498 1791 2538 unam
1819 2497 1941 2537 esse
1970 2497 2069 2535 na-

491 2601 690 2653 turam,
721 2594 778 2639 et
805 2584 875 2638 ob
913 2583 1051 2636 hanc
1083 2593 1305 2633 causam
1357 2575 1604 2630 homines
1635 2573 1723 2642 qui
1754 2573 2073 2641 placuerunt

488 2680 623 2745 Deo,
656 2675 895 2746 aequales
929 2671 1138 2740 angelis
1168 2671 1305 2725 ﬂeri.
1347 2667 1459 2723 Hoc
1504 2667 1577 2721 illi
1609 2665 1865 2721 sentiant.
1901 2664 2073 2718 Caete-

493 2787 610 2826 rum
650 2785 748 2823 nos
778 2767 1019 2821 nuntium
1046 2761 1279 2828 Domini,
1324 2759 1378 2814 id
1411 2768 1495 2813 est
1519 2756 1789 2828 angelum,
1836 2754 1926 2825 qui
1970 2752 2073 2806 He-

490 2863 676 2921 hraice
705 2840 1113 2938 dicitur-(SHB,
1147 2852 1471 2923 simpliciter
1502 2850 1816 2921 prophetam
1866 2847 2071 2901 dictum

491 2953 857 3023 recipiamus;
898 2936 1058 3002 abeo
1084 2946 1226 3015 quod
1266 2942 1476 2998 Domini
1517 2940 1850 2994 voluntatem
1876 2936 2075 3007 populo

493 3041 843 3099 nuntiaverit.
880 3059 901 3092 ι
940 3038 1047 3094 ’8ἰο
1079 3046 1135 3092 et
1162 3034 1427 3104 prommio
1460 3028 1970 3085 Commentariorum
2018 3026 2075 3078 in

492 3135 818 3191 Malachiam
852 3147 871 3185 :
904 3148 924 3182 ι
959 3129 1070 3186 Nec
1106 3126 1403 3198 putandum
1436 3122 1688 3193 estjuxta
1716 3116 2074 3189 quorumdam

492 3227 827 3296 opinionem,
855 3219 1104 3292 angelum
1128 3215 1341 3272 venisse
1370 3214 1435 3270 de
1452 3212 1614 3279 cano,
1637 3220 1692 3265 et
1717 3207 2079 3278 assumpsisse

495 3334 695 3389 corpus
752 3317 1046 3370 humanum
1100 3319 1160 3365 ut
1202 3306 1386 3364 lsraeli
1435 3319 1556 3375 quae
1603 3319 1633 3357 a
1680 3302 1909 3357 Domino
1950 3308 2078 3354 sunt

496 3414 757 3465 mandata
813 3406 1143 3474 loqueretur.
1182 3418 1201 3454 ι
1256 3398 1323 3454 Et
1365 3395 1524 3469 paulo
1555 3404 1677 3464 post
1710 3394 1902 3462 dogma
1947 3389 2079 3444 illud

492 3500 715 3571 Origeni
748 3496 1066 3551 nominatim
1104 3490 1333 3547 ascribit
1367 3509 1379 3544 :
1421 3505 1440 3539 ι
1484 3485 1739 3555 Scripsit,
1790 3483 1993 3552 inquit,
2027 3482 2080 3535 in

495 3587 641 3648 hunc
666 3590 863 3644 librum
891 3585 1151 3654 Origenes
1179 3580 1283 3635 tria
1314 3577 1619 3641 volumina;
1671 3574 1765 3629 sed
1798 3572 2080 3627 historiam

496 3682 728 3737 omnino
757 3692 860 3732 non
891 3675 1091 3743 tetigit,
1126 3680 1183 3725 et
1216 3684 1368 3724 more
1398 3682 1495 3723 suo
1525 3676 1669 3720 totus
1715 3664 1769 3718 in
1814 3662 2084 3732 allegoria:

482 3769 947 3842 winterpretatione
984 3772 1233 3820 versatus
1257 3769 1361 3825 est,
1413 3757 1615 3813 nullam
1649 3756 1833 3811 Esdrae
1880 3754 2085 3808 faciens

502 3866 857 3928 mentionem,
880 3859 974 3915 sed
998 3853 1247 3925 angelum
1280 3860 1475 3923 putans
1512 3848 1682 3903 fuisse
1717 3846 1812 3918 qui
1848 3845 2084 3915 scripsit,

502 3957 795 4013 secundum
833 3952 965 4008 illud
1013 3949 1155 4022 quod
1189 3949 1256 4002 de
1283 3945 1491 4001 Joanne
1514 3941 1742 4013 legimus
1772 3955 1788 3995 :
1831 3937 1966 3992 Ecca
1992 3954 2086 4007 ego

484 4054 651 4107 mitto
692 4047 935 4119 angelum
969 4057 1143 4097 meum
1171 4051 1290 4094 ante
1313 4038 1503 4107 [aciem
1539 4044 1685 4088 tuam
1700 4031 1768 4086 ³⁸.
1801 4031 1954 4097 Quod
1989 4043 2088 4084 nos

485 4143 724 4199 omnino
772 4154 878 4195 non
909 4136 1224 4205 recipimus,
1269 4145 1338 4185 ne
1367 4128 1673 4183 animarum
1717 4125 1783 4179 de
1803 4122 1945 4178 caelo
1979 4122 2089 4176 rui-

489 4252 627 4293 nam
657 4233 935 4302 suscipere
965 4224 1377 4295 compellamur.
1411 4238 1431 4272 ι
1461 4218 1608 4273 Idem
1636 4218 1688 4270 in
1709 4213 1937 4285 epistola
1964 4212 2089 4291 126,

502 4344 624 4399 qua:
651 4336 736 4381 est
765 4324 832 4379 ad
858 4320 1145 4390 Evagrium
1182 4338 1195 4372 ε
1232 4332 1251 4367 ι
1278 4312 1337 4368 In
1363 4313 1539 4367 fronte
1570 4309 1867 4369 Geneseos,
1899 4305 1951 4358 in
1979 4303 2092 4373 pri-

493 4394 591 4476 ma
626 4416 967 4491 homiliarum
997 4408 1244 4480 Origenis
1266 4404 1442 4475 reperi
1473 4400 1738 4470 scriptum
1765 4398 1829 4451 de
1862 4394 2092 4449 Melchi-

496 4486 742 4575 sedech;
778 4509 831 4561 in
876 4520 981 4575 qua
1019 4499 1302 4571 multiplici
1336 4508 1588 4551 sermone
1624 4491 1937 4560 disputans,
1969 4486 2095 4539 illuc

500 4604 790 4661 devolutus
826 4610 932 4663 est,
958 4606 1021 4652 ut
1051 4610 1174 4650 eum
1215 4590 1468 4663 angelum
1517 4588 1750 4648 diceret,
1791 4580 2095 4647 iisdemque

508 4711 645 4766 pene
693 4691 1045 4763 argumentis,
1095 4686 1291 4757 quibus
1329 4682 1565 4751 scriptor
1613 4686 1737 4730 tuus
1777 4674 1844 4728 de
1891 4671 2094 4740 Spiritu

506 4799 720 4851 sancto,
787 4785 877 4839 ille
933 4783 998 4836 de
1052 4778 1304 4850 supernis
1359 4772 1654 4828 virtutibus
1716 4774 1803 4821 est
1859 4763 2093 4818 locutus.

508 4879 756 4940 Transivi
809 4879 874 4931 ad
898 4832 1192 4945 Didymmn
1228 4876 1552 4923 sectatorem
1598 4860 1736 4930 ejus,
1771 4865 1829 4910 et
1868 4854 1976 4909 vidi
2008 4854 2101 4907 ho-
2197 4832 2464 4945 δάξυηὸίῑν

1914 4945 2099 5013 Longe
2197 4901 2388 4999 gelos,
2425 4923 2522 4995 qui
2573 4936 2639 4975 ex
2690 4914 2961 4971 universis
3007 4907 3260 4983 gentibus
3308 4901 3491 4958 ﬁdeles
3521 4908 3777 4967 quosque

2911 5006 2923 5013 .
3122 5009 3132 5013 -
3372 5010 3390 5013 _
3420 4991 3629 5013 [πμ-2,..-
3664 4986 3771 5013 ζ.ι..ζ

507 4975 711 5033 minem
740 4970 971 5043 pedibus
994 4968 1047 5020 in
1075 4958 1318 5030 magistri
1352 4959 1459 5011 isse
1486 4950 1833 5009 sententiam.
1865 4966 1884 5000 ι

506 5084 639 5139 ergo
684 5039 759 5119 ab
788 5065 891 5118 hoc
926 5073 1116 5114 errore
1146 5052 1321 5109 abfuit
1360 5048 1743 5115 Hieronymus,
1792 5041 1878 5094 cui
1918 5039 2093 5107 ipsum

510 5130 692 5216 tamen
722 5158 775 5211 in
807 5154 1100 5210 Comment.
1128 5146 1198 5200 ad
1236 5143 1425 5214 psalm.
1459 5151 1597 5191 χχιιι
1631 5134 1832 5189 favisse
1860 5130 2096 5198 suSpica-

512 5266 602 5309 tur
639 5247 1045 5308 Genebrardus.
1095 5240 1247 5309 Quod
1294 5246 1442 5290 certe
1470 5233 1552 5285 ita
1592 5244 1696 5283 non
1738 5240 1859 5281 esse
1903 5224 2097 5291 depre—

513 5343 733 5405 hendet,
779 5335 1027 5408 quisquis
1059 5341 1224 5385 totam
1264 5323 1459 5396 psalmi
1498 5319 1660 5388 hujus
1690 5312 2096 5369 enarrationem

510 5434 747 5493 curiosis
779 5404 955 5487 oculis
980 5416 1411 5494 perlustraverit.
1453 5412 1782 5478 Hieronymo
1813 5404 1864 5459 id
1886 5417 2100 5471 quoque

512 5526 863 5598 exprobravit
887 5521 1113 5575 Rulinus
1140 5513 1409 5572 Invect.jt,
1448 5505 1533 5559 his
1554 5508 1859 5558 commotus
1894 5509 2013 5563 quae
2042 5495 2096 5545 in

518 5584 710 5687 Ephes.
736 5634 777 5682 ι,
802 5615 856 5681 ὦ,
880 5612 1141 5679 scriptum
1171 5604 1374 5660 habent
1406 5598 1546 5653 illius
1574 5588 1968 5647 Commentarii.
1988 5584 2094 5639 Sed

518 5675 732 5779 culpam
764 5675 907 5760 hanc
946 5675 1071 5754 a—se
1099 5699 1421 5766 deprecatur
1452 5685 1665 5758 Apolog.
1693 5698 1707 5736 ι
1740 5681 1858 5734 adv.
1889 5675 2090 5743 Ru/z'n.,

519 5817 644 5871 cap.
671 5799 705 5852 5
728 5805 784 5851 et
813 5794 867 5849 6.

2163 660 2369 721 nensis,
2403 658 2545 729 quod
2578 658 2767 714 homil.
2830 657 2902 712 25
2942 658 2995 709 iu
3035 654 3170 708 Luc.
3223 661 3430 722 septem
3460 649 3755 705 Ecclesia-

2164 768 2280 805 rum
2321 751 2627 823 episcopos.
2656 764 2791 820 quos
2821 748 3061 802 Joannes
3092 747 3145 801 in
3175 742 3498 815 Apocalypsi
3528 743 3759 797 ratione

2160 843 2318 899 ollicii
2364 844 2583 914 angelos
2637 841 2913 912 appellat,
2949 855 3078 894 vere
3126 837 3297 893 fuisse
3339 834 3565 905 angelos
3595 874 3615 901 ,
3659 845 3761 887 ve-

2162 950 2391 1007 ramque
2429 936 2748 1008 angelorum
2780 944 3030 990 naturam
3069 929 3326 986 habuisse
3355 927 3603 991 dixerit;
3652 938 3759 979 nec

2164 1030 2357 1085 harum
2387 1029 2534 1085 enim
2564 1026 2929 1083 Ecclesiarum
2962 1024 3246 1093 episcopos
3292 1018 3400 1073 illic
3424 1015 3645 1086 putavit
3680 1013 3759 1068 si-

2164 1122 2405 1194 gnilicari
2427 1161 2444 1187 ,
2478 1120 2573 1177 sed
2598 1133 2785 1175 earum
2832 1110 3545 1189 gubernationiajprzelectos
3577 1119 3758 1175 ange-

2164 1214 2263 1269 los.

2235 1304 2425 1360 XXVI.
2475 1305 2551 1361 De
2596 1304 2806 1376 angelis
2852 1299 3176 1358 tutelaribus
3220 1297 3495 1369 paradoxa
3532 1306 3763 1363 quoque

2166 1400 2331 1454 multa
2351 1401 2535 1462 habet,
2555 1413 2786 1468 quormn
2808 1392 3110 1452 omittenda
3139 1391 3297 1447 nobis
3316 1404 3423 1445 non
3443 1398 3528 1443 est
3547 1387 3762 1456 disqui-

2164 1492 2306 1546 sitio.
2335 1491 2391 1545 ln
2414 1493 2625 1545 cantico
2650 1490 2813 1544 Mosis
2838 1498 3015 1543 exstat
3041 1502 3253 1543 comma
3278 1485 3440 1539 illud:
3469 1503 3488 1536 ι
3520 1483 3762 1550 Quando

2165 1584 2440 1641 dividebat
2470 1585 2784 1638 AltiSsimus
2812 1592 3023 1653 gentes,
3050 1579 3267 1649 quando
3299 1578 3594 1647 separabat
3616 1576 3764 1629 ﬁlios

2164 1678 2358 1743 Adam,
2399 1676 2685 1731 constituit
2713 1675 2975 1730 terminos
3009 1671 3329 1743 populorum
3363 1669 3523 1738 juxta
3558 1680 3762 1719 nurne-

2166 1786 2284 1824 rum
2310 1770 2541 1823 ﬁliorum
2564 1768 2753 1823 Israel.
2770 1766 2840 1821 Pa
2850 1783 2901 1820 rs
2915 1776 3093 1820 autem
3116 1763 3349 1827 Domini,
3367 1760 3601 1830 papulas
3615 1758 3667 1826 ej
3678 1774 3760 1812 us:

2166 1860 2335 1916 Jacob
2359 1859 2636 1914 funiculus
2677 1858 3015 1913 baereditatis
3052 1857 3167 1927 ejus
3202 1856 3269 1910 ‘°.
3310 1874 3330 1905 ι
3361 1853 3487 1908 Haec
3513 1846 3764 1907 Hebraeis

2168 1962 2501 2020 consonant;
2531 1962 2586 2007 at
2608 1966 2675 2006 ex
2707 1950 2959 2007 lectionis
2987 1950 3271 2010 varietate;
3307 1960 3471 2015 quam
3494 1944 3606 1997 alio
3642 1943 3765 1996 loco

2168 2048 2547 2116 expendimus,
2563 2042 3207 2112 verteruntSeptuaginta
3224 2040 3554 2105 lnterpretes
3573 2057 3583 2089 :
3600 2033 3767 2088 Κατὰ.

2167 2136 2401 2211 ἀριθμὸν
2423 2138 2672 2207 ἀγγέλων
2697 2135 2852 2189 θεοῦ.
2887 2134 2996 2189 Hos
3041 2148 3163 2188 eum
3186 2130 3332 2186 alibi
3365 2128 3572 2199 passim
3601 2167 3617 2190 ,
3650 2136 3763 2178 tum

2168 2232 2261 2287 hic
2277 2239 2499 2286 secutus
2526 2240 2611 2285 est
2639 2229 2923 2299 Origenes,
2949 2238 3114 2295 atque
3146 2225 3269 2279 inde
3303 2223 3406 2278 sibi
3436 2221 3602 2275 tinxit
3635 2228 3765 2273 tunc

2170 2325 2405 2394 primum
2432 2324 2685 2391 gentibus
2710 2360 2725 2385 ,
2754 2336 2879 2373 cum
2909 2321 2960 2373 in
3000 2318 3184 2373 varias
3230 2317 3446 2387 linguas
3469 2311 3767 2380 variosque

2171 2414 2396 2486 populos
2430 2416 2497 2468 ad
2530 2414 2727 2468 turrim
2755 2411 2920 2466 Babel
2946 2412 3222 2481 dissipatae
3258 2418 3407 2473 sunt,
3440 2406 3766 2476 assignatos

2172 2508 2343 2563 fuisse
2388 2506 2657 2578 angelos,
2703 2515 2763 2559 ut
2792 2520 2979 2559 curam
3027 2518 3218 2559 earum
3250 2511 3535 2571 pastorum
3587 2498 3767 2553 instar

2173 2608 2453 2669 gererent,
2489 2609 2544 2654 et
2569 2598 2839 2669 primitias
2864 2611 2930 2651 ex
2970 2597 3036 2651 iis
3071 2596 3178 2650 Deo
3203 2593 3488 2659 offerrent,
3513 2591 3769 2646 homines

2181 2693 2441 2747 nimirum
2465 2692 2557 2761 qui
2582 2690 2797 2745 meritis
2815 2689 3185 2759 praecellerent
3210 2696 3264 2741 ct
3292 2686 3519 2747 virtute,
3544 2697 3768 2737 eorum-

2174 2804 2241 2843 ve
2290 2788 2406 2857 pias
2435 2786 2838 2856 cogitationes;
2872 2795 2925 2838 et
2957 2794 3015 2838 ut
3058 2782 3368 2838 hominibus
3396 2777 3499 2833 sibi
3526 2775 3769 2832 destina-

2176 2882 2245 2936 tis
2273 2881 2341 2935 ad
2375 2878 2798 2949 comparandam
2834 2877 3069 2932 salutem
3111 2874 3314 2928 auxilio
3359 2879 3548 2925 essent
3594 2885 3609 2921 :
3656 2881 3768 2938 quo

2175 2972 2414 3043 graviori
2464 2980 2646 3027 autem
2689 2971 2896 3026 scelere
2940 2984 3061 3024 sese
3098 2968 3149 3021 in
3186 2963 3465 3020 communi
3497 2962 3603 3016 hac
3634 2974 3761 3029 per-

2177 3066 2449 3122 duellione
2496 3079 2833 3133 unaquaque
2866 3077 3000 3132 gens
3029 3060 3307 3129 alligasset
3335 3096 3355 3122 ,
3399 3070 3469 3109 eo
3522 3050 3768 3106 durioris

2177 3162 2393 3233 angeli,
2443 3175 2617 3230 pinna:
2658 3173 2866 3224 causa,
2914 3154 3146 3225 imperio
3200 3150 3373 3203 fuisse
3426 3144 3765 3213 subiectam;

2104 3275 2147 3335 ο
2184 3255 2350 3309 Deum
2403 3265 2582 3307 autem
2616 3251 2791 3322 ipsum
2841 3248 3136 3319 regendam
3188 3241 3501 3311 suscepisse
3552 3245 3768 3305 gentem

2182 3349 2323 3403 hanc
2356 3361 2476 3416 qua:
2503 3344 2782 3412 antiquam
2816 3339 3083 3410 loquelam
3121 3333 3386 3397 retinuit;
3430 3330 3528 3385 sed
3576 3328 3650 3382 ita
3680 3336 3767 3379 ta-

2183 3456 2307 3497 men
2343 3451 2400 3494 ut
2433 3438 2476 3494 si
2526 3437 2703 3491 minus
2734 3434 2784 3489 ei
2821 3433 2968 3487 dicto
3019 3428 3328 3483 audientem
3360 3438 3421 3479 se
3454 3421 3767 3491 praeberet,

2184 3535 2251 3588 ad
2300 3531 2615 3601 angelorum
2666 3524 3047 3596 prazlecturam
3091 3518 3394 3580 transiret;
3442 3524 3612 3582 atque
3644 3509 3768 3563 alia:

2186 3624 2370 3680 itidem
2420 3628 2611 3690 gentes
2656 3616 2995 3686 asperiorum
3031 3611 3347 3683 angelorum
3386 3608 3773 3677 experirentur

2186 3718 2415 3787 imperia
2444 3753 2459 3779 ,
2492 3713 2536 3767 si
2568 3711 2837 3765 Ieniorum
2861 3708 3010 3777 jussa
3041 3706 3473 3767 detrectassent;
3507 3695 3770 3752 molliori-

2185 3809 2286 3865 bus
2314 3804 2527 3862 interim
2555 3801 2793 3856 dominis
2817 3839 2832 3863 ,
2866 3797 2933 3852 ad
2967 3796 3312 3852 sarciendam
3342 3791 3767 3847 commissorum

2188 3899 2292 3955 sibi
2322 3896 2604 3952 hominum
2630 3893 2925 3961 jacturam,
2968 3888 3105 3943 alios
3133 3885 3425 3942 saeviorum
3456 3881 3767 3952 principum

2189 3990 2419 4062 imperio
2445 3983 2923 4047 subtrahentibus,
2955 3992 3012 4036 et
3041 3979 3110 4034 ad
3136 3992 3259 4034 sese
3281 3972 3769 4033 convertentibus;

2190 4086 2319 4142 hinc
2349 4078 2713 4137 exhreredatis
2739 4073 2998 4130 lsraelitis
3033 4073 3237 4127 ascitas
3279 4084 3308 4122 a
3333 4067 3555 4123 Christo
3577 4071 3774 4133 gentes

2191 4180 2397 4243 luisse;
2428 4172 2651 4244 angelos
2680 4183 2899 4239 quoque
2924 4181 3023 4237 pro
3069 4163 3389 4219 meritorum
3422 4170 3639 4213 suorum
3678 4169 3774 4207 ra-

2194 4276 2339 4329 tione
2370 4271 2559 4324 harum
2588 4264 2875 4320 illarumve
2904 4258 3145 4329 gentium
3175 4254 3417 4324 regimen
3450 4248 3615 4303 fuisse
3639 4258 3775 4299 sor-

2194 4369 2344 4431 titos,
2369 4362 2605 4429 deosque
2634 4353 2920 4426 appellari,
2959 4348 3104 4421 quod
3138 4363 3171 4402 a
3215 4345 3329 4401 Deo
3364 4343 3474 4398 dati
3502 4342 3632 4405 sint,
3664 4338 3773 4392 do-

2196 4463 2374 4517 minos
2396 4457 2541 4528 quod
2584 4469 2613 4507 a
2654 4450 2887 4506 Domino
2917 4453 3235 4516 potestatem
3275 4436 3625 4507 acceperint:
3665 4448 3778 4502 μοι·

2195 4555 2483 4625 ταιὼματα
2524 4552 2640 4606 haec
2688 4545 2868 4617 prodit
2897 4542 3162 4611 Origenes
3204 4551 3309 4591 non
3353 4547 3461 4588 uno
3486 4531 3626 4585 loco.
3665 4527 3766 4582 Vi-

2119 4619 2169 4674 θ
2198 4617 2391 4706 deatur
2454 4642 2640 4699 homil.
2669 4639 2736 4694 16
2783 4640 2838 4691 in
2867 4634 3081 4695 Genes.,
3114 4643 3263 4684 num.
3296 4626 3332 4679 9.
3356 4666 3371 4691 ,
3408 4633 3458 4678 et
3488 4618 3674 4675 homil.
3703 4617 3770 4671 11

2196 4745 2251 4797 in
2278 4740 2469 4802 Num.,
2501 4751 2653 4790 num.
2682 4733 2738 4796 4,
2776 4732 2831 4785 in
2866 4743 2971 4798 qua
3000 4739 3161 4794 supra
3188 4713 3618 4775 commemoratis
3651 4711 3775 4764 hac

2488 4829 2623 4882 alios
2656 4837 2871 4894 quoque
2902 4821 3130 4873 fortasse
3154 4813 3493 4869 extrinsecus
3520 4818 3647 4859 esse
3680 4820 3778 4855 an-

2197 4986 2528 5089 congregent
2550 5053 2567 5079 ,
2608 5024 2815 5080 eosque
2838 5006 3140 5079 gubernent
3163 5038 3180 5065 ,
3211 5013 3334 5053 cum
3368 5010 3397 5049 a
3417 4991 3633 5047 Christo
3664 4986 3773 5055 ipsi

2200 5079 2591 5183 gubernentur,
2615 5079 2756 5173 qui}
2793 5116 2898 5155 non
2926 5109 3032 5151 tam
3079 5108 3177 5147 rex
3200 5090 3429 5147 dicatur,
3455 5097 3607 5154 quam
3646 5079 3773 5132 Rex

2200 5218 2419 5275 regum;
2451 5210 2503 5255 et
2530 5206 2772 5253 nontam
2809 5190 3089 5253 Dominus,
3127 5197 3288 5253 quam
3320 5178 3570 5233 Dominus
3589 5170 3780 5225 domi-

2202 5296 2479 5358 nantium;
2516 5309 2535 5341 ι
2568 5288 2829 5356 additque
2852 5281 3012 5353 paulo
3036 5278 3265 5333 inferius
3291 5282 3533 5340 magnam
3554 5262 3778 5319 sollici-

2203 5387 2443 5441 tudinem
2475 5379 2698 5451 angelos
2732 5376 2993 5432 adliibere
3035 5371 3102 5424 iis
3130 5362 3462 5423 excolendis,
3490 5370 3619 5426 quos
3654 5365 3784 5408 stu-

2203 5481 2292 5535 dio
2322 5492 2423 5533 suo
2473 5488 2537 5528 ac
2552 5446 2843 5539 diligentia
2890 5467 2957 5521 ab
2996 5460 3272 5519 erroribus
3301 5454 3366 5508 ad
3397 5452 3547 5505 iidem
3576 5446 3783 5539 tradas

2204 5571 2404 5626 xerint.
2443 5564 2550 5621 Sed
2580 5575 2633 5619 et
2672 5538 2953 5617 homiliam
2985 5556 3055 5610 ‘25
3080 5555 3133 5607 in
3154 5551 3335 5610 Iosue,
3367 5558 3507 5599 num.
3532 5539 3582 5602 3,
3621 5538 3781 5593 adiri

2198 5665 2382 5732 iubeo,
2418 5669 2475 5717 et
2498 5656 2878 5712 duodecimam
2916 5652 2971 5704 in
3000 5647 3218 5709 Lucam,
3260 5642 3312 5695 in
3354 5650 3453 5706 qua
3485 5629 3782 5685 nationum

2205 5755 2461 5827 praesides
2486 5749 2704 5823 angelos
2731 5747 2833 5804 sub
2862 5740 3112 5815 imposito
3136 5734 3237 5793 sibi
3263 5741 3424 5786 onere
3449 5722 3784 5779 fatiscente:

593 5921 633 5949 3”
672 5912 873 5968 Malach
922 5925 1005 5974 ιιι,
1039 5906 1060 5958 1
1094 5922 1108 5963 '.
1151 5900 1340 5957 Matth.
1374 5914 1446 5962 xi,
1473 5894 1557 5950 10.
1637 5890 1680 5923 ⁸ο
1714 5890 1866 5943 Deut.
1906 5897 2078 5948 xxxii,
2117 5878 2172 5943 8,
2208 5876 2262 5931 9.
