3916 6514
204 448 287 501 877
1033 451 1610 519 ORIGENIANORUM
1651 459 1780 520 LIB.
1821 465 1885 532 ll,
1922 467 2075 525 CAP.
2120 464 2186 538 ll,
2227 468 2507 538 QUAEST.
2550 473 2617 530 γ.

3323 485 3430 543 8ῒ8

202 554 307 629 Iam,
331 578 390 618 ac
415 564 593 622 labori
630 567 869 647 impares
893 613 908 638 ,
937 571 1136 626 Christi
1179 575 1520 635 adventantis
1547 583 1748 636 auxilio
1778 594 1822 648 Α
1852 601 2002 640 num.
2055 587 2088 640 '5
2124 605 2140 653 ;
2198 590 2291 642 sed
2346 591 2745 648 asseverantius
2797 594 2960 650 etiam
3041 597 3230 656 homil.
3289 602 3312 655 I
3374 607 3428 658 in

201 657 339 710 fuisse
380 658 708 714 sublevatos
750 663 980 717 afiirmat
1011 682 1025 718 :
1057 679 1121 720 ac
1166 665 1361 722 librum
1399 686 1411 722 I
1455 673 1594 740 Περὶ
1645 675 1746 742 ἀρ-

199 746 316 818 χῶν,
347 763 463 819 cap.
495 751 556 813 8,
594 769 751 807 num.
784 756 835 820 l,
861 765 915 808 et
947 756 1142 810 librum
1174 775 1255 821 ιιι,
1280 777 1398 830 cap.
1427 765 1481 831 5,
1509 783 1655 819 ιιιιιιι.
1686 767 1744 830 2,

198 841 268 894 ubi
301 840 594 910 principem
640 844 809 914 Tyri,
865 858 917 902 et
963 849 1261 920 principem
1310 853 1599 911 Persarum
1629 898 1646 923 ,
1692 870 1747 914 et

200 932 462 1001 principem
511 933 835 991 Graecorum
863 979 878 1003 ,
911 954 1140 1008 quorum
1191 949 1390 1000 mentio
1444 948 1503 1004 Iit
1541 951 1738 1008 Ezech.

196 1036 334 1076 xrvm
365 1031 418 1076 et
447 1023 590 1079 Dan.
639 1041 698 1090 x,
732 1029 958 1084 virtutes
992 1032 1255 1101 quasdam
1304 1039 1576 1108 spiritales
1622 1061 1743 1102 esse

194 1115 386 1182 asserit;
431 1117 682 1174 bonasne
711 1162 727 1184 ,
755 1135 821 1174 an
851 1122 1018 1178 malas
1044 1163 1059 1188 ,
1086 1125 1188 1180 hoc
1215 1126 1337 1182 loco
1367 1147 1471 1186 non
1509 1133 1697 1191 deﬁnit
1722 1155 1738 1204 ;

191 1217 234 1261 at
260 1207 433 1262 definit
462 1210 660 1267 homil.
712 1211 782 1268 55
826 1215 880 1268 in
921 1213 1052 1271 Luc.
1094 1228 1149 1272 et
1183 1221 1455 1293 principes
1481 1225 1602 1282 illos
1627 1231 1737 1287 dte-

191 1313 346 1354 moncs
395 1301 819 1372 Interpretatur.
865 1306 1047 1377 Neque
1099 1326 1233 1366 sane
1282 1313 1336 1368 in
1389 1332 1454 1372 eo
1505 1331 1736 1377 consen-

189 1391 300 1443 tiunt
318 1390 458 1446 inter
482 1407 545 1447 se
574 1392 780 1452 Patres
806 1437 823 1462 ,
855 1399 1132 1457 daemones
1161 1419 1256 1459 eas
1284 1421 1407 1464 esse
1439 1411 1737 1470 decernen-

188 1481 303 1536 tibus
344 1482 462 1538 aliis
491 1524 508 1549 ,
560 1487 688 1543 aliis
734 1491 995 1560 angelos,
1026 1508 1324 1569 eorumque
1369 1508 1731 1563 concertatio-

185 1588 262 1630 nes
292 1588 320 1628 a
356 1574 588 1633 Daniele
617 1582 904 1651 expositas
938 1584 992 1639 in
1020 1599 1230 1644 rectum
1261 1607 1480 1650 sensum
1515 1599 1734 1656 trahen-

185 1667 326 1723 nbus.

233 1760 292 1814 At
309 1761 449 1816 enim
483 1763 731 1820 diﬂicilis
761 1768 977 1822 Videtur
1008 1769 1348 1839 Origeuianaa
1397 1778 1556 1850 hujus
1583 1797 1730 1838 com-

181 1855 492 1909 mentationis
543 1864 724 1924 ratio;
759 1875 883 1912 naut
941 1861 986 1914 si
1036 1881 1054 1914 ι
1086 1866 1368 1922 constituit
1416 1871 1732 1932 Altissimus

181 1947 404 2002 terminos
463 1950 843 2019 populorum,
887 1954 1040 2022 juxta
1084 1967 1364 2013 numerum
1415 1965 1728 2034 angelorum

177 2039 270 2102 Dei,
301 2057 321 2090 ι
355 2039 521 2096 fuerit
557 2043 881 2114 angelorum
908 2063 1167 2104 numerus
1217 2052 1414 2120 oppido
1451 2057 1724 2127 exiguus;

176 2147 256 2185 non
283 2134 456 2188 multa:
481 2135 764 2205 siquidem
795 2149 985 2206 gentes
1006 2138 1193 2194 orbem
1237 2142 1496 2200 incolunt.
1527 2147 1724 2204 Verum

172 2224 386 2292 expedita
420 2234 509 2279 est
542 2229 876 2306 responsio;
905 2243 1002 2285 nec
1026 2231 1170 2285 enim
1211 2235 1472 2304 quidquid
1518 2240 1723 2310 uspiam

171 2315 448 2384 angelorum
483 2328 573 2373 est
599 2361 616 2386 ,
647 2320 770 2375 orbi
799 2317 926 2377 huic
957 2323 1194 2392 regendo
1224 2326 1536 2395 deputatum
1568 2331 1727 2388 intel-

171 2408 259 2475 ligit
281 2409 650 2467 Adamantius
676 2450 695 2478 ,
719 2414 817 2468 sed
848 2413 1068 2470 selectis
1103 2415 1376 2486 aliquibus
1402 2435 1468 2475 ex
1500 2421 1724 2480 inferio-

171 2494 290 2555 ribus
332 2504 630 2559 ordinibus
661 2505 876 2575 angelis
925 2507 981 2561 id
1030 2510 1273 2564 tnuncris
1303 2510 1470 2568 fuisse
1499 2514 1721 2586 imposi-

168 2602 280 2659 tum;
316 2609 382 2649 ex
409 2595 476 2650 iis
505 2611 682 2666 porro
725 2597 1013 2654 nonnullos
1061 2601 1189 2656 totis
1231 2603 1516 2672 praefectos
1543 2613 1721 2678 geuti«

165 2684 273 2750 ltus;
302 2685 435 2741 alios
469 2688 818 2756 provinciis;
856 2691 1080 2748 urbibus
1104 2694 1275 2761 alios,
1320 2696 1600 2768 Ecclesiis,
1630 2719 1719 2760 ar-

164 2777 280 2832 tibus
301 2819 318 2844 ,
343 2781 661 2848 disciplinis
684 2822 702 2847 ,
735 2783 966 2854 singulis
1015 2800 1233 2861 quoque
1279 2791 1590 2851 hominibus
1611 2835 1626 2860 ,
1661 2811 1718 2854 et

162 2870 292 2926 rebus
319 2873 482 2927 etiam
534 2875 841 2941 inanimis,
892 2877 970 2932 uti
1017 2895 1142 2934 mox
1180 2883 1712 2959 demonstrabimus;

161 2961 353 3033 illosque
397 2965 450 3020 in
484 2966 598 3022 hoc
628 2967 797 3024 etiam
850 2984 1076 3026 munere
1109 2973 1212 3027 sibi
1258 2977 1552 3032 succedere
1579 2977 1716 3036 invi-

160 3069 291 3122 cem;
317 3067 370 3113 et
402 3059 596 3128 plures
627 3073 1018 3131 nonnunquam
1044 3063 1250 3122 homini
1281 3067 1371 3122 uni
1411 3070 1670 3129 assistere
1691 3113 1710 3140 ,

157 3156 198 3201 et
218 3150 381 3202 omnia
413 3151 640 3220 angelis
665 3150 825 3222 plena
861 3167 1003 3209 esse.

210 3239 398 3297 XXVII.
438 3241 567 3300 Dixi
603 3243 982 3302 Ecclesiarutn
1019 3246 1187 3302 etiam
1235 3251 1476 3321 regimen
1502 3256 1710 3326 angelis

1856 678 2074 744 Eua/1.,
2105 698 2252 739 num,
2285 683 2316 735 7
2351 700 2363 735 :
2401 703 2420 734 ι
2457 683 2568 739 Non
2599 685 2798 743 sufﬁcit
2822 728 2840 754 ,
2873 690 3080 761 inquit,
3115 709 3280 751 unum
3321 713 3430 752 caeo

1855 769 1962 824 lum
2019 774 2260 841 aperiri:
2296 779 2614 844 aperiuntur
2656 777 2919 849 plurimi,
2961 793 3018 837 ut
3065 789 3426 854 descendant,

1854 878 1957 916 non
1991 865 2058 918 ab
2094 881 2222 930 uno,
2269 869 2361 921 sed
2408 870 2477 923 ab
2519 871 2772 927 omnibus
2818 874 2975 930 cadis
3002 879 3178 948 angeli
3216 881 3280 935 ad
3332 897 3426 938 eos

1851 950 1941 1024 qui
1988 957 2233 1012 salvandi
2268 969 2414 1014 sunt.
2469 980 2488 1013 ι
2529 961 2593 1016 Ει
2627 979 2748 1019 mox
2777 983 2790 1020 :
2824 985 2843 1017 ι
2878 967 3106 1035 Quando
3134 981 3312 1028 autem
3347 972 3426 1028 vi-

1849 1049 2042 1103 derunt
2089 1051 2390 1121 principem
2430 1053 2638 1109 militiae
2689 1056 2928 1113 caelestis
2974 1061 3024 1114 in
3072 1049 3446 1119 terrestribus

1848 1139 1982 1195 locis
2017 1145 2360 1208 commorari,
2406 1153 2536 1200 tunc
2583 1161 2680 1219 per
2731 1161 2972 1219 apertam
3013 1152 3156 1208 viam
3188 1155 3420 1224 ingressi

1846 1242 1972 1286 sum
1998 1240 2290 1305 sequentes
2333 1236 2617 1294 Dominum
2655 1254 2837 1308 suum,
2867 1253 2919 1296 et
2949 1255 3201 1310 parentes
3230 1247 3428 1302 v0luu~.

1847 1324 1938 1380 tati
1978 1323 2133 1394 ejus,
2167 1327 2259 1397 qui
2314 1328 2587 1385 distribuit
2635 1346 2730 1388 eos
2780 1337 3030 1390 custodes
3080 1340 3416 1396 credentium

1843 1416 2048 1472 nomini
2099 1433 2222 1476 suo.
2257 1419 2336 1474 Tu
2369 1418 2484 1476 beri
2513 1424 2614 1478 sub
2649 1419 2920 1481 daemonio
2948 1441 3088 1492 cras,
3123 1431 3282 1486 hodie
3314 1433 3416 1486 sub

1841 1507 2051 1576 angelo.
2087 1531 2106 1564 ι
2142 1509 2251 1568 Nec
2299 1513 2466 1567 multo
2513 1524 2632 1583 post
2663 1535 2676 1570 :
2712 1536 2731 1568 ι
2765 1516 2956 1574 Omnia
3009 1523 3213 1591 angelis
3255 1523 3411 1593 plena

1839 1609 1959 1654 sunt
1995 1617 2010 1656 :
2045 1603 2184 1667 veni,
2219 1604 2437 1675 angele,
2463 1609 2674 1678 suscipe
2706 1625 2956 1666 sermone
2982 1629 3301 1672 conversum
3339 1619 3408 1672 ab

1839 1707 2028 1749 errore
2055 1697 2306 1762 pristino,
2332 1713 2362 1752 a
2401 1700 2648 1754 doctrina
2681 1703 3092 1772 daemoniorum,
3117 1707 3184 1762 ab
3217 1709 3414 1779 iniqui-

1841 1793 1949 1840 tate
1994 1786 2047 1842 in
2097 1788 2276 1843 Altum
2329 1790 2580 1859 loquente
2616 1810 2630 1849 :
2661 1802 2715 1848 et
2759 1797 3059 1868 suscipiens
3103 1816 3228 1856 eum
3258 1803 3410 1871 quasi

1838 1879 2081 1935 medicus
2102 1882 2272 1936 bonus
2295 1885 2522 1940 confove
2557 1894 2719 1956 atque
2743 1888 2986 1947 institue.
3003 1890 3267 1948 Parvulus
3288 1907 3370 1950 est
3389 1914 3405 1963 ;

1841 1970 2000 2025 hodie
2049 1975 2291 2029 nascitur
2317 1991 2482 2031 senex
2510 1993 2900 2046 repuerascens
2926 1998 2942 2036 :
2971 1993 3024 2040 et
3054 1986 3266 2054 suscipe
3306 1988 3406 2040 tri-

1837 2060 2008 2116 buens
2056 2062 2106 2116 ei
2161 2063 2487 2133 baptismum
2539 2071 2793 2127 secundae
2849 2074 3320 2145 regenerationis,
3354 2087 3409 2132 et

1835 2152 2040 2205 advoca
2071 2155 2163 2208 tibi
2191 2156 2325 2211 alios
2359 2159 2539 2214 socios
2568 2160 2852 2216 ministerii
2892 2162 2990 2226 tui,
3025 2172 3081 2217 ut
3107 2166 3285 2220 cuncti
3308 2181 3405 2238 pa-

1835 2239 1967 2294 riter
2010 2256 2104 2296 eos
2156 2243 2247 2315 qui
2297 2245 2591 2314 aliquando
2618 2247 2824 2317 decepti
2852 2259 3011 2316 sunt,
3047 2254 3307 2307 erudiatis
3337 2256 3406 2309 ad

1831 2329 2012 2388 ﬁdem.
2044 2352 2063 2385 ι
2083 2334 2634 2390 Animadvertendum
2663 2347 2716 2392 et
2743 2339 2870 2394 illud
2903 2352 2987 2396 est
3013 2357 3044 2397 e
3069 2344 3165 2398 lib.
3187 2360 3224 2398 ll
3259 2347 3402 2415 Περὶ

1828 2419 2051 2497 ἀρχῶν,
2075 2441 2201 2498 cap.
2243 2427 2332 2492 10,
2370 2443 2516 2484 num.
2553 2425 2624 2484 7:
2669 2449 2687 2483 ι
2721 2430 2905 2490 Potest
2935 2446 3114 2490 autem
3153 2450 3208 2493 et
3244 2441 3404 2496 tertio

1829 2528 1992 2569 sensu
2038 2516 2167 2571 illud
2217 2518 2443 2594 intelligi
2480 2520 2547 2575 de
2583 2522 2848 2578 divisione
2876 2525 2999 2592 iata,
3043 2535 3102 2581 ut
3148 2531 3400 2598 quoniam

1829 2607 2120 2682 unicuique
2166 2609 2398 2664 ﬁdelium
2426 2652 2444 2679 ,
2488 2613 2701 2667 etiamsi
2737 2615 2992 2672 minimus
3032 2619 3104 2673 sit
3130 2619 3184 2674 in
3213 2620 3400 2676 Eccleo

1826 2698 1928 2760 sia,
1965 2700 2159 2754 adesse
2201 2701 2430 2772 angelus
2473 2703 2696 2769 dicitur,
2736 2707 2828 2775 qui
2875 2708 3038 2762 etiam
3075 2725 3292 2783 semper
3315 2713 3399 2767 vi-

1825 2789 1951 2844 dere
1981 2788 2179 2846 faciem
2233 2792 2328 2849 Dci
2363 2793 2546 2850 Patris
2577 2811 2607 2850 a
2639 2797 2923 2854 Salvatore
2952 2800 3308 2874 perhibetur;
3343 2814 3400 2858 et

1825 2882 1914 2937 hic
1942 2885 2033 2956 qui
2064 2885 2249 2957 utique
2285 2902 2450 2940 untnn
2480 2898 2599 2944 erat
2628 2905 2752 2944 cum
2781 2902 2846 2946 eo
2888 2893 2971 2946 cui
2999 2904 3247 2965 praeerat,
3277 2896 3322 2951 si
3351 2897 3397 2951 is

1823 2989 1918 3042 per
1950 2975 2368 3035 iuobcdientiatn
2397 2977 2664 3035 efﬁciatur
2689 2981 2963 3051 indignus,
2995 2985 3198 3040 auferri
3232 2987 3300 3042 ab
3325 3004 3392 3044 eo

1821 3064 1916 3123 Del
1941 3069 2164 3134 angelus
2189 3069 2434 3125 dicatur:
2461 3081 2518 3125 et
2547 3082 2672 3127 tunc
2698 3085 2822 3142 pars
2845 3072 2981 3146 ejus,
3011 3077 3064 3130 id
3085 3087 3170 3130 est
3200 3079 3392 3134 huma~

1820 3165 1904 3211 nae
1933 3167 2140 3212 natura:
2170 3172 2297 3227 pars
2326 3160 2513 3215 avulsa
2544 3178 2573 3215 a
2601 3161 2695 3215 Dei
2729 3175 2884 3233 parte
2913 3180 3035 3218 cum
3081 3166 3390 3227 infidelibus

1817 3247 2382 3320 deputatur,quoniam
2401 3253 2851 3309 commenitiones
2871 3258 3095 3325 appositi
3115 3259 3216 3314 sibi
3235 3277 3262 3313 a
3283 3262 3393 3320 Deo

155 3331 403 3404 Origenetn
455 3337 788 3407 assignasse
826 3355 840 3395 :
874 3337 1146 3409 geminum
1186 3343 1454 3412 siquidem
1500 3348 1711 3405 unicui-

1820 3316 1990 3410 angell
2025 3355 2128 3394 non
2149 3316 2395 3399 vlldelite‘r
2425 3344 2740 3399 eustodlvit.
2778 3363 2797 3397 ›
2833 3345 3003 3401 Τοηιο
3041 3363 3256 3424 quoque
3289 3367 3388 3410 xm

152 3439 235 3494 que
265 3427 520 3485 Ecclesia:
550 3445 798 3503 praeesse
825 3434 1068 3489 decrevit
1095 3435 1434 3507 episcopum,
1463 3451 1709 3511 aspecta-

151 3516 283 3578 biIctn
305 3517 494 3588 alium,
518 3524 698 3577 alium
719 3525 822 3578 sub
843 3525 1031 3582 oculos
1048 3529 1360 3598 neutiquam
1388 3533 1706 3600 cadentem;

151 3616 375 3671 suadente
403 3616 784 3688 Apocalypsis
811 3619 1051 3674 secundo
1078 3621 1274 3691 capite,
1319 3622 1410 3676 ubi
1444 3624 1612 3678 multa
1643 3627 1708 3680 de

150 3709 321 3776 angelis
369 3709 760 3765 Ecclesiarum
816 3710 1185 3765 Asiaticarum
1241 3727 1385 3767 cura:
1436 3713 1708 3782 pra-rectis

148 3801 478 3859 disseruntur.
513 3803 655 3870 Qua:
679 3803 974 3867 sententia,
1006 3804 1262 3872 quoniam
1311 3803 1569 3859 tralatitia
1599 3813 1704 3873 est,

148 3903 190 3950 et
210 3893 418 3952 Patrum
474 3910 757 3951 consensu
804 3895 1034 3950 subnixa
1060 3934 1078 3962 ,
1124 3895 1387 3952 addemus
1432 3912 1495 3951 ea
1527 3896 1704 3951 solum

147 3986 361 4059 Origenis
407 3990 583 4044 verba
623 4003 692 4042 ex
728 3987 918 4041 homil.
959 3987 1030 4040 23
1083 3988 1138 4041 in
1169 3985 1298 4040 Luc.
1334 3999 1354 4038 :
1391 4006 1409 4039 ι
1446 3985 1560 4056 Ego
1595 4002 1701 4046 non

146 4082 326 4153 ambigo
351 4093 406 4136 et
443 4084 500 4136 in
534 4092 688 4137 cmtu
734 4090 924 4136 nostro
958 4079 1149 4134 adesse
1192 4078 1438 4150 angelos,
1471 4095 1580 4134 non
1613 4094 1704 4135 so-

147 4175 233 4229 lum
279 4175 626 4246 generaliter
695 4173 841 4227 omni
869 4171 1152 4232 Ecclesia,
1182 4171 1276 4228 sed
1312 4172 1475 4224 etiam
1500 4169 1701 4241 sigilla-

145 4268 218 4322 tim
241 4285 256 4324 :
282 4271 346 4324 de
367 4269 577 4341 quibus
610 4265 864 4324 Salvator
893 4265 970 4324 ait
1000 4281 1015 4319 :
1055 4264 1244 4333 Ληρειὶ
1282 4280 1462 4352 eorum
1501 4279 1702 4335 semper

141 4363 280 4416 rident
326 4363 531 4432 faciem
572 4359 754 4415 Patris
785 4358 885 4411 mei
907 4357 998 4424 qui
1027 4355 1082 4410 in
1112 4355 1254 4410 cmlis
1281 4365 1356 4413 est
1391 4355 1458 4408 δι.
1493 4355 1698 4426 Duplex

141 4454 208 4510 hic
232 4457 376 4511 adest
428 4452 689 4512 Ecclesia
712 4491 729 4517 ,
765 4464 870 4505 una
909 4449 1183 4503 hominum
1211 4485 1228 4512 ,
1255 4447 1423 4501 altera
1478 4446 1696 4517 angelo-

140 4565 252 4605 ram.
279 4550 334 4605 Si
366 4546 688 4619 quidjuxta
725 4543 1009 4606 rationem,
1034 4549 1089 4595 et
1111 4541 1265 4610 juxta
1292 4537 1695 4606 Scripturarum

1813 3436 1869 3490 in
1895 3434 2114 3502 Matth.,
2154 3453 2302 3492 num.
2325 3437 2382 3502 6,
2409 3438 2540 3495 solis
2577 3439 2642 3494 iis
2677 3441 2978 3512 angelicam
3019 3443 3228 3500 videtur
3251 3447 3390 3501 assio

1813 3540 1980 3598 gnare
2011 3527 2264 3593 tutelam,
2299 3530 2388 3599 qui
2420 3544 2484 3585 ea
2532 3544 2592 3585 se
2619 3531 2810 3602 dignos
2851 3535 3202 3602 praestiterint
3230 3537 3387 3592 :"lvat

1811 3620 2118 3694 ἐνεργήσῃ,
2162 3621 2368 3688 inquit,
2415 3619 2634 3695 πνεῦμα
2689 3623 2998 3696 ἀκάθαρτον
3041 3627 3121 3689 εἰς
3160 3627 3251 3681 τὸν
3300 3629 3391 3688 διά

1807 3729 1958 3778 τινας
1988 3711 2166 3776 αἰτίας
2191 3713 2616 3785 παραδιδόμενον
2642 3713 2809 3787 αὐτῷ,
2845 3716 2939 3768 καὶ
2979 3717 3054 3793 μὴ
3087 3719 3388 3795 ποιήσαντα

1809 3803 2000 3857 ἑαυτὸν
2027 3803 2178 3870 ἄξιον
2205 3805 2447 3879 φρουρᾶς
2479 3805 2796 3876 ὰγγελικῆςσ
2819 3817 2872 3860 et
2908 3819 3051 3863 tonio
3086 3823 3346 3879 sequente
3366 3851 3385 3881 ,

1808 3910 1960 3952 num.
2000 3896 2094 3959 2i,
2142 3911 2322 3950 annon
2364 3897 2544 3951 anima
2593 3912 2711 3967 qua:
2742 3899 2920 3968 angeli
2973 3899 3192 3954 tutelam
3222 3901 3388 3962 fuerit

1806 3990 2136 4058 promerita,
2169 3989 2218 4047 ei
2253 3988 2424 4044 nubat
2447 4028 2462 4054 ,
2493 3989 2565 4043 ita
2602 3990 2866 4064 inquirit,
2901 4001 2958 4044 ut
3009 3987 3062 4046 id
3110 3991 3383 4049 aiilrmare

1807 4079 2086 4146 videatur;
2127 4079 2385 4149 additque
2411 4094 2531 4134 eam
2577 4074 2884 4152 hujusmodi
2939 4083 3171 4155 prtesidii
3205 4085 3380 4156 gratia

1807 4185 1962 4240 posse
1990 4171 2269 4236 excidere,
2301 4171 2345 4226 si
2394 4185 2500 4244 qua
2534 4169 2654 4226 labe
2699 4172 2899 4228 imitata
2941 4175 3265 4248 reperiatur;
3301 4178 3383 4231 al.

1805 4264 2013 4334 terique
2035 4264 2228 4334 subjici
2257 4259 2472 4336 angelo,
2495 4274 2657 4336 atque
2693 4265 2823 4323 item
2866 4268 3062 4334 alteri,
3096 4281 3256 4340 prout
3280 4289 3374 4327 θον

1803 4369 1920 4408 rum
1951 4369 2054 4426 ope
2085 4364 2140 4410 et
2169 4357 2446 4413 consortio
2474 4358 2747 4427 indignam
2791 4371 2853 4414 se
2885 4361 3232 4430 praestiterit;
3277 4379 3379 4419 nec

1800 4447 2000 4516 angeli,
2038 4461 2068 4502 a
2097 4462 2204 4521 quo
2232 4448 2400 4506 semel
2431 4451 2712 4518 repudiata
2743 4460 2847 4516 est,
2885 4454 3242 4523 patrocinium
3270 4455 3376 4510 ite-

1800 4555 1918 4594 rum
1951 4540 2062 4596 sibi
2091 4542 2356 4610 spondere
2385 4557 2561 4611 posse.
2589 4542 2776 4598 Utitur
2799 4544 2864 4596 ad
2895 4544 3010 4598 lucc
3036 4543 3156 4599 libri
3186 4545 3380 4601 Poste-

137 4641 332 4696 dicimus
356 4641 731 4703 voluntatem,
760 4634 1011 4690 laetantur
1035 4633 1232 4702 angeli,
1257 4643 1312 4686 et
1333 4640 1492 4686 orant
1513 4630 1696 4686 nobis—
1729 4660 1774 4716 υ
1800 4634 1874 4687 ris
1927 4635 2259 4693 auctoritate
2284 4679 2299 4701 ,
2341 4638 2432 4706 qui
2473 4636 2722 4691 homines
2773 4632 3049 4694 Christum
3100 4639 3374 4708 professos

133 4749 251 4788 cum.
296 4736 364 4792 Et
410 4733 548 4805 quia
595 4736 895 4801 praesentes
947 4725 1121 4796 angeli
1171 4734 1298 4780 sunt
1346 4723 1400 4780 in
1430 4722 1691 4786 Ecclesia,

133 4824 175 4879 in
201 4827 278 4881 illa
309 4832 592 4882 duntaxat
629 4837 752 4891 qua:
784 4827 1043 4882 meretur,
1089 4828 1143 4872 et
1179 4815 1379 4872 Christi
1415 4824 1498 4871 est
1522 4831 1692 4884 ,pro-

129 4929 282 4985 pterea
307 4919 612 4975 orantibus
668 4913 891 4969 feminis
921 4909 1233 4980 prazeipitur
1261 4908 1331 4974 “,
1372 4919 1430 4962 ut
1457 4909 1693 4964 habeant

129 5012 337 5067 velamen
389 5026 567 5080 super
597 5017 767 5077 caput
808 5013 1036 5075 propter
1075 5001 1292 5071 angelos
1317 5041 1332 5063 ,
1389 5001 1573 5070 utique
1626 5001 1691 5053 il-

126 5100 188 5154 los
226 5107 310 5174 qui
361 5105 641 5159 assistunt
691 5099 936 5162 sanctis,
984 5104 1040 5151 et
1091 5094 1342 5149 leuantur
1395 5093 1448 5148 itt
1503 5092 1690 5148 Eccle—

124 5195 205 5247 sia.
243 5215 263 5247 ι

177 5286 404 5346 XXVIII.
444 5287 522 5342 At
555 5291 626 5342 de
650 5282 860 5353 angelis
905 5282 1184 5338 hominum
1214 5277 1471 5334 custodite
1495 5274 1689 5345 praefe-

120 5374 223 5440 ctis,
243 5383 367 5449 quid
397 5379 646 5435 sentiret
675 5375 959 5444 Origenes,
978 5385 1184 5429 certum
1202 5388 1309 5426 non
1333 5370 1537 5425 habuit.
1552 5367 1686 5422 Nam

120 5469 324 5536 primum
357 5473 637 5540 relinquit
688 5467 910 5523 dubium
939 5509 954 5530 ,
994 5467 1299 5537 singulisne
1335 5464 1642 5519 hominibus
1667 5505 1684 5528 ,

117 5577 170 5615 an
196 5564 390 5620 Christi
423 5567 594 5620 ﬁdem
629 5562 806 5617 solum
855 5560 1129 5634 professis,
1177 5569 1229 5613 et
1257 5558 1459 5612 sanctis
1504 5565 1687 5611 custos

115 5655 311 5724 angelus
363 5658 717 5725 assignetur.
773 5653 1048 5710 Posterius
1089 5651 1220 5706 illud
1272 5650 1414 5705 tueri
1470 5649 1684 5703 videtur

117 5744 277 5805 homil.
305 5751 378 5805 20
409 5751 471 5804 in
529 5747 732 5810 Num.,
776 5760 923 5798 num.
967 5744 1020 5808 5,
1052 5753 1109 5798 et
1149 5742 1334 5796 homil.
1360 5740 1433 5794 25
1457 5740 1513 5795 in
1540 5738 1680 5798 103.,

169 5929 202 5960 “
238 5931 428 5987 Matth.
469 5945 636 5993 xvm,
682 5925 764 5979 Ili.
860 5925 901 5958 ’δ’
934 5925 1093 5981 lCor.
1131 5941 1204 5989 XI,
1235 5921 1322 5980 I0.

1801 4723 2050 4783 Michacli
2099 4727 2292 4800 subjici
2327 4727 2507 4796 docet,
2550 4729 2643 4783 scd
2673 4741 2895 4801 propter
2925 4731 3219 4802 voluptatis
3255 4741 3373 4786 stu--

1798 4817 1966 4883 dium,
1991 4816 2045 4873 in
2088 4820 2308 4877 tutelam
2332 4820 2578 4886 alterius,
2598 4823 2690 4892 qui
2715 4821 2925 4875 deliciis
2957 4832 3174 4890 praeest,
3207 4830 3375 4878 trans-

1799 4910 1897 4974 ire,
1934 4923 2044 4964 tum
2097 4911 2251 4964 alteri
2286 4912 2422 4964 tradi
2455 4912 2545 4980 qui
2579 4913 2790 4980 poenis,
2818 4927 2882 4965 ac
2929 4913 2978 4966 ei
3017 4905 3245 4982 .detnutn'
3279 4915 3372 4982 qui

1796 5001 2130 5069 ptenitentia:
2155 5002 2442 5072 praefectus
2464 5011 2563 5055 est.
2594 5000 2827 5058 Rursum
2852 4998 3040 5056 homil.
3065 5002 3136 5057 25
3163 5003 3215 5057 in
3241 5000 3367 5055 Luc.

1795 5092 2014 5158 angelus
2047 5105 2346 5160 prtescutes
2365 5108 2487 5148 esse
2514 5093 2673 5148 docet
2704 5093 2759 5148 in
2812 5106 2874 5145 ea
2915 5092 3090 5144 solum
3127 5091 3369 5149 Ecclesia

1799 5199 1818 5234 ι
1867 5197 1986 5252 quae
2011 5193 2274 5247 meretur,
2298 5194 2350 5236 et
2386 5183 2587 5239 Christi
2615 5191 2718 5236 est.
2774 5202 2794 5238 ι
2847 5183 2953 5237 Sed
2989 5193 3043 5236 et
3067 5182 3198 5238 mihi
3233 5200 3368 5254 pene

1792 5276 1920 5330 illud
1947 5275 2245 5337 exciderat,
2278 5278 2419 5343 quod
2441 5277 2516 5328 ait
2542 5276 2729 5333 homil.
2756 5277 2788 5330 5
2812 5279 2864 5330 in
2897 5275 3090 5342 Nam,
3129 5292 3278 5330 nunt.
3307 5278 3362 5339 3,

1797 5385 1814 5417 ι
1857 5365 1993 5420 Justi
2022 5366 2166 5420 enim
2215 5375 2342 5420 sunt
2365 5404 2380 5431 ,
2415 5366 2505 5434 qui
2559 5366 2804 5434 indigent
2839 5365 3107 5435 adiutorio
3139 5366 3361 5436 angelo-

1793 5476 1910 5513 rum
1941 5459 2074 5522 Dei,
2107 5457 2181 5512 uti
2230 5473 2299 5515 ne
2341 5473 2369 5510 a
2406 5457 2747 5514 daemonibus
2789 5457 3146 5521 subruantur,
3187 5468 3242 5511 et
3296 5474 3363 5511 ne

1790 5553 1956 5606 corda
1995 5566 2181 5605 eorum
2207 5550 2402 5619 sagitta
2441 5547 2658 5603 volante
2708 5549 2759 5603 in
2804 5544 3042 5604 tenebris
3083 5549 3360 5603 terebren~

1793 5621 1919 5711 tur;
1967 5663 1988 5697 ι
2017 5653 2071 5698 et
2114 5641 2258 5715 quod
2299 5643 2392 5698 lib.
2426 5655 2522 5696 vm
2550 5651 2737 5697 contra
2763 5635 2929 5707 Cels.,
2962 5656 3111 5695 num.
3145 5633 3238 5705 36,
3268 5642 3362 5698 ubi

1791 5739 1972 5792 datam
2007 5750 2126 5792 esse
2153 5733 2381 5792 daemoni
2421 5735 2708 5790 adversum
2736 5734 2931 5808 impios
2958 5740 3281 5807 potestatem
3304 5742 3362 5792 et
