3916 6528
423 437 526 489 ετξ)

1696 422 1756 480 P.
1801 422 2116 480 DANIELIS
2154 420 2395 476 HUETI!

3599 419 3705 474 880

425 556 709 624 imperium
743 549 977 620 fatetur;
1007 553 1226 600 sanctos
1254 552 1435 598 autem
1458 555 1487 596 a
1517 539 1737 596 Christo
1762 543 1996 613 protegi,
2031 549 2075 603 Α
2103 542 2184 597 vis
2221 549 2278 596 et
2314 541 2417 610 ipsi
2460 540 2689 609 apostoli
2735 539 2944 612 angelis
2978 513 3205 595 utantur
3231 539 3582 611 adiutoribus
3636 541 3705 594 ad

427 648 519 715 qui
541 652 728 708 contra
758 641 1060 694 dmmonum
1090 634 1333 689 assultus
1363 631 1585 701 angelos
1632 649 1764 688 suos
1796 643 2003 688 tutores

426 720 495 791 iis
533 731 757 789 addidit.
805 729 861 782 ld
906 726 1047 797 quod
1091 715 1332 793 suasisse
1369 722 1583 778 videtur
1622 722 1846 792 Origeni
1893 722 2002 776 Da-

424 826 662 881 vidicum
727 820 854 876 illul
921 817 1112 888 psalmi
1172 831 1368 879 xxxnt,
1429 817 1460 872 8
1504 834 1519 870 :
1561 833 1582 868 ι
1635 815 2004 872 Castrameta-

424 917 572 971 bitur
609 910 840 984 angelus
888 908 1099 982 Domini
1142 908 1194 963 in
1230 909 1462 962 circuitu
1496 905 1807 962 timentium
1855 921 2004 973 eum,

425 1019 481 1064 et
513 1006 703 1073 eripiet
738 1019 850 1070 eos.
887 1021 904 1053 ι

497 1103 551 1163 In
591 1096 866 1154 contraria
907 1102 1087 1148 autem
1130 1091 1259 1146 alibi
1307 1091 1578 1155 discedit,
1624 1099 1680 1145 et
1725 1089 2001 1146 neminem

426 1190 625 1249 asserit
663 1189 911 1258 angelico
954 1199 1144 1240 carere
1183 1183 1439 1254 praesidio
1489 1203 1500 1237 :
1543 1192 1670 1252 puta
1713 1191 1861 1236 tomo
1904 1196 2006 1234 xm

425 1291 480 1343 in
508 1284 729 1347 ΜαιιΙι.,
757 1297 906 1336 num.
931 1279 987 1342 5,
1028 1278 1120 1331 ubi
1145 1276 1381 1329 lunatico
1412 1275 1562 1340 huic,
1597 1290 1758 1346 quem
1795 1273 2009 1328 curavit

431 1379 730 1440 Dominus,
772 1371 1020 1443 angelum
1073 1370 1272 1423 bonum
1333 1365 1573 1420 adfuisse
1630 1365 1832 1430 docet,
1892 1372 2006 1418 tum

426 1475 588 1529 etiam
617 1485 737 1523 cum
779 1483 808 1522 a
839 1466 1085 1521 dazmone
1121 1470 1437 1524 vexaretur,
1485 1469 1539 1513 et
1591 1459 1826 1512 nondum
1862 1457 2008 1511 salu-

427 1577 599 1622 tarem
636 1562 837 1619 Christi
873 1575 1027 1629 opem
1071 1556 1329 1611 sensisset
1363 1573 1376 1608 :
1405 1552 1594 1624 Πατὴρ
1631 1552 1687 1606 δὲ
1726 1551 1820 1604 τοῦ
1858 1549 2009 1621 σελη-

428 1657 746 1729 νιαζομένου
768 1654 908 1724 τάχα
936 1654 964 1705 ὁ
991 1649 1171 1722 λαχὼν
1208 1646 1368 1702 αὑτὸν
1406 1644 1654 1713 ἄγγελος·
1687 1644 1795 1696 εἴτε
1827 1643 2010 1696 πᾶσαν

428 1733 644 1807 λεκτέον
686 1747 1036 1819 ἀνθρωπίνην
1080 1741 1258 1813 ψυχὴν
1307 1738 1414 1792 ὑπό
1455 1755 1558 1791 τινι
1613 1735 1872 1807 τετάχθαι
1916 1735 2014 1804 ἀγ-

429 1845 592 1918 γέλῳ.
640 1840 904 1897 lllustrior
932 1837 1092 1891 etiam
1121 1844 1205 1888 est
1250 1831 1399 1886 locus
1438 1829 1574 1884 alter
1615 1845 1680 1883 ex
1720 1827 1905 1883 homil.
1939 1826 2010 1881 55

2106 631 2432 701 explendum
2464 631 2856 700 praedicationis
2884 647 2994 686 suae
3032 636 3250 698 munus,
3266 643 3321 688 et
3353 649 3495 703 opus
3520 633 3630 687 Eva
3644 648 3701 686 n-

2107 723 2231 795 gelii
2265 727 2771 778 consummandam.
2817 723 2909 778 Sic
2943 725 3089 778 enim
3124 723 3408 780 dicebatur
3444 724 3500 778 in
3539 723 3696 778 Actis

2107 817 2208 874 bus
2257 813 2622 884 apostolorum
2649 813 2718 878 “,
2767 815 2893 883 quia
2931 815 3159 886 angelus
3190 813 3333 872 Petri
3380 823 3556 879 esset,
3607 812 3699 883 qui

2107 905 2352 974 pulsaret
2376 905 2444 958 ad
2473 905 2694 959 ostium.
2729 903 2994 959 Similiter
3023 919 3156 974 ergo
3202 905 3529 974 intelligitur
3580 917 3702 960 esse

2106 1007 2162 1053 et
2195 997 2332 1052 alius
2365 996 2514 1051 Pauli
2545 997 2769 1066 angelus
2794 1038 2809 1060 ,
2852 997 2995 1050 sicut
3021 1007 3104 1050 est
3146 996 3321 1068 Petri,
3351 1006 3406 1051 et
3446 995 3591 1050 alius
3622 995 3704 1050 al-

2107 1089 2278 1143 terius
2307 1087 2558 1159 apostoli,
2586 1098 2640 1142 et
2665 1089 3001 1160 singulorum
3045 1104 3141 1155 per
3171 1088 3447 1142 ordinem.
3487 1106 3507 1139 ι
3551 1086 3700 1155 Quo-

2109 1195 2231 1235 rum
2259 1180 2457 1234 similia
2495 1179 2657 1233 habet
2688 1179 2835 1234 hom.
2860 1177 2933 1231 25
2964 1179 3018 1230 in
3040 1177 3185 1244 λοι,
3222 1193 3372 1232 num.
3407 1177 3466 1231 5.

2184 1272 2377 1328 XXIX.
2426 1273 2628 1327 Praeter
2679 1271 2926 1326 homines
2958 1271 3349 1341 hominumque
3397 1278 3704 1334 conventus

2113 1380 2175 1420 ac
2197 1365 2518 1426 societates,
2549 1373 2662 1417 tum
2709 1361 3124 1428 ecclesiasticas,
3156 1372 3266 1416 tum
3296 1360 3576 1430 politicas,
3605 1375 3706 1417 an-.

2113 1456 2355 1527 gelorum
2384 1470 2528 1510 cura:
2565 1454 2857 1524 permissas
2885 1492 2900 1516 ,
2934 1453 3039 1508 alia
3075 1442 3306 1523 quoque
3335 1452 3584 1516 inanima
3615 1466 3704 1506 re-

2112 1548 2299 1617 gimini
2338 1549 2576 1616 ipsorum
2616 1545 2830 1601 subdita
2859 1560 2980 1601 esse
3004 1545 3270 1607 decrevit,
3298 1545 3570 1614 variaque
3590 1545 3703 1600 hac

2115 1639 2236 1694 illos
2267 1641 2476 1694 meritis
2503 1641 2618 1694 suis
2660 1638 2884 1693 sortitos
2917 1636 3091 1691 olIicia
3117 1677 3133 1700 ,
3169 1644 3229 1691 ut
3275 1637 3322 1691 si
3363 1637 3458 1704 qui
3513 1637 3703 1692 bestiis

2113 1730 2353 1800 praesint,
2389 1729 2576 1784 ferinis
2617 1726 2669 1781 id
2708 1729 2918 1781 actibus
2950 1727 3058 1780 sint
3085 1725 3402 1794 consecuti;
3452 1723 3548 1792 qui
3575 1738 3704 1778 vero

2115 1834 2423 1878 sanctorum
2457 1837 2644 1892 preces
2677 1820 2786 1875 Deo
2815 1819 3014 1875 offerre
3034 1819 3172 1890 jussi
3205 1819 3335 1882 sint,
3371 1832 3471 1869 sua
3504 1816 3716 1884 pietate

428 1903 485 1990 in
532 1903 663 1988 Luc.
711 1933 762 1984 in
793 1945 900 2002 quo
951 1925 1298 1998 parvulorum
1338 1924 1428 1998 qui
1463 1920 1715 1976 Ecclesiae
1747 1917 2015 1974 dederunt
2044 1903 2087 1958 Β
2117 1915 2168 1969 id
2204 1915 2446 1970 muneris
2472 1913 2872 1983 promeruerint
2904 1927 2921 1966 ι
2957 1911 3084 1966 hinc
3115 1909 3378 1978 Raphaeli
3416 1907 3704 1961 medicina:

431 2042 668 2094 nomen,
716 2022 936 2093 angelos
967 2019 1158 2074 faciem
1191 2017 1429 2072 caelestis
1477 2013 1656 2069 Patris
1690 2027 1905 2083 semper
1933 2011 2016 2064 vi—

431 2121 564 2175 dere
613 2122 915 2179 asseverat;
963 2109 1058 2180 qui
1094 2125 1222 2163 vero
1257 2108 1326 2162 ab
1360 2104 1600 2161 Ecclesia
1651 2103 1810 2158 alieni
1864 2111 2012 2172 sunt,

431 2225 619 2268 eorum
647 2206 870 2277 angelos
903 2206 969 2259 ad
1007 2200 1247 2256 et'elestis
1280 2198 1458 2254 Patris
1491 2196 1682 2251 faciem
1715 2195 1904 2250 oculos
1931 2203 2016 2246 at-

434 2302 622 2359 tollere
649 2314 753 2358 non
789 2297 1024 2362 audere;
1063 2302 1116 2349 et
1157 2307 1255 2363 pro
1304 2290 1583 2346 hominum
1633 2287 1737 2342 sibi
1769 2286 2014 2340 subdito-

432 2410 554 2450 rum
579 2391 794 2449 meritis
826 2405 890 2444 ac
914 2385 1239 2452 virtutibus,
1286 2382 1404 2452 plus
1449 2381 1727 2444 minusve,
1753 2377 1836 2432 vel
1874 2391 2017 2432 sem-

433 2501 552 2557 per,
584 2483 670 2537 vel
704 2495 976 2549 nunquam
1025 2476 1118 2530 Dci
1169 2476 1376 2529 vultum
1423 2469 1781 2541 contemplari
1830 2483 2012 2539 posse.

436 2575 577 2643 Quin
611 2573 777 2626 etiam
814 2568 1104 2636 unicuique
1131 2565 1349 2635 angelos
1377 2564 1512 2617 duos
1533 2602 1548 2627 ,
1577 2561 1778 2616 bonum
1807 2574 1971 2612 unum
1998 2597 2014 2624 ,

435 2666 637 2722 malum
683 2662 909 2717 alterum
943 2660 1134 2713 adesse
1167 2672 1272 2710 non
1307 2670 1413 2710 uno
1443 2653 1563 2710 loco
1610 2651 2012 2724 pronuntiavit,

455 2770 496 2818 ιι
529 2757 688 2829 paulo
716 2753 941 2811 inferius
981 2749 1348 2806 ostendemus.

509 2850 727 2920 Dubitat
756 2855 1017 2918 prazterea
1060 2841 1325 2911 Origenes
1355 2847 1535 2896 utrum
1572 2835 1641 2891 ab
1677 2836 1795 2906 ipso
1829 2833 2011 2890 statim

435 2955 559 3006 artu
588 2942 809 3014 angelus
836 2953 1018 2993 comes
1044 2933 1248 2991 homini
1279 2932 1472 2997 electo,
1505 2940 1560 2986 et
1583 2928 1742 2986 saluti
1773 2927 2018 2984 destina-

437 3046 494 3092 to
525 3034 844 3106 adiungatur
869 3046 898 3084 a
937 3029 1046 3085 Deo
1074 3070 1089 3096 ,
1120 3043 1188 3082 an
1224 3041 1253 3080 a
1283 3024 1574 3094 baptismo.
1619 3021 1834 3076 Prostat
1861 3020 2017 3074 locus

442 3138 586 3182 tomo
630 3139 727 3179 xm
760 3124 817 3176 in
857 3119 1078 3184 Matth”
1123 3132 1272 3171 num.
1323 3115 1413 3179 26,
1449 3114 1536 3168 ubi
1581 3110 1707 3165 illud
1740 3109 2018 3181 evangeli-

435 3230 535 3276 sta:
576 3219 624 3261 5’
675 3217 1015 3287 explanans:
1051 3231 1070 3265 t
1106 3211 1296 3266 Videte
1351 3222 1419 3263 ne
1451 3204 1811 3262 contemnatis
1849 3216 2014 3257 unum

437 3327 504 3367 ex
537 3309 621 3366 bis
649 3305 858 3378 pusillis
890 3345 905 3370 ,
938 3323 956 3356 ι
987 3301 1179 3372 quaerit
1209 3314 1391 3354 annon
1426 3297 1517 3366 qui
1558 3297 1609 3350 in
1634 3294 1855 3352 Christo
1884 3307 2013 3363 par-

436 3398 545 3455 vuli
577 3377 702 3454 sunt
731 3405 784 3452 et
806 3390 1465 3464 imperfecti,angelorum
1499 3386 1746 3441 custodia
1777 3393 2010 3456 egeant;
2048 3377 2054 3384 ’

439 3489 674 3560 majores
719 3493 898 3540 autem
934 3491 989 3539 et
1039 3479 1308 3552 perfecti,
1366 3476 1571 3533 Christi
1634 3475 1822 3544 ipsius.
1870 3473 2008 3528 Tum

436 3564 790 3650 quaestionem
825 3580 1302 3629 commemoratam
1331 3566 1608 3638 proponit,
1645 3565 1839 3633 ecquid
1865 3571 2013 3632 post-

439 3685 602 3740 quam
634 3669 742 3724 nati
763 3678 890 3722 sunt
917 3664 1170 3729 infantes,
1201 3677 1273 3716 an
1301 3669 1585 3730 postquam
1619 3655 1816 3721 renati,
1847 3667 2013 3724 ange-

439 3759 612 3814 lorum
646 3757 928 3814 custodum
952 3754 1225 3811 consortio
1254 3752 1521 3806 fruantur.
1550 3747 1850 3816 Utramque
1881 3744 2014 3800 locis

435 3867 472 3908 e
500 3850 783 3921 Scriptura
822 3847 1066 3918 quresitis
1092 3845 1244 3900 fulcit
1277 3843 1625 3906 sententiam,
1658 3837 1751 3894 sed
1777 3837 2013 3908 priorem

441 3941 714 4012 pluribus;
745 3938 1026 4010 posteriori
1057 3951 1185 3991 vero
1228 3945 1564 4003 consequens
1588 3942 1711 3984 esse
1743 3924 2012 3997 agnoscit,

438 4033 644 4106 angelis
698 4032 913 4086 Satanae
943 4029 1217 4084 subditum
1249 4039 1372 4081 esse
1421 4021 1696 4077 hominem
1726 4057 1744 4086 ,
1776 4018 2014 4088 quandiu

441 4126 602 4182 fidem
629 4123 829 4180 Christi
865 4136 972 4176 non
1001 4119 1259 4190 suscepit.
1297 4115 1541 4176 lusolens
1564 4121 1744 4166 autem
1775 4126 1839 4164 ac
1865 4111 2018 4164 dam-

440 4233 632 4274 nosum
670 4213 925 4286 esbquod
975 4210 1183 4282 adjicit,
1236 4205 1486 4275 angelum
1537 4203 1774 4258 fortasse
1806 4197 2014 4256 homini

443 4308 684 4380 nascenti
739 4305 1016 4360 custodem
1062 4300 1346 4363 additum,
1402 4295 1601 4350 malum
1656 4292 1812 4348 initio
1863 4305 2015 4356 esse;

439 4400 640 4456 Christi
666 4397 862 4453 deinde
896 4394 1199 4449 doctrinam
1229 4397 1544 4458 capessente
1571 4399 1760 4456 puero,
1792 4383 2016 4438 eosdem

443 4491 622 4546 facere
668 4501 987 4559 progressus
1019 4483 1263 4554 angelum
1290 4523 1308 4548 ,
1338 4493 1393 4536 et
1423 4479 1622 4534 faciem
1655 4477 1868 4531 demum
1903 4489 2018 4530 cte-

2117 2005 2351 2061 Studium
2411 2004 2576 2060 fuisse
2611 2005 2960 2059 commissum
2992 2041 3008 2065 ,
3061 2015 3156 2072 pro
3205 2014 3304 2055 sua
3363 1999 3419 2052 in
3454 1997 3704 2062 homines

2119 2097 2421 2162 charitate;
2462 2094 2711 2149 Micliaeli
2738 2136 2752 2159 ,
2785 2096 3096 2148 orationum
3128 2091 3239 2146 Deo
3293 2089 3702 2145 olferendarum

2119 2188 2432 2241 mandatum
2455 2185 2636 2241 fuisse
2664 2201 2893 2252 munus;
2927 2183 3192 2246 Gabrieli,
3226 2182 3498 2237 bellorum
3527 2183 3702 2244 admi-

2117 2277 2512 2332 nistrationem.
2568 2276 2816 2348 Legenda
2867 2277 2918 2330 in
2957 2290 3078 2330 eam
3129 2274 3459 2329 sententiam
3510 2271 3700 2326 homil.

2116 2368 2184 2422 14
2224 2368 2276 2421 in
2309 2365 2499 2431 Nam,
2529 2383 2679 2421 num.
2711 2369 2769 2434 2,
2817 2381 2940 2438 pag.
2989 2365 3095 2421 525
3118 2404 3136 2431 ,
3163 2379 3268 2434 qua
3306 2364 3550 2433 plantis,
3581 2362 3706 2416 ani-

2117 2461 2349 2516 malibus
2372 2501 2388 2526 ,
2427 2459 2844 2530 animaliumque
2872 2458 3096 2524 fetibus,
3119 2451 3477 2520 etercitibus,
3507 2454 3706 2510 rebus-

2118 2569 2224 2623 que
2277 2553 2400 2607 aliis
2441 2551 2692 2616 terrenis,
2725 2552 2818 2607 sed
2851 2561 2908 2607 et
2936 2550 3142 2607 sanctis
3169 2549 3454 2619 operibus,
3487 2563 3710 2616 rerum-

2120 2659 2227 2714 que
2267 2643 2571 2699 divinarum
2620 2643 2897 2700 tradendae
2944 2645 3182 2700 scientiae
3213 2641 3438 2714 angelos
3471 2655 3711 2708 praeesse

2117 2737 2337 2803 asserit,
2365 2737 2774 2808 cavendumque
2805 2736 2983 2790 sancit
3011 2753 3076 2792 ne
3105 2735 3336 2791 terrenis
3365 2732 3538 2788 dediti
3564 2731 3710 2787 acti-

2116 2829 2218 2884 bus
2265 2838 2320 2884 et
2366 2827 2664 2898 corporeis,
2702 2827 2840 2881 inter
2891 2827 3173 2898 deputatas
3211 2827 3276 2881 iis
3312 2825 3714 2880 administran-

2119 2921 2205 2976 dis
2260 2919 2482 2992 angelos
2518 2919 2880 2989 reperiantur.
2922 2918 3168 2990 Legenda
3213 2929 3267 2972 et
3312 2916 3509 2973 homil.
3551 2914 3624 2968 25
3655 2915 3713 2970 i-t

2115 3012 2262 3078 λοι,
2297 3029 2446 3066 num.
2475 3010 2531 3077 5,
2568 3019 2624 3066 et
2651 3009 2839 3064 homil.
2888 3011 2955 3064 10
3002 3011 3054 3065 iu
3084 3010 3306 3076 Jerem.,
3347 3024 3500 3065 num.
3540 3007 3595 3078 6,
3655 3013 3714 3060 et

2118 3118 2237 3171 cap.
2276 3101 2310 3157 8
2355 3102 2476 3156 libri
2525 3117 2543 3156 1
2589 3101 2727 3169 Περὶ
2762 3099 2984 3169 ἀρχῶν,
3039 3117 3186 3156 num.
3240 3101 3294 3166 1,
3331 3109 3388 3156 et
3421 3099 3562 3155 liber
3609 3112 3713 3152 vru

2121 3204 2305 3248 contra
2343 3191 2510 3257 Cels.,
2542 3208 2697 3246 num.
2745 3193 2834 3259 5|,
2886 3207 2994 3262 quo
3022 3191 3346 3263 Epicureum
3390 3190 3544 3246 illum
3573 3205 3713 3245 con-

2122 3287 2307 3343 futaus
2339 3286 2736 3356 philosophum,
2804 3299 2986 3342 rerum
3043 3284 3326 3348 omnium,
3375 3298 3502 3356 qua:
3531 3283 3582 3336 in
3627 3283 3715 3337 his

2115 3379 2469 3435 inferioribus
2509 3388 2775 3448 geruntur
2803 3375 2936 3432 locis
2966 3415 2982 3442 ,
3013 3375 3460 3447 procurationem
3494 3375 3550 3430 in
3598 3375 3710 3430 dte-

2117 3485 2311 3525 mones
2343 3470 2796 3524 transcribentem
2825 3507 2842 3534 ,
2872 3467 3080 3540 angelis
3106 3467 3260 3538 quasi
3289 3482 3356 3522 ex
3385 3467 3516 3537 jure
3546 3483 3714 3521 manu

2122 3559 2435 3617 confertum
2471 3561 2694 3628 reperit,
2740 3560 2879 3615 mala
2915 3559 3111 3623 solum,
3143 3569 3193 3613 et
3247 3559 3618 3623 incommoda,
3658 3569 3716 3614 et

2115 3668 2236 3724 quae
2267 3653 2501 3707 humano
2547 3651 2734 3721 generi
2789 3651 2946 3706 noxia
3007 3659 3168 3714 sunt,
3199 3649 3526 3704 sterilitates
3557 3661 3709 3719 puta,

2117 3745 2482 3808 calamitates,
2513 3745 2809 3810 siccitates,
2847 3742 3207 3812 pestilentiam
3239 3781 3253 3803 ,
3287 3740 3508 3811 aliaque
3536 3741 3587 3794 id
3616 3755 3712 3812 ge.

2117 3851 2219 3891 nus
2236 3836 2304 3891 ad
2321 3845 2570 3890 auctores
2592 3836 2865 3890 dmmones
2877 3835 3136 3896 referens,
3157 3833 3566 3902 divinojudicio
3585 3849 3714 3888 cer-

2121 3929 2190 3983 tis
2232 3927 2561 3997 temporibus
2588 3927 2730 3998 hanc
2777 3928 3063 3993 adversum
3097 3925 3350 3979 homines
3377 3935 3713 3995 potestatem

2119 4020 2498 4074 nanciscentes
2524 4058 2539 4082 ,
2590 4018 2683 4072 sed
2734 4017 2994 4071 adversus
3031 4017 3224 4086 impios
3276 4017 3622 4086 praesertim,
3659 4025 3717 4072 et

2123 4129 2152 4168 a
2210 4113 2305 4168 Dei
2356 4111 2502 4166 cultu
2553 4112 2781 4167 alienos.
2830 4111 3214 4166 Verumtamen
3263 4109 3404 4165 libro
3443 4107 3718 4177 [Iapldp-

2119 4203 2245 4274 χῶν
2269 4219 2348 4268 ιιι,
2379 4219 2498 4274 cap.
2527 4202 2584 4264 5,
2623 4218 2770 4256 num.
2805 4202 2860 4265 2,
2893 4201 2948 4264 5,
2987 4201 3396 4271 disciplinarum
3428 4209 3484 4254 et
3507 4200 3711 4252 artium

2121 4305 2446 4366 potestatem
2516 4294 2851 4364 spiritalibus
2914 4293 3240 4363 quibusdam
3305 4291 3492 4346 mundi
3555 4290 3718 4360 hujus

2121 4387 2356 4458 energiis
2422 4401 2486 4440 ae
2535 4385 2830 4441 virtutibus
2874 4383 3135 4450 ascribit;
3193 4392 3358 4452 atque
3403 4381 3530 4437 inde
3569 4381 3721 4436 exsi-

2122 4488 2266 4535 stere
2332 4480 2543 4534 furores
2613 4479 2896 4550 poeticos,
2953 4476 3312 4531 divinationes
3369 4483 3425 4532 et
3483 4475 3720 4542 magiam

444 4583 594 4638 lestis
621 4557 799 4634 Patris
832 4586 1108 4648 spectare:
1137 4573 1220 4628 vel
1242 4573 1470 4628 fortasse
1497 4569 1744 4641 angelum
1779 4565 2013 4632 homini,
2050 4595 2092 4650 D
2123 4557 2460 4634 arbitra/tur.
2530 4569 2662 4636 Qum
2739 4583 2871 4623 sane
2942 4579 3008 4620 ex
3091 4563 3404 4619 amcorum
3444 4602 3460 4627 ,
3535 4561 3724 4616 Musas

443 4673 527 4728 vel
576 4672 846 4727 hominem
892 4667 1082 4738 angelo
1129 4666 1317 4721 salutis
1366 4673 1646 4719 auctorem
1691 4659 1960 4715 exsistere
1997 4673 2014 4723 ;

444 4763 729 4821 nonnullos
751 4776 879 4815 vero
904 4775 934 4814 e
959 4759 1262 4814 tutelarium
1292 4759 1607 4828 angelorum
1646 4765 1871 4806 numero
1894 4748 2014 4802 Pa—

445 4859 544 4913 tris
574 4855 814 4930 cmlestis
842 4863 1056 4922 aspectu
1108 4865 1322 4920 semper
1375 4849 1502 4902 frui.
1539 4844 1742 4900 Deinde
1787 4841 2019 4911 Opponit

443 4949 545 5021 sibi
567 4947 710 5019 quod
737 4948 786 5000 in
822 4945 974 4998 Actis
995 4943 1364 5008 apostolorum
1398 4937 1660 5006 scriptum
1687 4941 1769 4987 est
1798 4932 1867 4996 “,
1905 4929 2021 5000 pul-

442 5047 597 5094 sante
620 5037 815 5098 ostium
847 5034 1026 5097 Petro,
1062 5030 1152 5098 qui
1195 5029 1340 5082 intus
1371 5038 1547 5091 erant,
1581 5023 1748 5092 ipsius
1776 5035 1896 5074 esse
1921 5034 2021 5072 an-

443 5130 618 5201 gelum
649 5124 1066 5202 pronuntiasse;
1099 5136 1204 5175 non
1251 5134 1381 5188 ergo
1414 5115 1667 5186 perfectis
1700 5111 1978 5168 Christum
2004 5149 2019 5174 ,

445 5225 540 5278 sed
569 5217 819 5290 angelum
853 5216 1038 5280 itidem
1063 5223 1120 5266 ut
1147 5209 1374 5279 reliquis
1405 5208 1699 5269 assistere;
1731 5204 2022 5273 respondet

445 5329 543 5383 pro
567 5313 818 5381 dogmate
844 5308 1167 5364 sententiam
1195 5304 1408 5358 illorum
1443 5300 1751 5366 neutiquam
1778 5310 1901 5350 esse
1928 5295 2020 5346 ha-

445 5382 697 5465 bendam,
722 5399 907 5468 quisic
929 5396 1190 5451 sentiunt.
1221 5394 1405 5461 Itaque
1431 5387 1620 5443 homil.
1645 5386 1714 5438 2i
1748 5386 1801 5436 in
1832 5382 2022 5446 Num.,

449 5509 597 5547 num.
628 5493 685 5557 5,
711 5491 876 5560 justis
912 5499 966 5544 et
993 5487 1180 5542 electis
1231 5487 1404 5554 ipsum
1456 5481 1647 5534 adesse
1700 5477 1980 5530 Dominum
2009 5514 2024 5539 ,

452 5585 799 5640 inferioribus
835 5597 964 5636 vero
1002 5580 1222 5654 angelos
1273 5575 1492 5631 disertis
1536 5572 1719 5628 verbis
1766 5570 2020 5625 affirmat.

450 5679 540 5734 Sic
569 5680 684 5752 ipse
708 5674 1095 5746 tamethon‘til.
1127 5673 1182 5726 ll
1219 5674 1273 5724 in
1302 5669 1488 5734 Num.,
1523 5683 1671 5722 num.
1698 5667 1761 5719 4:
1783 5685 1800 5715 ι
1829 5666 2026 5731 Quam~

528 5879 568 5909 ³³
599 5879 781 5932 Matth.
824 5894 972 5942 mu,
1011 5877 1097 5930 l0.
1173 5876 1217 5906 δ’
1246 5877 1364 5930 Act.
1399 5892 1495 5942 xu,
1536 5876 1619 5939 l5,
1646 5875 1729 5927 15.

2125 4661 2388 4732 quasdam
2431 4660 2799 4714 doctrinarum
2834 4657 3092 4730 praesides
3120 4698 3135 4722 ,
3174 4666 3230 4710 et
3271 4653 3403 4709 deos
3445 4651 3724 4724 pauc-qr:-

2125 4768 2225 4814 τας
2253 4737 2601 4820 fingentium,
2641 4749 2911 4818 theologia
2937 4749 3190 4802 videntur
3217 4758 3342 4799 esse
3381 4743 3579 4810 petita.

2200 4839 2372 4896 XXX.
2414 4839 2692 4894 Hactenus
2725 4841 2791 4894 de
2834 4838 3096 4893 alterutra
3126 4834 3451 4906 angelorum
3486 4831 3569 4887 vel
3621 4831 3724 4884 bo.

2131 4950 2324 4990 norum
2361 4933 2443 4987 vel
2475 4932 2736 4987 malorum
2769 4932 3057 5002 stipatione
3079 4969 3094 4994 ,
3142 4917 3399 5000 gentibus
3428 4965 3444 4991 ,
3479 4925 3720 4980 homini-

2132 5027 2254 5089 bus,
2281 5034 2336 5078 et
2376 5022 2629 5076 inanimis
2659 5022 2826 5076 etiam
2876 5022 3040 5076 rebus
3075 5018 3262 5073 addita
3288 5058 3304 5084 ,
3335 5017 3492 5086 juxta
3528 5012 3725 5083 Orige-

2131 5116 2217 5170 nis
2246 5113 2572 5171 sententiam
2604 5114 2989 5168 disseruimus.
3021 5110 3180 5165 Nune
3227 5109 3297 5164 de
3334 5119 3721 5172 utrorumque,

2129 5208 2395 5267 bonorum
2437 5207 2597 5264 simul
2640 5217 2696 5262 et
2739 5208 3004 5262 malorum
3038 5204 3354 5274 angelorum
3384 5199 3640 5274 gentibus
3669 5209 3726 5253 et

2129 5301 2446 5357 hominibus
2503 5301 2879 5367 aSS‘isit‘entium
2935 5300 3197 5354 comitatu
3242 5303 3493 5366 quaenam
3550 5291 3618 5345 ab
3658 5307 3726 5346 eo

2132 5396 2326 5450 tradita
2353 5395 2464 5450 sint
2490 5436 2505 5460 ,
2530 5395 2891 5462 disputemus.
2921 5391 3088 5446 Malos
3120 5390 3346 5459 angelos
3387 5387 3536 5443 haud
3562 5400 3727 5440 secus

2130 5501 2196 5542 ac
2236 5489 2407 5544 bonos
2455 5487 2509 5540 in
2558 5495 2750 5556 gentes
2781 5493 2965 5539 tenere
3017 5491 3344 5552 potestatein
3397 5480 3598 5534 scitum
3635 5487 3726 5529 est

2129 5578 2380 5650 Origenis
2414 5579 2509 5634 lib.
2552 5594 2645 5632 vni
2685 5589 2870 5630 contra
2910 5574 3144 5639 Celsum,
3177 5588 3332 5627 num.
3365 5571 3457 5636 54,
3488 5579 3544 5623 et
3565 5569 3722 5620 hom.

2133 5669 2198 5722 l2
2222 5671 2275 5723 in
2314 5668 2442 5726 Luc.
2475 5683 2494 5722 :
2524 5686 2542 5720 ι
2581 5665 2769 5737 Neque
2795 5661 2942 5722 enim
2975 5704 2990 5731 ,
3032 5664 3228 5734 inquit,
3259 5662 3345 5718 fas
3375 5668 3460 5716 est
3485 5655 3732 5712 credere

1808 5874 1851 5904 "
1883 5873 2010 5928 ibid.
2043 5870 2129 5926 15.
