  <div class='ocr_page' id='page_1' title='image "/cluster/home/n/w/nwhite01/storage/ocr_20150623/17/hvd.32044051719607/452.png"; bbox 0 0 3898 6530; ppageno 0'>
   <div class='ocr_carea' id='block_1_1' title="bbox 142 523 240 580">
    <p class='ocr_par' dir='ltr' id='par_1_1' title="bbox 142 523 240 580">
     <span class='ocr_line' id='line_1_1' title="bbox 142 523 240 580; baseline -0.02 0"><span class='ocrx_word' id='word_1_1' title='bbox 142 523 240 580; x_wconf 75' lang='lat'><strong>881</strong></span> 
     </span>
    </p>
   </div>
   <div class='ocr_carea' id='block_1_2' title="bbox 994 500 2583 581">
    <p class='ocr_par' dir='ltr' id='par_1_2' title="bbox 994 500 2583 581">
     <span class='ocr_line' id='line_1_2' title="bbox 994 500 2583 581; baseline -0.003 -8"><span class='ocrx_word' id='word_1_2' title='bbox 994 515 1568 573; x_wconf 67' lang='lat' dir='ltr'><strong>ORIGENIANORUM</strong></span> <span class='ocrx_word' id='word_1_3' title='bbox 1609 515 1739 570; x_wconf 76' lang='lat' dir='ltr'><strong>un.</strong></span> <span class='ocrx_word' id='word_1_4' title='bbox 1784 513 1847 581; x_wconf 93' lang='lat' dir='ltr'><strong>ll,</strong></span> <span class='ocrx_word' id='word_1_5' title='bbox 1889 513 2043 569; x_wconf 75' lang='lat' dir='ltr'><strong>CAP.</strong></span> <span class='ocrx_word' id='word_1_6' title='bbox 2086 500 2151 581; x_wconf 89' lang='lat' dir='ltr'><strong>ll,</strong></span> <span class='ocrx_word' id='word_1_7' title='bbox 2194 513 2474 581; x_wconf 65' lang='lat' dir='ltr'><strong>QUEST.</strong></span> <span class='ocrx_word' id='word_1_8' title='bbox 2517 511 2583 569; x_wconf 87' lang='lat' dir='ltr'><strong>v.</strong></span> 
     </span>
    </p>
   </div>
   <div class='ocr_carea' id='block_1_3' title="bbox 3312 514 3415 567">
    <p class='ocr_par' dir='ltr' id='par_1_3' title="bbox 3312 514 3415 567">
     <span class='ocr_line' id='line_1_3' title="bbox 3312 514 3415 567; baseline -0.019 0"><span class='ocrx_word' id='word_1_9' title='bbox 3312 514 3415 567; x_wconf 70' lang='lat'><strong>882</strong></span> 
     </span>
    </p>
   </div>
   <div class='ocr_carea' id='block_1_4' title="bbox 145 619 3445 707">
    <p class='ocr_par' dir='ltr' id='par_1_4' title="bbox 145 619 3445 707">
     <span class='ocr_line' id='line_1_4' title="bbox 145 619 3445 707; baseline -0.004 -14"><span class='ocrx_word' id='word_1_10' title='bbox 145 640 317 694; x_wconf 86' lang='lat' dir='ltr'><strong>malos</strong></span> <span class='ocrx_word' id='word_1_11' title='bbox 350 638 573 707; x_wconf 87' lang='lat' dir='ltr'><strong>angelos</strong></span> <span class='ocrx_word' id='word_1_12' title='bbox 610 637 724 692; x_wconf 89' lang='lat' dir='ltr'><strong>suis</strong></span> <span class='ocrx_word' id='word_1_13' title='bbox 776 652 1009 705; x_wconf 71' lang='lat' dir='ltr'><strong>praeesse</strong></span> <span class='ocrx_word' id='word_1_14' title='bbox 1057 637 1391 705; x_wconf 86' lang='lat' dir='ltr'><strong>provinciis,</strong></span> <span class='ocrx_word' id='word_1_15' title='bbox 1441 648 1493 690; x_wconf 87' lang='lat' dir='ltr'><strong>ct</strong></span> <span class='ocrx_word' id='word_1_16' title='bbox 1548 635 1718 689; x_wconf 88' lang='lat' dir='ltr'><strong>bonos</strong></span> <span class='ocrx_word' id='word_1_17' title='bbox 1755 650 1793 702; x_wconf 74' lang='grc' dir='ltr'>Α</span> <span class='ocrx_word' id='word_1_18' title='bbox 1831 637 1957 689; x_wconf 88' lang='lat' dir='ltr'><strong>vitio</strong></span> <span class='ocrx_word' id='word_1_19' title='bbox 1997 635 2288 702; x_wconf 86' lang='lat' dir='ltr'><strong>unicuique</strong></span> <span class='ocrx_word' id='word_1_20' title='bbox 2346 646 2581 702; x_wconf 62' lang='lat' dir='ltr'><strong>prmesse</strong></span> <span class='ocrx_word' id='word_1_21' title='bbox 2632 630 2930 684; x_wconf 61' lang='lat' dir='ltr'><strong>daemonem</strong></span> <span class='ocrx_word' id='word_1_22' title='bbox 3006 644 3207 694; x_wconf 82' lang='lat' dir='ltr'><strong>unum,</strong></span> <span class='ocrx_word' id='word_1_23' title='bbox 3256 619 3445 697; x_wconf 75' lang='lat' dir='ltr'><strong>eique&#39;</strong></span> 
     </span>
    </p>
   </div>
   <div class='ocr_carea' id='block_1_5' title="bbox 144 726 1727 799">
    <p class='ocr_par' dir='ltr' id='par_1_5' title="bbox 144 726 1727 799">
     <span class='ocr_line' id='line_1_5' title="bbox 144 726 1727 799; baseline -0.003 -15"><span class='ocrx_word' id='word_1_24' title='bbox 144 746 252 785; x_wconf 90' lang='lat' dir='ltr'><strong>non</strong></span> <span class='ocrx_word' id='word_1_25' title='bbox 289 731 512 783; x_wconf 87' lang='lat' dir='ltr'><strong>easdem</strong></span> <span class='ocrx_word' id='word_1_26' title='bbox 551 729 859 799; x_wconf 88' lang='lat' dir='ltr'><strong>provincias</strong></span> <span class='ocrx_word' id='word_1_27' title='bbox 892 727 1096 780; x_wconf 83' lang='lat' dir='ltr'><strong>habere</strong></span> <span class='ocrx_word' id='word_1_28' title='bbox 1137 731 1453 796; x_wconf 86' lang='lat' dir='ltr'><strong>permissas.</strong></span> <span class='ocrx_word' id='word_1_29' title='bbox 1491 747 1509 777; x_wconf 75' lang='grc' dir='ltr'><strong>ι</strong></span> <span class='ocrx_word' id='word_1_30' title='bbox 1557 726 1727 796; x_wconf 71' lang='lat' dir='ltr'><strong>Lrgcs</strong></span> 
     </span>
    </p>
   </div>
   <div class='ocr_carea' id='block_1_6' title="bbox 142 816 1727 888">
    <p class='ocr_par' dir='ltr' id='par_1_6' title="bbox 142 816 1727 888">
     <span class='ocr_line' id='line_1_6' title="bbox 142 816 1727 888; baseline -0.003 -12"><span class='ocrx_word' id='word_1_31' title='bbox 142 822 347 876; x_wconf 80' lang='lat' dir='ltr'><strong>similia</strong></span> <span class='ocrx_word' id='word_1_32' title='bbox 396 820 491 874; x_wconf 90' lang='lat' dir='ltr'><strong>lib.</strong></span> <span class='ocrx_word' id='word_1_33' title='bbox 533 835 590 873; x_wconf 95' lang='grc' dir='ltr'><strong>ιιι</strong></span> <span class='ocrx_word' id='word_1_34' title='bbox 626 819 765 887; x_wconf 75' lang='grc' dir='ltr'><strong>Περὶ</strong></span> <span class='ocrx_word' id='word_1_35' title='bbox 795 816 1016 888; x_wconf 77' lang='grc' dir='ltr'><strong>ἀρχῶν,</strong></span> <span class='ocrx_word' id='word_1_36' title='bbox 1054 833 1173 888; x_wconf 88' lang='lat' dir='ltr'><strong>cap.</strong></span> <span class='ocrx_word' id='word_1_37' title='bbox 1221 818 1274 881; x_wconf 79' lang='lat'><strong>3,</strong></span> <span class='ocrx_word' id='word_1_38' title='bbox 1324 834 1472 873; x_wconf 89' lang='lat' dir='ltr'><strong>nunt.</strong></span> <span class='ocrx_word' id='word_1_39' title='bbox 1500 818 1558 881; x_wconf 72' lang='lat'><strong>2,</strong></span> <span class='ocrx_word' id='word_1_40' title='bbox 1588 818 1643 881; x_wconf 79' lang='lat'><strong>3,</strong></span> <span class='ocrx_word' id='word_1_41' title='bbox 1673 828 1727 871; x_wconf 88' lang='lat' dir='ltr'><strong>et</strong></span> 
     </span>
    </p>
   </div>
   <div class='ocr_carea' id='block_1_7' title="bbox 144 908 1725 980">
    <p class='ocr_par' dir='ltr' id='par_1_7' title="bbox 144 908 1725 980">
     <span class='ocr_line' id='line_1_7' title="bbox 144 908 1725 980; baseline -0.005 -9"><span class='ocrx_word' id='word_1_42' title='bbox 144 917 299 972; x_wconf 84' lang='lat' dir='ltr'><strong>hom.</strong></span> <span class='ocrx_word' id='word_1_43' title='bbox 331 917 364 970; x_wconf 91' lang='lat'><strong>9</strong></span> <span class='ocrx_word' id='word_1_44' title='bbox 392 914 448 969; x_wconf 81' lang='lat' dir='ltr'><strong>in</strong></span> <span class='ocrx_word' id='word_1_45' title='bbox 472 913 685 979; x_wconf 82' lang='lat' dir='ltr'><strong>Genes.,</strong></span> <span class='ocrx_word' id='word_1_46' title='bbox 736 929 884 967; x_wconf 89' lang='lat' dir='ltr'><strong>num.</strong></span> <span class='ocrx_word' id='word_1_47' title='bbox 906 913 962 976; x_wconf 79' lang='lat'><strong>&#39;5,</strong></span> <span class='ocrx_word' id='word_1_48' title='bbox 993 908 1047 965; x_wconf 89' lang='lat' dir='ltr'><strong>in</strong></span> <span class='ocrx_word' id='word_1_49' title='bbox 1084 929 1187 980; x_wconf 90' lang='lat' dir='ltr'><strong>qua</strong></span> <span class='ocrx_word' id='word_1_50' title='bbox 1219 912 1479 980; x_wconf 72' lang='lat' dir='ltr'><strong>apostolis</strong></span> <span class='ocrx_word' id='word_1_51' title='bbox 1501 911 1725 965; x_wconf 81' lang='lat' dir='ltr'><strong>verbum</strong></span> 
     </span>
    </p>
   </div>
   <div class='ocr_carea' id='block_1_8' title="bbox 142 1004 1727 1077">
    <p class='ocr_par' dir='ltr' id='par_1_8' title="bbox 142 1004 1727 1077">
     <span class='ocr_line' id='line_1_8' title="bbox 142 1004 1727 1077; baseline -0.006 -13"><span class='ocrx_word' id='word_1_52' title='bbox 142 1008 243 1064; x_wconf 86' lang='lat' dir='ltr'><strong>Dei</strong></span> <span class='ocrx_word' id='word_1_53' title='bbox 277 1007 701 1077; x_wconf 75' lang='lat' dir='ltr'><strong>praedicantibus</strong></span> <span class='ocrx_word' id='word_1_54' title='bbox 732 1007 797 1059; x_wconf 90' lang='lat' dir='ltr'><strong>ad</strong></span> <span class='ocrx_word' id='word_1_55' title='bbox 838 1005 1174 1059; x_wconf 74' lang='lat' dir='ltr'><strong>iracundiam</strong></span> <span class='ocrx_word' id='word_1_56' title='bbox 1223 1008 1527 1057; x_wconf 87' lang='lat' dir='ltr'><strong>concitatos</strong></span> <span class='ocrx_word' id='word_1_57' title='bbox 1558 1004 1727 1056; x_wconf 71' lang='lat' dir='ltr'><strong>fuiSse</strong></span> 
     </span>
    </p>
   </div>
   <div class='ocr_carea' id='block_1_9' title="bbox 139 1093 1726 1168">
    <p class='ocr_par' dir='ltr' id='par_1_9' title="bbox 139 1093 1726 1168">
     <span class='ocr_line' id='line_1_9' title="bbox 139 1093 1726 1168; baseline -0.006 -14"><span class='ocrx_word' id='word_1_58' title='bbox 139 1100 282 1154; x_wconf 87' lang='lat' dir='ltr'><strong>dicit</strong></span> <span class='ocrx_word' id='word_1_59' title='bbox 324 1098 547 1168; x_wconf 79' lang='lat' dir='ltr'><strong>angelos</strong></span> <span class='ocrx_word' id='word_1_60' title='bbox 591 1096 709 1149; x_wconf 82' lang='lat' dir='ltr'><strong>illos</strong></span> <span class='ocrx_word' id='word_1_61' title='bbox 738 1136 753 1159; x_wconf 96' lang='lat'><strong>,</strong></span> <span class='ocrx_word' id='word_1_62' title='bbox 786 1095 877 1161; x_wconf 85' lang='lat' dir='ltr'><strong>qui</strong></span> <span class='ocrx_word' id='word_1_63' title='bbox 916 1093 1159 1163; x_wconf 84' lang='lat' dir='ltr'><strong>singulas</strong></span> <span class='ocrx_word' id='word_1_64' title='bbox 1206 1109 1445 1161; x_wconf 84' lang='lat' dir='ltr'><strong>quasque</strong></span> <span class='ocrx_word' id='word_1_65' title='bbox 1479 1093 1726 1145; x_wconf 90' lang='lat' dir='ltr'><strong>nationes</strong></span> 
     </span>
    </p>
   </div>
   <div class='ocr_carea' id='block_1_10' title="bbox 138 1188 1727 1262">
    <p class='ocr_par' dir='ltr' id='par_1_10' title="bbox 138 1188 1727 1262">
     <span class='ocr_line' id='line_1_10' title="bbox 138 1188 1727 1262; baseline -0.007 -13"><span class='ocrx_word' id='word_1_66' title='bbox 138 1194 372 1262; x_wconf 88' lang='lat' dir='ltr'><strong>imperio</strong></span> <span class='ocrx_word' id='word_1_67' title='bbox 399 1189 736 1261; x_wconf 88' lang='lat' dir='ltr'><strong>premebant.</strong></span> <span class='ocrx_word' id='word_1_68' title='bbox 773 1188 872 1242; x_wconf 86' lang='lat' dir='ltr'><strong>Cui</strong></span> <span class='ocrx_word' id='word_1_69' title='bbox 915 1190 1209 1240; x_wconf 85' lang='lat' dir='ltr'><strong>astruendo</strong></span> <span class='ocrx_word' id='word_1_70' title='bbox 1244 1188 1468 1240; x_wconf 87' lang='lat' dir='ltr'><strong>citatum</strong></span> <span class='ocrx_word' id='word_1_71' title='bbox 1504 1196 1727 1253; x_wconf 89' lang='lat' dir='ltr'><strong>usurpat</strong></span> 
     </span>
    </p>
   </div>
   <div class='ocr_carea' id='block_1_11' title="bbox 138 1274 1724 1343">
    <p class='ocr_par' dir='ltr' id='par_1_11' title="bbox 138 1274 1724 1343">
     <span class='ocr_line' id='line_1_11' title="bbox 138 1274 1724 1343; baseline -0.003 -11"><span class='ocrx_word' id='word_1_72' title='bbox 138 1280 323 1333; x_wconf 89' lang='lat' dir='ltr'><strong>locum</strong></span> <span class='ocrx_word' id='word_1_73' title='bbox 352 1293 383 1332; x_wconf 87' lang='lat' dir='ltr'><strong>e</strong></span> <span class='ocrx_word' id='word_1_74' title='bbox 411 1279 626 1332; x_wconf 85' lang='lat' dir='ltr'><strong>cantico</strong></span> <span class='ocrx_word' id='word_1_75' title='bbox 673 1275 857 1340; x_wconf 79' lang='lat' dir='ltr'><strong>Masis,</strong></span> <span class='ocrx_word' id='word_1_76' title='bbox 896 1276 1185 1329; x_wconf 88' lang='lat' dir='ltr'><strong>Deuteron.</strong></span> <span class='ocrx_word' id='word_1_77' title='bbox 1220 1291 1390 1335; x_wconf 74' lang='lat' dir='ltr'><strong>xxx&quot;.</strong></span> <span class='ocrx_word' id='word_1_78' title='bbox 1411 1274 1464 1336; x_wconf 86' lang='lat'><strong>8,</strong></span> <span class='ocrx_word' id='word_1_79' title='bbox 1492 1276 1543 1335; x_wconf 89' lang='lat'><strong>9,</strong></span> <span class='ocrx_word' id='word_1_80' title='bbox 1566 1290 1724 1343; x_wconf 88' lang='lat' dir='ltr'><strong>quetn</strong></span> 
     </span>
    </p>
   </div>
   <div class='ocr_carea' id='block_1_12' title="bbox 135 1365 1724 1435">
    <p class='ocr_par' dir='ltr' id='par_1_12' title="bbox 135 1365 1724 1435">
     <span class='ocr_line' id='line_1_12' title="bbox 135 1365 1724 1435; baseline -0.003 -12"><span class='ocrx_word' id='word_1_81' title='bbox 135 1380 193 1423; x_wconf 87' lang='lat' dir='ltr'><strong>et</strong></span> <span class='ocrx_word' id='word_1_82' title='bbox 220 1369 411 1423; x_wconf 87' lang='lat' dir='ltr'><strong>homil.</strong></span> <span class='ocrx_word' id='word_1_83' title='bbox 452 1366 521 1422; x_wconf 77' lang='lat'><strong>&#39;55</strong></span> <span class='ocrx_word' id='word_1_84' title='bbox 566 1368 621 1420; x_wconf 80' lang='lat' dir='ltr'><strong>in</strong></span> <span class='ocrx_word' id='word_1_85' title='bbox 655 1365 784 1421; x_wconf 83' lang='lat' dir='ltr'><strong>Luc.</strong></span> <span class='ocrx_word' id='word_1_86' title='bbox 816 1368 882 1419; x_wconf 89' lang='lat' dir='ltr'><strong>ad</strong></span> <span class='ocrx_word' id='word_1_87' title='bbox 913 1370 1130 1421; x_wconf 86' lang='lat' dir='ltr'><strong>eosdem</strong></span> <span class='ocrx_word' id='word_1_88' title='bbox 1164 1365 1337 1420; x_wconf 87' lang='lat' dir='ltr'><strong>malos</strong></span> <span class='ocrx_word' id='word_1_89' title='bbox 1370 1366 1592 1435; x_wconf 80' lang='lat' dir='ltr'><strong>angelos</strong></span> <span class='ocrx_word' id='word_1_90' title='bbox 1643 1368 1724 1420; x_wconf 86' lang='lat' dir='ltr'><strong>itt-</strong></span> 
     </span>
    </p>
   </div>
   <div class='ocr_carea' id='block_1_13' title="bbox 138 1455 1723 1528">
    <p class='ocr_par' dir='ltr' id='par_1_13' title="bbox 138 1455 1723 1528">
     <span class='ocr_line' id='line_1_13' title="bbox 138 1455 1723 1528; baseline -0.003 -15"><span class='ocrx_word' id='word_1_91' title='bbox 138 1459 496 1528; x_wconf 85' lang='lat' dir='ltr'><strong>tetpretando</strong></span> <span class='ocrx_word' id='word_1_92' title='bbox 549 1456 836 1510; x_wconf 91' lang='lat' dir='ltr'><strong>convertit.</strong></span> <span class='ocrx_word' id='word_1_93' title='bbox 874 1456 1135 1510; x_wconf 70' lang='lat' dir='ltr'><strong>Eun-dem</strong></span> <span class='ocrx_word' id='word_1_94' title='bbox 1194 1471 1321 1511; x_wconf 86' lang='lat' dir='ltr'><strong>vero</strong></span> <span class='ocrx_word' id='word_1_95' title='bbox 1357 1456 1542 1512; x_wconf 84' lang='lat' dir='ltr'><strong>homil.</strong></span> <span class='ocrx_word' id='word_1_96' title='bbox 1590 1455 1625 1510; x_wconf 91' lang='lat'><strong>8</strong></span> <span class='ocrx_word' id='word_1_97' title='bbox 1669 1459 1723 1509; x_wconf 83' lang='lat' dir='ltr'><strong>in</strong></span> 
     </span>
    </p>
   </div>
   <div class='ocr_carea' id='block_1_14' title="bbox 136 1547 1722 1617">
    <p class='ocr_par' dir='ltr' id='par_1_14' title="bbox 136 1547 1722 1617">
     <span class='ocr_line' id='line_1_14' title="bbox 136 1547 1722 1617; baseline 0 -15"><span class='ocrx_word' id='word_1_98' title='bbox 136 1549 302 1603; x_wconf 74' lang='lat' dir='ltr'><strong>Exod</strong></span> <span class='ocrx_word' id='word_1_99' title='bbox 333 1589 347 1613; x_wconf 91' lang='lat'><strong>,</strong></span> <span class='ocrx_word' id='word_1_100' title='bbox 383 1565 529 1602; x_wconf 92' lang='lat' dir='ltr'><strong>num.</strong></span> <span class='ocrx_word' id='word_1_101' title='bbox 548 1547 603 1611; x_wconf 71' lang='grc'><strong>2,</strong></span> <span class='ocrx_word' id='word_1_102' title='bbox 628 1563 793 1617; x_wconf 87' lang='lat' dir='ltr'><strong>super</strong></span> <span class='ocrx_word' id='word_1_103' title='bbox 818 1549 921 1601; x_wconf 88' lang='lat' dir='ltr'><strong>hoc</strong></span> <span class='ocrx_word' id='word_1_104' title='bbox 946 1558 1267 1617; x_wconf 81' lang='lat' dir='ltr'><strong>argumento</strong></span> <span class='ocrx_word' id='word_1_105' title='bbox 1292 1547 1595 1617; x_wconf 81' lang='lat' dir='ltr'><strong>proferens,</strong></span> <span class='ocrx_word' id='word_1_106' title='bbox 1618 1556 1722 1602; x_wconf 86' lang='lat' dir='ltr'><strong>non</strong></span> 
     </span>
    </p>
   </div>
   <div class='ocr_carea' id='block_1_15' title="bbox 133 1639 1724 1708">
    <p class='ocr_par' dir='ltr' id='par_1_15' title="bbox 133 1639 1724 1708">
     <span class='ocr_line' id='line_1_15' title="bbox 133 1639 1724 1708; baseline 0.001 -15"><span class='ocrx_word' id='word_1_107' title='bbox 133 1641 280 1693; x_wconf 80' lang='lat' dir='ltr'><strong>satis</strong></span> <span class='ocrx_word' id='word_1_108' title='bbox 337 1647 561 1708; x_wconf 90' lang='lat' dir='ltr'><strong>apparet</strong></span> <span class='ocrx_word' id='word_1_109' title='bbox 616 1640 682 1691; x_wconf 87' lang='lat' dir='ltr'><strong>ad</strong></span> <span class='ocrx_word' id='word_1_110' title='bbox 719 1639 1001 1705; x_wconf 89' lang='lat' dir='ltr'><strong>malosnc,</strong></span> <span class='ocrx_word' id='word_1_111' title='bbox 1054 1655 1121 1693; x_wconf 90' lang='lat' dir='ltr'><strong>an</strong></span> <span class='ocrx_word' id='word_1_112' title='bbox 1178 1639 1243 1692; x_wconf 86' lang='lat' dir='ltr'><strong>ad</strong></span> <span class='ocrx_word' id='word_1_113' title='bbox 1291 1640 1462 1693; x_wconf 87' lang='lat' dir='ltr'><strong>bonos</strong></span> <span class='ocrx_word' id='word_1_114' title='bbox 1501 1639 1724 1708; x_wconf 81' lang='lat' dir='ltr'><strong>angelus</strong></span> 
     </span>
    </p>
   </div>
   <div class='ocr_carea' id='block_1_16' title="bbox 134 1731 1720 1803">
    <p class='ocr_par' dir='ltr' id='par_1_16' title="bbox 134 1731 1720 1803">
     <span class='ocr_line' id='line_1_16' title="bbox 134 1731 1720 1803; baseline 0 -18"><span class='ocrx_word' id='word_1_115' title='bbox 134 1731 421 1799; x_wconf 84' lang='lat' dir='ltr'><strong>pertinere</strong></span> <span class='ocrx_word' id='word_1_116' title='bbox 468 1731 615 1785; x_wconf 84' lang='lat' dir='ltr'><strong>velit.</strong></span> <span class='ocrx_word' id='word_1_117' title='bbox 647 1732 726 1785; x_wconf 87' lang='lat' dir='ltr'><strong>Ad</strong></span> <span class='ocrx_word' id='word_1_118' title='bbox 774 1733 945 1788; x_wconf 90' lang='lat' dir='ltr'><strong>bonos</strong></span> <span class='ocrx_word' id='word_1_119' title='bbox 994 1747 1125 1788; x_wconf 85' lang='lat' dir='ltr'><strong>vero</strong></span> <span class='ocrx_word' id='word_1_120' title='bbox 1158 1744 1345 1803; x_wconf 86' lang='lat' dir='ltr'><strong>aperte</strong></span> <span class='ocrx_word' id='word_1_121' title='bbox 1387 1732 1554 1786; x_wconf 79' lang='lat' dir='ltr'><strong>refert</strong></span> <span class='ocrx_word' id='word_1_122' title='bbox 1588 1743 1720 1786; x_wconf 89' lang='lat' dir='ltr'><strong>tom.</strong></span> 
     </span>
    </p>
   </div>
   <div class='ocr_carea' id='block_1_17' title="bbox 134 1823 841 1893">
    <p class='ocr_par' dir='ltr' id='par_1_17' title="bbox 134 1823 841 1893">
     <span class='ocr_line' id='line_1_17' title="bbox 134 1823 841 1893; baseline 0 -16"><span class='ocrx_word' id='word_1_123' title='bbox 134 1839 240 1893; x_wconf 59' lang='lat' dir='ltr'><strong>sm</strong></span> <span class='ocrx_word' id='word_1_124' title='bbox 276 1824 329 1877; x_wconf 79' lang='lat' dir='ltr'><strong>in</strong></span> <span class='ocrx_word' id='word_1_125' title='bbox 352 1823 541 1886; x_wconf 84' lang='lat' dir='ltr'><strong>Jonn.,</strong></span> <span class='ocrx_word' id='word_1_126' title='bbox 572 1840 721 1877; x_wconf 85' lang='lat' dir='ltr'><strong>nunt.</strong></span> <span class='ocrx_word' id='word_1_127' title='bbox 752 1824 841 1878; x_wconf 76' lang='grc'><strong>49.</strong></span> 
     </span>
    </p>
   </div>
   <div class='ocr_carea' id='block_1_18' title="bbox 208 1917 1722 1988">
    <p class='ocr_par' dir='ltr' id='par_1_18' title="bbox 208 1917 1722 1988">
     <span class='ocr_line' id='line_1_18' title="bbox 208 1917 1722 1988; baseline -0.001 -16"><span class='ocrx_word' id='word_1_128' title='bbox 208 1917 536 1974; x_wconf 81' lang='lat' dir='ltr'><strong>Hominibus</strong></span> <span class='ocrx_word' id='word_1_129' title='bbox 566 1932 697 1973; x_wconf 91' lang='lat' dir='ltr'><strong>vero</strong></span> <span class='ocrx_word' id='word_1_130' title='bbox 722 1918 948 1987; x_wconf 81' lang='lat' dir='ltr'><strong>singulis</strong></span> <span class='ocrx_word' id='word_1_131' title='bbox 976 1919 1220 1988; x_wconf 88' lang='lat' dir='ltr'><strong>geminos</strong></span> <span class='ocrx_word' id='word_1_132' title='bbox 1257 1919 1449 1973; x_wconf 84' lang='lat' dir='ltr'><strong>adesse</strong></span> <span class='ocrx_word' id='word_1_133' title='bbox 1477 1917 1722 1987; x_wconf 80' lang='lat' dir='ltr'><strong>angelos,</strong></span> 
     </span>
    </p>
   </div>
   <div class='ocr_carea' id='block_1_19' title="bbox 1834 720 3412 793">
    <p class='ocr_par' dir='ltr' id='par_1_19' title="bbox 1834 720 3412 793">
     <span class='ocr_line' id='line_1_19' title="bbox 1834 720 3412 793; baseline -0.004 -12"><span class='ocrx_word' id='word_1_134' title='bbox 1834 725 2105 793; x_wconf 83' lang='lat' dir='ltr'><strong>subjectos</strong></span> <span class='ocrx_word' id='word_1_135' title='bbox 2132 738 2251 779; x_wconf 89' lang='lat' dir='ltr'><strong>esse</strong></span> <span class='ocrx_word' id='word_1_136' title='bbox 2292 726 2566 777; x_wconf 80' lang='lat' dir='ltr'><strong>daemones</strong></span> <span class='ocrx_word' id='word_1_137' title='bbox 2611 720 2942 789; x_wconf 83' lang='lat' dir='ltr'><strong>complures,</strong></span> <span class='ocrx_word' id='word_1_138' title='bbox 2973 720 3065 788; x_wconf 91' lang='lat' dir='ltr'><strong>qui</strong></span> <span class='ocrx_word' id='word_1_139' title='bbox 3111 720 3177 773; x_wconf 83' lang='lat' dir='ltr'><strong>ad</strong></span> <span class='ocrx_word' id='word_1_140' title='bbox 3222 720 3412 774; x_wconf 86' lang='lat' dir='ltr'><strong>vitium</strong></span> 
     </span>
    </p>
   </div>
   <div class='ocr_carea' id='block_1_20' title="bbox 1834 812 3448 885">
    <p class='ocr_par' dir='ltr' id='par_1_20' title="bbox 1834 812 3448 885">
     <span class='ocr_line' id='line_1_20' title="bbox 1834 812 3448 885; baseline -0.005 -12"><span class='ocrx_word' id='word_1_141' title='bbox 1834 823 1999 873; x_wconf 90' lang='lat' dir='ltr'><strong>hocce</strong></span> <span class='ocrx_word' id='word_1_142' title='bbox 2024 816 2428 885; x_wconf 88' lang='lat' dir='ltr'><strong>propagandmn</strong></span> <span class='ocrx_word' id='word_1_143' title='bbox 2453 812 2795 869; x_wconf 85' lang='lat' dir='ltr'><strong>subserviant</strong></span> <span class='ocrx_word' id='word_1_144' title='bbox 2813 855 2827 878; x_wconf 96' lang='lat'><strong>,</strong></span> <span class='ocrx_word' id='word_1_145' title='bbox 2855 826 3043 867; x_wconf 89' lang='lat' dir='ltr'><strong>omnes</strong></span> <span class='ocrx_word' id='word_1_146' title='bbox 3065 822 3239 865; x_wconf 88' lang='lat' dir='ltr'><strong>autem</strong></span> <span class='ocrx_word' id='word_1_147' title='bbox 3262 812 3448 882; x_wconf 49' lang='lat' dir='ltr'><strong>prin-&#39;1</strong></span> 
     </span>
    </p>
   </div>
   <div class='ocr_carea' id='block_1_21' title="bbox 1830 904 3410 978">
    <p class='ocr_par' dir='ltr' id='par_1_21' title="bbox 1830 904 3410 978">
     <span class='ocr_line' id='line_1_21' title="bbox 1830 904 3410 978; baseline -0.005 -14"><span class='ocrx_word' id='word_1_148' title='bbox 1830 911 1998 978; x_wconf 83' lang='lat' dir='ltr'><strong>cipes,</strong></span> <span class='ocrx_word' id='word_1_149' title='bbox 2019 915 2365 977; x_wconf 82' lang='lat' dir='ltr'><strong>peccatorum</strong></span> <span class='ocrx_word' id='word_1_150' title='bbox 2400 904 2738 958; x_wconf 89' lang='lat' dir='ltr'><strong>incremento</strong></span> <span class='ocrx_word' id='word_1_151' title='bbox 2770 904 3073 973; x_wconf 73' lang='lat' dir='ltr'><strong>pra~fectos,</strong></span> <span class='ocrx_word' id='word_1_152' title='bbox 3100 917 3410 971; x_wconf 88' lang='lat' dir='ltr'><strong>supremum</strong></span> 
     </span>
    </p>
   </div>
   <div class='ocr_carea' id='block_1_22' title="bbox 1831 993 3411 1065">
    <p class='ocr_par' dir='ltr' id='par_1_22' title="bbox 1831 993 3411 1065">
     <span class='ocr_line' id='line_1_22' title="bbox 1831 993 3411 1065; baseline -0.004 -10"><span class='ocrx_word' id='word_1_153' title='bbox 1831 1016 1997 1055; x_wconf 92' lang='lat' dir='ltr'><strong>unum</strong></span> <span class='ocrx_word' id='word_1_154' title='bbox 2034 1000 2247 1065; x_wconf 88' lang='lat' dir='ltr'><strong>ducem,</strong></span> <span class='ocrx_word' id='word_1_155' title='bbox 2272 995 2419 1051; x_wconf 88' lang='lat' dir='ltr'><strong>velut</strong></span> <span class='ocrx_word' id='word_1_156' title='bbox 2468 994 2679 1049; x_wconf 73' lang='lat' dir='ltr'><strong>militiae</strong></span> <span class='ocrx_word' id='word_1_157' title='bbox 2707 1010 2815 1049; x_wconf 71' lang='lat' dir='ltr'><strong>sua:</strong></span> <span class='ocrx_word' id='word_1_158' title='bbox 2847 995 3160 1065; x_wconf 81' lang='lat' dir='ltr'><strong>magistrum</strong></span> <span class='ocrx_word' id='word_1_159' title='bbox 3192 993 3411 1049; x_wconf 76' lang='lat' dir='ltr'><strong>habere.</strong></span> 
     </span>
    </p>
   </div>
   <div class='ocr_carea' id='block_1_23' title="bbox 1830 1086 3411 1153">
    <p class='ocr_par' dir='ltr' id='par_1_23' title="bbox 1830 1086 3411 1153">
     <span class='ocr_line' id='line_1_23' title="bbox 1830 1086 3411 1153; baseline -0.004 -7"><span class='ocrx_word' id='word_1_160' title='bbox 1830 1092 1965 1148; x_wconf 87' lang='lat' dir='ltr'><strong>Cum</strong></span> <span class='ocrx_word' id='word_1_161' title='bbox 1998 1099 2180 1145; x_wconf 87' lang='lat' dir='ltr'><strong>autem</strong></span> <span class='ocrx_word' id='word_1_162' title='bbox 2216 1088 2407 1142; x_wconf 88' lang='lat' dir='ltr'><strong>multis</strong></span> <span class='ocrx_word' id='word_1_163' title='bbox 2445 1087 2607 1142; x_wconf 88' lang='lat' dir='ltr'><strong>simul</strong></span> <span class='ocrx_word' id='word_1_164' title='bbox 2659 1087 2907 1140; x_wconf 85' lang='lat' dir='ltr'><strong>laborare</strong></span> <span class='ocrx_word' id='word_1_165' title='bbox 2938 1088 3108 1153; x_wconf 84' lang='lat' dir='ltr'><strong>possit</strong></span> <span class='ocrx_word' id='word_1_166' title='bbox 3132 1086 3278 1139; x_wconf 89' lang='lat' dir='ltr'><strong>vitiis</strong></span> <span class='ocrx_word' id='word_1_167' title='bbox 3311 1086 3411 1139; x_wconf 90' lang='lat' dir='ltr'><strong>h0-</strong></span> 
     </span>
    </p>
   </div>
   <div class='ocr_carea' id='block_1_24' title="bbox 1832 1177 3413 1253">
    <p class='ocr_par' dir='ltr' id='par_1_24' title="bbox 1832 1177 3413 1253">
     <span class='ocr_line' id='line_1_24' title="bbox 1832 1177 3413 1253; baseline -0.007 -13"><span class='ocrx_word' id='word_1_168' title='bbox 1832 1200 1941 1253; x_wconf 90' lang='lat' dir='ltr'><strong>mo,</strong></span> <span class='ocrx_word' id='word_1_169' title='bbox 1982 1193 2037 1237; x_wconf 88' lang='lat' dir='ltr'><strong>et</strong></span> <span class='ocrx_word' id='word_1_170' title='bbox 2082 1183 2295 1237; x_wconf 90' lang='lat' dir='ltr'><strong>laboret</strong></span> <span class='ocrx_word' id='word_1_171' title='bbox 2354 1195 2615 1251; x_wconf 69' lang='lat' dir='ltr'><strong>persaepe,</strong></span> <span class='ocrx_word' id='word_1_172' title='bbox 2644 1188 2771 1232; x_wconf 91' lang='lat' dir='ltr'><strong>tunc</strong></span> <span class='ocrx_word' id='word_1_173' title='bbox 2824 1193 2853 1231; x_wconf 89' lang='lat' dir='ltr'><strong>a</strong></span> <span class='ocrx_word' id='word_1_174' title='bbox 2887 1178 3069 1231; x_wconf 86' lang='lat' dir='ltr'><strong>multis</strong></span> <span class='ocrx_word' id='word_1_175' title='bbox 3107 1191 3228 1231; x_wconf 87' lang='lat' dir='ltr'><strong>eum</strong></span> <span class='ocrx_word' id='word_1_176' title='bbox 3252 1177 3413 1230; x_wconf 89' lang='lat' dir='ltr'><strong>simul</strong></span> 
     </span>
    </p>
   </div>
   <div class='ocr_carea' id='block_1_25' title="bbox 1830 1267 3413 1339">
    <p class='ocr_par' dir='ltr' id='par_1_25' title="bbox 1830 1267 3413 1339">
     <span class='ocr_line' id='line_1_25' title="bbox 1830 1267 3413 1339; baseline -0.006 -9"><span class='ocrx_word' id='word_1_177' title='bbox 1830 1276 2172 1330; x_wconf 57' lang='lat' dir='ltr'><strong>daenmnibus</strong></span> <span class='ocrx_word' id='word_1_178' title='bbox 2208 1272 2624 1339; x_wconf 88' lang='lat' dir='ltr'><strong>insideri.Quod</strong></span> <span class='ocrx_word' id='word_1_179' title='bbox 2655 1270 2726 1325; x_wconf 88' lang='lat' dir='ltr'><strong>ita</strong></span> <span class='ocrx_word' id='word_1_180' title='bbox 2755 1284 2932 1324; x_wconf 87' lang='lat' dir='ltr'><strong>tamen</strong></span> <span class='ocrx_word' id='word_1_181' title='bbox 2967 1269 3033 1323; x_wconf 86' lang='lat' dir='ltr'><strong>ab</strong></span> <span class='ocrx_word' id='word_1_182' title='bbox 3063 1267 3297 1338; x_wconf 79' lang='lat' dir='ltr'><strong>Origene</strong></span> <span class='ocrx_word' id='word_1_183' title='bbox 3325 1270 3413 1322; x_wconf 90' lang='lat' dir='ltr'><strong>iu-</strong></span> 
     </span>
    </p>
   </div>
   <div class='ocr_carea' id='block_1_26' title="bbox 1833 1356 3412 1437">
    <p class='ocr_par' dir='ltr' id='par_1_26' title="bbox 1833 1356 3412 1437">
     <span class='ocr_line' id='line_1_26' title="bbox 1833 1356 3412 1437; baseline -0.006 -15"><span class='ocrx_word' id='word_1_184' title='bbox 1833 1368 2109 1423; x_wconf 87' lang='lat' dir='ltr'><strong>tellectum</strong></span> <span class='ocrx_word' id='word_1_185' title='bbox 2143 1356 2299 1437; x_wconf 86' lang='lat' dir='ltr'><strong>puto,</strong></span> <span class='ocrx_word' id='word_1_186' title='bbox 2332 1364 2692 1435; x_wconf 84' lang='lat' dir='ltr'><strong>temporarias</strong></span> <span class='ocrx_word' id='word_1_187' title='bbox 2732 1378 2853 1418; x_wconf 84' lang='lat' dir='ltr'><strong>esse</strong></span> <span class='ocrx_word' id='word_1_188' title='bbox 2904 1363 3002 1417; x_wconf 87' lang='lat' dir='ltr'><strong>has</strong></span> <span class='ocrx_word' id='word_1_189' title='bbox 3054 1360 3412 1429; x_wconf 88' lang='lat' dir='ltr'><strong>complurium</strong></span> 
     </span>
    </p>
   </div>
   <div class='ocr_carea' id='block_1_27' title="bbox 1831 1454 3411 1526">
    <p class='ocr_par' dir='ltr' id='par_1_27' title="bbox 1831 1454 3411 1526">
     <span class='ocr_line' id='line_1_27' title="bbox 1831 1454 3411 1526; baseline -0.005 -13"><span class='ocrx_word' id='word_1_190' title='bbox 1831 1462 2136 1514; x_wconf 58' lang='lat' dir='ltr'><strong>daemonum</strong></span> <span class='ocrx_word' id='word_1_191' title='bbox 2213 1458 2603 1526; x_wconf 75' lang='lat' dir='ltr'><strong>angelorumVe</strong></span> <span class='ocrx_word' id='word_1_192' title='bbox 2667 1454 3017 1519; x_wconf 74' lang='lat' dir='ltr'><strong>affectiones;</strong></span> <span class='ocrx_word' id='word_1_193' title='bbox 3074 1460 3411 1508; x_wconf 82' lang='lat' dir='ltr'><strong>constantem</strong></span> 
     </span>
    </p>
   </div>
   <div class='ocr_carea' id='block_1_28' title="bbox 1830 1547 3410 1621">
    <p class='ocr_par' dir='ltr' id='par_1_28' title="bbox 1830 1547 3410 1621">
     <span class='ocr_line' id='line_1_28' title="bbox 1830 1547 3410 1621; baseline -0.005 -16"><span class='ocrx_word' id='word_1_194' title='bbox 1830 1562 2012 1605; x_wconf 86' lang='lat' dir='ltr'><strong>autem</strong></span> <span class='ocrx_word' id='word_1_195' title='bbox 2035 1560 2090 1604; x_wconf 91' lang='lat' dir='ltr'><strong>et</strong></span> <span class='ocrx_word' id='word_1_196' title='bbox 2124 1566 2220 1621; x_wconf 89' lang='lat' dir='ltr'><strong>per</strong></span> <span class='ocrx_word' id='word_1_197' title='bbox 2245 1550 2414 1605; x_wconf 89' lang='lat' dir='ltr'><strong>totius</strong></span> <span class='ocrx_word' id='word_1_198' title='bbox 2448 1547 2781 1603; x_wconf 89' lang='lat' dir='ltr'><strong>curriculum</strong></span> <span class='ocrx_word' id='word_1_199' title='bbox 2811 1548 2934 1601; x_wconf 81' lang='lat' dir='ltr'><strong>vita:</strong></span> <span class='ocrx_word' id='word_1_200' title='bbox 2974 1557 3410 1616; x_wconf 80' lang='lat' dir='ltr'><strong>perseverantem</strong></span> 
     </span>
    </p>
   </div>
   <div class='ocr_carea' id='block_1_29' title="bbox 1828 1638 3413 1710">
    <p class='ocr_par' dir='ltr' id='par_1_29' title="bbox 1828 1638 3413 1710">
     <span class='ocr_line' id='line_1_29' title="bbox 1828 1638 3413 1710; baseline -0.004 -13"><span class='ocrx_word' id='word_1_201' title='bbox 1828 1642 1964 1697; x_wconf 91' lang='lat' dir='ltr'><strong>certi</strong></span> <span class='ocrx_word' id='word_1_202' title='bbox 2019 1640 2249 1709; x_wconf 86' lang='lat' dir='ltr'><strong>alicujus</strong></span> <span class='ocrx_word' id='word_1_203' title='bbox 2302 1639 2484 1710; x_wconf 80' lang='lat' dir='ltr'><strong>angeli</strong></span> <span class='ocrx_word' id='word_1_204' title='bbox 2536 1639 2719 1694; x_wconf 89' lang='lat' dir='ltr'><strong>itidem</strong></span> <span class='ocrx_word' id='word_1_205' title='bbox 2758 1646 2813 1693; x_wconf 87' lang='lat' dir='ltr'><strong>et.</strong></span> <span class='ocrx_word' id='word_1_206' title='bbox 2863 1639 3121 1693; x_wconf 68' lang='lat' dir='ltr'><strong>daemonis</strong></span> <span class='ocrx_word' id='word_1_207' title='bbox 3164 1638 3413 1702; x_wconf 84' lang='lat' dir='ltr'><strong>stipatio-</strong></span> 
     </span>
    </p>
   </div>
   <div class='ocr_carea' id='block_1_30' title="bbox 1830 1729 3413 1799">
    <p class='ocr_par' dir='ltr' id='par_1_30' title="bbox 1830 1729 3413 1799">
     <span class='ocr_line' id='line_1_30' title="bbox 1830 1729 3413 1799; baseline -0.007 -8"><span class='ocrx_word' id='word_1_208' title='bbox 1830 1752 1975 1799; x_wconf 88' lang='lat' dir='ltr'><strong>nem,</strong></span> <span class='ocrx_word' id='word_1_209' title='bbox 2026 1735 2268 1790; x_wconf 82' lang='lat' dir='ltr'><strong>nascenti</strong></span> <span class='ocrx_word' id='word_1_210' title='bbox 2325 1732 2551 1788; x_wconf 76' lang='lat' dir='ltr'><strong>cuilibet</strong></span> <span class='ocrx_word' id='word_1_211' title='bbox 2604 1731 2808 1786; x_wconf 83' lang='lat' dir='ltr'><strong>homini</strong></span> <span class='ocrx_word' id='word_1_212' title='bbox 2857 1731 3126 1785; x_wconf 84' lang='lat' dir='ltr'><strong>decretam</strong></span> <span class='ocrx_word' id='word_1_213' title='bbox 3168 1740 3220 1781; x_wconf 84' lang='lat' dir='ltr'><strong>et</strong></span> <span class='ocrx_word' id='word_1_214' title='bbox 3254 1729 3413 1781; x_wconf 88' lang='lat' dir='ltr'><strong>attri-</strong></span> 
     </span>
    </p>
   </div>
   <div class='ocr_carea' id='block_1_31' title="bbox 1828 1829 2031 1883">
    <p class='ocr_par' dir='ltr' id='par_1_31' title="bbox 1828 1829 2031 1883">
     <span class='ocr_line' id='line_1_31' title="bbox 1828 1829 2031 1883; baseline -0.025 0"><span class='ocrx_word' id='word_1_215' title='bbox 1828 1829 2031 1883; x_wconf 87' lang='lat' dir='ltr'><strong>bulam.</strong></span> 
     </span>
    </p>
   </div>
   <div class='ocr_carea' id='block_1_32' title="bbox 1898 1913 3410 1986">
    <p class='ocr_par' dir='ltr' id='par_1_32' title="bbox 1898 1913 3410 1986">
     <span class='ocr_line' id='line_1_32' title="bbox 1898 1913 3410 1986; baseline -0.007 -13"><span class='ocrx_word' id='word_1_216' title='bbox 1898 1917 2069 1973; x_wconf 87' lang='lat' dir='ltr'><strong>Porro</strong></span> <span class='ocrx_word' id='word_1_217' title='bbox 2116 1926 2234 1986; x_wconf 91' lang='lat' dir='ltr'><strong>post</strong></span> <span class='ocrx_word' id='word_1_218' title='bbox 2260 1914 2693 1969; x_wconf 85' lang='lat' dir='ltr'><strong>administratum</strong></span> <span class='ocrx_word' id='word_1_219' title='bbox 2741 1913 2919 1967; x_wconf 78' lang='lat' dir='ltr'><strong>tutela:</strong></span> <span class='ocrx_word' id='word_1_220' title='bbox 2953 1922 3149 1967; x_wconf 77' lang='lat' dir='ltr'><strong>nostra:</strong></span> <span class='ocrx_word' id='word_1_221' title='bbox 3196 1926 3410 1975; x_wconf 87' lang='lat' dir='ltr'><strong>munus,</strong></span> 
     </span>
    </p>
   </div>
   <div class='ocr_carea' id='block_1_33' title="bbox 134 2004 3414 2078">
    <p class='ocr_par' dir='ltr' id='par_1_33' title="bbox 134 2004 3414 2078">
     <span class='ocr_line' id='line_1_33' title="bbox 134 2004 3414 2078; baseline -0.002 -15"><span class='ocrx_word' id='word_1_222' title='bbox 134 2012 343 2063; x_wconf 90' lang='lat' dir='ltr'><strong>bonum</strong></span> <span class='ocrx_word' id='word_1_223' title='bbox 374 2011 625 2074; x_wconf 87' lang='lat' dir='ltr'><strong>alterum,</strong></span> <span class='ocrx_word' id='word_1_224' title='bbox 675 2009 905 2063; x_wconf 89' lang='lat' dir='ltr'><strong>alterum</strong></span> <span class='ocrx_word' id='word_1_225' title='bbox 959 2010 1157 2064; x_wconf 86' lang='lat' dir='ltr'><strong>malum</strong></span> <span class='ocrx_word' id='word_1_226' title='bbox 1214 2010 1457 2064; x_wconf 90' lang='lat' dir='ltr'><strong>decernit</strong></span> <span class='ocrx_word' id='word_1_227' title='bbox 1489 2010 1582 2065; x_wconf 89' lang='lat' dir='ltr'><strong>lib.</strong></span> <span class='ocrx_word' id='word_1_228' title='bbox 1620 2027 1634 2063; x_wconf 97' lang='grc' dir='ltr'><strong>ι</strong></span> <span class='ocrx_word' id='word_1_229' title='bbox 1670 2010 1723 2063; x_wconf 83' lang='lat' dir='ltr'><strong>in</strong></span> <span class='ocrx_word' id='word_1_230' title='bbox 1759 2004 1797 2058; x_wconf 84' lang='grc' dir='ltr'><strong>Β</strong></span> <span class='ocrx_word' id='word_1_231' title='bbox 1828 2019 2028 2063; x_wconf 90' lang='lat' dir='ltr'><strong>statum</strong></span> <span class='ocrx_word' id='word_1_232' title='bbox 2059 2010 2125 2063; x_wconf 92' lang='lat' dir='ltr'><strong>iri</strong></span> <span class='ocrx_word' id='word_1_233' title='bbox 2167 2008 2390 2078; x_wconf 80' lang='lat' dir='ltr'><strong>angelos</strong></span> <span class='ocrx_word' id='word_1_234' title='bbox 2419 2008 2473 2061; x_wconf 94' lang='lat' dir='ltr'><strong>in</strong></span> <span class='ocrx_word' id='word_1_235' title='bbox 2511 2005 2737 2073; x_wconf 90' lang='lat' dir='ltr'><strong>judicio,</strong></span> <span class='ocrx_word' id='word_1_236' title='bbox 2770 2014 2823 2058; x_wconf 88' lang='lat' dir='ltr'><strong>et</strong></span> <span class='ocrx_word' id='word_1_237' title='bbox 2866 2004 3129 2074; x_wconf 81' lang='lat' dir='ltr'><strong>imposita:</strong></span> <span class='ocrx_word' id='word_1_238' title='bbox 3156 2005 3260 2059; x_wconf 87' lang='lat' dir='ltr'><strong>sibi</strong></span> <span class='ocrx_word' id='word_1_239' title='bbox 3290 2020 3414 2073; x_wconf 85' lang='lat' dir='ltr'><strong>pro-</strong></span> 
     </span>
    </p>
   </div>
   <div class='ocr_carea' id='block_1_34' title="bbox 132 2099 1723 2171">
    <p class='ocr_par' dir='ltr' id='par_1_34' title="bbox 132 2099 1723 2171">
     <span class='ocr_line' id='line_1_34' title="bbox 132 2099 1723 2171; baseline 0.001 -18"><span class='ocrx_word' id='word_1_240' title='bbox 132 2100 312 2167; x_wconf 71' lang='lat' dir='ltr'><strong>Epist.</strong></span> <span class='ocrx_word' id='word_1_241' title='bbox 334 2100 401 2152; x_wconf 82' lang='lat' dir='ltr'><strong>ad</strong></span> <span class='ocrx_word' id='word_1_242' title='bbox 424 2099 598 2170; x_wconf 60' lang='lat' dir='ltr'><strong>Hann,</strong></span> <span class='ocrx_word' id='word_1_243' title='bbox 622 2117 769 2154; x_wconf 90' lang='lat' dir='ltr'><strong>num.</strong></span> <span class='ocrx_word' id='word_1_244' title='bbox 795 2100 881 2160; x_wconf 84' lang='lat' dir='ltr'><strong>l8.</strong></span> <span class='ocrx_word' id='word_1_245' title='bbox 898 2110 951 2154; x_wconf 89' lang='lat' dir='ltr'><strong>et</strong></span> <span class='ocrx_word' id='word_1_246' title='bbox 974 2115 1040 2154; x_wconf 78' lang='lat' dir='ltr'><strong>ex</strong></span> <span class='ocrx_word' id='word_1_247' title='bbox 1070 2101 1366 2171; x_wconf 89' lang='lat' dir='ltr'><strong>Scripturis</strong></span> <span class='ocrx_word' id='word_1_248' title='bbox 1392 2101 1562 2156; x_wconf 87' lang='lat' dir='ltr'><strong>sacris</strong></span> <span class='ocrx_word' id='word_1_249' title='bbox 1582 2117 1723 2168; x_wconf 69' lang='lat' dir='ltr'><strong>szepe</strong></span> 
     </span>
    </p>
   </div>
   <div class='ocr_carea' id='block_1_35' title="bbox 132 2190 1724 2263">
    <p class='ocr_par' dir='ltr' id='par_1_35' title="bbox 132 2190 1724 2263">
     <span class='ocr_line' id='line_1_35' title="bbox 132 2190 1724 2263; baseline 0.002 -18"><span class='ocrx_word' id='word_1_250' title='bbox 132 2194 185 2247; x_wconf 89' lang='lat' dir='ltr'><strong>id</strong></span> <span class='ocrx_word' id='word_1_251' title='bbox 214 2208 281 2247; x_wconf 87' lang='lat' dir='ltr'><strong>se</strong></span> <span class='ocrx_word' id='word_1_252' title='bbox 314 2194 561 2247; x_wconf 77' lang='lat' dir='ltr'><strong>docuisse</strong></span> <span class='ocrx_word' id='word_1_253' title='bbox 588 2193 663 2245; x_wconf 88' lang='lat' dir='ltr'><strong>ait</strong></span> <span class='ocrx_word' id='word_1_254' title='bbox 696 2192 881 2245; x_wconf 88' lang='lat' dir='ltr'><strong>homil.</strong></span> <span class='ocrx_word' id='word_1_255' title='bbox 918 2194 987 2247; x_wconf 71' lang='lat'><strong>‘23</strong></span> <span class='ocrx_word' id='word_1_256' title='bbox 1018 2193 1071 2245; x_wconf 79' lang='lat' dir='ltr'><strong>in</strong></span> <span class='ocrx_word' id='word_1_257' title='bbox 1100 2190 1244 2255; x_wconf 71' lang='lat'><strong>103.,</strong></span> <span class='ocrx_word' id='word_1_258' title='bbox 1278 2210 1427 2248; x_wconf 88' lang='lat' dir='ltr'><strong>nunt.</strong></span> <span class='ocrx_word' id='word_1_259' title='bbox 1461 2194 1515 2261; x_wconf 79' lang='lat'><strong>3,</strong></span> <span class='ocrx_word' id='word_1_260' title='bbox 1545 2205 1599 2249; x_wconf 84' lang='lat' dir='ltr'><strong>et</strong></span> <span class='ocrx_word' id='word_1_261' title='bbox 1628 2209 1724 2263; x_wconf 86' lang='lat' dir='ltr'><strong>per</strong></span> 
     </span>
    </p>
   </div>
   <div class='ocr_carea' id='block_1_36' title="bbox 128 2284 1721 2356">
    <p class='ocr_par' dir='ltr' id='par_1_36' title="bbox 128 2284 1721 2356">
     <span class='ocr_line' id='line_1_36' title="bbox 128 2284 1721 2356; baseline 0.001 -16"><span class='ocrx_word' id='word_1_262' title='bbox 128 2285 369 2340; x_wconf 84' lang='lat' dir='ltr'><strong>Genium</strong></span> <span class='ocrx_word' id='word_1_263' title='bbox 423 2284 705 2353; x_wconf 88' lang='lat' dir='ltr'><strong>principis,</strong></span> <span class='ocrx_word' id='word_1_264' title='bbox 759 2297 919 2351; x_wconf 64' lang='lat' dir='ltr'><strong>quetu</strong></span> <span class='ocrx_word' id='word_1_265' title='bbox 952 2284 1249 2337; x_wconf 75' lang='lat' dir='ltr'><strong>dannonem</strong></span> <span class='ocrx_word' id='word_1_266' title='bbox 1281 2300 1401 2339; x_wconf 88' lang='lat' dir='ltr'><strong>esse</strong></span> <span class='ocrx_word' id='word_1_267' title='bbox 1434 2286 1566 2340; x_wconf 87' lang='lat' dir='ltr'><strong>dicit</strong></span> <span class='ocrx_word' id='word_1_268' title='bbox 1620 2286 1721 2356; x_wconf 90' lang='lat' dir='ltr'><strong>ipsi</strong></span> 
     </span>
    </p>
   </div>
   <div class='ocr_carea' id='block_1_37' title="bbox 131 2370 1722 2441">
    <p class='ocr_par' dir='ltr' id='par_1_37' title="bbox 131 2370 1722 2441">
     <span class='ocr_line' id='line_1_37' title="bbox 131 2370 1722 2441; baseline 0.004 -18"><span class='ocrx_word' id='word_1_269' title='bbox 131 2370 384 2425; x_wconf 85' lang='lat' dir='ltr'><strong>nascenti</strong></span> <span class='ocrx_word' id='word_1_270' title='bbox 429 2371 755 2439; x_wconf 89' lang='lat' dir='ltr'><strong>appositum,</strong></span> <span class='ocrx_word' id='word_1_271' title='bbox 811 2371 985 2441; x_wconf 89' lang='lat' dir='ltr'><strong>jurari</strong></span> <span class='ocrx_word' id='word_1_272' title='bbox 1046 2383 1189 2426; x_wconf 86' lang='lat' dir='ltr'><strong>vetat</strong></span> <span class='ocrx_word' id='word_1_273' title='bbox 1238 2373 1331 2428; x_wconf 91' lang='lat' dir='ltr'><strong>lib.</strong></span> <span class='ocrx_word' id='word_1_274' title='bbox 1379 2388 1474 2428; x_wconf 84' lang='grc' dir='ltr'>νιιι</span> <span class='ocrx_word' id='word_1_275' title='bbox 1538 2385 1722 2429; x_wconf 82' lang='lat' dir='ltr'><strong>contra</strong></span> 
     </span>
    </p>
   </div>
   <div class='ocr_carea' id='block_1_38' title="bbox 129 2463 1723 2538">
    <p class='ocr_par' dir='ltr' id='par_1_38' title="bbox 129 2463 1723 2538">
     <span class='ocr_line' id='line_1_38' title="bbox 129 2463 1723 2538; baseline 0.003 -22"><span class='ocrx_word' id='word_1_276' title='bbox 129 2463 303 2528; x_wconf 69' lang='grc' dir='ltr'><strong>σαι..</strong></span> <span class='ocrx_word' id='word_1_277' title='bbox 340 2481 486 2517; x_wconf 89' lang='grc' dir='ltr'>ιιιιιιι.</span> <span class='ocrx_word' id='word_1_278' title='bbox 526 2464 615 2527; x_wconf 80' lang='grc'><strong>65,</strong></span> <span class='ocrx_word' id='word_1_279' title='bbox 664 2465 1058 2519; x_wconf 81' lang='grc' dir='ltr'>Ἀποθανατέον</span> <span class='ocrx_word' id='word_1_280' title='bbox 1106 2468 1223 2520; x_wconf 75' lang='grc' dir='ltr'><strong>ἐστὶ</strong></span> <span class='ocrx_word' id='word_1_281' title='bbox 1277 2468 1497 2538; x_wconf 80' lang='grc' dir='ltr'>μᾶλλον,</span> <span class='ocrx_word' id='word_1_282' title='bbox 1527 2470 1723 2538; x_wconf 87' lang='lat' dir='ltr'><strong>inquit,</strong></span> 
     </span>
    </p>
   </div>
   <div class='ocr_carea' id='block_1_39' title="bbox 129 2554 1725 2630">
    <p class='ocr_par' dir='ltr' id='par_1_39' title="bbox 129 2554 1725 2630">
     <span class='ocr_line' id='line_1_39' title="bbox 129 2554 1725 2630; baseline 0.006 -25"><span class='ocrx_word' id='word_1_283' title='bbox 129 2556 269 2624; x_wconf 73' lang='grc' dir='ltr'>ἡμῖν</span> <span class='ocrx_word' id='word_1_284' title='bbox 326 2555 467 2626; x_wconf 77' lang='grc' dir='ltr'><strong>ὑπὲρ</strong></span> <span class='ocrx_word' id='word_1_285' title='bbox 506 2554 600 2608; x_wconf 75' lang='grc' dir='ltr'><strong>τοῦ</strong></span> <span class='ocrx_word' id='word_1_286' title='bbox 639 2556 713 2628; x_wconf 78' lang='grc' dir='ltr'><strong>μὴ</strong></span> <span class='ocrx_word' id='word_1_287' title='bbox 788 2556 982 2627; x_wconf 79' lang='grc' dir='ltr'>ὀμόσαι</span> <span class='ocrx_word' id='word_1_288' title='bbox 1047 2559 1321 2630; x_wconf 79' lang='grc' dir='ltr'>μοχθηρὸν</span> <span class='ocrx_word' id='word_1_289' title='bbox 1355 2560 1585 2630; x_wconf 80' lang='grc' dir='ltr'>δαίμονα</span> <span class='ocrx_word' id='word_1_290' title='bbox 1632 2564 1725 2615; x_wconf 75' lang='grc' dir='ltr'><strong>καὶ</strong></span> 
     </span>
    </p>
   </div>
   <div class='ocr_carea' id='block_1_40' title="bbox 127 2644 1725 2722">
    <p class='ocr_par' dir='ltr' id='par_1_40' title="bbox 127 2644 1725 2722">
     <span class='ocr_line' id='line_1_40' title="bbox 127 2644 1725 2722; baseline 0.004 -22"><span class='ocrx_word' id='word_1_291' title='bbox 127 2646 367 2700; x_wconf 76' lang='grc' dir='ltr'><strong>ἄπιστον</strong></span> <span class='ocrx_word' id='word_1_292' title='bbox 417 2647 676 2711; x_wconf 75' lang='grc' dir='ltr'><strong>πολλάκις</strong></span> <span class='ocrx_word' id='word_1_293' title='bbox 722 2648 1265 2718; x_wconf 74' lang='grc' dir='ltr'>συνεξαμαρτάνοντα</span> <span class='ocrx_word' id='word_1_294' title='bbox 1318 2644 1362 2718; x_wconf 77' lang='grc' dir='ltr'>ᾧ</span> <span class='ocrx_word' id='word_1_295' title='bbox 1404 2651 1593 2722; x_wconf 78' lang='grc' dir='ltr'>ἔλαχεν</span> <span class='ocrx_word' id='word_1_296' title='bbox 1632 2654 1725 2706; x_wconf 85' lang='grc' dir='ltr'>ἀν-</span> 
     </span>
    </p>
   </div>
   <div class='ocr_carea' id='block_1_41' title="bbox 130 2738 1722 2812">
    <p class='ocr_par' dir='ltr' id='par_1_41' title="bbox 130 2738 1722 2812">
     <span class='ocr_line' id='line_1_41' title="bbox 130 2738 1722 2812; baseline 0.004 -21"><span class='ocrx_word' id='word_1_297' title='bbox 130 2740 367 2809; x_wconf 80' lang='grc' dir='ltr'><strong>θρώπῳ,</strong></span> <span class='ocrx_word' id='word_1_298' title='bbox 400 2739 431 2804; x_wconf 82' lang='grc' dir='ltr'>ἢ</span> <span class='ocrx_word' id='word_1_299' title='bbox 475 2739 569 2791; x_wconf 76' lang='grc' dir='ltr'><strong>καὶ</strong></span> <span class='ocrx_word' id='word_1_300' title='bbox 602 2738 763 2791; x_wconf 77' lang='grc' dir='ltr'>πλέον</span> <span class='ocrx_word' id='word_1_301' title='bbox 792 2738 957 2791; x_wconf 69' lang='grc' dir='ltr'>αὑτοῦ</span> <span class='ocrx_word' id='word_1_302' title='bbox 1020 2740 1420 2810; x_wconf 73' lang='grc' dir='ltr'>ἁμαρτάνοντα.</span> <span class='ocrx_word' id='word_1_303' title='bbox 1475 2742 1722 2812; x_wconf 88' lang='lat' dir='ltr'><strong>Dogmati</strong></span> 
     </span>
    </p>
   </div>
   <div class='ocr_carea' id='block_1_42' title="bbox 130 2832 1727 2902">
    <p class='ocr_par' dir='ltr' id='par_1_42' title="bbox 130 2832 1727 2902">
     <span class='ocr_line' id='line_1_42' title="bbox 130 2832 1727 2902; baseline 0.002 -14"><span class='ocrx_word' id='word_1_304' title='bbox 130 2834 276 2888; x_wconf 81' lang='lat' dir='ltr'><strong>huic</strong></span> <span class='ocrx_word' id='word_1_305' title='bbox 328 2832 635 2902; x_wconf 66' lang='lat' dir='ltr'><strong>prmsidium</strong></span> <span class='ocrx_word' id='word_1_306' title='bbox 698 2833 915 2886; x_wconf 89' lang='lat' dir='ltr'><strong>asciscit</strong></span> <span class='ocrx_word' id='word_1_307' title='bbox 971 2846 1039 2887; x_wconf 81' lang='lat' dir='ltr'><strong>ex</strong></span> <span class='ocrx_word' id='word_1_308' title='bbox 1101 2834 1314 2889; x_wconf 69' lang='lat' dir='ltr'><strong>llermte</strong></span> <span class='ocrx_word' id='word_1_309' title='bbox 1371 2833 1615 2902; x_wconf 73' lang='lat' dir='ltr'><strong>Periure,</strong></span> <span class='ocrx_word' id='word_1_310' title='bbox 1672 2848 1727 2891; x_wconf 90' lang='lat' dir='ltr'><strong>et</strong></span> 
     </span>
    </p>
   </div>
   <div class='ocr_carea' id='block_1_43' title="bbox 128 2924 1722 2999">
    <p class='ocr_par' dir='ltr' id='par_1_43' title="bbox 128 2924 1722 2999">
     <span class='ocr_line' id='line_1_43' title="bbox 128 2924 1722 2999; baseline 0.001 -18"><span class='ocrx_word' id='word_1_311' title='bbox 128 2925 403 2981; x_wconf 76' lang='lat' dir='ltr'><strong>Barnaba:</strong></span> <span class='ocrx_word' id='word_1_312' title='bbox 431 2924 657 2992; x_wconf 89' lang='lat' dir='ltr'><strong>epistola</strong></span> <span class='ocrx_word' id='word_1_313' title='bbox 682 2924 796 2994; x_wconf 92' lang='lat' dir='ltr'><strong>(qui</strong></span> <span class='ocrx_word' id='word_1_314' title='bbox 822 2924 943 2977; x_wconf 91' lang='lat' dir='ltr'><strong>libri</strong></span> <span class='ocrx_word' id='word_1_315' title='bbox 970 2925 1036 2979; x_wconf 91' lang='lat' dir='ltr'><strong>ad</strong></span> <span class='ocrx_word' id='word_1_316' title='bbox 1076 2926 1218 2981; x_wconf 90' lang='lat' dir='ltr'><strong>hanc</strong></span> <span class='ocrx_word' id='word_1_317' title='bbox 1241 2928 1382 2981; x_wconf 86' lang='lat' dir='ltr'><strong>diem</strong></span> <span class='ocrx_word' id='word_1_318' title='bbox 1411 2940 1722 2999; x_wconf 88' lang='lat' dir='ltr'><strong>supersunt.</strong></span> 
     </span>
    </p>
   </div>
   <div class='ocr_carea' id='block_1_44' title="bbox 128 3017 1722 3091">
    <p class='ocr_par' dir='ltr' id='par_1_44' title="bbox 128 3017 1722 3091">
     <span class='ocr_line' id='line_1_44' title="bbox 128 3017 1722 3091; baseline 0.003 -21"><span class='ocrx_word' id='word_1_319' title='bbox 128 3031 368 3085; x_wconf 86' lang='lat' dir='ltr'><strong>eamque</strong></span> <span class='ocrx_word' id='word_1_320' title='bbox 399 3017 686 3071; x_wconf 83' lang='lat' dir='ltr'><strong>continent</strong></span> <span class='ocrx_word' id='word_1_321' title='bbox 740 3017 1088 3089; x_wconf 86' lang='lat' dir='ltr'><strong>doctrinam),</strong></span> <span class='ocrx_word' id='word_1_322' title='bbox 1145 3019 1237 3073; x_wconf 89' lang='lat' dir='ltr'><strong>lib.</strong></span> <span class='ocrx_word' id='word_1_323' title='bbox 1271 3036 1327 3074; x_wconf 91' lang='grc' dir='ltr'><strong>ιιι</strong></span> <span class='ocrx_word' id='word_1_324' title='bbox 1374 3019 1448 3075; x_wconf 86' lang='lat' dir='ltr'><strong>De</strong></span> <span class='ocrx_word' id='word_1_325' title='bbox 1475 3021 1722 3091; x_wconf 80' lang='lat' dir='ltr'><strong>princip.,</strong></span> 
     </span>
    </p>
   </div>
   <div class='ocr_carea' id='block_1_45' title="bbox 128 3108 1723 3177">
    <p class='ocr_par' dir='ltr' id='par_1_45' title="bbox 128 3108 1723 3177">
     <span class='ocr_line' id='line_1_45' title="bbox 128 3108 1723 3177; baseline 0.004 -15"><span class='ocrx_word' id='word_1_326' title='bbox 128 3124 252 3177; x_wconf 81' lang='lat' dir='ltr'><strong>cap.</strong></span> <span class='ocrx_word' id='word_1_327' title='bbox 282 3108 343 3173; x_wconf 70' lang='grc'><strong>2,</strong></span> <span class='ocrx_word' id='word_1_328' title='bbox 381 3124 530 3163; x_wconf 92' lang='lat' dir='ltr'><strong>nmn.</strong></span> <span class='ocrx_word' id='word_1_329' title='bbox 567 3110 619 3170; x_wconf 73' lang='grc'><strong>4,</strong></span> <span class='ocrx_word' id='word_1_330' title='bbox 656 3121 710 3165; x_wconf 91' lang='lat' dir='ltr'><strong>et</strong></span> <span class='ocrx_word' id='word_1_331' title='bbox 768 3110 956 3165; x_wconf 90' lang='lat' dir='ltr'><strong>homil.</strong></span> <span class='ocrx_word' id='word_1_332' title='bbox 1010 3110 1079 3164; x_wconf 76' lang='grc'><strong>55</strong></span> <span class='ocrx_word' id='word_1_333' title='bbox 1108 3112 1164 3165; x_wconf 79' lang='lat' dir='ltr'><strong>in</strong></span> <span class='ocrx_word' id='word_1_334' title='bbox 1193 3111 1345 3177; x_wconf 86' lang='lat' dir='ltr'><strong>Luc.,</strong></span> <span class='ocrx_word' id='word_1_335' title='bbox 1380 3113 1469 3167; x_wconf 89' lang='lat' dir='ltr'><strong>ubi</strong></span> <span class='ocrx_word' id='word_1_336' title='bbox 1511 3114 1588 3168; x_wconf 86' lang='lat' dir='ltr'><strong>ait</strong></span> <span class='ocrx_word' id='word_1_337' title='bbox 1627 3116 1723 3168; x_wconf 85' lang='lat' dir='ltr'><strong>ad-</strong></span> 
     </span>
    </p>
   </div>
   <div class='ocr_carea' id='block_1_46' title="bbox 128 3200 1723 3274">
    <p class='ocr_par' dir='ltr' id='par_1_46' title="bbox 128 3200 1723 3274">
     <span class='ocr_line' id='line_1_46' title="bbox 128 3200 1723 3274; baseline 0.007 -24"><span class='ocrx_word' id='word_1_338' title='bbox 128 3200 463 3266; x_wconf 87' lang='lat' dir='ltr'><strong>versarium,</strong></span> <span class='ocrx_word' id='word_1_339' title='bbox 514 3211 567 3256; x_wconf 91' lang='lat' dir='ltr'><strong>et</strong></span> <span class='ocrx_word' id='word_1_340' title='bbox 605 3201 979 3257; x_wconf 81' lang='lat' dir='ltr'><strong>insidiatorem</strong></span> <span class='ocrx_word' id='word_1_341' title='bbox 1015 3220 1044 3257; x_wconf 88' lang='lat' dir='ltr'><strong>a</strong></span> <span class='ocrx_word' id='word_1_342' title='bbox 1086 3206 1240 3259; x_wconf 89' lang='lat' dir='ltr'><strong>nobis</strong></span> <span class='ocrx_word' id='word_1_343' title='bbox 1272 3220 1535 3274; x_wconf 85' lang='lat' dir='ltr'><strong>nusquam</strong></span> <span class='ocrx_word' id='word_1_344' title='bbox 1570 3221 1723 3261; x_wconf 85' lang='lat' dir='ltr'><strong>rece-</strong></span> 
     </span>
    </p>
   </div>
   <div class='ocr_carea' id='block_1_47' title="bbox 128 3292 1722 3366">
    <p class='ocr_par' dir='ltr' id='par_1_47' title="bbox 128 3292 1722 3366">
     <span class='ocr_line' id='line_1_47' title="bbox 128 3292 1722 3366; baseline 0.006 -23"><span class='ocrx_word' id='word_1_345' title='bbox 128 3292 287 3358; x_wconf 84' lang='lat' dir='ltr'><strong>dere,</strong></span> <span class='ocrx_word' id='word_1_346' title='bbox 348 3293 446 3345; x_wconf 81' lang='lat' dir='ltr'><strong>sed</strong></span> <span class='ocrx_word' id='word_1_347' title='bbox 487 3292 554 3345; x_wconf 87' lang='lat' dir='ltr'><strong>ad</strong></span> <span class='ocrx_word' id='word_1_348' title='bbox 612 3295 909 3363; x_wconf 87' lang='lat' dir='ltr'><strong>principem</strong></span> <span class='ocrx_word' id='word_1_349' title='bbox 946 3297 1125 3365; x_wconf 88' lang='lat' dir='ltr'><strong>gentis</strong></span> <span class='ocrx_word' id='word_1_350' title='bbox 1154 3298 1408 3351; x_wconf 90' lang='lat' dir='ltr'><strong>nimirum</strong></span> <span class='ocrx_word' id='word_1_351' title='bbox 1440 3299 1722 3366; x_wconf 60' lang='lat' dir='ltr'><strong>praesidem</strong></span> 
     </span>
    </p>
   </div>
   <div class='ocr_carea' id='block_1_48' title="bbox 131 3386 1723 3451">
    <p class='ocr_par' dir='ltr' id='par_1_48' title="bbox 131 3386 1723 3451">
     <span class='ocr_line' id='line_1_48' title="bbox 131 3386 1723 3451; baseline 0.008 -17"><span class='ocrx_word' id='word_1_352' title='bbox 131 3386 443 3439; x_wconf 68' lang='lat' dir='ltr'><strong>daemonem</strong></span> <span class='ocrx_word' id='word_1_353' title='bbox 481 3401 580 3440; x_wconf 92' lang='lat' dir='ltr'><strong>nos</strong></span> <span class='ocrx_word' id='word_1_354' title='bbox 607 3388 898 3451; x_wconf 87' lang='lat' dir='ltr'><strong>deducere,</strong></span> <span class='ocrx_word' id='word_1_355' title='bbox 946 3398 1002 3442; x_wconf 93' lang='lat' dir='ltr'><strong>et</strong></span> <span class='ocrx_word' id='word_1_356' title='bbox 1040 3405 1068 3441; x_wconf 90' lang='lat' dir='ltr'><strong>a</strong></span> <span class='ocrx_word' id='word_1_357' title='bbox 1102 3405 1160 3443; x_wconf 91' lang='lat' dir='ltr'><strong>se</strong></span> <span class='ocrx_word' id='word_1_358' title='bbox 1191 3401 1436 3443; x_wconf 87' lang='lat' dir='ltr'><strong>servatos</strong></span> <span class='ocrx_word' id='word_1_359' title='bbox 1462 3392 1723 3446; x_wconf 91' lang='lat' dir='ltr'><strong>adversus</strong></span> 
     </span>
    </p>
   </div>
   <div class='ocr_carea' id='block_1_49' title="bbox 128 3476 1724 3548">
    <p class='ocr_par' dir='ltr' id='par_1_49' title="bbox 128 3476 1724 3548">
     <span class='ocr_line' id='line_1_49' title="bbox 128 3476 1724 3548; baseline 0.008 -19"><span class='ocrx_word' id='word_1_360' title='bbox 128 3476 399 3545; x_wconf 89' lang='lat' dir='ltr'><strong>principis</strong></span> <span class='ocrx_word' id='word_1_361' title='bbox 458 3478 722 3543; x_wconf 84' lang='lat' dir='ltr'><strong>alterius,</strong></span> <span class='ocrx_word' id='word_1_362' title='bbox 775 3494 966 3548; x_wconf 88' lang='lat' dir='ltr'><strong>rapere</strong></span> <span class='ocrx_word' id='word_1_363' title='bbox 1016 3496 1115 3535; x_wconf 90' lang='lat' dir='ltr'><strong>nos</strong></span> <span class='ocrx_word' id='word_1_364' title='bbox 1170 3482 1437 3547; x_wconf 86' lang='lat' dir='ltr'><strong>volentis,</strong></span> <span class='ocrx_word' id='word_1_365' title='bbox 1496 3484 1724 3541; x_wconf 85' lang='lat' dir='ltr'><strong>insidias</strong></span> 
     </span>
    </p>
   </div>
   <div class='ocr_carea' id='block_1_50' title="bbox 127 3569 1719 3643">
    <p class='ocr_par' dir='ltr' id='par_1_50' title="bbox 127 3569 1719 3643">
     <span class='ocr_line' id='line_1_50' title="bbox 127 3569 1719 3643; baseline 0.005 -19"><span class='ocrx_word' id='word_1_366' title='bbox 127 3570 329 3625; x_wconf 86' lang='lat' dir='ltr'><strong>sistere</strong></span> <span class='ocrx_word' id='word_1_367' title='bbox 360 3587 373 3623; x_wconf 92' lang='lat'><strong>:</strong></span> <span class='ocrx_word' id='word_1_368' title='bbox 401 3569 677 3625; x_wconf 86' lang='lat' dir='ltr'><strong>Christum</strong></span> <span class='ocrx_word' id='word_1_369' title='bbox 733 3583 912 3627; x_wconf 89' lang='lat' dir='ltr'><strong>autem</strong></span> <span class='ocrx_word' id='word_1_370' title='bbox 967 3571 1242 3643; x_wconf 85' lang='lat' dir='ltr'><strong>principes</strong></span> <span class='ocrx_word' id='word_1_371' title='bbox 1274 3590 1463 3630; x_wconf 90' lang='lat' dir='ltr'><strong>omnes</strong></span> <span class='ocrx_word' id='word_1_372' title='bbox 1501 3578 1719 3643; x_wconf 85' lang='lat' dir='ltr'><strong>vicisse,</strong></span> 
     </span>
    </p>
   </div>
   <div class='ocr_carea' id='block_1_51' title="bbox 126 3662 1725 3739">
    <p class='ocr_par' dir='ltr' id='par_1_51' title="bbox 126 3662 1725 3739">
     <span class='ocr_line' id='line_1_51' title="bbox 126 3662 1725 3739; baseline 0.007 -24"><span class='ocrx_word' id='word_1_373' title='bbox 126 3671 182 3715; x_wconf 82' lang='lat' dir='ltr'><strong>et</strong></span> <span class='ocrx_word' id='word_1_374' title='bbox 218 3662 494 3717; x_wconf 87' lang='lat' dir='ltr'><strong>terminos</strong></span> <span class='ocrx_word' id='word_1_375' title='bbox 527 3678 715 3717; x_wconf 85' lang='lat' dir='ltr'><strong>eorum</strong></span> <span class='ocrx_word' id='word_1_376' title='bbox 778 3674 1143 3718; x_wconf 89' lang='lat' dir='ltr'><strong>transeuntem</strong></span> <span class='ocrx_word' id='word_1_377' title='bbox 1203 3668 1449 3737; x_wconf 88' lang='lat' dir='ltr'><strong>captivos</strong></span> <span class='ocrx_word' id='word_1_378' title='bbox 1496 3669 1725 3739; x_wconf 89' lang='lat' dir='ltr'><strong>populos</strong></span> 
     </span>
    </p>
   </div>
   <div class='ocr_carea' id='block_1_52' title="bbox 128 3740 1725 3831">
    <p class='ocr_par' dir='ltr' id='par_1_52' title="bbox 128 3740 1725 3831">
     <span class='ocr_line' id='line_1_52' title="bbox 128 3740 1725 3831; baseline 0.008 -27"><span class='ocrx_word' id='word_1_379' title='bbox 128 3753 192 3806; x_wconf 86' lang='lat' dir='ltr'><strong>ad</strong></span> <span class='ocrx_word' id='word_1_380' title='bbox 213 3768 275 3807; x_wconf 88' lang='lat' dir='ltr'><strong>se</strong></span> <span class='ocrx_word' id='word_1_381' title='bbox 300 3753 354 3806; x_wconf 94' lang='lat' dir='ltr'><strong>in</strong></span> <span class='ocrx_word' id='word_1_382' title='bbox 377 3754 605 3807; x_wconf 84' lang='lat' dir='ltr'><strong>salutem</strong></span> <span class='ocrx_word' id='word_1_383' title='bbox 654 3758 1019 3813; x_wconf 82' lang='lat' dir='ltr'><strong>transtulisse.</strong></span> <span class='ocrx_word' id='word_1_384' title='bbox 1044 3760 1205 3813; x_wconf 85' lang='lat' dir='ltr'><strong>Addit</strong></span> <span class='ocrx_word' id='word_1_385' title='bbox 1235 3740 1428 3815; x_wconf 89' lang='lat' dir='ltr'><strong>deinde</strong></span> <span class='ocrx_word' id='word_1_386' title='bbox 1453 3778 1468 3818; x_wconf 87' lang='lat'><strong>:</strong></span> <span class='ocrx_word' id='word_1_387' title='bbox 1499 3782 1516 3813; x_wconf 78' lang='grc' dir='ltr'><strong>ι</strong></span> <span class='ocrx_word' id='word_1_388' title='bbox 1540 3761 1725 3831; x_wconf 79' lang='lat' dir='ltr'><strong>Neque</strong></span> 
     </span>
    </p>
   </div>
   <div class='ocr_carea' id='block_1_53' title="bbox 128 3845 1722 3924">
    <p class='ocr_par' dir='ltr' id='par_1_53' title="bbox 128 3845 1722 3924">
     <span class='ocr_line' id='line_1_53' title="bbox 128 3845 1722 3924; baseline 0.005 -26"><span class='ocrx_word' id='word_1_389' title='bbox 128 3845 273 3899; x_wconf 88' lang='lat' dir='ltr'><strong>cnim</strong></span> <span class='ocrx_word' id='word_1_390' title='bbox 316 3861 509 3900; x_wconf 83' lang='lat' dir='ltr'><strong>omnes</strong></span> <span class='ocrx_word' id='word_1_391' title='bbox 556 3848 796 3902; x_wconf 89' lang='lat' dir='ltr'><strong>omnium</strong></span> <span class='ocrx_word' id='word_1_392' title='bbox 841 3862 969 3905; x_wconf 90' lang='lat' dir='ltr'><strong>sunt</strong></span> <span class='ocrx_word' id='word_1_393' title='bbox 1013 3852 1338 3917; x_wconf 87' lang='lat' dir='ltr'><strong>adversarii,</strong></span> <span class='ocrx_word' id='word_1_394' title='bbox 1394 3854 1487 3907; x_wconf 87' lang='lat' dir='ltr'><strong>sed</strong></span> <span class='ocrx_word' id='word_1_395' title='bbox 1527 3854 1722 3924; x_wconf 81' lang='lat' dir='ltr'><strong>singuli</strong></span> 
     </span>
    </p>
   </div>
   <div class='ocr_carea' id='block_1_54' title="bbox 129 3936 1726 4013">
    <p class='ocr_par' dir='ltr' id='par_1_54' title="bbox 129 3936 1726 4013">
     <span class='ocr_line' id='line_1_54' title="bbox 129 3936 1726 4013; baseline 0.009 -26"><span class='ocrx_word' id='word_1_396' title='bbox 129 3936 383 4005; x_wconf 82' lang='lat' dir='ltr'><strong>singulos</strong></span> <span class='ocrx_word' id='word_1_397' title='bbox 412 3938 631 4002; x_wconf 91' lang='lat' dir='ltr'><strong>habent,</strong></span> <span class='ocrx_word' id='word_1_398' title='bbox 671 3940 761 4008; x_wconf 89' lang='lat' dir='ltr'><strong>qui</strong></span> <span class='ocrx_word' id='word_1_399' title='bbox 794 3941 995 4012; x_wconf 89' lang='lat' dir='ltr'><strong>ubique</strong></span> <span class='ocrx_word' id='word_1_400' title='bbox 1034 3959 1130 4000; x_wconf 90' lang='lat' dir='ltr'><strong>eos</strong></span> <span class='ocrx_word' id='word_1_401' title='bbox 1163 3955 1481 4013; x_wconf 84' lang='lat' dir='ltr'><strong>sequantur,</strong></span> <span class='ocrx_word' id='word_1_402' title='bbox 1518 3955 1571 4001; x_wconf 89' lang='lat' dir='ltr'><strong>et</strong></span> <span class='ocrx_word' id='word_1_403' title='bbox 1616 3948 1726 4002; x_wconf 89' lang='lat' dir='ltr'><strong>sint</strong></span> 
     </span>
    </p>
   </div>
   <div class='ocr_carea' id='block_1_55' title="bbox 130 4028 455 4079">
    <p class='ocr_par' dir='ltr' id='par_1_55' title="bbox 130 4028 455 4079">
     <span class='ocr_line' id='line_1_55' title="bbox 130 4028 455 4079; baseline -0.009 0"><span class='ocrx_word' id='word_1_404' title='bbox 130 4028 385 4079; x_wconf 84' lang='lat' dir='ltr'><strong>comites.</strong></span> <span class='ocrx_word' id='word_1_405' title='bbox 436 4045 455 4076; x_wconf 72' lang='grc' dir='ltr'><strong>ι</strong></span> 
     </span>
    </p>
   </div>
   <div class='ocr_carea' id='block_1_56' title="bbox 196 4118 1723 4192">
    <p class='ocr_par' dir='ltr' id='par_1_56' title="bbox 196 4118 1723 4192">
     <span class='ocr_line' id='line_1_56' title="bbox 196 4118 1723 4192; baseline 0.01 -23"><span class='ocrx_word' id='word_1_406' title='bbox 196 4118 345 4184; x_wconf 81' lang='lat' dir='ltr'><strong>Quid</strong></span> <span class='ocrx_word' id='word_1_407' title='bbox 374 4120 517 4187; x_wconf 89' lang='lat' dir='ltr'><strong>quod</strong></span> <span class='ocrx_word' id='word_1_408' title='bbox 573 4121 800 4192; x_wconf 80' lang='lat' dir='ltr'><strong>singulis</strong></span> <span class='ocrx_word' id='word_1_409' title='bbox 854 4125 1164 4181; x_wconf 87' lang='lat' dir='ltr'><strong>hominibus</strong></span> <span class='ocrx_word' id='word_1_410' title='bbox 1196 4144 1301 4182; x_wconf 93' lang='lat' dir='ltr'><strong>non</strong></span> <span class='ocrx_word' id='word_1_411' title='bbox 1353 4130 1570 4183; x_wconf 87' lang='lat' dir='ltr'><strong>unicum</strong></span> <span class='ocrx_word' id='word_1_412' title='bbox 1600 4140 1723 4185; x_wconf 82' lang='lat' dir='ltr'><strong>tati-</strong></span> 
     </span>
    </p>
   </div>
   <div class='ocr_carea' id='block_1_57' title="bbox 134 4212 1723 4285">
    <p class='ocr_par' dir='ltr' id='par_1_57' title="bbox 134 4212 1723 4285">
     <span class='ocr_line' id='line_1_57' title="bbox 134 4212 1723 4285; baseline 0.012 -27"><span class='ocrx_word' id='word_1_413' title='bbox 134 4212 417 4264; x_wconf 81' lang='lat' dir='ltr'><strong>tuumiodo</strong></span> <span class='ocrx_word' id='word_1_414' title='bbox 438 4213 709 4282; x_wconf 77' lang='lat' dir='ltr'><strong>angelum,</strong></span> <span class='ocrx_word' id='word_1_415' title='bbox 746 4217 1033 4271; x_wconf 85' lang='lat' dir='ltr'><strong>unicumve</strong></span> <span class='ocrx_word' id='word_1_416' title='bbox 1060 4218 1387 4285; x_wconf 72' lang='lat' dir='ltr'><strong>daemonem,</strong></span> <span class='ocrx_word' id='word_1_417' title='bbox 1453 4224 1547 4275; x_wconf 85' lang='lat' dir='ltr'><strong>sed</strong></span> <span class='ocrx_word' id='word_1_418' title='bbox 1587 4232 1723 4277; x_wconf 87' lang='lat' dir='ltr'><strong>totas</strong></span> 
     </span>
    </p>
   </div>
   <div class='ocr_carea' id='block_1_58' title="bbox 134 4306 1725 4383">
    <p class='ocr_par' dir='ltr' id='par_1_58' title="bbox 134 4306 1725 4383">
     <span class='ocr_line' id='line_1_58' title="bbox 134 4306 1725 4383; baseline 0.008 -28"><span class='ocrx_word' id='word_1_419' title='bbox 134 4306 454 4372; x_wconf 77' lang='lat' dir='ltr'><strong>angelorum</strong></span> <span class='ocrx_word' id='word_1_420' title='bbox 488 4308 899 4379; x_wconf 79' lang='lat' dir='ltr'><strong>da-monumquc</strong></span> <span class='ocrx_word' id='word_1_421' title='bbox 930 4311 1183 4365; x_wconf 88' lang='lat' dir='ltr'><strong>cohortes</strong></span> <span class='ocrx_word' id='word_1_422' title='bbox 1204 4313 1447 4383; x_wconf 87' lang='lat' dir='ltr'><strong>adjungit</strong></span> <span class='ocrx_word' id='word_1_423' title='bbox 1478 4316 1663 4367; x_wconf 81' lang='lat' dir='ltr'><strong>homil.</strong></span> <span class='ocrx_word' id='word_1_424' title='bbox 1690 4316 1725 4368; x_wconf 76' lang='grc'><strong>4</strong></span> 
     </span>
    </p>
   </div>
   <div class='ocr_carea' id='block_1_59' title="bbox 132 4394 1721 4473">
    <p class='ocr_par' dir='ltr' id='par_1_59' title="bbox 132 4394 1721 4473">
     <span class='ocr_line' id='line_1_59' title="bbox 132 4394 1721 4473; baseline 0.01 -29"><span class='ocrx_word' id='word_1_425' title='bbox 132 4394 184 4445; x_wconf 80' lang='lat' dir='ltr'><strong>in</strong></span> <span class='ocrx_word' id='word_1_426' title='bbox 204 4396 381 4461; x_wconf 67' lang='lat' dir='ltr'><strong>psalm</strong></span> <span class='ocrx_word' id='word_1_427' title='bbox 434 4412 622 4463; x_wconf 67' lang='lat' dir='ltr'><strong>xxx“,</strong></span> <span class='ocrx_word' id='word_1_428' title='bbox 648 4415 795 4456; x_wconf 88' lang='lat' dir='ltr'><strong>num.</strong></span> <span class='ocrx_word' id='word_1_429' title='bbox 831 4402 884 4467; x_wconf 75' lang='lat'><strong>3,</strong></span> <span class='ocrx_word' id='word_1_430' title='bbox 909 4420 1031 4473; x_wconf 85' lang='lat' dir='ltr'><strong>pag.</strong></span> <span class='ocrx_word' id='word_1_431' title='bbox 1055 4404 1181 4457; x_wconf 81' lang='grc'><strong>675.</strong></span> <span class='ocrx_word' id='word_1_432' title='bbox 1206 4423 1223 4455; x_wconf 80' lang='grc' dir='ltr'><strong>ι</strong></span> <span class='ocrx_word' id='word_1_433' title='bbox 1253 4402 1533 4473; x_wconf 85' lang='lat' dir='ltr'><strong>Nunquam</strong></span> <span class='ocrx_word' id='word_1_434' title='bbox 1554 4407 1721 4472; x_wconf 88' lang='lat' dir='ltr'><strong>enim,</strong></span> 
     </span>
    </p>
   </div>
   <div class='ocr_carea' id='block_1_60' title="bbox 135 4484 1725 4566">
    <p class='ocr_par' dir='ltr' id='par_1_60' title="bbox 135 4484 1725 4566">
     <span class='ocr_line' id='line_1_60' title="bbox 135 4484 1725 4566; baseline 0.01 -30"><span class='ocrx_word' id='word_1_435' title='bbox 135 4484 330 4555; x_wconf 72' lang='lat' dir='ltr'><strong>inquit,</strong></span> <span class='ocrx_word' id='word_1_436' title='bbox 363 4489 517 4543; x_wconf 88' lang='lat' dir='ltr'><strong>solus</strong></span> <span class='ocrx_word' id='word_1_437' title='bbox 539 4500 621 4544; x_wconf 89' lang='lat' dir='ltr'><strong>est</strong></span> <span class='ocrx_word' id='word_1_438' title='bbox 665 4492 868 4561; x_wconf 88' lang='lat' dir='ltr'><strong>justus,</strong></span> <span class='ocrx_word' id='word_1_439' title='bbox 924 4496 1019 4548; x_wconf 88' lang='lat' dir='ltr'><strong>sed</strong></span> <span class='ocrx_word' id='word_1_440' title='bbox 1052 4512 1119 4548; x_wconf 88' lang='lat' dir='ltr'><strong>ne</strong></span> <span class='ocrx_word' id='word_1_441' title='bbox 1154 4496 1313 4549; x_wconf 88' lang='lat' dir='ltr'><strong>unius</strong></span> <span class='ocrx_word' id='word_1_442' title='bbox 1343 4497 1585 4566; x_wconf 87' lang='lat' dir='ltr'><strong>quidem,</strong></span> <span class='ocrx_word' id='word_1_443' title='bbox 1629 4509 1725 4552; x_wconf 89' lang='lat' dir='ltr'><strong>aut</strong></span> 
     </span>
    </p>
   </div>
   <div class='ocr_carea' id='block_1_61' title="bbox 133 4582 1723 4655">
    <p class='ocr_par' dir='ltr' id='par_1_61' title="bbox 133 4582 1723 4655">
     <span class='ocr_line' id='line_1_61' title="bbox 133 4582 1723 4655; baseline 0.004 -21"><span class='ocrx_word' id='word_1_444' title='bbox 133 4582 403 4644; x_wconf 90' lang='lat' dir='ltr'><strong>duorum,</strong></span> <span class='ocrx_word' id='word_1_445' title='bbox 471 4582 553 4633; x_wconf 84' lang='lat' dir='ltr'><strong>vel</strong></span> <span class='ocrx_word' id='word_1_446' title='bbox 601 4585 760 4637; x_wconf 87' lang='lat' dir='ltr'><strong>trium</strong></span> <span class='ocrx_word' id='word_1_447' title='bbox 827 4588 1195 4641; x_wconf 82' lang='lat' dir='ltr'><strong>tantummodo</strong></span> <span class='ocrx_word' id='word_1_448' title='bbox 1249 4589 1563 4655; x_wconf 84' lang='lat' dir='ltr'><strong>angelorum</strong></span> <span class='ocrx_word' id='word_1_449' title='bbox 1635 4604 1723 4641; x_wconf 89' lang='lat' dir='ltr'><strong>so-</strong></span> 
     </span>
    </p>
   </div>
   <div class='ocr_carea' id='block_1_62' title="bbox 1829 2096 3410 2168">
    <p class='ocr_par' dir='ltr' id='par_1_62' title="bbox 1829 2096 3410 2168">
     <span class='ocr_line' id='line_1_62' title="bbox 1829 2096 3410 2168; baseline -0.003 -15"><span class='ocrx_word' id='word_1_450' title='bbox 1829 2100 2022 2155; x_wconf 80' lang='lat' dir='ltr'><strong>vincia:</strong></span> <span class='ocrx_word' id='word_1_451' title='bbox 2070 2100 2336 2155; x_wconf 85' lang='lat' dir='ltr'><strong>rationem</strong></span> <span class='ocrx_word' id='word_1_452' title='bbox 2386 2099 2690 2153; x_wconf 86' lang='lat' dir='ltr'><strong>reddituros</strong></span> <span class='ocrx_word' id='word_1_453' title='bbox 2745 2098 2914 2166; x_wconf 90' lang='lat' dir='ltr'><strong>ipsius</strong></span> <span class='ocrx_word' id='word_1_454' title='bbox 2966 2098 3243 2168; x_wconf 87' lang='lat' dir='ltr'><strong>persuasio</strong></span> <span class='ocrx_word' id='word_1_455' title='bbox 3290 2096 3410 2150; x_wconf 82' lang='lat' dir='ltr'><strong>fuit.</strong></span> 
     </span>
    </p>
   </div>
   <div class='ocr_carea' id='block_1_63' title="bbox 1832 2191 3415 2263">
    <p class='ocr_par' dir='ltr' id='par_1_63' title="bbox 1832 2191 3415 2263">
     <span class='ocr_line' id='line_1_63' title="bbox 1832 2191 3415 2263; baseline 0 -18"><span class='ocrx_word' id='word_1_456' title='bbox 1832 2192 2005 2260; x_wconf 85' lang='lat' dir='ltr'><strong>Quam</strong></span> <span class='ocrx_word' id='word_1_457' title='bbox 2036 2193 2291 2263; x_wconf 88' lang='lat' dir='ltr'><strong>quoniam</strong></span> <span class='ocrx_word' id='word_1_458' title='bbox 2347 2191 2457 2263; x_wconf 87' lang='lat' dir='ltr'><strong>jam</strong></span> <span class='ocrx_word' id='word_1_459' title='bbox 2500 2201 2624 2245; x_wconf 86' lang='lat' dir='ltr'><strong>ante</strong></span> <span class='ocrx_word' id='word_1_460' title='bbox 2654 2191 3018 2255; x_wconf 84' lang='lat' dir='ltr'><strong>excussitnus,</strong></span> <span class='ocrx_word' id='word_1_461' title='bbox 3061 2204 3415 2258; x_wconf 84' lang='lat' dir='ltr'><strong>properemus</strong></span> 
     </span>
    </p>
   </div>
   <div class='ocr_carea' id='block_1_64' title="bbox 1829 2281 3414 2354">
    <p class='ocr_par' dir='ltr' id='par_1_64' title="bbox 1829 2281 3414 2354">
     <span class='ocr_line' id='line_1_64' title="bbox 1829 2281 3414 2354; baseline -0.001 -15"><span class='ocrx_word' id='word_1_462' title='bbox 1829 2285 1896 2339; x_wconf 88' lang='lat' dir='ltr'><strong>ad</strong></span> <span class='ocrx_word' id='word_1_463' title='bbox 1931 2286 2056 2350; x_wconf 89' lang='lat' dir='ltr'><strong>alia,</strong></span> <span class='ocrx_word' id='word_1_464' title='bbox 2089 2296 2143 2339; x_wconf 91' lang='lat' dir='ltr'><strong>et</strong></span> <span class='ocrx_word' id='word_1_465' title='bbox 2173 2283 2369 2354; x_wconf 90' lang='lat' dir='ltr'><strong>placita</strong></span> <span class='ocrx_word' id='word_1_466' title='bbox 2402 2299 2498 2338; x_wconf 90' lang='lat' dir='ltr'><strong>sua</strong></span> <span class='ocrx_word' id='word_1_467' title='bbox 2534 2299 2697 2352; x_wconf 87' lang='lat' dir='ltr'><strong>super</strong></span> <span class='ocrx_word' id='word_1_468' title='bbox 2733 2282 3043 2351; x_wconf 86' lang='lat' dir='ltr'><strong>angelorum</strong></span> <span class='ocrx_word' id='word_1_469' title='bbox 3080 2281 3240 2336; x_wconf 89' lang='lat' dir='ltr'><strong>tutela</strong></span> <span class='ocrx_word' id='word_1_470' title='bbox 3272 2281 3414 2337; x_wconf 90' lang='lat' dir='ltr'><strong>unde</strong></span> 
     </span>
    </p>
   </div>
   <div class='ocr_carea' id='block_1_65' title="bbox 1830 2374 3413 2446">
    <p class='ocr_par' dir='ltr' id='par_1_65' title="bbox 1830 2374 3413 2446">
     <span class='ocr_line' id='line_1_65' title="bbox 1830 2374 3413 2446; baseline -0.001 -16"><span class='ocrx_word' id='word_1_471' title='bbox 1830 2376 2097 2442; x_wconf 87' lang='lat' dir='ltr'><strong>hauserit,</strong></span> <span class='ocrx_word' id='word_1_472' title='bbox 2134 2386 2187 2431; x_wconf 87' lang='lat' dir='ltr'><strong>et</strong></span> <span class='ocrx_word' id='word_1_473' title='bbox 2243 2376 2518 2443; x_wconf 88' lang='lat' dir='ltr'><strong>quodnam</strong></span> <span class='ocrx_word' id='word_1_474' title='bbox 2578 2375 2680 2429; x_wconf 89' lang='lat' dir='ltr'><strong>sibi</strong></span> <span class='ocrx_word' id='word_1_475' title='bbox 2742 2376 3099 2446; x_wconf 62' lang='lat' dir='ltr'><strong>patrocinium</strong></span> <span class='ocrx_word' id='word_1_476' title='bbox 3146 2374 3413 2443; x_wconf 88' lang='lat' dir='ltr'><strong>spondere</strong></span> 
     </span>
    </p>
   </div>
   <div class='ocr_carea' id='block_1_66' title="bbox 1828 2468 2424 2536">
    <p class='ocr_par' dir='ltr' id='par_1_66' title="bbox 1828 2468 2424 2536">
     <span class='ocr_line' id='line_1_66' title="bbox 1828 2468 2424 2536; baseline 0 -15"><span class='ocrx_word' id='word_1_477' title='bbox 1828 2468 2019 2536; x_wconf 83' lang='lat' dir='ltr'><strong>possit,</strong></span> <span class='ocrx_word' id='word_1_478' title='bbox 2051 2468 2424 2534; x_wconf 78' lang='lat' dir='ltr'><strong>exquiramus.</strong></span> 
     </span>
    </p>
   </div>
   <div class='ocr_carea' id='block_1_67' title="bbox 1907 2557 3413 2627">
    <p class='ocr_par' dir='ltr' id='par_1_67' title="bbox 1907 2557 3413 2627">
     <span class='ocr_line' id='line_1_67' title="bbox 1907 2557 3413 2627; baseline -0.001 -16"><span class='ocrx_word' id='word_1_479' title='bbox 1907 2557 2102 2613; x_wconf 72' lang='grc' dir='ltr'><strong>ΧΧΧΙ.</strong></span> <span class='ocrx_word' id='word_1_480' title='bbox 2139 2559 2473 2612; x_wconf 70' lang='grc' dir='ltr'>1ἰάεἰνοιίιιιι</span> <span class='ocrx_word' id='word_1_481' title='bbox 2505 2557 2581 2611; x_wconf 91' lang='lat' dir='ltr'><strong>illi</strong></span> <span class='ocrx_word' id='word_1_482' title='bbox 2620 2558 2673 2611; x_wconf 88' lang='lat' dir='ltr'><strong>iu</strong></span> <span class='ocrx_word' id='word_1_483' title='bbox 2699 2572 2761 2611; x_wconf 88' lang='lat' dir='ltr'><strong>ca</strong></span> <span class='ocrx_word' id='word_1_484' title='bbox 2804 2559 3061 2627; x_wconf 83' lang='lat' dir='ltr'><strong>opinione</strong></span> <span class='ocrx_word' id='word_1_485' title='bbox 3085 2558 3149 2612; x_wconf 87' lang='lat' dir='ltr'><strong>de</strong></span> <span class='ocrx_word' id='word_1_486' title='bbox 3180 2558 3413 2612; x_wconf 86' lang='lat' dir='ltr'><strong>hominis</strong></span> 
     </span>
    </p>
   </div>
   <div class='ocr_carea' id='block_1_68' title="bbox 1827 2650 3414 2720">
    <p class='ocr_par' dir='ltr' id='par_1_68' title="bbox 1827 2650 3414 2720">
     <span class='ocr_line' id='line_1_68' title="bbox 1827 2650 3414 2720; baseline -0.001 -15"><span class='ocrx_word' id='word_1_487' title='bbox 1827 2652 2253 2719; x_wconf 84' lang='lat' dir='ltr'><strong>uniuscujusque</strong></span> <span class='ocrx_word' id='word_1_488' title='bbox 2294 2650 2444 2706; x_wconf 88' lang='lat' dir='ltr'><strong>socio</strong></span> <span class='ocrx_word' id='word_1_489' title='bbox 2474 2666 2538 2705; x_wconf 88' lang='lat' dir='ltr'><strong>ac</strong></span> <span class='ocrx_word' id='word_1_490' title='bbox 2570 2651 2828 2718; x_wconf 84' lang='lat' dir='ltr'><strong>stipatore</strong></span> <span class='ocrx_word' id='word_1_491' title='bbox 2860 2652 3015 2720; x_wconf 90' lang='lat' dir='ltr'><strong>genio</strong></span> <span class='ocrx_word' id='word_1_492' title='bbox 3039 2650 3266 2719; x_wconf 85' lang='lat' dir='ltr'><strong>gentiles</strong></span> <span class='ocrx_word' id='word_1_493' title='bbox 3293 2651 3414 2718; x_wconf 90' lang='lat' dir='ltr'><strong>phi-</strong></span> 
     </span>
    </p>
   </div>
   <div class='ocr_carea' id='block_1_69' title="bbox 1830 2738 3410 2811">
    <p class='ocr_par' dir='ltr' id='par_1_69' title="bbox 1830 2738 3410 2811">
     <span class='ocr_line' id='line_1_69' title="bbox 1830 2738 3410 2811; baseline -0.003 -13"><span class='ocrx_word' id='word_1_494' title='bbox 1830 2742 2064 2811; x_wconf 87' lang='lat' dir='ltr'><strong>losophi.</strong></span> <span class='ocrx_word' id='word_1_495' title='bbox 2102 2744 2192 2809; x_wconf 90' lang='lat' dir='ltr'><strong>qui</strong></span> <span class='ocrx_word' id='word_1_496' title='bbox 2240 2741 2516 2795; x_wconf 91' lang='lat' dir='ltr'><strong>hominum</strong></span> <span class='ocrx_word' id='word_1_497' title='bbox 2545 2752 2599 2795; x_wconf 92' lang='lat' dir='ltr'><strong>et</strong></span> <span class='ocrx_word' id='word_1_498' title='bbox 2629 2741 2868 2795; x_wconf 83' lang='lat' dir='ltr'><strong>locorum</strong></span> <span class='ocrx_word' id='word_1_499' title='bbox 2899 2742 3153 2809; x_wconf 72' lang='lat' dir='ltr'><strong>prtcsides</strong></span> <span class='ocrx_word' id='word_1_500' title='bbox 3202 2738 3410 2809; x_wconf 86' lang='lat' dir='ltr'><strong>genios,</strong></span> 
     </span>
    </p>
   </div>
   <div class='ocr_carea' id='block_1_70' title="bbox 1830 2833 3414 2905">
    <p class='ocr_par' dir='ltr' id='par_1_70' title="bbox 1830 2833 3414 2905">
     <span class='ocr_line' id='line_1_70' title="bbox 1830 2833 3414 2905; baseline -0.002 -16"><span class='ocrx_word' id='word_1_501' title='bbox 1830 2852 1933 2890; x_wconf 93' lang='lat' dir='ltr'><strong>non</strong></span> <span class='ocrx_word' id='word_1_502' title='bbox 1961 2853 1992 2890; x_wconf 88' lang='lat' dir='ltr'><strong>e</strong></span> <span class='ocrx_word' id='word_1_503' title='bbox 2026 2836 2397 2905; x_wconf 87' lang='lat' dir='ltr'><strong>superioribus</strong></span> <span class='ocrx_word' id='word_1_504' title='bbox 2427 2836 2673 2898; x_wconf 90' lang='lat' dir='ltr'><strong>deorum,</strong></span> <span class='ocrx_word' id='word_1_505' title='bbox 2705 2835 2797 2887; x_wconf 92' lang='lat' dir='ltr'><strong>scd</strong></span> <span class='ocrx_word' id='word_1_506' title='bbox 2823 2849 2887 2888; x_wconf 77' lang='lat' dir='ltr'><strong>cx</strong></span> <span class='ocrx_word' id='word_1_507' title='bbox 2924 2834 3144 2887; x_wconf 85' lang='lat' dir='ltr'><strong>deorum</strong></span> <span class='ocrx_word' id='word_1_508' title='bbox 3171 2834 3235 2891; x_wconf 87' lang='lat' dir='ltr'><strong>de</strong></span> <span class='ocrx_word' id='word_1_509' title='bbox 3258 2833 3414 2903; x_wconf 83' lang='lat' dir='ltr'><strong>plebe</strong></span> 
     </span>
    </p>
   </div>
   <div class='ocr_carea' id='block_1_71' title="bbox 1828 2921 3413 2991">
    <p class='ocr_par' dir='ltr' id='par_1_71' title="bbox 1828 2921 3413 2991">
     <span class='ocr_line' id='line_1_71' title="bbox 1828 2921 3413 2991; baseline -0.004 -10"><span class='ocrx_word' id='word_1_510' title='bbox 1828 2926 2112 2981; x_wconf 78' lang='lat' dir='ltr'><strong>ordinibus</strong></span> <span class='ocrx_word' id='word_1_511' title='bbox 2134 2926 2428 2980; x_wconf 78' lang='lat' dir='ltr'><strong>accersitos</strong></span> <span class='ocrx_word' id='word_1_512' title='bbox 2453 2923 2686 2977; x_wconf 82' lang='lat' dir='ltr'><strong>confessi</strong></span> <span class='ocrx_word' id='word_1_513' title='bbox 2716 2932 2842 2977; x_wconf 88' lang='lat' dir='ltr'><strong>sunt</strong></span> <span class='ocrx_word' id='word_1_514' title='bbox 2864 2941 2877 2989; x_wconf 92' lang='lat'>;</span> <span class='ocrx_word' id='word_1_515' title='bbox 2944 2921 3099 2976; x_wconf 81' lang='lat' dir='ltr'><strong>Plato</strong></span> <span class='ocrx_word' id='word_1_516' title='bbox 3123 2937 3252 2977; x_wconf 88' lang='lat' dir='ltr'><strong>vero</strong></span> <span class='ocrx_word' id='word_1_517' title='bbox 3274 2937 3413 2991; x_wconf 65' lang='lat' dir='ltr'><strong>prac-</strong></span> 
     </span>
    </p>
   </div>
   <div class='ocr_carea' id='block_1_72' title="bbox 1829 3016 3412 3090">
    <p class='ocr_par' dir='ltr' id='par_1_72' title="bbox 1829 3016 3412 3090">
     <span class='ocr_line' id='line_1_72' title="bbox 1829 3016 3412 3090; baseline -0.004 -14"><span class='ocrx_word' id='word_1_518' title='bbox 1829 3023 2007 3090; x_wconf 85' lang='lat' dir='ltr'><strong>cipuc,</strong></span> <span class='ocrx_word' id='word_1_519' title='bbox 2045 3033 2101 3073; x_wconf 90' lang='lat' dir='ltr'><strong>ut</strong></span> <span class='ocrx_word' id='word_1_520' title='bbox 2129 3020 2380 3076; x_wconf 84' lang='lat' dir='ltr'><strong>Clemens</strong></span> <span class='ocrx_word' id='word_1_521' title='bbox 2418 3019 2818 3073; x_wconf 80' lang='lat' dir='ltr'><strong>Alexandrinus</strong></span> <span class='ocrx_word' id='word_1_522' title='bbox 2850 3019 3116 3086; x_wconf 87' lang='lat' dir='ltr'><strong>agnoscit,</strong></span> <span class='ocrx_word' id='word_1_523' title='bbox 3151 3033 3273 3071; x_wconf 90' lang='lat' dir='ltr'><strong>cum</strong></span> <span class='ocrx_word' id='word_1_524' title='bbox 3312 3016 3412 3071; x_wconf 87' lang='lat' dir='ltr'><strong>ali-</strong></span> 
     </span>
    </p>
   </div>
   <div class='ocr_carea' id='block_1_73' title="bbox 1830 3110 3413 3180">
    <p class='ocr_par' dir='ltr' id='par_1_73' title="bbox 1830 3110 3413 3180">
     <span class='ocr_line' id='line_1_73' title="bbox 1830 3110 3413 3180; baseline -0.001 -13"><span class='ocrx_word' id='word_1_525' title='bbox 1830 3112 1906 3179; x_wconf 90' lang='lat' dir='ltr'><strong>bi,</strong></span> <span class='ocrx_word' id='word_1_526' title='bbox 1954 3122 2066 3165; x_wconf 91' lang='lat' dir='ltr'><strong>tum</strong></span> <span class='ocrx_word' id='word_1_527' title='bbox 2116 3113 2169 3165; x_wconf 92' lang='lat' dir='ltr'><strong>in</strong></span> <span class='ocrx_word' id='word_1_528' title='bbox 2202 3113 2297 3167; x_wconf 91' lang='lat' dir='ltr'><strong>lib.</strong></span> <span class='ocrx_word' id='word_1_529' title='bbox 2326 3128 2359 3165; x_wconf 73' lang='grc' dir='ltr'>χ</span> <span class='ocrx_word' id='word_1_530' title='bbox 2392 3112 2718 3180; x_wconf 77' lang='lat' dir='ltr'><strong>Derepubl.,</strong></span> <span class='ocrx_word' id='word_1_531' title='bbox 2762 3128 2951 3165; x_wconf 86' lang='lat' dir='ltr'><strong>versus</strong></span> <span class='ocrx_word' id='word_1_532' title='bbox 3009 3111 3194 3164; x_wconf 86' lang='lat' dir='ltr'><strong>linem.</strong></span> <span class='ocrx_word' id='word_1_533' title='bbox 3245 3110 3413 3179; x_wconf 80' lang='lat' dir='ltr'><strong>Cujus</strong></span> 
     </span>
    </p>
   </div>
   <div class='ocr_carea' id='block_1_74' title="bbox 1830 3202 3412 3268">
    <p class='ocr_par' dir='ltr' id='par_1_74' title="bbox 1830 3202 3412 3268">
     <span class='ocr_line' id='line_1_74' title="bbox 1830 3202 3412 3268; baseline -0.003 -8"><span class='ocrx_word' id='word_1_534' title='bbox 1830 3205 2133 3260; x_wconf 86' lang='lat' dir='ltr'><strong>doctrinam</strong></span> <span class='ocrx_word' id='word_1_535' title='bbox 2179 3206 2254 3259; x_wconf 88' lang='lat' dir='ltr'><strong>ita</strong></span> <span class='ocrx_word' id='word_1_536' title='bbox 2288 3206 2543 3260; x_wconf 77' lang='lat' dir='ltr'><strong>edisserit</strong></span> <span class='ocrx_word' id='word_1_537' title='bbox 2586 3202 2828 3258; x_wconf 78' lang='lat' dir='ltr'><strong>Plotinus</strong></span> <span class='ocrx_word' id='word_1_538' title='bbox 2861 3202 3002 3257; x_wconf 82' lang='lat' dir='ltr'><strong>Enn.</strong></span> <span class='ocrx_word' id='word_1_539' title='bbox 3030 3203 3085 3268; x_wconf 83' lang='lat'><strong>&#39;5,</strong></span> <span class='ocrx_word' id='word_1_540' title='bbox 3119 3202 3212 3257; x_wconf 91' lang='lat' dir='ltr'><strong>lib.</strong></span> <span class='ocrx_word' id='word_1_541' title='bbox 3252 3217 3323 3266; x_wconf 86' lang='lat' dir='ltr'><strong>tv,</strong></span> <span class='ocrx_word' id='word_1_542' title='bbox 3354 3210 3412 3255; x_wconf 88' lang='lat' dir='ltr'><strong>ut</strong></span> 
     </span>
    </p>
   </div>
   <div class='ocr_carea' id='block_1_75' title="bbox 1829 3294 3409 3366">
    <p class='ocr_par' dir='ltr' id='par_1_75' title="bbox 1829 3294 3409 3366">
     <span class='ocr_line' id='line_1_75' title="bbox 1829 3294 3409 3366; baseline -0.001 -17"><span class='ocrx_word' id='word_1_543' title='bbox 1829 3297 1920 3366; x_wconf 91' lang='lat' dir='ltr'><strong>qui</strong></span> <span class='ocrx_word' id='word_1_544' title='bbox 1951 3312 2011 3351; x_wconf 89' lang='lat' dir='ltr'><strong>ea</strong></span> <span class='ocrx_word' id='word_1_545' title='bbox 2052 3298 2388 3365; x_wconf 79' lang='lat' dir='ltr'><strong>perSpexerit</strong></span> <span class='ocrx_word' id='word_1_546' title='bbox 2421 3304 2647 3358; x_wconf 89' lang='lat' dir='ltr'><strong>attente,</strong></span> <span class='ocrx_word' id='word_1_547' title='bbox 2690 3295 2938 3350; x_wconf 87' lang='lat' dir='ltr'><strong>dubitare</strong></span> <span class='ocrx_word' id='word_1_548' title='bbox 2964 3296 3183 3349; x_wconf 91' lang='lat' dir='ltr'><strong>minime</strong></span> <span class='ocrx_word' id='word_1_549' title='bbox 3214 3294 3409 3363; x_wconf 84' lang='lat' dir='ltr'><strong>possit.</strong></span> 
     </span>
    </p>
   </div>
   <div class='ocr_carea' id='block_1_76' title="bbox 1829 3384 3410 3455">
    <p class='ocr_par' dir='ltr' id='par_1_76' title="bbox 1829 3384 3410 3455">
     <span class='ocr_line' id='line_1_76' title="bbox 1829 3384 3410 3455; baseline 0 -18"><span class='ocrx_word' id='word_1_550' title='bbox 1829 3386 1957 3455; x_wconf 87' lang='lat' dir='ltr'><strong>quin</strong></span> <span class='ocrx_word' id='word_1_551' title='bbox 1993 3401 2089 3440; x_wconf 89' lang='lat' dir='ltr'><strong>sua</strong></span> <span class='ocrx_word' id='word_1_552' title='bbox 2113 3403 2143 3440; x_wconf 92' lang='lat' dir='ltr'><strong>e</strong></span> <span class='ocrx_word' id='word_1_553' title='bbox 2170 3384 2399 3440; x_wconf 79' lang='lat' dir='ltr'><strong>Platone</strong></span> <span class='ocrx_word' id='word_1_554' title='bbox 2435 3384 2905 3440; x_wconf 87' lang='lat' dir='ltr'><strong>Platonicorumve</strong></span> <span class='ocrx_word' id='word_1_555' title='bbox 2937 3385 3410 3439; x_wconf 85' lang='lat' dir='ltr'><strong>lucubrationibus</strong></span> 
     </span>
    </p>
   </div>
   <div class='ocr_carea' id='block_1_77' title="bbox 1828 3476 3407 3547">
    <p class='ocr_par' dir='ltr' id='par_1_77' title="bbox 1828 3476 3407 3547">
     <span class='ocr_line' id='line_1_77' title="bbox 1828 3476 3407 3547; baseline 0 -18"><span class='ocrx_word' id='word_1_556' title='bbox 1828 3476 2089 3547; x_wconf 77' lang='lat' dir='ltr'><strong>Urigenes</strong></span> <span class='ocrx_word' id='word_1_557' title='bbox 2118 3476 2491 3541; x_wconf 89' lang='lat' dir='ltr'><strong>transtulerit;</strong></span> <span class='ocrx_word' id='word_1_558' title='bbox 2534 3492 2658 3530; x_wconf 89' lang='lat' dir='ltr'><strong>nam</strong></span> <span class='ocrx_word' id='word_1_559' title='bbox 2702 3486 2757 3531; x_wconf 88' lang='lat' dir='ltr'><strong>et</strong></span> <span class='ocrx_word' id='word_1_560' title='bbox 2790 3477 3052 3531; x_wconf 67' lang='lat' dir='ltr'><strong>daemonis</strong></span> <span class='ocrx_word' id='word_1_561' title='bbox 3097 3476 3407 3546; x_wconf 60' lang='lat' dir='ltr'><strong>praesidium</strong></span> 
     </span>
    </p>
   </div>
   <div class='ocr_carea' id='block_1_78' title="bbox 1828 3568 3407 3639">
    <p class='ocr_par' dir='ltr' id='par_1_78' title="bbox 1828 3568 3407 3639">
     <span class='ocr_line' id='line_1_78' title="bbox 1828 3568 3407 3639; baseline -0.001 -16"><span class='ocrx_word' id='word_1_562' title='bbox 1828 3569 2021 3623; x_wconf 61' lang='lat' dir='ltr'><strong>anima:</strong></span> <span class='ocrx_word' id='word_1_563' title='bbox 2062 3568 2311 3639; x_wconf 84' lang='lat' dir='ltr'><strong>largitur,</strong></span> <span class='ocrx_word' id='word_1_564' title='bbox 2359 3578 2415 3623; x_wconf 86' lang='lat' dir='ltr'><strong>et</strong></span> <span class='ocrx_word' id='word_1_565' title='bbox 2458 3569 2755 3624; x_wconf 86' lang='lat' dir='ltr'><strong>secundum</strong></span> <span class='ocrx_word' id='word_1_566' title='bbox 2811 3569 3005 3623; x_wconf 80' lang='lat' dir='ltr'><strong>animae</strong></span> <span class='ocrx_word' id='word_1_567' title='bbox 3060 3568 3407 3632; x_wconf 85' lang='lat' dir='ltr'><strong>mutationes,</strong></span> 
     </span>
    </p>
   </div>
   <div class='ocr_carea' id='block_1_79' title="bbox 1828 3660 3405 3731">
    <p class='ocr_par' dir='ltr' id='par_1_79' title="bbox 1828 3660 3405 3731">
     <span class='ocr_line' id='line_1_79' title="bbox 1828 3660 3405 3731; baseline -0.002 -17"><span class='ocrx_word' id='word_1_568' title='bbox 1828 3660 2027 3715; x_wconf 89' lang='lat' dir='ltr'><strong>mutari</strong></span> <span class='ocrx_word' id='word_1_569' title='bbox 2058 3661 2357 3715; x_wconf 69' lang='lat' dir='ltr'><strong>daemonem</strong></span> <span class='ocrx_word' id='word_1_570' title='bbox 2404 3669 2577 3731; x_wconf 82' lang='lat' dir='ltr'><strong>putat,</strong></span> <span class='ocrx_word' id='word_1_571' title='bbox 2612 3671 2669 3715; x_wconf 85' lang='lat' dir='ltr'><strong>et</strong></span> <span class='ocrx_word' id='word_1_572' title='bbox 2701 3676 2825 3717; x_wconf 90' lang='lat' dir='ltr'><strong>eum</strong></span> <span class='ocrx_word' id='word_1_573' title='bbox 2854 3660 3050 3715; x_wconf 80' lang='lat' dir='ltr'><strong>anima:</strong></span> <span class='ocrx_word' id='word_1_574' title='bbox 3090 3661 3405 3727; x_wconf 69' lang='lat' dir='ltr'><strong>daemonem,</strong></span> 
     </span>
    </p>
   </div>
   <div class='ocr_carea' id='block_1_80' title="bbox 1828 3753 3408 3824">
    <p class='ocr_par' dir='ltr' id='par_1_80' title="bbox 1828 3753 3408 3824">
     <span class='ocr_line' id='line_1_80' title="bbox 1828 3753 3408 3824; baseline -0.001 -16"><span class='ocrx_word' id='word_1_575' title='bbox 1828 3765 2116 3824; x_wconf 86' lang='lat' dir='ltr'><strong>postquam</strong></span> <span class='ocrx_word' id='word_1_576' title='bbox 2150 3767 2383 3822; x_wconf 90' lang='lat' dir='ltr'><strong>corpore</strong></span> <span class='ocrx_word' id='word_1_577' title='bbox 2420 3753 2597 3808; x_wconf 83' lang='lat' dir='ltr'><strong>soluta</strong></span> <span class='ocrx_word' id='word_1_578' title='bbox 2630 3764 2735 3817; x_wconf 90' lang='lat' dir='ltr'><strong>est,</strong></span> <span class='ocrx_word' id='word_1_579' title='bbox 2775 3754 3059 3807; x_wconf 88' lang='lat' dir='ltr'><strong>imminere</strong></span> <span class='ocrx_word' id='word_1_580' title='bbox 3083 3764 3288 3815; x_wconf 83' lang='lat' dir='ltr'><strong>censet,</strong></span> <span class='ocrx_word' id='word_1_581' title='bbox 3318 3754 3408 3821; x_wconf 86' lang='lat' dir='ltr'><strong>qui</strong></span> 
     </span>
    </p>
   </div>
   <div class='ocr_carea' id='block_1_81' title="bbox 1824 3844 3409 3914">
    <p class='ocr_par' dir='ltr' id='par_1_81' title="bbox 1824 3844 3409 3914">
     <span class='ocr_line' id='line_1_81' title="bbox 1824 3844 3409 3914; baseline -0.001 -15"><span class='ocrx_word' id='word_1_582' title='bbox 1824 3861 1943 3899; x_wconf 87' lang='lat' dir='ltr'><strong>eam</strong></span> <span class='ocrx_word' id='word_1_583' title='bbox 1985 3845 2125 3898; x_wconf 81' lang='lat' dir='ltr'><strong>rexit</strong></span> <span class='ocrx_word' id='word_1_584' title='bbox 2160 3846 2287 3897; x_wconf 92' lang='lat' dir='ltr'><strong>dum</strong></span> <span class='ocrx_word' id='word_1_585' title='bbox 2310 3860 2510 3914; x_wconf 86' lang='lat' dir='ltr'><strong>corpus</strong></span> <span class='ocrx_word' id='word_1_586' title='bbox 2541 3844 2849 3905; x_wconf 86' lang='lat' dir='ltr'><strong>animaret;</strong></span> <span class='ocrx_word' id='word_1_587' title='bbox 2889 3855 2942 3899; x_wconf 90' lang='lat' dir='ltr'><strong>et</strong></span> <span class='ocrx_word' id='word_1_588' title='bbox 2982 3854 3239 3899; x_wconf 81' lang='lat' dir='ltr'><strong>externos</strong></span> <span class='ocrx_word' id='word_1_589' title='bbox 3273 3860 3409 3913; x_wconf 68' lang='lat' dir='ltr'><strong>prac-</strong></span> 
     </span>
    </p>
   </div>
   <div class='ocr_carea' id='block_1_82' title="bbox 1827 3935 3408 4006">
    <p class='ocr_par' dir='ltr' id='par_1_82' title="bbox 1827 3935 3408 4006">
     <span class='ocr_line' id='line_1_82' title="bbox 1827 3935 3408 4006; baseline 0 -17"><span class='ocrx_word' id='word_1_590' title='bbox 1827 3943 1973 3989; x_wconf 82' lang='lat' dir='ltr'><strong>terea</strong></span> <span class='ocrx_word' id='word_1_591' title='bbox 2005 3950 2068 3988; x_wconf 89' lang='lat' dir='ltr'><strong>ac</strong></span> <span class='ocrx_word' id='word_1_592' title='bbox 2096 3935 2343 3990; x_wconf 90' lang='lat' dir='ltr'><strong>internos</strong></span> <span class='ocrx_word' id='word_1_593' title='bbox 2360 3937 2556 3991; x_wconf 79' lang='lat' dir='ltr'><strong>anima:</strong></span> <span class='ocrx_word' id='word_1_594' title='bbox 2587 3938 2877 4006; x_wconf 88' lang='lat' dir='ltr'><strong>unicuique</strong></span> <span class='ocrx_word' id='word_1_595' title='bbox 2898 3937 3089 3991; x_wconf 89' lang='lat' dir='ltr'><strong>adesse</strong></span> <span class='ocrx_word' id='word_1_596' title='bbox 3116 3938 3408 4003; x_wconf 78' lang='lat' dir='ltr'><strong>dannones,</strong></span> 
     </span>
    </p>
   </div>
   <div class='ocr_carea' id='block_1_83' title="bbox 1827 4026 3410 4101">
    <p class='ocr_par' dir='ltr' id='par_1_83' title="bbox 1827 4026 3410 4101">
     <span class='ocr_line' id='line_1_83' title="bbox 1827 4026 3410 4101; baseline 0 -17"><span class='ocrx_word' id='word_1_597' title='bbox 1827 4045 1895 4084; x_wconf 80' lang='lat' dir='ltr'><strong>ex</strong></span> <span class='ocrx_word' id='word_1_598' title='bbox 1933 4026 2053 4096; x_wconf 88' lang='lat' dir='ltr'><strong>ejus</strong></span> <span class='ocrx_word' id='word_1_599' title='bbox 2078 4029 2258 4082; x_wconf 86' lang='lat' dir='ltr'><strong>verbis</strong></span> <span class='ocrx_word' id='word_1_600' title='bbox 2281 4030 2621 4098; x_wconf 89' lang='lat' dir='ltr'><strong>perspicuum</strong></span> <span class='ocrx_word' id='word_1_601' title='bbox 2652 4042 2767 4088; x_wconf 89' lang='lat' dir='ltr'><strong>est.</strong></span> <span class='ocrx_word' id='word_1_602' title='bbox 2803 4030 2938 4086; x_wconf 90' lang='lat' dir='ltr'><strong>lliuc</strong></span> <span class='ocrx_word' id='word_1_603' title='bbox 2968 4030 3227 4101; x_wconf 82' lang='lat' dir='ltr'><strong>Apuleius</strong></span> <span class='ocrx_word' id='word_1_604' title='bbox 3252 4031 3305 4085; x_wconf 91' lang='lat' dir='ltr'><strong>in</strong></span> <span class='ocrx_word' id='word_1_605' title='bbox 3347 4030 3410 4085; x_wconf 89' lang='lat' dir='ltr'><strong>li-</strong></span> 
     </span>
    </p>
   </div>
   <div class='ocr_carea' id='block_1_84' title="bbox 1827 4118 3408 4191">
    <p class='ocr_par' dir='ltr' id='par_1_84' title="bbox 1827 4118 3408 4191">
     <span class='ocr_line' id='line_1_84' title="bbox 1827 4118 3408 4191; baseline -0.001 -16"><span class='ocrx_word' id='word_1_606' title='bbox 1827 4120 1972 4175; x_wconf 83' lang='lat' dir='ltr'><strong>bello</strong></span> <span class='ocrx_word' id='word_1_607' title='bbox 2007 4118 2081 4172; x_wconf 85' lang='lat' dir='ltr'><strong>De</strong></span> <span class='ocrx_word' id='word_1_608' title='bbox 2107 4120 2203 4172; x_wconf 68' lang='lat' dir='ltr'><strong>cleo</strong></span> <span class='ocrx_word' id='word_1_609' title='bbox 2227 4118 2506 4174; x_wconf 78' lang='lat' dir='ltr'><strong>Socratis:</strong></span> <span class='ocrx_word' id='word_1_610' title='bbox 2545 4139 2565 4174; x_wconf 84' lang='grc'><strong>‹</strong></span> <span class='ocrx_word' id='word_1_611' title='bbox 2600 4121 2680 4176; x_wconf 75' lang='lat' dir='ltr'><strong>Ex</strong></span> <span class='ocrx_word' id='word_1_612' title='bbox 2717 4122 2821 4176; x_wconf 86' lang='lat' dir='ltr'><strong>hac</strong></span> <span class='ocrx_word' id='word_1_613' title='bbox 2852 4138 3004 4191; x_wconf 85' lang='lat' dir='ltr'><strong>ergo,</strong></span> <span class='ocrx_word' id='word_1_614' title='bbox 3061 4122 3254 4191; x_wconf 88' lang='lat' dir='ltr'><strong>inquit,</strong></span> <span class='ocrx_word' id='word_1_615' title='bbox 3314 4137 3408 4176; x_wconf 89' lang='lat' dir='ltr'><strong>su-</strong></span> 
     </span>
    </p>
   </div>
   <div class='ocr_carea' id='block_1_85' title="bbox 1826 4210 3410 4281">
    <p class='ocr_par' dir='ltr' id='par_1_85' title="bbox 1826 4210 3410 4281">
     <span class='ocr_line' id='line_1_85' title="bbox 1826 4210 3410 4281; baseline 0.003 -18"><span class='ocrx_word' id='word_1_616' title='bbox 1826 4210 2077 4265; x_wconf 88' lang='lat' dir='ltr'><strong>blimiore</strong></span> <span class='ocrx_word' id='word_1_617' title='bbox 2118 4215 2420 4265; x_wconf 64' lang='lat' dir='ltr'><strong>dmmonum</strong></span> <span class='ocrx_word' id='word_1_618' title='bbox 2453 4213 2607 4281; x_wconf 82' lang='lat' dir='ltr'><strong>cepia</strong></span> <span class='ocrx_word' id='word_1_619' title='bbox 2664 4213 2819 4267; x_wconf 81' lang='lat' dir='ltr'><strong>Plato</strong></span> <span class='ocrx_word' id='word_1_620' title='bbox 2876 4214 3123 4267; x_wconf 80' lang='lat' dir='ltr'><strong>autumat</strong></span> <span class='ocrx_word' id='word_1_621' title='bbox 3181 4212 3410 4279; x_wconf 77' lang='lat' dir='ltr'><strong>singulis</strong></span> 
     </span>
    </p>
   </div>
   <div class='ocr_carea' id='block_1_86' title="bbox 1826 4302 3412 4376">
    <p class='ocr_par' dir='ltr' id='par_1_86' title="bbox 1826 4302 3412 4376">
     <span class='ocr_line' id='line_1_86' title="bbox 1826 4302 3412 4376; baseline 0.004 -21"><span class='ocrx_word' id='word_1_622' title='bbox 1826 4302 2138 4356; x_wconf 90' lang='lat' dir='ltr'><strong>hominibus</strong></span> <span class='ocrx_word' id='word_1_623' title='bbox 2171 4302 2223 4354; x_wconf 95' lang='lat' dir='ltr'><strong>in</strong></span> <span class='ocrx_word' id='word_1_624' title='bbox 2244 4302 2352 4355; x_wconf 88' lang='lat' dir='ltr'><strong>vita</strong></span> <span class='ocrx_word' id='word_1_625' title='bbox 2381 4303 2590 4372; x_wconf 82' lang='lat' dir='ltr'><strong>agenda</strong></span> <span class='ocrx_word' id='word_1_626' title='bbox 2619 4313 2785 4359; x_wconf 87' lang='lat' dir='ltr'><strong>testes</strong></span> <span class='ocrx_word' id='word_1_627' title='bbox 2804 4316 2859 4359; x_wconf 89' lang='lat' dir='ltr'><strong>et</strong></span> <span class='ocrx_word' id='word_1_628' title='bbox 2884 4308 3141 4360; x_wconf 89' lang='lat' dir='ltr'><strong>custodes</strong></span> <span class='ocrx_word' id='word_1_629' title='bbox 3172 4307 3412 4376; x_wconf 85' lang='lat' dir='ltr'><strong>singulos</strong></span> 
     </span>
    </p>
   </div>
   <div class='ocr_carea' id='block_1_87' title="bbox 1826 4388 3409 4464">
    <p class='ocr_par' dir='ltr' id='par_1_87' title="bbox 1826 4388 3409 4464">
     <span class='ocr_line' id='line_1_87' title="bbox 1826 4388 3409 4464; baseline 0.004 -19"><span class='ocrx_word' id='word_1_630' title='bbox 1826 4393 2166 4461; x_wconf 88' lang='lat' dir='ltr'><strong>additos,qui</strong></span> <span class='ocrx_word' id='word_1_631' title='bbox 2188 4394 2389 4447; x_wconf 89' lang='lat' dir='ltr'><strong>nemini</strong></span> <span class='ocrx_word' id='word_1_632' title='bbox 2413 4396 2688 4464; x_wconf 87' lang='lat' dir='ltr'><strong>conspicui</strong></span> <span class='ocrx_word' id='word_1_633' title='bbox 2714 4412 2927 4464; x_wconf 85' lang='lat' dir='ltr'><strong>semper</strong></span> <span class='ocrx_word' id='word_1_634' title='bbox 2948 4388 3151 4459; x_wconf 79' lang='lat' dir='ltr'><strong>adsint,</strong></span> <span class='ocrx_word' id='word_1_635' title='bbox 3167 4398 3409 4451; x_wconf 88' lang='lat' dir='ltr'><strong>onmiutu</strong></span> 
     </span>
    </p>
   </div>
   <div class='ocr_carea' id='block_1_88' title="bbox 1828 4487 3406 4559">
    <p class='ocr_par' dir='ltr' id='par_1_88' title="bbox 1828 4487 3406 4559">
     <span class='ocr_line' id='line_1_88' title="bbox 1828 4487 3406 4559; baseline 0.004 -22"><span class='ocrx_word' id='word_1_636' title='bbox 1828 4500 1933 4538; x_wconf 93' lang='grc' dir='ltr'>ιιοιι</span> <span class='ocrx_word' id='word_1_637' title='bbox 1969 4487 2128 4540; x_wconf 89' lang='lat' dir='ltr'><strong>modo</strong></span> <span class='ocrx_word' id='word_1_638' title='bbox 2146 4496 2393 4541; x_wconf 89' lang='lat' dir='ltr'><strong>actorum</strong></span> <span class='ocrx_word' id='word_1_639' title='bbox 2425 4496 2613 4552; x_wconf 85' lang='lat' dir='ltr'><strong>testes,</strong></span> <span class='ocrx_word' id='word_1_640' title='bbox 2635 4504 2818 4541; x_wconf 90' lang='lat' dir='ltr'><strong>verum</strong></span> <span class='ocrx_word' id='word_1_641' title='bbox 2844 4490 3007 4542; x_wconf 88' lang='lat' dir='ltr'><strong>etiam</strong></span> <span class='ocrx_word' id='word_1_642' title='bbox 3027 4490 3406 4559; x_wconf 85' lang='lat' dir='ltr'><strong>cogitatorum.</strong></span> 
     </span>
    </p>
   </div>
   <div class='ocr_carea' id='block_1_89' title="bbox 1828 4577 3405 4648">
    <p class='ocr_par' dir='ltr' id='par_1_89' title="bbox 1828 4577 3405 4648">
     <span class='ocr_line' id='line_1_89' title="bbox 1828 4577 3405 4648; baseline 0.004 -19"><span class='ocrx_word' id='word_1_643' title='bbox 1828 4578 1905 4631; x_wconf 89' lang='lat' dir='ltr'><strong>Ac</strong></span> <span class='ocrx_word' id='word_1_644' title='bbox 1939 4577 2027 4631; x_wconf 93' lang='lat' dir='ltr'><strong>ubi</strong></span> <span class='ocrx_word' id='word_1_645' title='bbox 2056 4579 2166 4631; x_wconf 87' lang='lat' dir='ltr'><strong>vita</strong></span> <span class='ocrx_word' id='word_1_646' title='bbox 2203 4579 2346 4631; x_wconf 86' lang='lat' dir='ltr'><strong>edita</strong></span> <span class='ocrx_word' id='word_1_647' title='bbox 2392 4582 2735 4632; x_wconf 86' lang='lat' dir='ltr'><strong>reuicandum</strong></span> <span class='ocrx_word' id='word_1_648' title='bbox 2785 4592 2899 4647; x_wconf 89' lang='lat' dir='ltr'><strong>est,</strong></span> <span class='ocrx_word' id='word_1_649' title='bbox 2940 4584 3191 4634; x_wconf 90' lang='lat' dir='ltr'><strong>eumdem</strong></span> <span class='ocrx_word' id='word_1_650' title='bbox 3234 4583 3405 4648; x_wconf 73' lang='lat' dir='ltr'><strong>illiilli,</strong></span> 
     </span>
    </p>
   </div>
   <div class='ocr_carea' id='block_1_90' title="bbox 134 4668 1738 4741">
    <p class='ocr_par' dir='ltr' id='par_1_90' title="bbox 134 4674 1721 4736">
     <span class='ocr_line' id='line_1_90' title="bbox 134 4674 1721 4736; baseline 0.004 -9"><span class='ocrx_word' id='word_1_651' title='bbox 134 4674 329 4727; x_wconf 85' lang='lat' dir='ltr'><strong>cietate</strong></span> <span class='ocrx_word' id='word_1_652' title='bbox 358 4676 628 4727; x_wconf 79' lang='lat' dir='ltr'><strong>subnixus</strong></span> <span class='ocrx_word' id='word_1_653' title='bbox 664 4684 769 4736; x_wconf 87' lang='lat' dir='ltr'><strong>est,</strong></span> <span class='ocrx_word' id='word_1_654' title='bbox 798 4678 888 4728; x_wconf 77' lang='lat' dir='ltr'><strong>sed</strong></span> <span class='ocrx_word' id='word_1_655' title='bbox 918 4677 1193 4729; x_wconf 74' lang='lat' dir='ltr'><strong>exercitus</strong></span> <span class='ocrx_word' id='word_1_656' title='bbox 1222 4677 1272 4730; x_wconf 88' lang='lat' dir='ltr'><strong>ei</strong></span> <span class='ocrx_word' id='word_1_657' title='bbox 1311 4678 1569 4731; x_wconf 89' lang='lat' dir='ltr'><strong>virtutum</strong></span> <span class='ocrx_word' id='word_1_658' title='bbox 1610 4693 1721 4733; x_wconf 77' lang='lat' dir='ltr'><strong>c03-</strong></span> 
     </span>
    </p>
   </div>
   <div class='ocr_carea' id='block_1_91' title="bbox 1832 4668 3412 4741">
    <p class='ocr_par' dir='ltr' id='par_1_91' title="bbox 1832 4668 3412 4741">
     <span class='ocr_line' id='line_1_91' title="bbox 1832 4668 3412 4741; baseline 0.004 -19"><span class='ocrx_word' id='word_1_659' title='bbox 1832 4670 1921 4738; x_wconf 88' lang='lat' dir='ltr'><strong>qui</strong></span> <span class='ocrx_word' id='word_1_660' title='bbox 1956 4668 2113 4724; x_wconf 90' lang='lat' dir='ltr'><strong>nobis</strong></span> <span class='ocrx_word' id='word_1_661' title='bbox 2156 4673 2414 4740; x_wconf 74' lang='lat' dir='ltr'><strong>praeditus</strong></span> <span class='ocrx_word' id='word_1_662' title='bbox 2471 4672 2588 4734; x_wconf 88' lang='lat' dir='ltr'><strong>l&#39;uil,</strong></span> <span class='ocrx_word' id='word_1_663' title='bbox 2646 4681 2863 4741; x_wconf 87' lang='lat' dir='ltr'><strong>raptare</strong></span> <span class='ocrx_word' id='word_1_664' title='bbox 2920 4674 3060 4727; x_wconf 88' lang='lat' dir='ltr'><strong>illico</strong></span> <span class='ocrx_word' id='word_1_665' title='bbox 3088 4683 3142 4727; x_wconf 92' lang='lat' dir='ltr'><strong>et</strong></span> <span class='ocrx_word' id='word_1_666' title='bbox 3193 4678 3412 4730; x_wconf 86' lang='lat' dir='ltr'><strong>trahere</strong></span> 
     </span>
    </p>
   </div>
   <div class='ocr_carea' id='block_1_92' title="bbox 138 4761 1719 4836">
    <p class='ocr_par' dir='ltr' id='par_1_92' title="bbox 138 4761 1719 4836">
     <span class='ocr_line' id='line_1_92' title="bbox 138 4761 1719 4836; baseline 0.006 -21"><span class='ocrx_word' id='word_1_667' title='bbox 138 4761 348 4817; x_wconf 88' lang='lat' dir='ltr'><strong>lestium</strong></span> <span class='ocrx_word' id='word_1_668' title='bbox 382 4776 587 4833; x_wconf 74' lang='lat' dir='ltr'><strong>pra-Sto</strong></span> <span class='ocrx_word' id='word_1_669' title='bbox 619 4776 732 4819; x_wconf 83' lang='lat' dir='ltr'><strong>est:</strong></span> <span class='ocrx_word' id='word_1_670' title='bbox 774 4784 792 4816; x_wconf 77' lang='grc' dir='ltr'><strong>ι</strong></span> <span class='ocrx_word' id='word_1_671' title='bbox 851 4767 994 4835; x_wconf 89' lang='lat' dir='ltr'><strong>quod</strong></span> <span class='ocrx_word' id='word_1_672' title='bbox 1021 4784 1128 4821; x_wconf 89' lang='lat' dir='ltr'><strong>non</strong></span> <span class='ocrx_word' id='word_1_673' title='bbox 1156 4769 1223 4821; x_wconf 90' lang='lat' dir='ltr'><strong>ad</strong></span> <span class='ocrx_word' id='word_1_674' title='bbox 1252 4769 1513 4836; x_wconf 83' lang='lat' dir='ltr'><strong>spiritalia</strong></span> <span class='ocrx_word' id='word_1_675' title='bbox 1542 4778 1719 4825; x_wconf 71' lang='lat' dir='ltr'><strong>tamen</strong></span> 
     </span>
    </p>
   </div>
   <div class='ocr_carea' id='block_1_93' title="bbox 138 4855 1721 4929">
    <p class='ocr_par' dir='ltr' id='par_1_93' title="bbox 138 4855 1721 4929">
     <span class='ocr_line' id='line_1_93' title="bbox 138 4855 1721 4929; baseline 0.003 -20"><span class='ocrx_word' id='word_1_676' title='bbox 138 4855 272 4909; x_wconf 83' lang='lat' dir='ltr'><strong>bona</strong></span> <span class='ocrx_word' id='word_1_677' title='bbox 306 4856 646 4911; x_wconf 77' lang='lat' dir='ltr'><strong>conferenda</strong></span> <span class='ocrx_word' id='word_1_678' title='bbox 684 4858 987 4927; x_wconf 82' lang='lat' dir='ltr'><strong>restringit,</strong></span> <span class='ocrx_word' id='word_1_679' title='bbox 1025 4861 1122 4913; x_wconf 89' lang='lat' dir='ltr'><strong>sed</strong></span> <span class='ocrx_word' id='word_1_680' title='bbox 1167 4860 1233 4913; x_wconf 89' lang='lat' dir='ltr'><strong>ad</strong></span> <span class='ocrx_word' id='word_1_681' title='bbox 1265 4875 1525 4929; x_wconf 84' lang='lat' dir='ltr'><strong>corporea</strong></span> <span class='ocrx_word' id='word_1_682' title='bbox 1557 4862 1721 4916; x_wconf 88' lang='lat' dir='ltr'><strong>etiam</strong></span> 
     </span>
    </p>
   </div>
   <div class='ocr_carea' id='block_1_94' title="bbox 137 4946 1724 5020">
    <p class='ocr_par' dir='ltr' id='par_1_94' title="bbox 137 4946 1724 5020">
     <span class='ocr_line' id='line_1_94' title="bbox 137 4946 1724 5020; baseline 0.006 -23"><span class='ocrx_word' id='word_1_683' title='bbox 137 4958 391 5015; x_wconf 87' lang='lat' dir='ltr'><strong>prorogat</strong></span> <span class='ocrx_word' id='word_1_684' title='bbox 426 4948 613 4999; x_wconf 91' lang='lat' dir='ltr'><strong>homil.</strong></span> <span class='ocrx_word' id='word_1_685' title='bbox 642 4948 710 4999; x_wconf 72' lang='lat'><strong>:10</strong></span> <span class='ocrx_word' id='word_1_686' title='bbox 744 4949 796 5000; x_wconf 76' lang='lat' dir='ltr'><strong>in</strong></span> <span class='ocrx_word' id='word_1_687' title='bbox 828 4946 970 5013; x_wconf 69' lang='grc' dir='ltr'><strong>,1οι⁹</strong></span> <span class='ocrx_word' id='word_1_688' title='bbox 996 4965 1147 5003; x_wconf 86' lang='grc' dir='ltr'>ιιιιιιι.</span> <span class='ocrx_word' id='word_1_689' title='bbox 1181 4950 1203 5002; x_wconf 83' lang='lat' dir='ltr'><strong>l</strong></span> <span class='ocrx_word' id='word_1_690' title='bbox 1231 4964 1243 5001; x_wconf 91' lang='lat'>:</span> <span class='ocrx_word' id='word_1_691' title='bbox 1271 4969 1288 5000; x_wconf 79' lang='grc' dir='ltr'><strong>ι</strong></span> <span class='ocrx_word' id='word_1_692' title='bbox 1311 4951 1537 5005; x_wconf 87' lang='lat' dir='ltr'><strong>Constat</strong></span> <span class='ocrx_word' id='word_1_693' title='bbox 1594 4966 1724 5020; x_wconf 85' lang='lat' dir='ltr'><strong>ergo</strong></span> 
     </span>
    </p>
   </div>
   <div class='ocr_carea' id='block_1_95' title="bbox 138 5036 1721 5108">
    <p class='ocr_par' dir='ltr' id='par_1_95' title="bbox 138 5036 1721 5108">
     <span class='ocr_line' id='line_1_95' title="bbox 138 5036 1721 5108; baseline 0.005 -21"><span class='ocrx_word' id='word_1_694' title='bbox 138 5036 335 5090; x_wconf 89' lang='lat' dir='ltr'><strong>multas</strong></span> <span class='ocrx_word' id='word_1_695' title='bbox 361 5052 488 5090; x_wconf 84' lang='lat' dir='ltr'><strong>esse</strong></span> <span class='ocrx_word' id='word_1_696' title='bbox 522 5040 747 5091; x_wconf 86' lang='lat' dir='ltr'><strong>virtutes</strong></span> <span class='ocrx_word' id='word_1_697' title='bbox 774 5038 915 5091; x_wconf 88' lang='lat' dir='ltr'><strong>intra</strong></span> <span class='ocrx_word' id='word_1_698' title='bbox 945 5053 1061 5102; x_wconf 89' lang='lat' dir='ltr'><strong>nos,</strong></span> <span class='ocrx_word' id='word_1_699' title='bbox 1091 5041 1286 5108; x_wconf 89' lang='lat' dir='ltr'><strong>quibus</strong></span> <span class='ocrx_word' id='word_1_700' title='bbox 1312 5041 1395 5095; x_wconf 89' lang='lat' dir='ltr'><strong>vel</strong></span> <span class='ocrx_word' id='word_1_701' title='bbox 1420 5044 1721 5095; x_wconf 86' lang='lat' dir='ltr'><strong>animarqu</strong></span> 
     </span>
    </p>
   </div>
   <div class='ocr_carea' id='block_1_96' title="bbox 140 5128 1725 5199">
    <p class='ocr_par' dir='ltr' id='par_1_96' title="bbox 140 5128 1725 5199">
     <span class='ocr_line' id='line_1_96' title="bbox 140 5128 1725 5199; baseline 0.008 -24"><span class='ocrx_word' id='word_1_702' title='bbox 140 5135 475 5190; x_wconf 84' lang='lat' dir='ltr'><strong>nostrarum,</strong></span> <span class='ocrx_word' id='word_1_703' title='bbox 517 5128 594 5183; x_wconf 88' lang='lat' dir='ltr'><strong>vel</strong></span> <span class='ocrx_word' id='word_1_704' title='bbox 628 5146 921 5198; x_wconf 87' lang='lat' dir='ltr'><strong>corporum</strong></span> <span class='ocrx_word' id='word_1_705' title='bbox 950 5146 1078 5185; x_wconf 90' lang='lat' dir='ltr'><strong>cura</strong></span> <span class='ocrx_word' id='word_1_706' title='bbox 1108 5132 1369 5199; x_wconf 86' lang='lat' dir='ltr'><strong>permissa</strong></span> <span class='ocrx_word' id='word_1_707' title='bbox 1403 5143 1485 5186; x_wconf 89' lang='lat' dir='ltr'><strong>est</strong></span> <span class='ocrx_word' id='word_1_708' title='bbox 1513 5150 1526 5197; x_wconf 89' lang='lat'>;</span> <span class='ocrx_word' id='word_1_709' title='bbox 1568 5150 1587 5183; x_wconf 78' lang='grc' dir='ltr'><strong>ι</strong></span> <span class='ocrx_word' id='word_1_710' title='bbox 1637 5135 1725 5187; x_wconf 92' lang='lat' dir='ltr'><strong>cui</strong></span> 
     </span>
    </p>
   </div>
   <div class='ocr_carea' id='block_1_97' title="bbox 140 5216 1722 5294">
    <p class='ocr_par' dir='ltr' id='par_1_97' title="bbox 140 5216 1722 5294">
     <span class='ocr_line' id='line_1_97' title="bbox 140 5216 1722 5294; baseline 0.007 -30"><span class='ocrx_word' id='word_1_711' title='bbox 140 5216 480 5271; x_wconf 75' lang='lat' dir='ltr'><strong>deletidendo</strong></span> <span class='ocrx_word' id='word_1_712' title='bbox 521 5220 691 5273; x_wconf 89' lang='lat' dir='ltr'><strong>utitur</strong></span> <span class='ocrx_word' id='word_1_713' title='bbox 742 5223 1042 5290; x_wconf 83' lang='lat' dir='ltr'><strong>scriptiOne</strong></span> <span class='ocrx_word' id='word_1_714' title='bbox 1090 5226 1323 5292; x_wconf 88' lang='lat' dir='ltr'><strong>quadam</strong></span> <span class='ocrx_word' id='word_1_715' title='bbox 1390 5225 1722 5294; x_wconf 79' lang='lat' dir='ltr'><strong>apocrypha,</strong></span> 
     </span>
    </p>
   </div>
   <div class='ocr_carea' id='block_1_98' title="bbox 140 5308 1724 5383">
    <p class='ocr_par' dir='ltr' id='par_1_98' title="bbox 140 5308 1724 5383">
     <span class='ocr_line' id='line_1_98' title="bbox 140 5308 1724 5383; baseline 0.007 -26"><span class='ocrx_word' id='word_1_716' title='bbox 140 5322 295 5372; x_wconf 88' lang='lat' dir='ltr'><strong>quam</strong></span> <span class='ocrx_word' id='word_1_717' title='bbox 335 5308 537 5361; x_wconf 76' lang='lat' dir='ltr'><strong>Enochi</strong></span> <span class='ocrx_word' id='word_1_718' title='bbox 565 5310 757 5363; x_wconf 82' lang='lat' dir='ltr'><strong>librum</strong></span> <span class='ocrx_word' id='word_1_719' title='bbox 779 5327 901 5366; x_wconf 81' lang='lat' dir='ltr'><strong>esse</strong></span> <span class='ocrx_word' id='word_1_720' title='bbox 932 5316 1192 5383; x_wconf 83' lang='lat' dir='ltr'><strong>suspicari</strong></span> <span class='ocrx_word' id='word_1_721' title='bbox 1218 5315 1410 5382; x_wconf 89' lang='lat' dir='ltr'><strong>possis,</strong></span> <span class='ocrx_word' id='word_1_722' title='bbox 1443 5314 1629 5367; x_wconf 86' lang='lat' dir='ltr'><strong>homil.</strong></span> <span class='ocrx_word' id='word_1_723' title='bbox 1655 5313 1724 5368; x_wconf 79' lang='grc'><strong>55</strong></span> 
     </span>
    </p>
   </div>
   <div class='ocr_carea' id='block_1_99' title="bbox 144 5397 1724 5474">
    <p class='ocr_par' dir='ltr' id='par_1_99' title="bbox 144 5397 1724 5474">
     <span class='ocr_line' id='line_1_99' title="bbox 144 5397 1724 5474; baseline 0.009 -29"><span class='ocrx_word' id='word_1_724' title='bbox 144 5398 192 5449; x_wconf 77' lang='lat' dir='ltr'><strong>in</strong></span> <span class='ocrx_word' id='word_1_725' title='bbox 218 5397 350 5452; x_wconf 80' lang='lat' dir='ltr'><strong>Luc.</strong></span> <span class='ocrx_word' id='word_1_726' title='bbox 418 5417 436 5450; x_wconf 76' lang='grc' dir='ltr'><strong>ι</strong></span> <span class='ocrx_word' id='word_1_727' title='bbox 485 5399 760 5468; x_wconf 75' lang='lat' dir='ltr'><strong>Legimus,</strong></span> <span class='ocrx_word' id='word_1_728' title='bbox 803 5402 999 5472; x_wconf 88' lang='lat' dir='ltr'><strong>inquit,</strong></span> <span class='ocrx_word' id='word_1_729' title='bbox 1055 5406 1103 5458; x_wconf 83' lang='lat' dir='ltr'><strong>si</strong></span> <span class='ocrx_word' id='word_1_730' title='bbox 1164 5416 1343 5457; x_wconf 89' lang='lat' dir='ltr'><strong>tamen</strong></span> <span class='ocrx_word' id='word_1_731' title='bbox 1402 5406 1487 5458; x_wconf 87' lang='lat' dir='ltr'><strong>cui</strong></span> <span class='ocrx_word' id='word_1_732' title='bbox 1546 5406 1724 5474; x_wconf 87' lang='lat' dir='ltr'><strong>placet</strong></span> 
     </span>
    </p>
   </div>
   <div class='ocr_carea' id='block_1_100' title="bbox 147 5490 1717 5565">
    <p class='ocr_par' dir='ltr' id='par_1_100' title="bbox 147 5490 1717 5565">
     <span class='ocr_line' id='line_1_100' title="bbox 147 5490 1717 5565; baseline 0.007 -27"><span class='ocrx_word' id='word_1_733' title='bbox 147 5490 449 5557; x_wconf 86' lang='lat' dir='ltr'><strong>hujusmodi</strong></span> <span class='ocrx_word' id='word_1_734' title='bbox 479 5495 805 5561; x_wconf 81' lang='lat' dir='ltr'><strong>scripturam</strong></span> <span class='ocrx_word' id='word_1_735' title='bbox 841 5498 1104 5565; x_wconf 88' lang='lat' dir='ltr'><strong>recipere,</strong></span> <span class='ocrx_word' id='word_1_736' title='bbox 1156 5496 1379 5564; x_wconf 76' lang='lat' dir='ltr'><strong>justitia:</strong></span> <span class='ocrx_word' id='word_1_737' title='bbox 1418 5508 1472 5549; x_wconf 89' lang='lat' dir='ltr'><strong>et</strong></span> <span class='ocrx_word' id='word_1_738' title='bbox 1518 5496 1717 5565; x_wconf 81' lang='lat' dir='ltr'><strong>iniqui-</strong></span> 
     </span>
    </p>
   </div>
   <div class='ocr_carea' id='block_1_101' title="bbox 148 5582 1716 5656">
    <p class='ocr_par' dir='ltr' id='par_1_101' title="bbox 148 5582 1716 5656">
     <span class='ocr_line' id='line_1_101' title="bbox 148 5582 1716 5656; baseline 0.004 -24"><span class='ocrx_word' id='word_1_739' title='bbox 148 5582 266 5635; x_wconf 88' lang='lat' dir='ltr'><strong>tatis</strong></span> <span class='ocrx_word' id='word_1_740' title='bbox 288 5584 512 5653; x_wconf 85' lang='lat' dir='ltr'><strong>angelos</strong></span> <span class='ocrx_word' id='word_1_741' title='bbox 538 5600 699 5654; x_wconf 85' lang='lat' dir='ltr'><strong>super</strong></span> <span class='ocrx_word' id='word_1_742' title='bbox 718 5588 950 5641; x_wconf 68' lang='lat' dir='ltr'><strong>Abrahae</strong></span> <span class='ocrx_word' id='word_1_743' title='bbox 981 5588 1152 5642; x_wconf 73' lang='lat' dir='ltr'><strong>salute</strong></span> <span class='ocrx_word' id='word_1_744' title='bbox 1187 5592 1571 5656; x_wconf 79' lang='lat' dir='ltr'><strong>disceptantes,</strong></span> <span class='ocrx_word' id='word_1_745' title='bbox 1592 5591 1716 5641; x_wconf 90' lang='lat' dir='ltr'><strong>dum</strong></span> 
     </span>
    </p>
   </div>
   <div class='ocr_carea' id='block_1_102' title="bbox 148 5681 1716 5744">
    <p class='ocr_par' dir='ltr' id='par_1_102' title="bbox 148 5681 1716 5744">
     <span class='ocr_line' id='line_1_102' title="bbox 148 5681 1716 5744; baseline 0.008 -25"><span class='ocrx_word' id='word_1_746' title='bbox 148 5682 383 5744; x_wconf 62' lang='lat' dir='ltr'><strong>utrmque</strong></span> <span class='ocrx_word' id='word_1_747' title='bbox 423 5685 617 5730; x_wconf 73' lang='lat' dir='ltr'><strong>turma:</strong></span> <span class='ocrx_word' id='word_1_748' title='bbox 646 5693 746 5732; x_wconf 86' lang='lat' dir='ltr'><strong>suo</strong></span> <span class='ocrx_word' id='word_1_749' title='bbox 783 5696 904 5732; x_wconf 88' lang='lat' dir='ltr'><strong>eum</strong></span> <span class='ocrx_word' id='word_1_750' title='bbox 942 5682 1127 5735; x_wconf 87' lang='lat' dir='ltr'><strong>volunt</strong></span> <span class='ocrx_word' id='word_1_751' title='bbox 1175 5682 1339 5734; x_wconf 65' lang='grc' dir='ltr'><strong>εαξιυὶ</strong></span> <span class='ocrx_word' id='word_1_752' title='bbox 1370 5681 1663 5737; x_wconf 84' lang='lat' dir='ltr'><strong>vindicare.</strong></span> <span class='ocrx_word' id='word_1_753' title='bbox 1696 5699 1716 5731; x_wconf 74' lang='grc' dir='ltr'><strong>ι</strong></span> 
     </span>
    </p>
   </div>
   <div class='ocr_carea' id='block_1_103' title="bbox 154 5763 1722 5841">
    <p class='ocr_par' dir='ltr' id='par_1_103' title="bbox 154 5763 1722 5841">
     <span class='ocr_line' id='line_1_103' title="bbox 154 5763 1722 5841; baseline 0.009 -29"><span class='ocrx_word' id='word_1_754' title='bbox 154 5763 219 5815; x_wconf 73' lang='lat' dir='ltr'><strong>l-lx</strong></span> <span class='ocrx_word' id='word_1_755' title='bbox 253 5767 500 5821; x_wconf 65' lang='lat' dir='ltr'><strong>ila-mone</strong></span> <span class='ocrx_word' id='word_1_756' title='bbox 540 5780 743 5830; x_wconf 87' lang='lat' dir='ltr'><strong>autem,</strong></span> <span class='ocrx_word' id='word_1_757' title='bbox 775 5772 861 5825; x_wconf 88' lang='lat' dir='ltr'><strong>cui</strong></span> <span class='ocrx_word' id='word_1_758' title='bbox 898 5787 1093 5825; x_wconf 89' lang='lat' dir='ltr'><strong>nomen</strong></span> <span class='ocrx_word' id='word_1_759' title='bbox 1135 5772 1315 5841; x_wconf 77' lang='lat' dir='ltr'><strong>Legio,</strong></span> <span class='ocrx_word' id='word_1_760' title='bbox 1350 5773 1531 5825; x_wconf 88' lang='lat' dir='ltr'><strong>miseri</strong></span> <span class='ocrx_word' id='word_1_761' title='bbox 1579 5773 1722 5826; x_wconf 89' lang='lat' dir='ltr'><strong>illius</strong></span> 
     </span>
    </p>
   </div>
   <div class='ocr_carea' id='block_1_104' title="bbox 152 5860 1721 5931">
    <p class='ocr_par' dir='ltr' id='par_1_104' title="bbox 152 5860 1721 5931">
     <span class='ocr_line' id='line_1_104' title="bbox 152 5860 1721 5931; baseline 0.01 -28"><span class='ocrx_word' id='word_1_762' title='bbox 152 5871 199 5905; x_wconf 86' lang='lat' dir='ltr'><strong>iu</strong></span> <span class='ocrx_word' id='word_1_763' title='bbox 226 5860 487 5924; x_wconf 77' lang='lat' dir='ltr'><strong>sepulcris</strong></span> <span class='ocrx_word' id='word_1_764' title='bbox 518 5860 815 5915; x_wconf 85' lang='lat' dir='ltr'><strong>habitantis</strong></span> <span class='ocrx_word' id='word_1_765' title='bbox 847 5879 1045 5930; x_wconf 91' lang='lat' dir='ltr'><strong>corpus</strong></span> <span class='ocrx_word' id='word_1_766' title='bbox 1066 5875 1387 5929; x_wconf 87' lang='lat' dir='ltr'><strong>occupante,</strong></span> <span class='ocrx_word' id='word_1_767' title='bbox 1414 5881 1441 5914; x_wconf 87' lang='lat' dir='ltr'><strong>a</strong></span> <span class='ocrx_word' id='word_1_768' title='bbox 1478 5862 1721 5931; x_wconf 81' lang='lat' dir='ltr'><strong>plurimis</strong></span> 
     </span>
    </p>
   </div>
   <div class='ocr_carea' id='block_1_105' title="bbox 154 5948 1722 6024">
    <p class='ocr_par' dir='ltr' id='par_1_105' title="bbox 154 5948 1722 6024">
     <span class='ocr_line' id='line_1_105' title="bbox 154 5948 1722 6024; baseline 0.006 -26"><span class='ocrx_word' id='word_1_769' title='bbox 154 5948 303 6001; x_wconf 82' lang='lat' dir='ltr'><strong>simul</strong></span> <span class='ocrx_word' id='word_1_770' title='bbox 346 5950 683 6006; x_wconf 59' lang='lat' dir='ltr'><strong>daemonibus</strong></span> <span class='ocrx_word' id='word_1_771' title='bbox 709 5970 805 6007; x_wconf 90' lang='lat' dir='ltr'><strong>nos</strong></span> <span class='ocrx_word' id='word_1_772' title='bbox 850 5956 1041 6023; x_wconf 88' lang='lat' dir='ltr'><strong>probat</strong></span> <span class='ocrx_word' id='word_1_773' title='bbox 1082 5956 1449 6010; x_wconf 75' lang='lat' dir='ltr'><strong>circumsideri</strong></span> <span class='ocrx_word' id='word_1_774' title='bbox 1480 5972 1493 6018; x_wconf 59' lang='grc' dir='ltr'><strong>ι</strong></span> <span class='ocrx_word' id='word_1_775' title='bbox 1526 5956 1722 6024; x_wconf 84' lang='lat' dir='ltr'><strong>quippe</strong></span> 
     </span>
    </p>
   </div>
   <div class='ocr_carea' id='block_1_106' title="bbox 1831 4761 3408 4836">
    <p class='ocr_par' dir='ltr' id='par_1_106' title="bbox 1831 4761 3408 4836">
     <span class='ocr_line' id='line_1_106' title="bbox 1831 4761 3408 4836; baseline 0.004 -22"><span class='ocrx_word' id='word_1_776' title='bbox 1831 4761 1998 4815; x_wconf 82' lang='lat' dir='ltr'><strong>veluti</strong></span> <span class='ocrx_word' id='word_1_777' title='bbox 2029 4762 2335 4817; x_wconf 83' lang='lat' dir='ltr'><strong>custodiam</strong></span> <span class='ocrx_word' id='word_1_778' title='bbox 2370 4780 2525 4818; x_wconf 87' lang='lat' dir='ltr'><strong>suam</strong></span> <span class='ocrx_word' id='word_1_779' title='bbox 2554 4764 2619 4818; x_wconf 84' lang='lat' dir='ltr'><strong>ad</strong></span> <span class='ocrx_word' id='word_1_780' title='bbox 2664 4764 2932 4834; x_wconf 88' lang='lat' dir='ltr'><strong>judicium</strong></span> <span class='ocrx_word' id='word_1_781' title='bbox 2970 4782 2984 4817; x_wconf 89' lang='lat'><strong>:</strong></span> <span class='ocrx_word' id='word_1_782' title='bbox 3019 4777 3184 4836; x_wconf 87' lang='lat' dir='ltr'><strong>atque</strong></span> <span class='ocrx_word' id='word_1_783' title='bbox 3223 4767 3331 4822; x_wconf 87' lang='lat' dir='ltr'><strong>illic</strong></span> <span class='ocrx_word' id='word_1_784' title='bbox 3356 4768 3408 4821; x_wconf 87' lang='lat' dir='ltr'><strong>in</strong></span> 
     </span>
    </p>
   </div>
   <div class='ocr_carea' id='block_1_107' title="bbox 1831 4855 3411 4926">
    <p class='ocr_par' dir='ltr' id='par_1_107' title="bbox 1831 4855 3411 4926">
     <span class='ocr_line' id='line_1_107' title="bbox 1831 4855 3411 4926; baseline 0.003 -19"><span class='ocrx_word' id='word_1_785' title='bbox 1831 4868 1995 4907; x_wconf 87' lang='lat' dir='ltr'><strong>causa</strong></span> <span class='ocrx_word' id='word_1_786' title='bbox 2030 4855 2257 4909; x_wconf 88' lang='lat' dir='ltr'><strong>dicenda</strong></span> <span class='ocrx_word' id='word_1_787' title='bbox 2289 4858 2545 4911; x_wconf 81' lang='lat' dir='ltr'><strong>assistere</strong></span> <span class='ocrx_word' id='word_1_788' title='bbox 2574 4873 2589 4921; x_wconf 83' lang='lat'><strong>;</strong></span> <span class='ocrx_word' id='word_1_789' title='bbox 2642 4858 2685 4911; x_wconf 89' lang='lat' dir='ltr'><strong>si</strong></span> <span class='ocrx_word' id='word_1_790' title='bbox 2722 4872 2827 4926; x_wconf 85' lang='lat' dir='ltr'><strong>qua</strong></span> <span class='ocrx_word' id='word_1_791' title='bbox 2857 4859 3296 4923; x_wconf 89' lang='lat' dir='ltr'><strong>commentiatur,</strong></span> <span class='ocrx_word' id='word_1_792' title='bbox 3324 4874 3411 4912; x_wconf 90' lang='lat' dir='ltr'><strong>re-</strong></span> 
     </span>
    </p>
   </div>
   <div class='ocr_carea' id='block_1_108' title="bbox 1829 4946 3409 5019">
    <p class='ocr_par' dir='ltr' id='par_1_108' title="bbox 1829 4946 3409 5019">
     <span class='ocr_line' id='line_1_108' title="bbox 1829 4946 3409 5019; baseline 0.003 -19"><span class='ocrx_word' id='word_1_793' title='bbox 1829 4946 2101 5015; x_wconf 88' lang='lat' dir='ltr'><strong>darguere</strong></span> <span class='ocrx_word' id='word_1_794' title='bbox 2125 4989 2140 5012; x_wconf 90' lang='lat'><strong>,</strong></span> <span class='ocrx_word' id='word_1_795' title='bbox 2195 4949 2239 5002; x_wconf 91' lang='lat' dir='ltr'><strong>si</strong></span> <span class='ocrx_word' id='word_1_796' title='bbox 2270 4960 2375 5016; x_wconf 88' lang='lat' dir='ltr'><strong>qua</strong></span> <span class='ocrx_word' id='word_1_797' title='bbox 2424 4965 2552 5001; x_wconf 86' lang='lat' dir='ltr'><strong>vera</strong></span> <span class='ocrx_word' id='word_1_798' title='bbox 2592 4949 2757 5015; x_wconf 88' lang='lat' dir='ltr'><strong>dicat,</strong></span> <span class='ocrx_word' id='word_1_799' title='bbox 2790 4966 3144 5015; x_wconf 88' lang='lat' dir='ltr'><strong>asseverare;</strong></span> <span class='ocrx_word' id='word_1_800' title='bbox 3185 4966 3409 5019; x_wconf 89' lang='lat' dir='ltr'><strong>prorsus</strong></span> 
     </span>
    </p>
   </div>
   <div class='ocr_carea' id='block_1_109' title="bbox 1834 5036 3407 5109">
    <p class='ocr_par' dir='ltr' id='par_1_109' title="bbox 1834 5036 3407 5109">
     <span class='ocr_line' id='line_1_109' title="bbox 1834 5036 3407 5109; baseline 0.003 -19"><span class='ocrx_word' id='word_1_801' title='bbox 1834 5036 1977 5091; x_wconf 87' lang='lat' dir='ltr'><strong>illius</strong></span> <span class='ocrx_word' id='word_1_802' title='bbox 2013 5040 2327 5093; x_wconf 87' lang='lat' dir='ltr'><strong>testimonio</strong></span> <span class='ocrx_word' id='word_1_803' title='bbox 2364 5037 2492 5092; x_wconf 80' lang='lat' dir='ltr'><strong>lerri</strong></span> <span class='ocrx_word' id='word_1_804' title='bbox 2527 5041 2879 5095; x_wconf 88' lang='lat' dir='ltr'><strong>sententiam.</strong></span> <span class='ocrx_word' id='word_1_805' title='bbox 2919 5060 2937 5092; x_wconf 78' lang='grc' dir='ltr'><strong>ι</strong></span> <span class='ocrx_word' id='word_1_806' title='bbox 2974 5042 3154 5109; x_wconf 87' lang='lat' dir='ltr'><strong>Itaque</strong></span> <span class='ocrx_word' id='word_1_807' title='bbox 3196 5058 3407 5095; x_wconf 87' lang='lat' dir='ltr'><strong>sununa</strong></span> 
     </span>
    </p>
   </div>
   <div class='ocr_carea' id='block_1_110' title="bbox 1832 5128 3409 5201">
    <p class='ocr_par' dir='ltr' id='par_1_110' title="bbox 1832 5128 3409 5201">
     <span class='ocr_line' id='line_1_110' title="bbox 1832 5128 3409 5201; baseline 0.004 -21"><span class='ocrx_word' id='word_1_808' title='bbox 1832 5128 2091 5198; x_wconf 83' lang='lat' dir='ltr'><strong>religione</strong></span> <span class='ocrx_word' id='word_1_809' title='bbox 2122 5132 2311 5197; x_wconf 85' lang='lat' dir='ltr'><strong>genius</strong></span> <span class='ocrx_word' id='word_1_810' title='bbox 2345 5130 2414 5182; x_wconf 90' lang='lat' dir='ltr'><strong>ab</strong></span> <span class='ocrx_word' id='word_1_811' title='bbox 2442 5132 2680 5201; x_wconf 87' lang='lat' dir='ltr'><strong>antiquis</strong></span> <span class='ocrx_word' id='word_1_812' title='bbox 2714 5132 2997 5186; x_wconf 88' lang='lat' dir='ltr'><strong>colebatur</strong></span> <span class='ocrx_word' id='word_1_813' title='bbox 3029 5148 3041 5183; x_wconf 92' lang='lat'>:</span> <span class='ocrx_word' id='word_1_814' title='bbox 3076 5133 3409 5187; x_wconf 80' lang='lat' dir='ltr'><strong>Censorinus</strong></span> 
     </span>
    </p>
   </div>
   <div class='ocr_carea' id='block_1_111' title="bbox 1828 5218 3406 5293">
    <p class='ocr_par' dir='ltr' id='par_1_111' title="bbox 1828 5218 3406 5293">
     <span class='ocr_line' id='line_1_111' title="bbox 1828 5218 3406 5293; baseline 0.004 -22"><span class='ocrx_word' id='word_1_815' title='bbox 1828 5234 1951 5286; x_wconf 88' lang='lat' dir='ltr'><strong>cap.</strong></span> <span class='ocrx_word' id='word_1_816' title='bbox 1984 5218 2019 5272; x_wconf 80' lang='lat'><strong>5</strong></span> <span class='ocrx_word' id='word_1_817' title='bbox 2048 5219 2125 5271; x_wconf 87' lang='lat' dir='ltr'><strong>De</strong></span> <span class='ocrx_word' id='word_1_818' title='bbox 2167 5221 2251 5272; x_wconf 82' lang='lat' dir='ltr'><strong>die</strong></span> <span class='ocrx_word' id='word_1_819' title='bbox 2303 5221 2473 5273; x_wconf 77' lang='lat' dir='ltr'><strong>natali</strong></span> <span class='ocrx_word' id='word_1_820' title='bbox 2512 5239 2533 5276; x_wconf 92' lang='lat'><strong><em>:</em></strong></span> <span class='ocrx_word' id='word_1_821' title='bbox 2567 5240 2583 5271; x_wconf 85' lang='grc' dir='ltr'><strong>ι</strong></span> <span class='ocrx_word' id='word_1_822' title='bbox 2638 5221 2812 5276; x_wconf 84' lang='lat' dir='ltr'><strong>Genio</strong></span> <span class='ocrx_word' id='word_1_823' title='bbox 2854 5223 3015 5293; x_wconf 84' lang='lat' dir='ltr'><strong>igitur</strong></span> <span class='ocrx_word' id='word_1_824' title='bbox 3066 5224 3406 5293; x_wconf 78' lang='lat' dir='ltr'><strong>potiSsimum</strong></span> 
     </span>
    </p>
   </div>
   <div class='ocr_carea' id='block_1_112' title="bbox 1828 5310 3407 5387">
    <p class='ocr_par' dir='ltr' id='par_1_112' title="bbox 1828 5310 3407 5387">
     <span class='ocr_line' id='line_1_112' title="bbox 1828 5310 3407 5387; baseline 0.002 -19"><span class='ocrx_word' id='word_1_825' title='bbox 1828 5328 1925 5384; x_wconf 89' lang='lat' dir='ltr'><strong>per</strong></span> <span class='ocrx_word' id='word_1_826' title='bbox 1950 5331 2165 5369; x_wconf 87' lang='lat' dir='ltr'><strong>omnem</strong></span> <span class='ocrx_word' id='word_1_827' title='bbox 2208 5325 2421 5370; x_wconf 70' lang='lat' dir='ltr'><strong>tetatem</strong></span> <span class='ocrx_word' id='word_1_828' title='bbox 2464 5314 2755 5387; x_wconf 86' lang='lat' dir='ltr'><strong>quotannis</strong></span> <span class='ocrx_word' id='word_1_829' title='bbox 2801 5318 3193 5373; x_wconf 84' lang='lat' dir='ltr'><strong>sacrilicatnus.</strong></span> <span class='ocrx_word' id='word_1_830' title='bbox 3221 5310 3407 5384; x_wconf 85' lang='lat' dir='ltr'><strong>Quan-</strong></span> 
     </span>
    </p>
   </div>
   <div class='ocr_carea' id='block_1_113' title="bbox 1826 5408 3405 5479">
    <p class='ocr_par' dir='ltr' id='par_1_113' title="bbox 1826 5408 3405 5479">
     <span class='ocr_line' id='line_1_113' title="bbox 1826 5408 3405 5479; baseline 0.003 -20"><span class='ocrx_word' id='word_1_831' title='bbox 1826 5422 2121 5476; x_wconf 89' lang='lat' dir='ltr'><strong>quamnon</strong></span> <span class='ocrx_word' id='word_1_832' title='bbox 2152 5409 2324 5463; x_wconf 87' lang='lat' dir='ltr'><strong>solum</strong></span> <span class='ocrx_word' id='word_1_833' title='bbox 2371 5408 2481 5471; x_wconf 89' lang='lat' dir='ltr'><strong>hic,</strong></span> <span class='ocrx_word' id='word_1_834' title='bbox 2511 5410 2605 5462; x_wconf 90' lang='lat' dir='ltr'><strong>sed</strong></span> <span class='ocrx_word' id='word_1_835' title='bbox 2648 5418 2701 5463; x_wconf 90' lang='lat' dir='ltr'><strong>et</strong></span> <span class='ocrx_word' id='word_1_836' title='bbox 2748 5408 2836 5462; x_wconf 89' lang='lat' dir='ltr'><strong>alii</strong></span> <span class='ocrx_word' id='word_1_837' title='bbox 2869 5421 2993 5463; x_wconf 91' lang='lat' dir='ltr'><strong>sunt</strong></span> <span class='ocrx_word' id='word_1_838' title='bbox 3039 5408 3297 5479; x_wconf 58' lang='lat' dir='ltr'><strong>praeterea</strong></span> <span class='ocrx_word' id='word_1_839' title='bbox 3331 5409 3405 5463; x_wconf 89' lang='lat' dir='ltr'><strong>dii</strong></span> 
     </span>
    </p>
   </div>
   <div class='ocr_carea' id='block_1_114' title="bbox 1827 5499 3409 5570">
    <p class='ocr_par' dir='ltr' id='par_1_114' title="bbox 1827 5499 3409 5570">
     <span class='ocr_line' id='line_1_114' title="bbox 1827 5499 3409 5570; baseline 0.001 -18"><span class='ocrx_word' id='word_1_840' title='bbox 1827 5499 2135 5568; x_wconf 88' lang='lat' dir='ltr'><strong>complures</strong></span> <span class='ocrx_word' id='word_1_841' title='bbox 2162 5501 2437 5553; x_wconf 90' lang='lat' dir='ltr'><strong>hominum</strong></span> <span class='ocrx_word' id='word_1_842' title='bbox 2464 5499 2628 5551; x_wconf 86' lang='lat' dir='ltr'><strong>vitam</strong></span> <span class='ocrx_word' id='word_1_843' title='bbox 2659 5515 2754 5569; x_wconf 90' lang='lat' dir='ltr'><strong>pro</strong></span> <span class='ocrx_word' id='word_1_844' title='bbox 2783 5516 2877 5554; x_wconf 89' lang='lat' dir='ltr'><strong>sua</strong></span> <span class='ocrx_word' id='word_1_845' title='bbox 2904 5503 3133 5569; x_wconf 88' lang='lat' dir='ltr'><strong>quisque</strong></span> <span class='ocrx_word' id='word_1_846' title='bbox 3164 5502 3409 5570; x_wconf 86' lang='lat' dir='ltr'><strong>portione</strong></span> 
     </span>
    </p>
   </div>
   <div class='ocr_carea' id='block_1_115' title="bbox 1829 5590 3409 5663">
    <p class='ocr_par' dir='ltr' id='par_1_115' title="bbox 1829 5590 3409 5663">
     <span class='ocr_line' id='line_1_115' title="bbox 1829 5590 3409 5663; baseline -0.001 -20"><span class='ocrx_word' id='word_1_847' title='bbox 1829 5591 2302 5656; x_wconf 87' lang='lat' dir='ltr'><strong>adminiculantes,</strong></span> <span class='ocrx_word' id='word_1_848' title='bbox 2350 5608 2487 5662; x_wconf 87' lang='lat' dir='ltr'><strong>quos</strong></span> <span class='ocrx_word' id='word_1_849' title='bbox 2528 5594 2796 5647; x_wconf 85' lang='lat' dir='ltr'><strong>volentem</strong></span> <span class='ocrx_word' id='word_1_850' title='bbox 2830 5610 3161 5663; x_wconf 86' lang='lat' dir='ltr'><strong>cognoscere</strong></span> <span class='ocrx_word' id='word_1_851' title='bbox 3201 5590 3409 5660; x_wconf 81' lang='lat' dir='ltr'><strong>Indigi-</strong></span> 
     </span>
    </p>
   </div>
   <div class='ocr_carea' id='block_1_116' title="bbox 1831 5682 3408 5748">
    <p class='ocr_par' dir='ltr' id='par_1_116' title="bbox 1831 5682 3408 5748">
     <span class='ocr_line' id='line_1_116' title="bbox 1831 5682 3408 5748; baseline 0.001 -14"><span class='ocrx_word' id='word_1_852' title='bbox 1831 5694 2183 5735; x_wconf 82' lang='lat' dir='ltr'><strong>tametttorum</strong></span> <span class='ocrx_word' id='word_1_853' title='bbox 2215 5684 2337 5737; x_wconf 87' lang='lat' dir='ltr'><strong>libri</strong></span> <span class='ocrx_word' id='word_1_854' title='bbox 2370 5685 2504 5738; x_wconf 85' lang='lat' dir='ltr'><strong>satis</strong></span> <span class='ocrx_word' id='word_1_855' title='bbox 2535 5684 2869 5748; x_wconf 69' lang='lat' dir='ltr'><strong>edoCebuut;</strong></span> <span class='ocrx_word' id='word_1_856' title='bbox 2900 5682 2992 5737; x_wconf 85' lang='lat' dir='ltr'><strong>sed</strong></span> <span class='ocrx_word' id='word_1_857' title='bbox 3017 5700 3207 5737; x_wconf 86' lang='lat' dir='ltr'><strong>omnes</strong></span> <span class='ocrx_word' id='word_1_858' title='bbox 3238 5685 3289 5736; x_wconf 89' lang='lat' dir='ltr'><strong>hi</strong></span> <span class='ocrx_word' id='word_1_859' title='bbox 3321 5699 3408 5736; x_wconf 83' lang='lat' dir='ltr'><strong>se-</strong></span> 
     </span>
    </p>
   </div>
   <div class='ocr_carea' id='block_1_117' title="bbox 1831 5776 3409 5845">
    <p class='ocr_par' dir='ltr' id='par_1_117' title="bbox 1831 5776 3409 5845">
     <span class='ocr_line' id='line_1_117' title="bbox 1831 5776 3409 5845; baseline 0.003 -18"><span class='ocrx_word' id='word_1_860' title='bbox 1831 5776 1932 5827; x_wconf 85' lang='lat' dir='ltr'><strong>mel</strong></span> <span class='ocrx_word' id='word_1_861' title='bbox 1988 5777 2045 5829; x_wconf 79' lang='lat' dir='ltr'><strong>in‘</strong></span> <span class='ocrx_word' id='word_1_862' title='bbox 2086 5790 2410 5845; x_wconf 82' lang='lat' dir='ltr'><strong>unoquoque</strong></span> <span class='ocrx_word' id='word_1_863' title='bbox 2448 5778 2665 5833; x_wconf 84' lang='lat' dir='ltr'><strong>homine</strong></span> <span class='ocrx_word' id='word_1_864' title='bbox 2706 5779 2984 5831; x_wconf 89' lang='lat' dir='ltr'><strong>numinum</strong></span> <span class='ocrx_word' id='word_1_865' title='bbox 3020 5795 3238 5832; x_wconf 81' lang='lat' dir='ltr'><strong>suorum</strong></span> <span class='ocrx_word' id='word_1_866' title='bbox 3279 5777 3409 5831; x_wconf 80' lang='lat' dir='ltr'><strong>eli&#39;e-</strong></span> 
     </span>
    </p>
   </div>
   <div class='ocr_carea' id='block_1_118' title="bbox 1830 5873 3409 5939">
    <p class='ocr_par' dir='ltr' id='par_1_118' title="bbox 1830 5873 3409 5939">
     <span class='ocr_line' id='line_1_118' title="bbox 1830 5873 3409 5939; baseline 0.004 -21"><span class='ocrx_word' id='word_1_867' title='bbox 1830 5880 1974 5919; x_wconf 88' lang='lat' dir='ltr'><strong>ctum</strong></span> <span class='ocrx_word' id='word_1_868' title='bbox 2016 5881 2443 5936; x_wconf 65' lang='lat' dir='ltr'><strong>repraesentant:</strong></span> <span class='ocrx_word' id='word_1_869' title='bbox 2484 5874 2739 5939; x_wconf 82' lang='lat' dir='ltr'><strong>quocirca</strong></span> <span class='ocrx_word' id='word_1_870' title='bbox 2800 5888 2902 5925; x_wconf 85' lang='lat' dir='ltr'><strong>uoti</strong></span> <span class='ocrx_word' id='word_1_871' title='bbox 2946 5886 3042 5937; x_wconf 84' lang='lat' dir='ltr'><strong>per</strong></span> <span class='ocrx_word' id='word_1_872' title='bbox 3094 5887 3253 5924; x_wconf 84' lang='lat' dir='ltr'><strong>omne</strong></span> <span class='ocrx_word' id='word_1_873' title='bbox 3285 5873 3409 5924; x_wconf 75' lang='lat' dir='ltr'><strong>vitze</strong></span> 
     </span>
    </p>
   </div>
   <div class='ocr_carea' id='block_1_119' title="bbox 1832 5961 3407 6029">
    <p class='ocr_par' dir='ltr' id='par_1_119' title="bbox 1832 5961 3407 6029">
     <span class='ocr_line' id='line_1_119' title="bbox 1832 5961 3407 6029; baseline 0.004 -18"><span class='ocrx_word' id='word_1_874' title='bbox 1832 5961 2065 6028; x_wconf 76' lang='lat' dir='ltr'><strong>spatium</strong></span> <span class='ocrx_word' id='word_1_875' title='bbox 2098 5963 2251 6017; x_wconf 86' lang='lat' dir='ltr'><strong>novis</strong></span> <span class='ocrx_word' id='word_1_876' title='bbox 2280 5963 2632 6029; x_wconf 82' lang='lat' dir='ltr'><strong>religionibus</strong></span> <span class='ocrx_word' id='word_1_877' title='bbox 2672 5974 3041 6019; x_wconf 67' lang='grc' dir='ltr'><strong>αι’ςιξδδιιιιιιιι·⁸</strong></span> <span class='ocrx_word' id='word_1_878' title='bbox 3069 5962 3276 6020; x_wconf 81' lang='lat' dir='ltr'><strong>Genius</strong></span> <span class='ocrx_word' id='word_1_879' title='bbox 3309 5976 3407 6017; x_wconf 81' lang='lat' dir='ltr'><strong>au-</strong></span> 
     </span>
    </p>
   </div>
  </div>
