3916 6522
511 475 617 529 Βῖὅ

1787 462 1847 518 Ρ.
1895 458 2215 516 DANlELlS
2251 450 2488 512 HUETII
3669 444 3759 499 884

513 601 620 641 tam
651 588 722 642 ita
763 580 917 639 nobis
967 583 1285 637 observator
1319 579 1597 650 appositus
1623 588 1732 643 est,
1761 590 1820 633 ut
1845 596 1914 636 ue
1950 596 2089 651 pun-
2120 583 2162 636 Α
2193 575 2497 647 aSperiores
2547 568 2744 638 imponi
2786 568 2946 623 duces
3001 567 3245 622 definivit
3290 563 3646 620 Adamantius
3679 584 3691 619 :
3721 570 3759 620 si

511 689 600 735 cto
629 677 844 746 quidem
881 674 1139 741 temporis
1170 672 1383 743 longius
1413 670 1688 735 abscedat,
1713 669 1807 725 sed
1838 671 1906 724 ab
1935 681 2090 726 utero

513 772 702 823 matris
725 776 980 835 exceptos
997 765 1064 818 ad
1092 775 1394 818 extremum
1419 763 1541 817 vita:
1557 765 1700 820 diem
1729 763 2037 819 comitetur.
2066 781 2085 813 ›

511 859 644 916 Nota
693 869 889 927 praeter
933 864 1252 927 perpetuum
1292 855 1433 924 genii
1480 855 1821 918 comitatum,
1866 854 2090 908 deorum

511 949 865 1019 complurium
925 945 1227 1003 ministerio
1306 947 1473 999 vitam
1548 945 1842 1000 humanam
1911 942 2088 1011 jttvari

514 1043 723 1109 priscos
761 1041 882 1096 illos
931 1053 1177 1110 putasse,
1229 1040 1370 1108 quod
1415 1037 1760 1110 Origenianis
1807 1036 2091 1094 sententiis

510 1139 796 1187 consonat.
842 1131 1019 1196 Atque
1047 1142 1110 1182 ea
1141 1141 1272 1183 sane
1315 1128 1592 1196 persuasio
1625 1125 1693 1179 ad
1727 1135 1938 1179 veteres
1972 1124 2091 1179 illos

509 1238 541 1275 c
571 1221 742 1276 sacris
763 1218 1124 1276 voluminibus
1156 1217 1392 1286 profecta
1431 1214 1692 1286 primum,
1726 1217 1819 1271 sed
1851 1211 2092 1284 profanis

513 1314 743 1368 subinde
791 1311 1064 1383 figt'uentis
1126 1311 1426 1365 deformata
1480 1309 1742 1366 manavit.
1793 1308 1920 1362 llaec
1976 1308 2088 1378 ipsa

513 1419 727 1474 quoque
763 1404 999 1458 indidem
1041 1402 1094 1456 in
1138 1400 1462 1466 Ecclesiam,
1490 1399 1854 1470 Ecclesithue
1881 1397 2090 1462 Patres,

511 1498 606 1552 sed
647 1496 832 1562 purior
857 1504 912 1550 et
951 1494 1260 1548 defaecatior
1285 1491 1559 1563 profluxit.

583 1585 800 1639 XXXII.
836 1583 1007 1639 Verba
1044 1581 1209 1636 Mosis
1238 1597 1269 1636 e
1307 1582 1599 1638 Deuteron.
1635 1598 1811 1642 χχχιι,
1840 1581 1893 1648 8,
1922 1581 1979 1647 9,
2001 1597 2093 1636 eo-

511 1679 633 1731 dem
681 1678 1067 1746 propemodum
1105 1676 1319 1732 deﬂexit
1382 1675 1646 1731 Eusebius
1694 1691 1758 1728 ac
1810 1673 2087 1744 Origenes.

515 1767 794 1826 Universis
819 1771 1015 1839 quippe
1058 1769 1309 1840 gentibus
1363 1767 1584 1837 angelos
1632 1768 1886 1838 praesides
1916 1784 1946 1822 a
1983 1766 2094 1822 Deo

509 1863 788 1932 oppositos
811 1863 986 1917 docet.
1018 1861 1210 1916 Filium
1235 1872 1414 1916 autem
1447 1862 1539 1917 Dei
1569 1862 1873 1930 suscepisse
1896 1877 2088 1931 rogen—

510 1959 638 2014 dum
664 1957 948 2023 lsraelem,
985 1958 1295 2028 quicunque
1331 1973 1523 2028 nempe
1548 1957 1872 2026 patriarcha:
1903 1955 2089 2013 Jacobi

511 2050 767 2118 pietatem
801 2049 1022 2112 imitati,
1057 2050 1278 2103 nomine
1311 2049 1429 2117 ejus
1453 2047 1710 2117 appellari
1749 2056 2088 2104 meruerunt.

511 2143 686 2209 Atque
759 2142 872 2196 Iure
951 2141 1431 2196 Demonstrationis
1480 2139 1787 2210 evangelica:
1861 2137 1955 2192 lib.
2016 2153 2088 2204 tv,

509 2248 632 2303 cap.
678 2232 733 2288 7.
770 2231 905 2286 Tum
958 2233 1010 2286 in
1063 2231 1417 2302 sequentibus
1455 2232 1643 2288 scribit
1677 2228 1896 2300 angelos
1941 2228 2088 2295 illos,

508 2327 623 2380 sive
653 2325 832 2394 potius
861 2324 1175 2395 angelorum
1226 2323 1404 2379 tutela:
1435 2323 1758 2379 commissos
1790 2324 2035 2380 homines
2059 2339 2088 2377 a

508 2414 846 2472 daemonibus
869 2414 1164 2487 oppugnari
1219 2416 1384 2472 fuisse
1412 2426 1644 2486 emptos,
1675 2431 1980 2488 magnaque
2022 2432 2087 2471 ex

509 2519 663 2577 parte
691 2510 744 2563 itt
779 2524 968 2565 eorum
1002 2518 1324 2577 potestatem
1375 2508 1545 2564 fuisse
1576 2510 1861 2576 redactos;
1914 2511 2092 2578 quoad

509 2603 882 2658 laborantibus
906 2614 958 2656 ct
1002 2600 1276 2670 oppressis
1314 2610 1658 2656 succurreret
1688 2600 1963 2668 Christus,
1991 2600 2091 2654 im-

509 2695 832 2768 piorutnque
891 2694 1193 2746 dattttonutn
1246 2690 1588 2762 tyrannidem
1637 2690 1968 2760 proﬂigaret.
2014 2691 2088 2746 lla

506 2794 560 2840 et
580 2785 912 2852 Augustinus
940 2785 994 2838 in
1024 2781 1222 2839 Psalm.
1244 2799 1486 2840 Lxxxvttt
1509 2798 1524 2838 :
1554 2802 1572 2833 t
1594 2782 1708 2838 Non
1731 2784 1926 2840 clausit
1952 2786 2092 2840 Deus

507 2875 707 2931 fontem
741 2874 1001 2930 bonitatis
1049 2891 1160 2929 sua:
1207 2876 1369 2927 etiam
1407 2875 1459 2928 in
1498 2873 1840 2944 alienigenas
1878 2886 2089 2946 gentes,

504 2980 642 3034 quas
673 2967 773 3019 sub
791 2964 1000 3034 angelis
1031 2965 1410 3030 constituerat,
1438 2964 1741 3032 portionem
1763 2964 1864 3020 sibi
1885 2964 2088 3020 faciens

504 3056 756 3132 populum
787 3054 970 3110 Israel.
1007 3075 1020 3108 ›

575 3143 652 3200 Ne
687 3143 968 3200 conﬂictus
988 3144 1203 3214 quidem
1236 3143 1356 3200 illos
1390 3145 1709 3216 angelorum
1743 3144 1886 3198 inter
1908 3159 1990 3210 se,
2032 3153 2087 3199 et

2197 667 2375 720 minus
2401 678 2569 720 novos
2595 660 2788 717 ascribi
2821 660 3088 730 principes
3114 660 3515 714 rebellantibus
3545 659 3761 713 homini-

2193 761 2312 819 bus.
2348 768 2404 812 at
2445 756 2658 825 priores
2687 763 2836 808 certe
2872 753 3084 806 detrahi
3141 751 3380 806 Basilius
3409 751 3642 804 censuit.
3687 748 3765 804 Sic

2191 851 2334 905 enim
2390 849 2550 903 habet
2591 847 2645 900 in
2682 846 2840 899 Isaia:
2869 859 2928 908 ν,
2979 843 3013 897 5
3067 860 3081 898 :
3125 844 3360 914 Μήποτε
3405 841 3464 896 δὲ
3494 840 3592 894 καὶ
3628 840 3766 910 ἡμῶν

2130 947 2134 950 ’
2196 944 2427 1006 ἕκαστος
2473 941 2612 1012 ἔχων
2681 937 2914 1008 ἄγγελον
2955 935 3106 1006 ἅγιον
3166 933 3262 989 τὸν
3333 931 3766 1006 παρεμϐάλλοντα

2197 1034 2383 1104 κύκλῳ
2405 1033 2513 1087 τῶν
2541 1031 2890 1102 φοϐουμένων
2910 1031 3002 1084 τὸν
3029 1029 3256 1100 Κύριον,
3280 1029 3338 1081 ὲν
3369 1024 3666 1097 ἁμαρτίαις
3696 1021 3770 1087 ἐξ-

2201 1125 2449 1188 ετασοεὶς
2475 1123 2730 1186 ὑπόδικος
2753 1122 2974 1192 γένηται
2999 1123 3064 1193 τῇ
3093 1118 3456 1190 ἁπειληθείσῃ
3473 1115 3770 1186 πληγῇ,κα“ι

2199 1237 2266 1289 γυ
2277 1219 2461 1292 μνωοῇ
2496 1216 2590 1271 τοῦ
2639 1217 2852 1287 τείχους
2879 1215 2977 1286 τῆς
3008 1213 3113 1267 ἀπὸ
3143 1212 3253 1267 τῶν
3295 1211 3465 1281 ἁγίων
3507 1208 3770 1278 δύναμεων

2203 1309 2527 1380 ἀσφαλείας.
2565 1328 2586 1362 t
2617 1309 2874 1364 Fortasse
2913 1315 3088 1361 autem
3128 1305 3508 1374 unusquisque
3546 1309 3768 1355 nostrum

2195 1404 2401 1458 habens
2422 1400 2672 1472 angelum
2691 1407 2958 1463 sanctum,
2977 1401 3455 1452 castrametantetn
3487 1391 3540 1445 in
3559 1389 3770 1446 circuitu

2200 1491 2849 1554 timentiumDominum,
2897 1489 2952 1543 in
3005 1487 3242 1558 peccatis
3270 1484 3662 1556 deprehensus,
3688 1483 3774 1537 ob-

2199 1585 2397 1639 noxius
2433 1582 2530 1638 fiat
2560 1583 2839 1636 intentata:
2881 1579 2982 1634 sibi
3017 1577 3208 1648 plagae,
3239 1585 3292 1631 et
3319 1573 3586 1646 spolietur
3611 1587 3770 1638 muro,

2194 1677 2437 1733 custodia
2478 1676 2688 1733 scilicet
2726 1682 3036 1727 sanctarum
3086 1671 3371 1726 virtutum.
3404 1687 3424 1720 ι
3481 1664 3666 1734 Neque
3689 1665 3773 1720 de-

2200 1776 2328 1822 sunt
2350 1769 2713 1838 sane,quibus
2737 1782 2804 1822 ne
2829 1780 2970 1819 nunc
2989 1763 3207 1834 quidem
3227 1760 3358 1817 satis
3381 1759 3551 1828 liquet
3578 1757 3773 1811 idemne

2201 1867 2496 1928 perpetuus
2524 1859 2729 1914 homini
2780 1857 3070 1924 unicuique
3098 1868 3283 1909 eomes
3329 1849 3559 1920 angelus
3607 1848 3774 1902 adita:-

2123 1931 2166 1986 Β
2202 1959 2340 2015 reat,
2374 1965 2442 2004 an
2478 1950 2614 2005 alios
2642 1949 2732 2004 alii
2767 1951 2821 2007 in
2849 1964 2914 2005 eo
2941 1961 3164 2003 munere
3189 1943 3485 2010 excipiant.

2273 2039 2491 2110 Origeui
2521 2055 2701 2094 rerum
2736 2041 3002 2108 omnium,
3061 2038 3227 2093 etiam
3273 2035 3638 2090 inanimarum
3682 2044 3770 2084 cn-

2193 2129 2426 2184 stodiam
2469 2129 2678 2199 angelis
2716 2130 2983 2200 delegauti
3033 2128 3177 2184 favet
3225 2129 3653 2197 Chrysostomus
3683 2127 3771 2180 ho-

2195 2220 2308 2274 mil.
2349 2223 2403 2274 in
2438 2220 2626 2276 Natat.
2651 2221 2872 2286 Christi,
2899 2222 3037 2290 apud
3065 2220 3317 2275 Photiuru
3347 2219 3473 2274 cod.
3511 2235 3773 2280 CCLXXHI.

2203 2313 2476 2383 Ἔστησεν
2499 2315 2529 2368 ὁ
2552 2314 2686 2378 Θεὸς
2720 2315 2988 2384 ἀγγέλους
3035 2313 3176 2369 κατὰ
3202 2314 3270 2368 τὰ
3312 2313 3556 2384 κλίματα
3576 2313 3672 2383 τῆς
3708 2315 3776 2366 oi-

2198 2405 2490 2478 κουμένης,
2515 2407 2611 2461 ἕνα
2632 2407 2863 2462 ἕκαστον
2893 2408 3288 2480 ἐπιτροπεύειν,
3323 2407 3400 2471 ὡς
3456 2407 3556 2461 καὶ
3581 2407 3772 2477 Μωσῆς

2200 2499 2370 2568 λέγει,
2425 2499 2544 2563 ἐνὸς
2592 2501 2824 2555 ἑκάστου
2861 2500 3068 2564 ἔθνους.
3113 2501 3349 2571 Ἔστησε
3399 2499 3492 2564 δὲ,
3553 2500 3642 2553 ἵνα
3681 2500 3772 2570 τὴν

2201 2589 2412 2660 ἄψυχον
2440 2591 2618 2646 κτίσιν
2655 2591 3047 2662 χαλινώσωσιν,
3081 2592 3232 2662 ⁴ἥλιον
3258 2594 3355 2646 καὶ
3401 2591 3654 2664 σελήνην,
3685 2593 3773 2646 καὶ

2192 2679 2490 2745 Θάλασσαν,
2526 2682 2620 2737 καὶ
2663 2683 2786 2752 γῆν,
2833 2683 2926 2735 καὶ
2947 2682 3016 2734 τὰ
3056 2685 3114 2735 ὲν
3144 2683 3348 2747 αὐτοῖς,
3389 2685 3685 2755 ὑπηρετεῖν
3708 2688 3769 2755 τῇ

2193 2770 2285 2824 τοῦ
2318 2771 2606 2844 ἀνθρώπου
2641 2773 2958 2828 ἀπολαύσει.
3000 2792 3018 2825 ι
3055 2775 3346 2829 Constituit
3395 2777 3538 2831 Deus
3563 2779 3772 2846 angelos

2190 2866 2482 2918 secundum
2511 2866 2729 2919 climata
2755 2868 2923 2929 orbis,
2957 2876 3012 2920 ιιι
3037 2866 3234 2937 singuli
3280 2883 3468 2922 curam
3509 2880 3770 2938 gererent,

2193 2955 2647 3025 quemadmodum
2681 2957 2757 3010 ait
2801 2967 2854 3018 et
2887 2957 3118 3029 Moyses,
3149 2958 3484 3026 singularum
3514 2960 3769 3029 gentium.

2189 3047 2481 3102 Constituit
2524 3059 2704 3102 autem
2750 3049 2816 3104 ad
2886 3049 3184 3104 inanitnam
3217 3062 3525 3106 creaturam
3588 3066 3766 3122 regen-

2188 3142 2333 3207 dam,
2375 3138 2566 3199 solem.
2599 3148 2656 3195 et
2708 3141 2910 3207 lunam,
2939 3150 2996 3196 et
3030 3157 3200 3208 mare,
3225 3151 3280 3196 et
3325 3153 3552 3208 terrain,
3589 3155 3643 3198 et
3663 3160 3771 3215 qua:

501 3225 706 3307 praelia,
737 3237 983 3293 homines
1005 3237 1106 3292 sibi
1135 3238 1456 3294 commissos
1483 3237 1716 3291 invicem
1738 3236 2081 3302 subtrahere,
2109 3279 2152 3338 ϐ
2189 3229 2242 3284 iu
2273 3229 2338 3286 iis
2371 3239 2518 3294 sunt,
2545 3240 2602 3285 ut
2630 3232 2906 3286 hominum
2937 3233 3123 3288 usibus
3162 3234 3512 3291 inservirent.
3553 3256 3574 3289 ι

499 3327 712 3397 sibique
787 3327 1056 3394 subjicere
1104 3327 1401 3383 volentium
1463 3327 1580 3382 sine
1638 3327 2083 3398 astipulatoribus

499 3417 782 3486 proposuit
831 3415 1091 3487 Origenes
1122 3434 1136 3470 :
1165 3433 1301 3488 quos
1359 3418 1504 3472 inter
1552 3419 1876 3474 recensendi
1932 3430 2080 3487 sunt,

501 3517 763 3578 quotquot
789 3509 1015 3564 citatum
1055 3508 1290 3564 Daniclis
1312 3509 1582 3565 decimum
1614 3521 1778 3580 caput
1805 3512 1872 3565 ad
1915 3510 2084 3567 bonos

503 3599 726 3671 angelos
758 3609 1164 3656 converterunt.
1192 3600 1327 3656 Nam
1353 3601 1399 3656 si
1425 3601 1681 3672 princeps
1705 3603 1859 3672 regni
1887 3602 2080 3659 Persa-

503 3704 645 3755 rum,
675 3687 900 3757 angelus
924 3692 1121 3760 quippe
1159 3691 1352 3757 bonus,
1381 3707 1507 3746 cum
1545 3692 1804 3748 Michaele
1832 3696 2082 3750 velitatus

501 3791 612 3847 est,
641 3782 863 3851 angelos
892 3782 1061 3842 bonos
1097 3783 1237 3837 inter
1264 3797 1324 3838 se
1369 3785 1631 3841 dimicare
1669 3784 1946 3842 fatendum
1975 3801 2079 3844 est.

503 3869 785 3941 Principes
815 3882 993 3928 autem
1042 3873 1191 3942 regni
1230 3873 1542 3941 Persarum,
1571 3888 1625 3931 et
1649 3875 1958 3933 Cra-corum
1983 3881 2081 3934 bo-

504 3979 601 4018 nos
649 3979 770 4018 esse
831 3963 1050 4035 angelos
1110 3966 1491 4021 existimarunt
1545 3969 1896 4038 complures;
1940 3973 2083 4026 velut

501 4048 874 4116 Theodoretus
903 4055 958 4111 in
1005 4056 1108 4111 hoc
1156 4056 1390 4118 Danielis
1421 4069 1618 4128 caput;
1657 4059 1892 4116 Isidorus
1925 4060 2084 4117 Pelu-

500 4149 637 4203 siota
683 4147 777 4203 lib.
808 4150 1068 4220 ιι,ιερὶει.
1118 4145 1217 4212 85;
1269 4146 1505 4204 Joannes
1551 4149 1971 4221 Chrysostomus
2026 4153 2078 4206 iu

503 4239 735 4297 humilia:
779 4240 1060 4310 cujusdam
1109 4240 1163 4292 in
1197 4238 1395 4295 Chriin
1448 4237 1696 4295 Natalem
1755 4243 2080 4312 fragmento,

498 4332 644 4401 quod
681 4330 908 4385 exhibet
937 4327 1167 4385 Photius
1187 4330 1312 4386 cod.
1352 4343 1646 4394 ccaxxvn;
1678 4329 1774 4384 sed
1816 4329 2083 4398 imprimis

499 4424 560 4480 ὃ.
590 4421 848 4488 Thomas,
879 4439 932 4494 p.
956 4439 997 4490 t,
1041 4438 1099 4494 q.
1127 4421 1251 4490 H5,
1276 4433 1383 4478 art.
1416 4422 1474 4488 8,
1517 4422 1609 4492 qui
1641 4423 1911 4492 quomodo
1940 4423 2083 4477 inter

496 4528 557 4568 se
579 4512 889 4570 discordare
931 4515 1139 4584 possint
1180 4515 1378 4584 angeli,
1409 4513 1653 4584 exponit.

2261 3321 2334 3376 De
2363 3323 2560 3391 gemini
2597 3322 2798 3392 angeli,
2833 3323 2961 3378 boni
3018 3325 3269 3379 nimirum
3321 3337 3377 3381 ct
3439 3327 3567 3381 tuali
3613 3329 3768 3384 satel-

2185 3411 2322 3480 litio,
2379 3430 2540 3483 quam
2588 3415 2809 3470 tradidit
2854 3415 3186 3482 doctrinam,
3216 3418 3359 3472 hanc
3395 3435 3499 3474 non
3529 3419 3598 3474 ab
3644 3419 3772 3475 ller-

2188 3522 2272 3560 ma
2308 3507 2482 3562 solum
2532 3507 2899 3576 etharnaba,
2958 3513 3052 3564 sed
3089 3525 3119 3564 a
3154 3510 3422 3565 dictatore
3471 3515 3636 3568 etiam
3675 3530 3770 3568 suo

2187 3597 2408 3656 Platone
2451 3611 2756 3669 acceperat,
2789 3601 2941 3669 cujus
2978 3603 3140 3656 verba
3194 3603 3309 3657 haec
3338 3621 3370 3659 e
3426 3605 3567 3660 libro
3608 3622 3640 3658 κ
3678 3605 3769 3659 Le-

2183 3709 2304 3762 gum
2332 3691 2496 3745 refert
2515 3691 2886 3746 Theodoretns
2913 3708 3079 3747 sertn.
3109 3693 3142 3747 5
3175 3692 3250 3746 De
3277 3697 3498 3749 cummi.
3540 3695 3762 3751 (ἐι-υτον.

2189 3784 2372 3852 affect.
2399 3798 2418 3835 :
2451 3780 2640 3855 Ψυχὴν
2691 3780 2746 3838 δὲ
2775 3781 3100 3847 διοικοῦσαν,
3146 3783 3240 3838 καὶ
3287 3785 3602 3840 ἐνοικοῦσαν
3638 3791 3766 3840 πᾶσι

2187 3876 2300 3936 τοῖς
2333 3873 2581 3944 πανταχῆ
2614 3873 2951 3944 κινουμένοις
2992 3873 3240 3942 λέγοντός
3271 3893 3387 3938 σου,
3423 3879 3520 3931 καὶ
3573 3878 3660 3931 τὸν
3680 3879 3765 3930 οὐ-

2185 3965 2348 4036 ρανὸν
2369 3966 2588 4019 διοικεῖν
2603 3967 2817 4036 ἀνάγκη
2848 3967 3012 4034 φάναι
3035 3966 3118 4018 ’τί
3147 3968 3289 4037 μήν;
3319 3968 3499 4040 μίανῆ
3527 3968 3764 4034 πλείουςς

2185 4056 2298 4128 ἐγὼ
2331 4059 2469 4129 ὑπὲρ
2505 4057 2652 4127 σφῶν
2683 4057 3082 4131 ἀποκρινοῦμαι
3109 4045 3297 4116 ’δυοῖν
3336 4063 3436 4132 μὲν
3464 4059 3556 4116 οὖν
3597 4063 3764 4132 γέπου

2191 4150 2400 4204 ἐλάττω
2442 4151 2516 4222 μὴ
2555 4151 2814 4222 τιθῶμεν,
2853 4156 2953 4224 τῆς
2999 4171 3058 4207 τε
3109 4153 3477 4225 εὐεργέτιδος,
3529 4157 3622 4208 καὶ
3664 4153 3765 4223 τῆς

2187 4241 2446 4296 τάναντία
2470 4241 2776 4314 δυναμένης
2796 4245 3154 4316 ἐργάσασθαι.
3192 4265 3212 4300 t
3253 4247 3390 4301 Cum
3419 4257 3594 4300 autem
3633 4245 3765 4300 dicis

2183 4333 2418 4386 animam
2468 4335 2887 4403 gubernantem,
2954 4345 3010 4390 et
3073 4337 3294 4390 insitam
3346 4335 3594 4392 omnibus
3643 4350 3763 4403 qua:

2186 4425 2386 4494 ubique
2415 4435 2732 4492 moventur;
2779 4425 2977 4480 caelum
3024 4441 3241 4496 quoque
3269 4429 3570 4498 gubernare
3615 4427 3762 4482 illam

2185 4517 2493 4572 necessario
2520 4518 2807 4574 dicendum
2842 4529 2946 4575 est.
2997 4520 3135 4588 Quid
3181 4523 3390 4593 igitur?
3436 4536 3664 4576 unamne
3689 4535 3759 4573 an

571 4602 733 4659 Varia
764 4615 943 4661 autem
976 4607 1090 4661 haec
1115 4606 1244 4676 ipsis
1273 4607 1513 4672 injuncta
1550 4606 1720 4661 fuisse
1749 4621 1846 4674 pro
1873 4607 2080 4662 meritis
2111 4619 2155 4672 ι)
2186 4607 2402 4676 plures?
2438 4607 2548 4679 Ego
2572 4611 2726 4667 vobis
2756 4615 3108 4682 respondebo.
3141 4612 3218 4670 Ne
3247 4615 3525 4684 pauciores
3555 4612 3763 4667 duabus

495 4697 692 4762 uilicia,
725 4706 849 4766 post
887 4699 1174 4764 Origenem
1213 4695 1452 4752 Isidorus
1491 4711 1708 4767 quoque
1743 4695 2079 4768 Hispalensis

494 4786 803 4843 afﬁrmavit.
833 4807 852 4840 t
885 4784 1187 4856 Unicuique
1216 4789 1402 4853 etiam,
1433 4807 1453 4842 ι
1493 4789 1668 4860 inquit
1717 4789 1809 4845 lib.
1843 4805 1913 4844 vn
1949 4788 2079 4844 Ori-

493 4881 626 4951 gin.,
666 4895 785 4950 cap.
819 4878 875 4944 5,
919 4897 937 4931 t
971 4880 1114 4934 sicut
1160 4878 1475 4949 prazdictum
1503 4891 1612 4946 est,
1644 4881 1861 4951 prepria
1903 4879 2077 4936 ofIicia

492 4987 589 5025 sua
616 4969 879 5040 injuncta,
903 4986 1024 5042 qua:
1052 4987 1146 5026 eos
1175 4973 1536 5042 promeruisse
1569 4972 1623 5027 in
1655 4973 1839 5027 inundi
1867 4983 2082 5030 constat

491 5064 739 5119 exordio.
767 5060 903 5117 Nam
931 5063 1053 5135 quia
1084 5064 1257 5132 angeli
1283 5074 1336 5119 et
1356 5065 1489 5120 locis
1512 5074 1568 5119 et
1597 5064 1912 5120 hominibus
1935 5081 2075 5136 prae-

489 5164 637 5221 sunt,
670 5170 766 5224 per
793 5157 1110 5228 prophetam
1141 5167 1370 5213 testatur
1395 5156 1621 5226 angelus
1646 5157 1871 5214 dicens:
1911 5156 2075 5212 Prin-

489 5263 608 5316 ceps
644 5250 792 5319 regni
847 5246 1136 5303 Persarum
1178 5251 1365 5304 restitit
1413 5250 1542 5306 mihi
1558 5249 1627 5304 ⁸³.
1667 5248 1820 5304 Unde
1850 5259 2077 5320 apparet

491 5343 696 5399 nullum
720 5360 841 5400 esse
866 5345 1066 5411 locum,
1095 5346 1181 5401 cui
1209 5345 1385 5416 angeli
1410 5356 1520 5400 non
1542 5345 1766 5414 praesint
1791 5362 1805 5399 :
1832 5327 2076 5415 praesunt

488 5434 636 5492 enim
660 5447 716 5491 et
753 5438 1014 5508 auspiciis
1045 5452 1271 5507 operum
1303 5438 1568 5493 omnium.
1595 5436 1694 5492 llic
1725 5449 1811 5492 est
1839 5437 1971 5491 ordo
1994 5437 2076 5491 vel

489 5529 766 5584 distinctio
794 5530 1132 5600 angelorum,
1173 5531 1266 5600 qui
1315 5541 1438 5601 post
1486 5530 1696 5601 lapsum
1726 5530 1989 5585 malorum
2020 5530 2074 5584 in

491 5621 695 5673 implesti
725 5619 910 5690 vigore
955 5631 1244 5677 Steterunt.
1277 5641 1298 5674 ι

565 5710 918 5766 liefractariis
958 5711 1223 5770 adversus
1264 5717 1580 5786 angelorum
1603 5715 1750 5785 jussa
1775 5711 2077 5771 hominibus

558 5887 603 5924 δ’
630 5887 765 5947 Dan.
798 5907 851 5958 Χ,
889 5886 974 5948 ’δ’

2183 4713 2512 4768 statuamus,
2545 4716 2665 4756 eam
2713 4719 2835 4774 qua:
2882 4705 3021 4760 bona
3054 4706 3323 4772 conferat,
3379 4715 3436 4761 et
3488 4721 3601 4760 eam
3635 4718 3758 4772 (μιν

2184 4793 2462 4846 contraria
2490 4794 2660 4862 possit
2689 4795 2920 4852 efﬁcere.
2962 4816 2982 4854 ι
3022 4798 3078 4853 ln
3112 4813 3178 4854 eo
3202 4809 3381 4852 autem
3414 4796 3762 4852 Adamantius

2185 4883 2443 4953 plurimos
2467 4885 2656 4940 habuit
2683 4890 3105 4954 consentientes.
3141 4891 3234 4946 sed
3265 4890 3571 4945 Cassianum
3618 4901 3758 4957 prae-

2185 4975 2374 5031 sertim
2409 4976 2605 5033 Collat.
2634 4995 2752 5048 vnt,
2783 4997 2907 5050 cap.
2937 4977 3028 5048 l7,
3050 4993 3105 5036 et
3137 4983 3233 5036 lib.
3257 4999 3382 5047 xm,
3413 4998 3526 5052 cap.
3551 4980 3634 5044 12,
3659 4977 3752 5045 qui

2185 5067 2325 5122 idem
2357 5067 2569 5124 Hermae
2594 5073 2955 5128 testimonium
2995 5074 3250 5140 adducit;
3278 5083 3442 5143 atque
3492 5068 3758 5141 dogmatis

2184 5159 2344 5229 hujus
2376 5169 2633 5230 tanquam
2668 5161 2787 5217 falsi
2818 5171 2873 5217 et
2913 5178 3102 5219 errore
3151 5163 3415 5233 implicati
3445 5161 3664 5219 nomine,
3694 5167 3759 5211 et

2186 5256 2351 5316 hunc,
2377 5261 2430 5307 et
2459 5253 2632 5319 illum,
2667 5263 2724 5307 et
2769 5254 3055 5326 Origenetn
3105 5266 3364 5325 praeterea
3407 5248 3758 5306 Bellarminus

2187 5344 2474 5415 castigavit
2512 5346 2566 5400 itt
2600 5346 2696 5401 lib.
2739 5345 2818 5401 De
2849 5349 3030 5417 script.
3061 5345 3269 5416 eccles.,
3308 5347 3361 5400 in
3389 5345 3481 5399 lib.
3513 5340 3761 5400 Pastor»

2184 5439 2328 5505 quod
2357 5454 2466 5492 non
2500 5438 2718 5494 fecisset
2741 5439 2992 5502 fortasse,
3045 5440 3105 5494 si.
3137 5441 3190 5493 in
3221 5439 3409 5493 eadem
3442 5449 3554 5490 esse
3579 5443 3760 5485 causa

2189 5531 2512 5600 Gregorium
2543 5531 2844 5603 Nyssenum
2889 5533 3245 5587 meminisset.
3314 5531 3495 5585 Eidem
3533 5535 3763 5595 ειυοιιυε

2187 5622 2448 5678 Cassiano
2499 5627 2712 5692 pracivit
2757 5625 3038 5694 Origenes,
3107 5639 3230 5680 cum
3288 5621 3560 5688 unicuique
3609 5611 3763 5666 Vitio

2186 5731 2340 5774 suum
2364 5719 2644 5791 praesidem
2671 5734 2791 5776 esse
2817 5719 3132 5776 attributum
3159 5719 3398 5776 definit-it
3417 5733 3431 5785 ;
3453 5713 3582 5788 quod
3613 5709 3761 5764 licet
