3898 6522
170 405 267 461 885

1006 408 1582 468 ΟΒΙΟΕΝΙΑΝΟΒΙῘΜ
1622 412 1750 467 LIB.
1792 411 1856 479 ll,
1896 414 2048 471 CAP.
2088 417 2155 483 ῐῐ,
2192 417 2471 485 ΟυΑΞδΤ.
2516 417 2581 473 γ.

3296 417 3402 473 886
3453 492 3457 496 .

168 533 341 587 parum
368 518 563 573 habere
593 519 843 575 videatur
871 523 1291 590 probabilitatis,
1324 527 1393 581 ab
1422 527 1722 595 insignibus
1750 537 1797 585 A
1826 541 2033 599 patrum
2061 532 2410 589 Bostrensem
2436 535 2899 607 imitabimur,qui
2926 538 3174 609 Origenis
3199 539 3403 594 doctri-

167 624 333 664 tamen
362 610 564 679 aliquot
605 612 946 668 scholasticis
984 630 1090 670 non
1121 618 1344 671 omnino
1378 618 1717 687 repudiatum

166 710 256 757 est.

225 793 301 846 Ad
346 793 712 848 excusandum
742 794 991 865 Origenis
1046 813 1288 853 errorem
1317 800 1385 855 de
1418 799 1624 867 judicio
1664 802 1716 856 in

166 883 652 949 angelostutelares
699 886 825 941 olim
886 891 1175 946 statuendo
1235 891 1412 963 aliqua
1468 893 1718 961 superius

166 977 554 1045 proposuimus;
615 995 761 1035 nunc
798 982 1053 1051 quoniam
1103 970 1348 1038 Patrum.
1372 984 1638 1054 suffragiis
1664 998 1721 1041 et

162 1069 467 1124 auctoritate
493 1087 820 1140 pugnamus.
855 1074 921 1128 ad
956 1075 1275 1131 elevandam
1313 1077 1583 1146 opinionis
1615 1078 1718 1133 hu-

156 1159 236 1228 jus
264 1159 512 1215 invidiam
562 1162 949 1236 Hieronymum
1004 1166 1254 1237 Origenis
1304 1168 1716 1239 suﬁragatorem

157 1253 486 1308 adducemus.
520 1253 568 1308 ls
595 1256 647 1309 in
688 1256 815 1311 illud
856 1257 1110 1326 Michaaaa,
1152 1274 1270 1327 cap.
1300 1276 1375 1326 vt,
1409 1276 1551 1315 vers.
1580 1263 1632 1328 I.
1659 1264 1714 1327 2,

163 1361 179 1393 ι
212 1344 396 1398 Audite
424 1360 545 1415 quae
591 1347 850 1403 Dominus
883 1351 1159 1420 loquitur:
1194 1352 1391 1423 Surge.
1449 1355 1718 1410 contende

152 1432 338 1501 judicio
368 1437 655 1491 adversum
695 1451 924 1501 montes.
951 1451 1006 1496 et
1047 1444 1271 1499 audiant
1320 1444 1485 1499 colles
1529 1461 1715 1501 vocem

160 1536 308 1579 tuam.
351 1529 593 1582 Audiant
641 1542 852 1585 montes
895 1532 1155 1601 judicium
1204 1535 1435 1597 Domini.
1472 1544 1525 1590 et
1559 1537 1717 1591 fortia

155 1616 484 1673 fundamenta
517 1605 715 1676 terrte':
749 1642 769 1674 ι
798 1625 1068 1679 montibus
1097 1626 1204 1680 illis
1243 1626 1533 1695 signiﬁcari
1566 1641 1719 1700 putat

156 1710 376 1778 angelos,
402 1712 601 1781 quibus
637 1729 816 1768 rerum
864 1716 1222 1772 humanarum
1257 1721 1544 1775 commissa
1595 1738 1717 1792 pro-

154 1803 346 1856 curatio
369 1812 476 1865 est.
531 1803 681 1872 juxta
719 1806 935 1860 Denter.
975 1824 1151 1875 χχχιι,
1178 1809 1231 1872 8.
1266 1821 1318 1864 et
1361 1810 1524 1867 Hebr.
1556 1830 1596 1878 I,
1626 1815 1715 1879 Μ,

154 1905 302 1962 atque
332 1911 448 1963 eos,
465 1899 507 1950 si
533 1898 754 1967 pepulos
773 1914 917 1954 cura'
946 1915 1059 1955 suae
1085 1903 1377 1969 permissos
1403 1907 1540 1960 male
1564 1921 1719 1961 rexe-

152 1989 273 2053 rint,
308 1991 582 2059 culpatum
610 1992 698 2059 iri,
730 1994 874 2049 velut
903 1995 1125 2063 Apocal.
1157 2013 1191 2051 Il
1220 2007 1275 2051 et
1308 2013 1392 2052 ιιι.
1420 1997 1555 2053 llinc
1593 1998 1717 2055 Ori-

153 2081 288 2149 genis
346 2097 451 2135 non
484 2083 804 2139 sententiam
861 2087 1045 2149 modo.
1101 2088 1196 2142 sed
1238 2088 1401 2143 verba
1459 2089 1572 2144 fere
1603 2089 1717 2158 ipsa

157 2181 382 2241 usurpat.
424 2191 442 2223 ι
471 2172 624 2228 Sicut
661 2175 829 2241 enim.
889 2175 1101 2245 inquit,
1153 2179 1421 2233 interdum
1478 2180 1719 2251 episcopi

153 2260 294 2330 culpa
326 2271 436 2326 est,
463 2263 728 2318 interdum
759 2264 951 2335 plebis,
975 2277 1030 2322 et
1061 2283 1203 2337 saepe
1226 2270 1483 2339 magister
1510 2280 1719 2340 peccat,

151 2363 277 2417 saape
308 2351 633 2421 discipulus,
658 2348 1128 2425 et'nonnunquam
1157 2359 1325 2427 patris
1364 2360 1554 2415 vitium
1610 2373 1715 2428 est,

148 2457 524 2512 nonnunquam
546 2444 663 2510 ﬁlii,
680 2447 835 2501 utch
871 2449 1009 2504 bene
1030 2450 1111 2505 vel
1129 2451 1265 2507 male
1281 2452 1623 2508 erudiuntur:
1645 2456 1717 2510 ita

150 2534 197 2587 in
232 2534 433 2604 judicio
468 2537 581 2603 Dei,
606 2540 690 2594 vel
735 2541 802 2595 ad
853 2542 1075 2610 angelos
1119 2544 1323 2599 crimen
1356 2546 1640 2614 referetur,
1672 2550 1717 2605 si

150 2644 244 2683 uou
268 2631 484 2698 egerint
520 2642 737 2697 cuncta,
769 2648 889 2703 qua:
914 2636 981 2688 ad
1016 2650 1172 2690 suum
1209 2637 1442 2695 cilicium
1476 2642 1715 2711 pertine-

150 2719 293 2787 bant;
325 2723 407 2778 vel
441 2724 509 2777 ad
541 2724 819 2792 populum,
873 2726 919 2780 si
951 2726 1056 2780 illis
1085 2729 1336 2787 universa
1374 2732 1717 2799 facientibus,

150 2810 241 2879 ipsi
279 2815 469 2870 attdire
513 2820 956 2889 contempserint.
990 2837 1009 2872 ι
1080 2819 1210 2887 Qua:
1270 2840 1476 2880 merum
1526 2826 1715 2899 Orige-

149 2904 365 2960 nismutn
394 2908 661 2964 redolent.

212 2998 444 3053 XXXIII.
483 3001 589 3056 Sed
626 3004 805 3059 missis
848 3005 1075 3063 aliorum
1104 3009 1406 3082 suﬁ‘ragiis.
1446 3011 1719 3066 Adaman-

152 3089 216 3144 tio
245 3106 333 3146 sua
372 3109 592 3163 quoque
638 3096 805 3164 ipsius
830 3096 1095 3155 dubitatio
1141 3104 1273 3157 satis
1322 3104 1716 3173 patrocinatur.

1822 637 1944 676 nam
1976 624 2044 677 de
2072 627 2386 694 angelorum
2423 628 2612 692 tutela,
2662 629 3063 698 Origenemque
3089 632 3286 701 ipsum,
3319 632 3401 689 sic

1820 725 2078 783 tauquam
2129 716 2306 771 ell'atis
2333 719 2446 773 suis
2489 722 2842 788 pertinaciter
2868 724 3254 787 adhaerentem.
3292 738 3399 780 non
3458 742 3469 781 νς

1819 807 1974 877 quasi
2017 808 2363 878 conjecturas
2398 812 2585 867 timide
2625 824 3036 883 proponeutem,
3084 816 3314 872 traducit
3345 825 3402 871 et

1818 900 2088 970 suggillat.
2115 900 2256 957 Nihil
2290 902 2415 957 licet
2445 903 2580 959 falso
2612 905 2714 975 ipsi
2743 906 2981 977 aﬁingat.
3004 923 3125 963 cum
3161 909 3237 964 ait
3267 924 3401 964 cen—

1818 992 1997 1047 snisse
2050 1007 2173 1047 eum
2222 995 2443 1064 angelos
2492 1012 2591 1065 pro
2637 998 2751 1053 suis
2805 1002 3213 1069 peccatis.cum
3249 1003 3402 1072 prius

1816 1091 2027 1138 mentes
2055 1093 2261 1151 essent,
2285 1086 2507 1156 angelos
2538 1096 2593 1143 et
2621 1088 2980 1158 archangelos
3013 1093 3285 1158 evasisse;
3326 1094 3403 1149 le-

1816 1177 2137 1248 viorttmque
2169 1179 2447 1247 culparum
2475 1196 2598 1235 reos
2638 1181 2691 1235 in
2725 1197 2820 1237 eos
2841 1185 2932 1253 qui
2972 1187 3218 1255 graviora
3262 1188 3407 1240 desi-

1816 1281 2076 1337 gnassent
2114 1272 2344 1327 crimina
2384 1273 2675 1344 imperium
2726 1277 3039 1341 accepisse;
3073 1278 3415 1349 tutelamque

1818 1363 1949 1433 ipsis
1970 1379 2157 1420 eorum
2186 1366 2463 1420 hominum
2491 1368 2767 1433 traditam,
2790 1369 2878 1437 qui
2904 1370 2970 1422 ad
2994 1370 3222 1425 salutem
3247 1380 3407 1426 teter-

1818 1470 1939 1508 nam
1957 1466 2115 1511 erant
2145 1459 2493 1526 promovendi
2522 1478 2536 1525 ;
2560 1475 2682 1514 cum
2717 1461 2815 1528 ipsi
2844 1472 3021 1517 tamen
3046 1462 3274 1518 salutem
3300 1443 3402 1518 sibi

1816 1551 2139 1617 promereri,
2173 1560 2227 1604 et
2270 1552 2335 1605 ad
2387 1553 2677 1622 pristinum
2713 1556 2942 1625 gradum
2970 1558 3404 1626 recuperandum

1819 1638 2079 1695 deberent
2119 1643 2271 1703 eniti,
2309 1644 2596 1714 eidemque
2637 1645 2844 1715 judicio
2880 1663 2944 1702 ac
2977 1649 3227 1705 homines
3261 1664 3406 1704 cura:

1820 1745 1933 1786 Suae
1984 1732 2266 1786 commissi
2319 1745 2504 1787 essent
2562 1735 2691 1788 olim
2734 1738 3073 1807 subjicieudi.
3128 1736 3406 1793 Habentur

1750 1822 2093 1925 BAntipatri
2142 1824 2303 1895 hujus
2352 1825 2653 1895 fragtuenta
2723 1829 2865 1883 inter
2905 1829 3132 1899 Eclogas
3180 1828 3405 1885 Joannis

1825 1916 2162 1984 Damasceni,
2182 1933 2301 1987 quae
2335 1922 2722 1990 manuscripts;
2749 1932 3105 1977 asservantur
3126 1923 3179 1976 in
3208 1922 3405 1978 biblio-

1824 2010 1977 2065 theca
2001 2009 2421 2068 Claromontana
2443 2013 2664 2068 Patrum
2694 2013 2983 2071 Societatis
3000 2014 3148 2082 Jesu,
3179 2026 3233 2071 et
3264 2031 3402 2085 qua-

1824 2118 1941 2158 rum
1966 2114 2217 2173 excerpta
2253 2109 2319 2160 ad
2354 2122 2440 2162 me
2474 2106 2715 2163 oﬂieiose
2766 2109 3074 2163 transmisit
3100 2108 3408 2165 eruditissi-

1822 2210 1942 2249 mus
1988 2204 2044 2252 et
2090 2196 2514 2253 humanissimus
2552 2200 2769 2257 Gabriel
2798 2200 3122 2257 Cossartius.

1891 2286 2134 2347 XXXIV.
2169 2290 2279 2345 Nec
2310 2292 2433 2347 vita:
2457 2292 2619 2362 hujus
2659 2292 2907 2349 mortalis
2952 2293 3149 2349 ﬁnibus
3180 2293 3404 2362 angelo-

1821 2398 1939 2437 rum
1965 2383 2328 2439 ministerium
2363 2386 2680 2441 homiuibus
2726 2389 3099 2456 priestandum
3134 2387 3404 2442 Adaman-

1823 2474 1928 2529 tius
1953 2485 2192 2537 coercet.
2225 2478 2321 2530 sed
2346 2486 2608 2547 prorogat
2645 2478 2811 2533 etiam
2848 2480 2916 2534 ad
2945 2494 3006 2533 ea
3036 2494 3155 2548 qua:
3182 2486 3404 2533 antece-

1820 2567 1951 2620 dunt
1977 2568 2257 2622 hominum
2281 2569 2473 2634 vitam,
2496 2584 2725 2637 qumque
2750 2570 2923 2639 ipsam
2943 2568 3400 2640 excipiunt.Nam

1818 2658 2131 2729 angelorum
2151 2675 2253 2727 ope
2269 2660 2479 2714 animas
2504 2658 2785 2714 hominum
2811 2660 3031 2714 immitti
3057 2659 3398 2727 corporibus,

1818 2767 2018 2822 easque
2046 2766 2274 2821 corpore
2296 2751 2504 2807 solutas
2522 2752 2723 2821 suscipi
2751 2752 2818 2806 ab
2845 2752 2997 2822 ipsis,
3025 2752 3141 2806 sisti
3170 2752 3222 2806 in
3249 2750 3402 2821 judi-

1819 2845 1988 2909 cium,
2026 2844 2080 2899 in
2109 2844 2439 2900 destinatum
2476 2846 2692 2900 demum
2749 2843 2926 2899 locum
2955 2843 3170 2912 deduci,
3196 2852 3251 2898 et
3292 2859 3400 2899 non

1820 2937 1979 2990 aliter
2014 2935 2149 3004 regi.
2183 2951 2347 3005 quam
2374 2951 2498 2990 cum
2550 2934 2872 3003 corporibus
2922 2935 3142 3004 illigata:
3169 2945 3356 2991 essent
3382 2974 3400 2998 ,

1820 3026 2098 3095 conceptis
2131 3025 2313 3080 verbis
2355 3024 2661 3079 aﬁirmavit.
2705 3024 2867 3079 Certe
2889 3024 3400 3081 Commentariorum

1821 3118 1872 3171 in
1898 3115 2062 3171 Joan.
2094 3126 2241 3171 tomo
2273 3132 2393 3181 xm,
2444 3131 2593 3171 num.
2621 3116 2711 3181 49,
2750 3115 2970 3185 angelos
3004 3115 3069 3169 ad
3119 3116 3402 3169 hominum

151 3183 230 3236 Illa
260 3192 435 3239 autem
470 3185 554 3240 vel
582 3202 645 3242 ex
672 3204 737 3243 eo
780 3190 1016 3245 maxime
1051 3203 1296 3261 apparet,
1348 3194 1490 3261 quod
1521 3211 1656 3265 quas
1683 3211 1711 3250 a

1819 3219 1971 3264 satus
1999 3225 2027 3263 a
2059 3208 2168 3264 Deo
2197 3210 2478 3264 ordinatos
2497 3222 2617 3265 esse
2646 3210 3047 3277 dicit,quorum
3080 3220 3242 3277 opera
3273 3221 3401 3263 cor-

150 3278 399 3331 mmmuni
454 3278 826 3346 theologorum
876 3295 1038 3336 sensu
1077 3285 1313 3339 maxime
1359 3286 1717 3341 abhorrentes

148 3367 281 3422 visus
310 3379 392 3423 est
448 3370 703 3440 amplecti
752 3373 1075 3435 sententias.
1127 3374 1316 3429 iisdem
1372 3392 1438 3431 ex
1487 3378 1715 3433 adverso

148 3462 435 3518 contrarias
480 3464 740 3531 quasdam
795 3466 1097 3535 proposuit.
1152 3467 1229 3522 Ac
1259 3468 1327 3522 de
1354 3468 1561 3539 angelis
1600 3470 1714 3540 pri-

148 3566 277 3606 mum
309 3553 360 3607 iu
391 3555 674 3609 hominum
706 3557 928 3611 tutelam
960 3558 1257 3627 deputatis,
1285 3569 1430 3615 tanta
1470 3559 1587 3630 ejus
1615 3562 1716 3617 du-

147 3640 320 3697 bitatio
342 3654 448 3709 est,
483 3652 542 3698 ut
577 3654 814 3702 statuere
847 3649 1070 3705 minimc
1120 3652 1311 3719 possit,
1363 3655 1717 3721 quemadmo-

146 3733 255 3787 dum
284 3735 545 3802 diximus,
585 3752 652 3791 an
687 3740 755 3795 ab
785 3750 929 3805 ortu,
969 3756 1037 3796 an
1068 3758 1098 3797 a
1130 3744 1400 3813 baptismo
1431 3748 1710 3803 hominum

145 3838 311 3880 curam
356 3827 678 3899 suscipiant.
743 3832 854 3889 Nec
901 3835 1105 3904 absque
1153 3837 1489 3896 dubitatione
1547 3841 1714 3896 tradit

146 3919 346 3988 angelos
377 3921 539 3978 nobis
577 3926 824 3994 regendis
852 3927 1147 3993 delegatos.
1181 3931 1397 3985 eosdem
1431 3933 1709 3990 nobiscum

147 4009 193 4063 iu
214 4012 310 4068 ﬁde
340 4013 530 4069 facere
559 4030 895 4087 progressus.
920 4019 1162 4076 Incertus
1191 4023 1443 4078 similiter
1469 4035 1551 4079 est
1590 4027 1713 4080 ani-

146 4102 232 4165 mi,
255 4104 551 4173 angelusne
571 4106 798 4173 homini,
827 4109 1062 4168 homoue
1102 4112 1294 4182 angelo
1324 4113 1552 4170 salutem
1586 4133 1713 4181 pro-

143 4204 281 4249 curet
323 4205 379 4250 et
416 4197 693 4253 conciliet.
753 4200 933 4257 Nihilo
967 4204 1137 4273 magis
1178 4203 1281 4258 sibi
1314 4216 1552 4273 constat,
1587 4224 1711 4264 cum

139 4284 297 4353 justos
326 4289 476 4360 ipsos
505 4306 533 4344 a
572 4291 811 4354 Christo.
839 4296 929 4365 qui
961 4310 1088 4352 vero
1114 4297 1165 4351 in
1194 4300 1396 4367 pietate
1426 4300 1711 4359 inferiores

144 4387 256 4433 sunt
296 4381 363 4433 ab
394 4381 605 4452 angelis
664 4386 924 4439 custodiri
975 4388 1242 4455 decernit,
1293 4390 1436 4445 sicut
1488 4405 1519 4444 a
1555 4393 1712 4449 nobis

143 4469 473 4526 observatum
505 4483 589 4528 est
619 4492 632 4527 :
666 4477 881 4532 cunctis
901 4477 1100 4548 quippe
1130 4478 1260 4533 alias
1282 4481 1595 4551 angelorum
1629 4494 1712 4539 tu-

1818 3314 1919 3369 pus
1950 3309 2001 3356 et
2037 3301 2220 3354 anima
2247 3302 2298 3354 in
2333 3316 2497 3354 unum
2525 3299 2855 3355 coalescant.
2881 3298 3035 3364 Quod
3067 3308 3244 3352 autem
3274 3316 3407 3353 cou-

1820 3402 1900 3446 tra
1932 3391 2091 3459 objici
2124 3402 2322 3461 potest.
2357 3391 2611 3446 manibus
2648 3390 2738 3445 Dei
2773 3390 2956 3445 ﬁctum
2990 3405 3050 3445 se
3084 3400 3140 3445 et
3191 3390 3410 3445 forma--

1819 3491 1929 3537 tum
1956 3497 2251 3553 agnoscere
2281 3483 2536 3538 Davidem
2577 3482 2770 3553 psalm.
2823 3498 3018 3545 cxvm.
3041 3483 3131 3549 73,
3158 3492 3210 3537 et
3242 3480 3401 3538 Iere-

1816 3573 1981 3629 miam
2011 3574 2122 3643 1,5.
2149 3576 2201 3630 id
2230 3576 2302 3631 ita
2338 3576 2517 3643 solvit,
2541 3577 2790 3631 conditos
2806 3575 3027 3645 quidem
3064 3575 3187 3631 illos
3214 3591 3242 3628 a
3268 3576 3427 3637 Dem.

1816 3666 1911 3721 sed
1940 3667 2254 3738 angelorum
2288 3667 2592 3723 ministerio
2636 3676 2693 3723 et
2739 3682 2877 3737 ope;
2933 3666 3426 3735 quemad‘modunh

1817 3759 2127 3813 lexdicitur
2177 3759 2428 3815 ordinata
2481 3774 2580 3828 per
2634 3759 2879 3828 angelos,
2942 3760 3071 3814 licet
3119 3768 3395 3814 auctorem

1817 3851 1984 3905 Deum
2019 3852 2236 3906 habeat.
2270 3851 2422 3908 lianc
2449 3866 2665 3921 quoque
2684 3852 2908 3907 obducit
2941 3852 3352 3921 responsionem
3379 3868 3395 3917 ;

1816 3957 1954 4010 quos
1991 3941 2092 3999 sibi
2125 3942 2266 3999 Deus
2287 3943 2639 4015 peculiariter
2662 3942 2980 4009 destinavit,
3013 3942 3211 3999 Jobnm
3245 3951 3407 4012 puta.-

1815 4031 2073 4088 Davidem
2113 4045 2169 4088 et
2202 4032 2517 4100 Jeremiam,
2570 4050 2599 4089 a
2644 4036 2753 4091 Deo
2782 4036 2899 4104 ipso
2955 4034 3125 4091 fuisse
3181 4034 3399 4099 factos;

1816 4126 2052 4194 reliquos
2093 4141 2221 4181 vero
2246 4127 2312 4181 ab
2344 4126 2411 4180 iis
2438 4127 2643 4197 angelis
2668 4126 2863 4196 quibus
2896 4126 3035 4181 forte
3061 4126 3393 4196 obtigerunt.

1813 4216 1932 4283 Quo
1962 4217 2151 4272 referri
2187 4217 2342 4287 jubet
2371 4218 2503 4272 illud
2537 4218 2739 4273 Geues.
2784 4234 2839 4281 ι,
2884 4217 3003 4272 26':
3042 4235 3062 4269 ι
3103 4216 3401 4271 Faciamus

1811 4308 2089 4363 hominem
2119 4308 2186 4362 ad
2212 4308 2500 4377 imaginem
2529 4319 2583 4363 et
2616 4307 3028 4363 similitudinem
3062 4317 3331 4372 nostram;
3368 4326 3388 4357 ι

1812 4408 1866 4450 et
1890 4396 2019 4452 illud
2044 4397 2243 4452 Genes.
2268 4413 2346 4462 ιι,
2372 4397 2440 4453 7:
2470 4415 2489 4449 ι
2523 4397 2734 4462 Venite,
2758 4396 3171 4460 descendamus,
3184 4404 3239 4451 et
3260 4411 3395 4451 con-

1814 4490 2101 4544 fundamus
2135 4490 2203 4545 ibi
2233 4490 2468 4557 linguam
2502 4504 2689 4544 eorum
2720 4508 2735 4556 ;
2779 4508 2797 4541 ι
2829 4491 2937 4544 Deo
2964 4505 3157 4560 nempe
3187 4489 3265 4545 sic
3295 4504 3394 4544 an-

144 4562 290 4616 teiam
307 4565 573 4635 assignat.
596 4564 873 4622 Neminem
901 4570 1213 4640 angelorum
1243 4574 1497 4641 praesidio
1523 4590 1711 4632 carere
1739 4558 1788 4619 υ
1814 4582 1961 4652 gelos
1987 4582 2298 4637 hominibus
2317 4583 2533 4637 tuendis
2559 4583 2841 4652 pr:cfeetos
2866 4558 3195 4651 alloqueute.
3221 4582 3423 4637 Tomo-

146 4651 288 4708 docet
314 4656 635 4725 aliquando;
688 4660 818 4715 solis
866 4661 997 4717 illud
1040 4662 1331 4733 aliquando
1382 4664 1710 4723 Christianis

143 4749 394 4802 concedit.
417 4747 550 4802 Tam
572 4760 910 4807 constantem
944 4770 1325 4827 nonnunquam
1362 4759 1514 4830 ﬁngit
1537 4762 1675 4832 stipa
1690 4792 1710 4804 ο

147 4835 331 4893 tionem
358 4841 697 4910 angelorum,
740 4854 800 4897 ut
827 4860 963 4911 quos
996 4847 1047 4901 in
1080 4848 1183 4903 hoc
1213 4851 1415 4906 mundo
1447 4853 1711 4923 regendos

145 4930 494 4997 susceperint,
518 4931 705 4987 iisdem
743 4934 799 4988 in
828 4935 1009 4992 futuro
1048 4955 1279 5007 praeesse
1310 4942 1532 4997 minime
1560 4946 1708 4999 desi-

144 5028 263 5072 nant
294 5035 390 5075 :at
418 5032 609 5077 contra
646 5024 899 5081 homines
931 5028 1033 5083 sibi
1066 5030 1117 5083 in
1145 5034 1449 5088 custodiam
1481 5037 1711 5093 traditos

144 5111 345 5180 eripere
396 5115 652 5182 invicem.
698 5129 753 5172 et
792 5118 859 5171 ad
895 5134 954 5174 se
986 5123 1286 5178 transferre
1319 5140 1707 5195 nonnunquam

146 5204 353 5272 angelos
381 5207 589 5262 docuit.
617 5208 771 5275 Quod
810 5211 854 5264 si
887 5222 1032 5267 recte
1058 5229 1189 5283 ergo
1218 5225 1271 5271 et
1305 5233 1368 5273 ex
1400 5232 1557 5287 aequo
1585 5235 1707 5274 cum

143 5292 363 5366 Origene
390 5314 555 5368 agere
603 5302 871 5370 velimus;
928 5307 1191 5376 quidquid
1241 5309 1294 5364 in
1343 5324 1401 5364 rc
1451 5312 1706 5377 obscura,

144 5398 235 5438 nec
254 5388 380 5446 ,ullis
408 5388 663 5445 Ecclesia:
705 5396 1076 5452 sanctionibus
1115 5399 1470 5455 determinata
1514 5417 1710 5470 propo-

143 5475 271 5543 suit,
314 5480 463 5534 velut
508 5483 574 5538 ab
622 5485 843 5541 homine
876 5527 893 5552 ,
941 5505 1048 5544 non
1096 5500 1206 5544 tam
1245 5504 1453 5547 certum
1509 5494 1709 5564 aliquid

142 5570 539 5639 pronuntiante,
574 5590 735 5643 quam
783 5579 1032 5635 veritatis
1061 5582 1239 5637 studio
1269 5584 1474 5639 incerta
1508 5602 1712 5656 expen-

142 5654 291 5712 deute
317 5661 616 5728 profectum
650 5668 998 5739 accipiemus.
1033 5669 1354 5744 Neutiquam
1393 5690 1520 5730 vero
1553 5654 1709 5732 Aliti-

208 5831 253 5868 ⁸⁷
278 5835 413 5894 Luc.
453 5856 545 5905 xu,
574 5844 663 5899 20.

1811 4688 1941 4729 vero
1963 4689 2055 4728 xix
2079 4674 2135 4728 in
2188 4673 2370 4736 10am,
2402 4689 2554 4728 num.
2580 4673 2632 4736 4,
2654 4688 2717 4728 ex
2740 4674 2842 4728 hoc
2859 4673 3020 4729 Lucae
3044 4673 3125 4731 δέ
3156 4692 3174 4727 ι
3195 4673 3392 4738 Stulte.

1812 4765 1915 4820 hac
1951 4773 2107 4819 nocte
2135 4766 2370 4819 animam
2414 4774 2563 4818 tuam
2602 4774 2852 4832 repetunt
2877 4781 2906 4818 a
2945 4776 3019 4829 te,
3056 4784 3074 4818 ι
3110 4765 3390 4820 hominum

1811 4856 2051 4911 omnium
2088 4856 2297 4910 animas
2321 4872 2349 4907 a
2374 4856 2724 4926 ψυχαγωγοῖς
2762 4858 3104 4925 quibusdam,
3146 4857 3237 4926 qui
3271 4857 3392 4910 ani-

1812 4949 1917 5001 mis
1943 4948 2075 5018 ipsis
2116 4947 2524 5017 praestantiores
2552 4960 2716 5012 sunt,
2753 4950 2958 5002 assumi
3006 4950 3193 5015 tradit.
3228 4958 3416 5018 atquo-

1814 5037 1973 5106 hujus
2000 5037 2356 5108 ψυχαγωγιας
2388 5037 2682 5091 immunem
2721 5038 2888 5091 fuisse
2910 5039 3083 5092 solum
3114 5037 3391 5093 Christum

1809 5127 2015 5194 Jesum.
2038 5130 2123 5182 cui
2164 5128 2566 5198 reliqaiomncs
2587 5127 2750 5181 etiam
2779 5129 3126 5196 patriarchzc,
3155 5130 3392 5198 prophe-

1810 5231 1879 5276 tae
1914 5233 1970 5276 et
1994 5221 2221 5291 apostoli
2251 5221 2406 5275 fuere
2448 5220 2693 5275 obnoxii.
2727 5221 3045 5289 Assumptas
3083 5231 3264 5274 autent
3318 5221 3387 5279 ab

1811 5312 2021 5383 angelis
2048 5312 2308 5367 custodiae
2342 5312 2576 5373 illarum,
2624 5313 2749 5365 dum
2810 5313 2861 5365 in
2891 5326 3123 5381 corpore
3153 5320 3345 5368 essent
3373 5352 3389 5378 ,

1815 5405 2083 5474 deputatis
2107 5405 2343 5472 animas,
2365 5404 2417 5458 in
2444 5403 2704 5471 judicium
2740 5403 2808 5457 ab
2840 5403 2944 5458 illis
2974 5405 3106 5471 ipsis
3134 5408 3395 5461 eductutn

1814 5497 1882 5554 iri
1919 5498 2112 5553 scribit
2138 5497 2327 5552 homil.
2357 5497 2413 5552 in
2446 5495 2610 5551 Num.
2648 5495 2736 5559 II,
2760 5512 2910 5549 num.
2938 5496 2993 5560 4,
3023 5507 3078 5550 et
3109 5497 3201 5559 20,
3234 5510 3385 5549 num.

1816 5590 1871 5644 4.
1907 5586 2019 5643 Nec
2051 5587 2111 5641 in
2132 5586 2401 5658 judicium
2445 5588 2641 5649 solum,
2673 5587 2767 5640 sed
2810 5586 2862 5640 iu
2892 5585 3171 5655 suppliciis
3200 5586 3388 5652 etiam,

1816 5680 1901 5736 vel
1918 5679 2109 5750 gloria:
2143 5679 2469 5735 destinatum
2525 5678 2721 5734 locum.
2754 5696 2771 5729 ι
2817 5678 3060 5734 Mortuus
3088 5688 3196 5746 est,
3238 5698 3257 5731 ι
3298 5677 3388 5733 in-

2073 5782 2097 5801 ι
