3916 6526
457 422 563 477 887

1738 396 1806 465 r.’
1850 396 2170 463 DANIELIS
2202 403 2439 460 nomn

3631 396 3736 489 ἕδδ

461 536 579 603 quit
608 534 794 591 homil.
832 534 864 589 9
887 536 941 587 in
974 531 1164 597 Lerit.,
1194 545 1341 584 num.
1367 530 1422 595 4,
1457 550 1474 581 ι
1515 529 1759 584 Lazarus
1788 539 1844 584 et
1866 528 2040 586 abda-
2072 530 2120 585 Α
2150 532 2328 577 tamen
2363 532 2475 576 tam
2509 536 2614 575 non
2631 534 2727 576 eos
2753 520 2984 576 dicimus
3033 526 3318 574 creatores
3364 513 3688 570 animalia!!!
3716 554 3735 581 .

462 640 582 684 ctus
605 640 687 682 est
715 628 784 680 ab
811 625 1018 695 angelis
1045 624 1096 678 in
1131 623 1311 677 sinum
1359 621 1615 677 Abt-aha).
1652 621 1914 677 Similiter
1941 637 2047 675 aue

461 734 567 774 tein
607 731 661 778 et
682 721 852 783 dives,
884 728 941 773 et
967 717 1237 771 abductus
1265 722 1348 770 est
1378 715 1445 768 ad
1480 714 1749 769 infernum
1778 716 1831 768 in
1862 715 2040 768 locum

458 810 709 865 tormenti
728 810 792 863 ⁸³).
812 807 1211 867 Animadvertis
1226 806 1507 861 evidenter
1522 805 1636 861 loca
1664 806 1826 860 sortis
1844 806 2043 859 utrius-

457 916 563 967 que
609 901 888 954 distincta.
917 899 1052 955 Vide
1091 900 1253 954 etiam
1296 901 1387 969 qui
1418 908 1550 954 sunt
1592 898 1685 967 qui
1730 897 2038 951 abducunt:

457 994 653 1063 angeli,
690 993 887 1062 inquit,
921 992 1014 1061 qui
1036 1006 1254 1060 semper
1282 994 1453 1062 parati
1484 1001 1612 1047 sunt
1644 991 1712 1045 ad
1768 992 2043 1044 abducen-

456 1086 582 1136 dum
616 1102 630 1138 :
666 1081 904 1137 ministri
931 1083 1081 1138 enim
1128 1082 1220 1135 Dei
1255 1093 1382 1137 sunt
1409 1088 1478 1135 ad
1532 1082 1636 1136 hoc
1666 1080 1839 1149 ipsum
1876 1079 2042 1134 desti-

456 1173 586 1237 nati,
622 1172 713 1241 qui
744 1171 1001 1241 impleant
1029 1182 1229 1228 sortem
1255 1188 1419 1241 quam
1452 1172 1548 1225 tibi
1571 1174 1684 1239 ipse
1703 1171 2043 1238 paraveris»

456 1264 655 1318 llomil.
686 1264 720 1319 5
758 1265 812 1318 in
844 1263 1034 1328 Nnm.,
1080 1281 1229 1322 num.
1261 1266 1315 1326 5,
1347 1274 1569 1320 sanctos
1591 1268 1659 1317 ab
1681 1264 1890 1334 angelis
1920 1273 2041 1335 post

459 1368 689 1409 mortem
722 1358 973 1412 manibus
1016 1367 1070 1412 et
1096 1357 1338 1412 humeris
1371 1357 1494 1410 vehi
1539 1358 1900 1425 demonstrat,
1941 1356 2041 1411 do-

459 1459 560 1501 nec
591 1446 641 1498 in
676 1447 876 1514 quietis
898 1447 1073 1502 locum
1107 1447 1323 1502 deducti
1369 1449 1500 1501 sint.
1534 1446 1689 1513 Quod
1742 1447 2036 1519 signiﬁcari

456 1536 535 1597 ait
568 1537 659 1593 illo
694 1539 911 1593 Davidis
938 1539 1130 1607 psalm.
1169 1555 1253 1603 xc,
1291 1539 1379 1605 ll,
1415 1540 1484 1594 l2
1515 1560 1527 1593 :
1568 1559 1586 1591 ι
1618 1540 1884 1607 Quoniam
1947 1556 2039 1593 an-

451 1629 586 1695 gelis
618 1632 729 1686 suis
755 1632 1034 1686 mandavit
1055 1632 1120 1688 de
1147 1640 1219 1697 te,
1264 1646 1323 1687 ut
1350 1634 1664 1690 custodiant
1697 1644 1751 1689 te
1775 1636 1828 1688 in
1859 1635 2036 1689 omni-

451 1722 553 1775 bus
584 1724 688 1778 viis
725 1725 849 1781 tuis.
897 1724 954 1778 In
1006 1726 1256 1783 manibus
1302 1727 1601 1796 portabunt
1669 1738 1741 1790 te,
1796 1743 1863 1782 ne
1894 1726 2037 1782 forte

450 1814 694 1871 olleudas
745 1818 809 1870 ad
862 1816 1091 1887 lapidem
1125 1821 1317 1889 pedem
1351 1830 1524 1875 tuum.
1564 1838 1583 1872 ι
1636 1819 1714 1873 Ex
1759 1834 1826 1875 eo
1850 1829 2032 1874 autem

456 1906 624 1969 Pauli,
661 1907 678 1960 1
713 1908 963 1964 Thessal.
990 1926 1064 1970 tv,
1108 1910 1212 1965 16:
1249 1929 1267 1960 ι
1306 1912 1507 1966 Deinde
1537 1928 1635 1965 nos
1662 1912 1752 1979 qui
1781 1911 2035 1975 vivimus,

453 1998 542 2061 qui
580 1995 958 2067 relinquimur,
991 2000 1151 2055 simul
1194 2001 1468 2070 rapiemur
1492 2017 1614 2055 cum
1648 2001 1757 2055 illis
1793 2002 1847 2056 in
1879 2002 2040 2056 nubi—

452 2090 551 2143 bus
584 2089 795 2143 obviam
825 2090 1053 2147 Domino
1084 2090 1134 2144 in
1155 2107 1306 2153 aera,
1347 2102 1402 2147 et
1429 2092 1508 2146 sic
1536 2108 1753 2162 semper
1778 2109 1901 2147 cum
1936 2092 2038 2147 Do-

455 2178 603 2229 mino
633 2180 857 2249 erimtts,
895 2197 913 2231 ι
959 2181 1154 2249 probat
1204 2190 1420 2250 raptum
1480 2182 1546 2236 iri
1598 2184 1668 2239 ab
1701 2184 1910 2255 angelis
1940 2198 2037 2240 eos

453 2268 543 2336 qui
577 2269 724 2322 vitiis
757 2270 970 2340 purgati
996 2270 1230 2324 leviores
1248 2282 1578 2335 evaserunt;
1608 2282 1877 2340 portatum
1905 2288 2037 2329 vero

454 2360 521 2413 iri
566 2362 825 2430 reliquos,
856 2362 949 2431 qui
1003 2372 1356 2430 peccatorum
1384 2344 1643 2433 reliquiis
1672 2375 1799 2421 sunt
1828 2370 2033 2422 onusti.

452 2454 517 2511 Et
551 2453 776 2508 humilia
816 2455 1033 2509 demum
1063 2456 1121 2509 ll
1184 2456 1237 2510 in
1272 2455 1463 2519 Num.,
1490 2473 1640 2513 num.
1671 2459 1729 2522 4.
1757 2474 1878 2529 pag.
1905 2458 2032 2525 308,

447 2544 562 2608 jam
600 2559 765 2613 supra
792 2544 1029 2609 laudata,
1050 2546 1270 2616 angelos
1289 2558 1411 2617 post
1448 2548 1589 2603 hanc
1612 2549 1782 2603 vitam
1816 2549 2036 2605 futuros

453 2648 641 2686 eorum
672 2634 946 2703 principes
970 2635 1240 2698 decernit,
1277 2639 1478 2706 quibus
1530 2641 1655 2693 dum
1692 2641 1742 2693 in
1777 2640 1916 2694 vivis
1942 2656 2033 2696 es-

452 2734 594 2784 sent,
623 2724 737 2790 jam
767 2734 894 2778 ante
921 2727 1275 2795 pra:l'uerant,
1329 2745 1579 2800 quosque
1609 2732 1790 2787 studio
1843 2747 1944 2788 suo
1970 2747 2035 2786 ac

454 2816 635 2877 labore
659 2818 725 2871 ad
756 2817 1037 2874 Christum
1071 2832 1473 2877 converterant.

524 2992 602 3046 Ex
628 2992 873 3075 Platonis
904 3005 1085 3051 autem
1118 2997 1359 3053 fontibus
1389 3015 1451 3053 ea
1497 3000 1611 3054 fere
1653 3004 1847 3056 hausta
1881 3013 2026 3059 sunt.

452 3083 544 3136 Sic
576 3085 719 3137 enim
764 3084 849 3138 ille
901 3086 951 3139 in
988 3086 1254 3142 Phwdone
1278 3106 1297 3142 :
1337 3090 1569 3159 Λέγεται
1612 3093 1668 3147 δὲ
1704 3094 1915 3160 οὕτως,
1955 3097 2031 3161 ὡς

446 3174 554 3242 ἄρα
577 3173 978 3247 τελευτήσαντα
1010 3176 1239 3231 ἕκαστον
1271 3181 1299 3233 ὁ
1330 3182 1563 3236 ἑκάστου
1592 3182 1823 3253 δαίμων,
1858 3185 2030 3257 ὅσπερ
2058 3227 2102 3283 C

456 3266 515 3283 ,ο
690 3268 723 3283 ,ς
751 3269 758 3283 ,
945 3264 971 3283 εν
1112 3271 1131 3283 .,
1295 3273 1307 3283 .
1461 3274 1471 3283 .
1626 3277 1637 3283 -
1712 3276 1761 3283 -.
1992 3279 2002 3283 -

449 3266 627 3331 ζῶντα
654 3268 881 3340 εἰλήχει,
916 3264 1071 3334 οὗτος
1104 3271 1259 3338 ἄγειν
1291 3273 1561 3345 ἐπιχείροι
1592 3277 1672 3339 εἰς
1707 3276 1769 3348 δή
1808 3295 1930 3331 τινα
1946 3279 2032 3331 τό·

448 3375 569 3422 πον,
598 3356 653 3413 οἷ
668 3360 748 3413 δεῖ
772 3362 896 3425 τοὺς
918 3362 1275 3432 συλλεγέντας
1296 3365 1781 3439 διαδικασαμένους
1805 3374 1885 3436 εἱς
1901 3374 2029 3444 ᾅδου

445 3451 807 3519 πορεύεσθαι,
856 3452 997 3521 μετὰ
1048 3455 1315 3525 ἡγεμόνος
1369 3459 1602 3524 ἐκείνου,
1629 3454 1675 3528 ᾧ
1702 3462 1766 3533 δὴ
1805 3466 2055 3535 προστέι

445 3557 641 3594 τακται
687 3544 813 3607 τοὺς
846 3545 1055 3598 ἐνθένδε
1089 3547 1267 3599 ἐκεῖσε
1298 3550 1581 3620 πορεῦσαι.
1642 3572 1660 3604 ι
1706 3553 1800 3610 Sic
1849 3568 2027 3613 autem

450 3632 623 3684 l'ertur
649 3643 919 3687 mortuum
945 3650 1414 3708 unumquemque,
1432 3641 1734 3698 daemonem
1759 3646 1908 3702 illum
1937 3652 2028 3719 qui

450 3721 721 3777 viventem
749 3726 975 3781 sortitus
1006 3725 1210 3793 fuerat,
1236 3731 1506 3789 deducere
1532 3736 1723 3790 conari
1759 3739 1810 3791 in
1839 3755 2030 3809 quem-

451 3815 575 3871 dam
608 3816 807 3884 locum,
849 3819 939 3875 ubi
978 3829 1194 3888 oportet
1218 3836 1578 3893 congregatos
1625 3842 1817 3885 omnes
1860 3847 2026 3888 causa

444 3908 592 3962 dicta
622 3913 688 3967 ad
716 3910 1216 3980 inferosprolicisoi
1253 3931 1376 3969 cum
1411 3917 1551 3972 duce
1598 3919 1720 3983 illo,
1751 3922 1838 3977 cui
1875 3941 2027 3979 man-

446 3999 630 4057 datum
670 4008 756 4057 est
787 4015 881 4056 eos
902 4002 998 4071 qui
1031 4002 1180 4058 illinc
1207 4005 1483 4074 abierunt,
1514 4007 1641 4064 illuc
1665 4011 1959 4070 deducere.
2001 4034 2021 4067 ι

443 4089 599 4156 Quod
637 4092 759 4146 aliis
804 4092 1003 4148 deinde
1045 4094 1171 4149 libri
1226 4096 1466 4165 ejusdem
1522 4099 1661 4156 locis
1693 4105 1926 4173 repetit;
1971 4115 2029 4161 et

444 4194 567 4251 post
601 4184 749 4238 illttm
768 4185 1018 4240 Plotinus
1044 4187 1185 4243 Enn.
1216 4204 1304 4250 tu,
1330 4189 1424 4245 lib.
1454 4207 1529 4256 tv,
1568 4208 1686 4264 cap.
1710 4196 1783 4250 6:
1821 4196 1878 4251 Ὀ
1907 4198 2028 4269 μέν-

440 4292 522 4329 τοι
569 4276 780 4347 δαίμων
833 4273 991 4343 οὗτος
1025 4280 1086 4333 ὃν
1124 4279 1375 4352 λέγομεν,
1420 4284 1648 4352 ἀγαγεῖν
1682 4286 1896 4351 λέγεται
1944 4291 2027 4353 εἰς

440 4366 587 4437 ᾅδου,
613 4370 801 4424 οὐκέτι
834 4372 862 4424 ὁ
895 4372 1057 4435 αὐτὸς
1091 4374 1295 4443 μένειν,
1317 4375 1413 4429 ἐὰν
1438 4376 1512 4447 μὴ
1539 4377 1609 4431 τὰ
1644 4379 1784 4432 αὐτὰ
1835 4381 2024 4453 ἕληται

442 4460 620 4514 ’πάλιν⁸
656 4462 763 4533 πρὸ
799 4463 856 4516 δὲ
886 4466 980 4517 τοῦ
1016 4464 1166 4532 πῶς;
1215 4466 1277 4520 τὸ
1300 4466 1363 4540 δὴ
1390 4471 1615 4538 ἀγαγεῖν
1653 4473 1733 4534 εἰς
1766 4472 1864 4544 τὴν
1906 4476 2026 4545 κρί-

2147 631 2310 685 quam
2348 630 2449 669 nec
2482 613 2750 683 agricolas
2777 613 2997 684 frugum
3026 622 3194 681 atque
3217 612 3502 665 arborum.
3544 626 3567 661 ι

2216 706 2294 759 Illi
2332 706 2551 776 quidem
2578 704 2802 774 Origeni
2835 720 2901 759 ex
2927 703 3168 758 ethnicis
3208 701 3580 772 przeluserunt
3607 715 3623 753 :
3669 712 3735 753 ex

2143 798 2477 856 Christianis
2510 813 2643 851 vero
2694 797 2939 867 pra-lusit
2992 794 3245 849 Clemens
3302 789 3735 854 Alexandrinus,

2144 896 2234 964 qui
2260 894 2498 949 animam
2533 892 2585 946 in
2619 889 2945 944 muliebrem
2982 896 3199 940 uterum
3231 883 3453 938 immitti
3476 881 3611 935 dicit
3637 880 3739 934 ὑπό

2142 1003 2287 1049 τινος
2314 985 2425 1041 τῶν
2458 986 2526 1056 τῇ
2554 981 2767 1052 γενέσει
2789 976 3109 1049 ἐφεστώτων
3134 975 3405 1046 ἀγγέλων,
3431 984 3487 1028 et
3514 974 3738 1043 angelos

2146 1077 2464 1146 ἐφεστῶτας
2486 1077 2555 1146 τῇ
2582 1073 2759 1143 ἀνόδῳ
2783 1077 3198 1127 commemorat.
3229 1068 3295 1121 Et
3317 1082 3451 1122 vero
3468 1066 3741 1136 posterior

2145 1171 2233 1226 illa
2262 1172 2328 1223 de
2363 1170 2683 1238 angelorum
2719 1168 2987 1220 humanas
3047 1163 3260 1216 animas
3299 1161 3354 1214 in
3398 1174 3533 1215 suas
3583 1158 3741 1213 sedes

2146 1263 2533 1333 reponentium
2566 1258 2873 1315 miniSterio
2896 1255 3169 1311 sententia
3223 1252 3485 1307 Ecclesiae
3548 1252 3739 1305 catho-

2148 1358 2263 1411 ἥρω
2300 1356 2512 1426 placitis
2535 1367 2781 1409 consona
2802 1359 2906 1405 est.
2944 1349 3190 1404 Priorem
3215 1355 3423 1409 autem,
3456 1358 3586 1414 qua:
3614 1344 3736 1395 ani-

2147 1463 2358 1501 marutn
2413 1446 2643 1499 sationis
2693 1460 2879 1499 curam
2940 1440 3150 1510 angelis
3199 1440 3474 1505 ascribit,
3506 1448 3741 1506 quaeque

2151 1538 2279 1592 torni
2320 1553 2417 1592 xm
2454 1538 2507 1589 in
2536 1535 2701 1589 Joan.
2742 1536 2861 1589 loco
2900 1549 2930 1586 a
2971 1533 3127 1587 nobis
3152 1544 3316 1598 supra
3361 1530 3531 1582 allato
3560 1532 3734 1583 conti-

2140 1641 2322 1691 netur,
2358 1631 2439 1684 sic
2464 1631 2580 1698 ipse
2604 1627 2866 1698 Origenes
2884 1636 3109 1681 excusat
3134 1644 3147 1679 :
3181 1623 3367 1677 Ταῦτα
3388 1622 3447 1675 δὲ
3474 1622 3580 1675 οὐκ
3604 1620 3728 1673 ἀπο-

2144 1722 2464 1794 φαινόμενοι
2515 1720 2747 1790 λέγομεν
2774 1762 2788 1784 ,
2824 1718 3025 1788 πολλῆς
3075 1718 3183 1789 γὰρ
3214 1716 3452 1785 βασάνου
3485 1713 3559 1766 τὰ
3581 1713 3736 1785 τηλι-

2155 1812 2333 1867 καῦτα
2383 1810 2607 1883 χρῄζει,
2659 1809 2945 1881 ῖνέὺρεθῇ
3009 1808 3236 1879 πότερον
3272 1805 3449 1869 οὕτως
3502 1804 3659 1875 ἔχει,
3699 1803 3741 1874 ἢκ

2146 1906 2366 1976 ἑτέρως.

2228 1994 2448 2051 XXXV.
2482 1992 2827 2047 Prmtermitti
2869 1998 3084 2059 poterat
3130 1992 3359 2059 qumstio
3398 2004 3640 2059 sequens
3665 1992 3733 2043 de

2143 2087 2677 2141 remunerationibus
2709 2094 2763 2138 et
2812 2082 2992 2153 pmnis
3026 2097 3120 2151 per
3153 2083 3378 2150 angelos
3414 2096 3447 2135 a
3496 2082 3609 2137 Deo
3634 2090 3731 2135 att-

2144 2177 2557 2240 ministrandis;
2596 2175 2730 2229 nihil
2764 2174 2907 2228 enim
2948 2173 3177 2227 multum
3208 2174 3472 2225 abnorme
3494 2171 3641 2226 circa
3676 2172 3728 2224 id

2146 2278 2529 2338 argumentum
2573 2265 2836 2336 Origenes
2863 2264 3215 2335 excogitavit.
3238 2262 3511 2329 Quoniam
3548 2274 3729 2317 tamen

2141 2377 2263 2414 cum
2294 2361 2581 2430 superiore
2619 2358 2986 2427 disputatione
3024 2358 3263 2413 cohaeret
3292 2357 3414 2425 ejus
3453 2355 3729 2417 tractatio,

2140 2463 2196 2505 et
2245 2453 2513 2521 peculiare
2564 2451 2813 2505 nantiihil
2865 2451 3030 2506 habet
3089 2452 3475 2513 Adamantius,
3525 2449 3731 2503 idcirco

2142 2544 2315 2613 ipsam
2370 2558 2589 2613 quoquc
2628 2543 2819 2598 leviter
2867 2543 3219 2612 attingemus.
3254 2540 3490 2595 llomilia
3548 2540 3732 2609 itaque

2139 2639 2191 2689 in
2221 2635 2512 2689 Jeremiam
2537 2635 2626 2699 21,
2658 2650 2810 2688 num.
2842 2634 2894 2699 6,
2921 2634 3209 2702 tripliciter
3240 2631 3581 2694 hominibus,
3609 2645 3734 2701 qua:

2140 2728 2421 2796 promeriti
2461 2739 2610 2793 sunt,
2654 2729 2820 2783 Deum
2848 2727 3152 2780 retribuere
3190 2724 3455 2785 ostendit,
3489 2725 3726 2793 primum

2146 2836 2242 2888 per
2267 2834 2348 2883 se,
2401 2821 2700 2873 secundum
2758 2818 2889 2873 illud
2923 2815 3125 2870 levem.
3159 2831 3231 2879 ιι,
3279 2815 3333 2880 6,
3388 2834 3409 2866 σ
3443 2813 3736 2869 Vicissim-

2138 2913 2318 2967 dinem
2349 2916 2465 2982 ipse
2496 2913 2759 2967 retribuet
2787 2913 2869 2977 ei;
2911 2931 2929 2963 ι
2968 2910 3162 2965 deinde
3207 2925 3305 2979 per
3358 2908 3532 2963 malos
3558 2922 3730 2977 ange-

2141 3006 2238 3068 los,
2271 3003 2566 3058 secundum
2597 3003 2723 3057 illud
2743 3002 2933 3072 psalmi
2960 3018 3163 3067 ann,
3194 3001 3287 3064 49,
3319 3019 3338 3050 ι
3370 2997 3522 3052 Misit
3549 2998 3602 3051 in
3633 3012 3731 3052 eos

2141 3099 2277 3149 iratn
2310 3097 2699 3166 indignationis
2728 3111 2864 3160 sua,
2898 3096 3369 3165 indignationem,
3396 3101 3453 3146 et
3478 3093 3640 3156 iram,
3675 3100 3729 3144 et

2140 3188 2548 3243 tribulationem
2579 3229 2595 3253 ,
2635 3189 3005 3247 immissiones
3036 3202 3132 3257 per
3177 3184 3405 3255 angelos
3440 3182 3655 3237 malos:
3698 3199 3720 3234 ι

2140 3296 2526 3349 nonnunquam
2555 3281 2717 3335 etiam
2742 3295 2835 3350 per
2870 3282 3061 3343 bonos,
3116 3277 3424 3346 cujusmodi
3462 3275 3635 3331 multa
3670 3275 3724 3328 in

2140 3371 2436 3442 Seripturis
2470 3372 2696 3442 reperiri
2713 3372 2880 3425 dicit:
2919 3386 2984 3427 ac
3012 3371 3212 3425 leviora
3240 3370 3461 3439 quidem
3486 3367 3717 3422 crimina

2137 3465 2407 3520 ministris
2430 3466 2548 3518 suis
2577 3465 2898 3519 vindicanda
2930 3462 3097 3518 Deum
3128 3464 3455 3533 permittere
3474 3500 3492 3527 ,
3541 3459 3718 3528 ipsum

2137 3572 2266 3613 vero
2293 3558 2569 3627 graviores
2594 3572 2764 3611 noxas
2786 3556 2993 3611 ulcisci.
3026 3553 3169 3609 Fuso
3199 3556 3303 3609 hoc
3330 3562 3715 3623 argumentum

2138 3647 2279 3702 libro
2312 3662 2404 3701 vm
2438 3657 2625 3699 contra
2670 3645 2917 3710 Celsum,
2945 3661 3091 3699 num.
3123 3643 3217 3709 59,
3252 3644 3617 3713 persequitur,
3659 3649 3713 3692 et

2135 3754 2467 3809 qumeunque
2509 3738 2821 3792 hominibus
2858 3739 2997 3790 mala
3042 3739 3387 3804 contingunt,
3431 3735 3524 3788 Dei
3574 3742 3707 3787 nutu

2134 3845 2189 3885 et
2217 3834 2443 3887 c0nsilio
2477 3847 2506 3883 a
2537 3832 2871 3885 daemonibus
2898 3828 3117 3883 immitti
3160 3829 3356 3897 probat
3397 3842 3466 3881 ex
3490 3826 3711 3880 laudato

2134 3922 2323 3991 psalmi
2353 3938 2539 3975 Lxxvn
2590 3922 2750 3988 loco;
2807 3922 2945 3977 bona
2979 3936 3107 3977 vero
3158 3922 3226 3976 ab
3257 3919 3472 3991 angelis
3499 3918 3716 3974 submi-

2132 4016 2298 4070 nistra
2309 4016 2374 4068 ri.

2206 4110 2261 4162 ιιι
2288 4108 2487 4177 quibus
2528 4124 2558 4160 a
2610 4108 2868 4177 magistro
2914 4123 3012 4163 suo
3051 4107 3280 4161 Platone
3308 4123 3417 4161 non
3446 4106 3715 4170 recessit;

2130 4204 2222 4272 qui
2250 4204 2301 4254 in
2331 4198 2609 4269 Symposio
2623 4202 2753 4255 deos
2779 4202 2920 4256 inter
2936 4210 2989 4255 et
3010 4200 3258 4256 homines
3287 4200 3520 4253 medium
3544 4200 3718 4269 quod-

2132 4299 2255 4347 dam
2297 4293 2580 4348 constituit
2607 4308 2797 4363 genus,
2831 4302 2885 4346 et
2927 4293 3201 4346 daemones
3236 4292 3492 4359 appellat,
3541 4290 3716 4345 inter-

2130 4395 2312 4453 pretes
2352 4394 2707 4452 utrorumque
2737 4394 2793 4437 et
2821 4394 3153 4453 sequestres,
3184 4384 3589 4455 ἑρμηνεύοντας
3616 4384 3714 4437 καὶ

2128 4472 2629 4543 διαπορθμεύοντας
2676 4472 2820 4537 θεοῖς
2865 4477 2933 4527 τὰ
2969 4474 3098 4545 παρ’
3133 4473 3457 4544 ἀνθρώπων,
3488 4475 3580 4527 καὶ
3618 4476 3717 4526 ἁν-

443 4568 548 4605 σιν.
580 4571 599 4603 ι
632 4552 851 4608 Daemon
876 4571 1005 4626 ergo
1039 4557 1128 4610 ille
1151 4573 1310 4625 quem
1338 4560 1592 4626 dicimus,
1621 4564 1891 4621 deducere
1910 4566 2021 4621 fer-

2144 4565 2367 4637 lptbmt;
2393 4566 2462 4619 τὰ
2490 4566 2639 4638 παρὰ
2665 4565 2801 4618 Θεῶν
2823 4581 2836 4594 ’
2868 4566 2977 4619 τῶν
3000 4567 3100 4636 μὲν
3133 4565 3232 4629 τὰς
3256 4567 3469 4636 δεήσεις
3498 4566 3589 4618 καὶ
3616 4566 3714 4617 θυ-

443 4637 529 4697 tur
554 4645 619 4697 ad
652 4645 877 4713 inferos,
910 4662 1018 4702 non
1060 4650 1293 4718 amplius
1345 4651 1485 4705 idem
1520 4667 1864 4722 permanere,
1916 4660 2018 4717 nisi

439 4733 641 4787 eadem,
666 4749 885 4789 rursum
910 4735 1098 4806 eligat.
1131 4739 1302 4792 Antea
1340 4753 1471 4795 vero
1510 4743 1819 4811 quomodo?
1851 4744 2021 4801 addu-

438 4838 565 4878 cere
589 4824 848 4879 nimirum
903 4826 972 4879 ad
1022 4827 1313 4894 judicium.
1347 4846 1368 4880 ι
1411 4829 1750 4899 Augustinus
1795 4833 1889 4888 lib.
1940 4851 2019 4891 xu

437 4915 517 4971 De
540 4916 683 4975 civit.
714 4917 830 4982 Dei,
862 4934 983 4988 cap.
1011 4920 1079 4974 24
1108 4940 1121 4974 :
1146 4939 1165 4972 ι
1205 4922 1284 4975 llli
1313 4932 1522 4989 autem,
1556 4924 1754 4994 inquit,
1776 4926 1868 4996 qui
1895 4926 2024 4983 Pla-

440 5008 552 5063 toni
583 5024 684 5064 suo
705 5012 955 5074 credunt,
986 5026 1093 5067 non
1130 5014 1199 5067 ab
1232 5014 1323 5068 illo
1348 5029 1562 5070 summo
1588 5017 1700 5072 Deo
1727 5020 1819 5089 qui
1846 5020 2018 5076 fabri-

435 5113 594 5157 catus
624 5112 709 5157 est
722 5104 1006 5171 mundum,
1036 5106 1130 5159 sed
1154 5105 1223 5161 ab
1246 5106 1367 5162 aliis
1397 5108 1723 5176 minoribus,
1748 5128 1883 5180 quos
1908 5115 2023 5182 qui-

438 5195 561 5249 dem
585 5194 699 5265 ipse
722 5196 1011 5260 creaverit,
1044 5197 1314 5265 permissu
1345 5199 1459 5254 sive
1482 5199 1637 5268 jussu
1661 5203 1779 5271 ejus
1812 5206 2022 5262 anima-

440 5284 515 5339 lia
552 5285 838 5343 factaesse
860 5301 1059 5345 cuncta
1088 5292 1361 5357 mortalia,
1395 5295 1448 5347 in
1476 5295 1674 5362 quibus
1700 5298 1864 5353 homo
1890 5315 2029 5369 prac-

436 5377 678 5445 cipuum,
705 5380 918 5449 diisque
944 5381 1079 5451 ipsis
1108 5394 1401 5454 cognatum
1427 5398 1640 5453 teneret
1671 5389 1873 5447 locum.
1902 5411 1924 5445 ι
1954 5396 2023 5448 Ει

437 5471 633 5527 deinde
660 5491 674 5526 :
707 5492 727 5524 ι
754 5477 947 5545 Angeli
973 5485 1173 5540 autem,
1206 5493 1343 5547 quos
1368 5479 1441 5535 illi
1476 5481 1607 5538 deos
1650 5481 1906 5541 libentius
1928 5503 2017 5556 ap.

437 5562 662 5630 pellant,
692 5566 853 5621 etiam
907 5568 956 5621 si
984 5570 1246 5624 adhibent
1294 5570 1380 5624 vel
1422 5571 1580 5641 jussi,
1633 5577 1716 5629 vel
1768 5580 2023 5646 permissi

437 5656 809 5720 operationem
845 5675 998 5713 suam
1033 5661 1196 5716 rebus
1223 5677 1341 5731 qua:
1372 5662 1666 5733 gignuntur
1703 5668 1757 5726 in
1790 5670 2013 5733 mundo,

506 5836 554 5869 δ’
589 5836 718 5893 Luc.
754 5851 859 5897 xw.
885 5838 976 5904 2‘2,
1011 5838 1100 5894 23.

2132 4657 2284 4719 σίας·
2314 4656 2423 4710 τῶν
2461 4656 2517 4710 δὲ
2554 4656 2654 4719 τὰς
2692 4654 2971 4720 ἐπιτάξεις
2998 4672 3055 4708 τε
3082 4657 3176 4709 καί
3204 4655 3441 4726 ἀμοιϐὰς
3484 4654 3595 4706 τῶν
3623 4653 3716 4708 0v:-

2134 4748 2284 4801 σιῶν.
2314 4768 2333 4799 ι
2373 4748 2805 4818 [interpretantes
2828 4761 2883 4803 et
2919 4749 3218 4804 referentes
3255 4751 3379 4814 diis,
3423 4762 3540 4817 qua:
3587 4748 3716 4800 mit-

2132 4851 2325 4894 tuntur
2352 4841 2421 4895 ab
2450 4840 2801 4908 hominibus;
2848 4852 2902 4895 et
2935 4841 3247 4896 hominibus
3273 4858 3395 4911 quae
3422 4842 3717 4894 mittuntur

2131 4948 2159 4985 a
2189 4932 2326 4998 diis;
2360 4932 2572 4986 illorum
2605 4933 2823 5002 quidem
2851 4933 3190 5001 precationes
3206 4942 3262 4987 et
3286 4931 3714 4995 saerilicia;ho-

2132 5040 2251 5078 rum
2284 5039 2414 5078 vero
2466 5025 2719 5079 mandata
2754 5034 2810 5079 et
2861 5026 3255 5079 sacriﬁciorum
3310 5024 3710 5081 remuneratio-

2130 5129 2248 5169 nes.
2287 5132 2306 5164 ι
2342 5114 2472 5180 Quae
2498 5116 2682 5169 munia
2716 5115 2906 5170 eadem
2941 5117 3149 5185 angelis
3184 5117 3517 5179 tribuuntur,
3561 5114 3712 5167 unde

2127 5192 2356 5267 εωκὸω
2413 5218 2468 5263 et
2516 5208 2739 5277 ἄγγελοι
2791 5224 2821 5262 a
2868 5210 3226 5278 scriptoribus
3277 5210 3449 5264 sacris
3513 5207 3709 5277 appel-

2131 5302 2325 5365 lantur,
2358 5302 2462 5356 hoc
2483 5312 2564 5357 est
2599 5303 2934 5357 internuntii.
2977 5304 3221 5357 Plotinus
3250 5312 3428 5356 autem
3455 5300 3706 5354 Ennead.

2133 5412 2214 5460 ιιι,
2248 5394 2340 5450 lib.
2375 5411 2448 5462 tv,
2482 5410 2601 5465 cap.
2635 5396 2688 5463 6,
2732 5406 3017 5466 postquam
3068 5395 3256 5450 docuit
3285 5396 3489 5449 animast
3532 5395 3584 5446 in
3610 5393 3709 5460 ju—

2129 5488 2327 5541 dicium
2361 5486 2431 5541 ab
2454 5488 2658 5556 angelis
2688 5489 2906 5553 adduci,
2955 5489 3510 5563 parnaspostmodum
3539 5485 3705 5541 lusu-

2128 5581 2269 5634 tibus
2300 5578 2406 5633 illis
2437 5581 2629 5635 adesse
2666 5580 2966 5652 subiunxit.
3166 5575 3170 5579 ’

2204 5670 2422 5740 Origeni
2460 5671 2847 5741 astipulantur,
2878 5682 3077 5742 praeter
3098 5672 3257 5737 alios,
3296 5667 3610 5727 Ambrosius
3642 5677 3707 5722 et
