3898 6526
190 387 294 456 sae

1073 393 1645 451 OBICENIANORUM
1687 392 1817 450 ue.
1859 394 1924 463 tt,
1967 395 2123 452 CAP.
2155 394 2222 465 u,
2263 364 2649 463 Qumsrfv.

3350 393 3463 451 890

192 522 575 588 Hieronymus,
615 529 846 586 quorum
902 514 991 570 ille
1042 516 1202 585 epist.
1259 514 1354 569 lib.
1382 533 1439 581 v,
1475 517 1637 585 epist.
1673 516 1768 580 58,
1795 521 1843 577 Α
1874 515 2176 588 θεραπείαν
2193 517 2484 583 haec,noa
2504 521 2571 570 de
2604 513 2854 586 religiosa
2872 512 3223 569 observantia
3238 513 3461 569 eteultu

190 615 305 667 haec
355 609 593 667 scribit:
640 627 661 660 ι
695 609 777 662 Att
826 608 973 677 ipsos
1030 622 1246 675 quoque
1296 608 1535 677 angelos,
1590 606 1769 676 quiin

194 704 354 758 istius
382 701 565 756 mundi
594 699 870 754 laboribus
899 700 1111 753 diversa
1138 699 1406 753 sustinent
1441 697 1765 764 ruinisteria,

188 796 332 851 sicut
374 796 427 849 in
452 792 776 862 Apocalypsi
838 790 1066 860 legimus
1096 790 1339 853 Joannis,
1376 807 1483 845 non
1544 790 1770 859 ingemi-

190 903 353 944 scere
383 887 679 948 credimus,
712 900 834 939 cum
866 885 1192 939 adhibentur
1224 899 1510 956 poenarum
1534 895 1591 940 et
1617 884 1767 939 exei-

184 980 402 1034 diorutn
434 977 667 1031 ministri
693 994 706 1030 :
731 977 821 1045 qui
850 976 1113 1031 habentes
1139 978 1303 1031 vitam
1328 988 1610 1042 :eternam,
1634 976 1771 1031 mal-

184 1071 305 1125 lent
327 1071 516 1140 utique
543 1084 664 1124 eam
698 1068 754 1123 in
791 1069 882 1122 illo
910 1070 1189 1139 superiore
1215 1068 1627 1140 tranquillitatis
1656 1084 1769 1125 sua:

180 1174 330 1221 statu
365 1178 607 1229 currere,
664 1178 826 1233 quam
876 1174 1186 1217 nostrorum
1245 1172 1595 1231 peccatorum
1645 1176 1766 1232 pte-

183 1256 273 1308 nis
309 1255 593 1309 ultricibus
620 1253 979 1321 interpellari.
1010 1272 1028 1304 »
1055 1252 1417 1324 Hieronymus
1460 1269 1589 1310 vero
1619 1254 1710 1310 lib.
1749 1269 1765 1307 ι

178 1348 235 1399 in
278 1364 396 1415 cap.
437 1362 510 1401 vtt
542 1346 682 1402 Dan.
709 1359 728 1397 .'
758 1365 778 1397 ι
818 1347 1021 1415 Duplex
1076 1359 1260 1401 antem
1302 1346 1623 1416 angelorum
1646 1346 1765 1402 olli-

176 1441 327 1493 ciunt
357 1448 473 1503 est;
509 1437 737 1491 aliorum
771 1437 863 1508 qui
896 1438 1061 1506 justis
1089 1440 1309 1506 praemia
1338 1439 1604 1506 tribuunt,
1627 1438 1766 1493 alio-

178 1544 304 1583 rum
330 1530 425 1597 qui
451 1530 680 1599 singulis
714 1540 954 1599 praesunt
974 1530 1334 1586 cruciatibus.
1367 1549 1388 1583 ι

248 1618 497 1675 XXXVI.
532 1619 799 1686 Quoniam
850 1621 999 1673 varia
1026 1633 1083 1675 et
1124 1636 1316 1689 parum
1345 1631 1605 1676 constans
1644 1620 1766 1676 Ori-

171 1714 338 1780 geuis
378 1716 444 1767 de
474 1712 794 1783 angelorum
832 1714 1185 1768 invocatione
1215 1714 1430 1768 videtur
1479 1714 1647 1769 fuisse
1680 1731 1763 1768 ra-

174 1803 276 1866 tio,
321 1804 608 1858 delibanda
639 1820 858 1872 quoque
895 1820 923 1858 a
959 1804 1115 1859 nobis
1149 1820 1210 1860 ea
1260 1804 1488 1874 qnzestio
1514 1814 1617 1860 est.
1669 1804 1761 1860 Sic

171 1896 267 1950 ille
295 1896 532 1960 loquitur
557 1896 649 1949 lib.
685 1912 715 1946 v
741 1907 924 1951 contra
949 1897 1111 1959 (λειω,
1148 1914 1295 1951 ηιιιιι.
1321 1897 1356 1952 ὁ
1388 1915 1404 1951 :
1436 1897 1661 1961 Τούτοις
1693 1898 1758 1967 δὴ

166 1986 443 2054 ἀγγέλους
473 1986 582 2041 ἀπὸ
612 1985 704 2039 τοῦ
747 1986 907 2057 ἔργου
934 1986 1114 2039 αὐτῶν
1142 1985 1520 2057 μεμαθηκότες
1549 1985 1755 2049 καλεῖν,

164 2080 502 2150 εὑρίσκομεν
533 2080 752 2142 αὐτοὺς,
779 2078 865 2132 διὰ
904 2079 963 2131 τὸ
994 2078 1171 2141 θείους
1200 2075 1358 2144 εἶναι,
1388 2077 1481 2130 καὶ
1515 2076 1669 2140 θεοὺς
1700 2077 1758 2129 ἐν

162 2175 293 2235 ταῖς
325 2174 495 2242 ἱεραῖς
543 2188 674 2225 ποτε
718 2170 1149 2240 ὀνομαζομένους
1179 2171 1442 2241 Γραφαῖς.
1495 2169 1631 2223 Ἀλλ’
1660 2170 1759 2240 οὐχ

164 2262 317 2316 ὥστε
348 2262 785 2334 προστάσσεσθαι
845 2264 974 2332 ἡμῖν
1032 2264 1158 2326 τοὺς
1204 2261 1611 2327 διακονοῦντας,
1662 2264 1757 2316 καὶ

163 2355 439 2424 φέροντας
469 2356 599 2424 ἡμῖν
627 2356 695 2408 τὰ
742 2353 834 2407 τοῦ
880 2354 1017 2407 Θεοῦ
1050 2354 1227 2408 σέϐειν
1281 2354 1378 2408 καὶ
1429 2357 1756 2426 προσκυνεῖν

162 2448 296 2501 ἀντὶ
315 2447 409 2500 τοῦ
437 2446 570 2501 Θεοῦ
592 2464 605 2477 ο
633 2449 811 2499 πᾶσαν
835 2446 933 2516 μὲν
948 2446 1056 2517 γὰρ
1079 2446 1283 2518 δέησιν,
1308 2448 1401 2500 καί
1424 2447 1754 2518 προσευχὴν,

164 2540 266 2592 καὶ⁹
300 2537 560 2604 ἔντευξιν,
592 2540 685 2592 καὶ
712 2538 1062 2610 εὐχαριστίαν
1114 2539 1499 2608 ἀναπεμπτέον
1531 2539 1609 2610 τῷ
1663 2542 1757 2596 ἐπὶ

160 2633 305 2685 πᾶσι
326 2628 465 2700 Θεῷ,
488 2629 577 2683 διὰ
604 2630 696 2683 τοῦ
726 2632 819 2684 ἐπὶ
865 2631 1087 2684 πάντων
1117 2630 1366 2699 ἀγγέλων
1412 2631 1714 2703 ἀρχιερέως
1737 2675 1753 2699 ,

159 2721 419 2792 ἐμψύχου
452 2722 627 2789 Λόγου
653 2723 747 2776 καὶ
773 2722 930 2777 Θεοῦ.
964 2722 1095 2788 Quae
1128 2724 1321 2776 iterum
1346 2724 1545 2777 deinde
1580 2725 1750 2779 incnlc

162 2826 253 2867 cat
284 2833 298 2868 :
327 2815 470 2868 unde
508 2815 687 2869 omnis
707 2815 1022 2883 angelorum
1055 2816 1271 2886 praecidi
1302 2817 1508 2871 videtur
1529 2817 1756 2873 invoca-

163 2909 262 2960 tio.
310 2905 417 2959 Sed
452 2922 555 2959 non
590 2907 667 2960 ita
686 2916 807 2972 est;
856 2923 981 2960 nam
1010 2907 1247 2962 honores
1272 2907 1495 2977 quidem
1532 2923 1595 2962 ac
1627 2923 1753 2977 pre-

161 3011 253 3051 ces
282 2995 493 3065 angelis
520 2995 766 3051 adhiberi
796 3004 941 3049 vetat
982 3011 1101 3058 eas,
1137 3011 1258 3065 qua:
1286 2998 1393 3051 Deo
1428 2997 1517 3049 uni
1551 3011 1753 3052 conve-

160 3089 345 3151 niunt,
385 3103 484 3142 nec
520 3089 733 3142 adorari
766 3088 851 3142 vel
882 3089 983 3143 coli
1025 3090 1173 3159 ipsos
1205 3088 1476 3155 concedit,
1509 3090 1630 3143 ἀντὶ
1656 3088 1753 3145 τοῦ

1872 622 1993 661 esse
2030 606 2454 678 intelligendam,
2480 621 2604 659 cum
2634 606 2725 659 hic
2751 605 3049 660 nonniside
3079 604 3330 673 religioso
3348 605 3462 660 dis-

1874 706 2092 767 putetur
2137 698 2323 762 cultu,
2352 712 2513 768 quem
2559 695 2754 751 Celsus
2801 696 3139 751 daemonibus
3182 697 3367 751 itidem
3398 706 3461 753 ut

1872 789 1983 844 Deo
2013 788 2384 860 praestandum
2416 776 2537 861 esse
2576 789 2877 843 asserebat.
2902 788 2957 843 ld
2994 796 3051 841 ut
3074 788 3411 858 signiticaret
3434 829 3458 856 ,

1873 884 2129 938 utebatur
2173 897 2309 937 voce
2369 880 2793 952 Θεραπεύεσθαι.
2830 881 3142 952 Respondet
3194 882 3461 952 Origenes

1870 973 2143 1044 quoddam
2177 971 2473 1042 θεραπείας
2500 972 2643 1026 illius
2673 988 2701 1024 a
2724 970 2885 1025 Celso
2917 987 3210 1040 expressae,
3248 974 3349 1025 hoc
3373 980 3459 1023 est

1868 1063 2111 1133 religiosi
2169 1066 2349 1117 cultus
2383 1076 2554 1128 genus
2598 1061 2809 1132 angelis
2873 1062 3091 1131 quidem
3142 1062 3349 1125 deberi,
3389 1076 3453 1114 ea

1871 1158 2034 1210 modo
2068 1165 2220 1212 recte
2254 1166 2315 1210 et
2339 1156 2580 1227 legitime
2630 1155 2977 1218 exhibentur,
3006 1165 3059 1210 et
3094 1154 3275 1207 cultus
3304 1154 3394 1208 ille
3423 1169 3455 1206 a

1874 1250 2022 1306 cultu
2057 1248 2167 1304 Deo
2212 1250 2459 1317 praestari
2493 1247 2654 1303 solito
2686 1258 2846 1303 caute
2902 1247 3291 1315 distinguatur.
3329 1246 3456 1300 Pari

1871 1344 2032 1397 modo
2074 1357 2196 1396 cum
2223 1342 2582 1411 distingueret
2611 1341 2749 1395 libro
2788 1355 2816 1392 ν
2858 1341 3137 1394 orationes
3164 1339 3277 1392 Deo
3306 1337 3457 1392 Patri

1869 1435 2179 1491 offerendas
2214 1435 2283 1490 ab
2313 1436 2379 1490 iis
2406 1451 2545 1505 quas
2577 1433 2758 1489 oﬂ‘erri
2804 1433 3141 1488 concedebat
3187 1432 3357 1494 Filio,
3394 1440 3459 1485 ut.

1872 1529 2089 1600 μεσίτῃ,
2140 1530 2374 1583 nominis
2410 1527 2595 1595 hujus.
2634 1530 2831 1589 oratio,
2861 1528 3140 1599 proprium
3181 1540 3336 1579 usum
3365 1527 3450 1579 in-

1872 1620 2035 1689 telligi
2069 1619 2206 1683 vult,
2236 1629 2291 1673 et
2346 1620 2416 1674 ab
2466 1618 2708 1685 ejusdem
2754 1618 2928 1672 abuse
2974 1618 3190 1671 secerni
3218 1634 3232 1671 :
3264 1616 3457 1670 Πᾶσαν

1875 1712 1974 1781 μὲν
2007 1711 2117 1782 γὰρ
2152 1710 2357 1781 δέησιν,
2386 1711 2563 1779 inquit
2598 1724 2746 1765 nunt.
2779 1708 2833 1769 Α,
2871 1708 2968 1761 καὶ
2998 1707 3330 1778 προσευχὴν.
3356 1706 3456 1761 καὶ

1869 1804 2131 1870 ἔντευξιν,
2164 1804 2260 1855 καὶ
2286 1799 2638 1872 εὐχαριστίαν
2669 1799 3061 1869 ἀναπεμπτέονί
3080 1798 3158 1868 τῷ
3195 1799 3288 1851 ἐπὶ
3314 1799 3452 1851 πᾶσι

1790 1872 1833 1926 Β
1867 1896 1989 1967 Θεῷ
2021 1896 2112 1950 διὰ
2149 1895 2245 1948 τοῦ
2278 1895 2371 1948 ἐπὶ
2410 1895 2627 1948 πάντων
2666 1892 2912 1962 ἀγγέλων
2942 1892 3243 1962 ἀρχιερέως
3274 1890 3454 1961 ἐμψύ-

1863 2007 1960 2061 χου
1985 1991 2160 2057 Λόγου
2188 1989 2284 2041 καὶ
2306 1987 2439 2041 Θεοῦ
2462 2006 2474 2018 ·
2498 1986 2803 2057 δεησόμεθα
2835 1984 2892 2037 δὲ
2921 1985 3014 2038 καὶ
3040 1983 3204 2036 αὐτοῦ
3224 1982 3314 2036 τοῦ
3346 1983 3455 2036 M-

1868 2100 1990 2151 γου,
2030 2084 2125 2136 καὶ
2146 2081 2510 2152 ἐντευξόμεθα
2545 2080 2695 2150 αὐτῷ
2728 2080 2820 2133 καὶ
2840 2079 3325 2149 εύχαριστήσομεν,
3354 2077 3454 2131 καὶ

1864 2176 2282 2248 προσευξόμεθα
2312 2176 2390 2239 δὲ,
2410 2174 2505 2229 ἐὰν
2530 2172 2817 2243 δυνώμεθα
2843 2170 3167 2225 κατακούειν
3196 2170 3294 2240 τῆς
3320 2168 3452 2239 περὶ

1861 2271 2174 2342 προσευχῆς
2194 2268 2534 2341 κυριολεξίας
2557 2266 2651 2320 καί
2668 2265 3058 2335 καταχρήσεως
3089 2263 3225 2332 (55).
3249 2262 3450 2315 Eadem

1857 2364 2109 2419 aratione
2143 2362 2368 2425 cultum,
2403 2370 2459 2413 et
2508 2372 2698 2426 preces
2744 2358 2855 2411 Deo
2876 2354 3021 2409 Patri
3054 2352 3379 2415 ollerendas,
3411 2365 3448 2404 δ

1857 2454 2111 2523 precibus
2162 2452 2299 2506 Filio
2329 2450 2631 2520 allegandis
2664 2449 2901 2502 discerni
2938 2445 3116 2513 jubet,
3148 2454 3255 2498 eta
3289 2441 3447 2498 cultu

1857 2544 2063 2613 angelis
2097 2542 2429 2597 exhibendo.
2475 2540 2639 2609 Atqui
2680 2540 2876 2593 Filium
2927 2539 3078 2592 orari
3138 2536 3448 2619 concedit,

1856 2638 2023 2690 modo
2044 2644 2299 2703 tanquam
2344 2633 2595 2703 μεσίτης,
2623 2641 2676 2685 et
2706 2628 2948 2685 inferiori
2984 2628 3316 2697 precationis
3343 2642 3445 2697 go-

1857 2742 1988 2782 nere
2012 2728 2295 2782 invocetur
2317 2742 2381 2781 ac
2416 2725 2607 2789 Pater;
2637 2723 2753 2777 haec
2781 2722 2927 2777 enim
2961 2721 3063 2776 fuit
3092 2721 3260 2790 ipsius
3289 2721 3444 2775 insa-

1857 2820 1945 2872 nia
1971 2834 1986 2871 :
2024 2817 2166 2872 idem
2214 2818 2379 2887 igitur
2417 2818 2485 2870 de
2509 2815 2765 2884 precibus
2795 2824 2849 2869 et
2875 2813 3023 2868 cultu
3053 2812 3261 2883 angelis
3285 2814 3445 2870 exhi-

1856 2907 2036 2964 bendo
2088 2909 2328 2963 sensisse
2378 2908 2553 2978 ipsum
2587 2905 3021 2961 concludendum
3077 2916 3182 2960 est.
3220 2904 3291 2960 At
3323 2906 3447 2960 sine

1857 3002 2085 3069 ambage
2109 2999 2356 3068 angelum
2377 3013 2538 3066 prece
2564 3006 2855 3051 veneratur
2874 2998 3105 3053 homil.l
3131 3000 3186 3051 in
3215 2995 3439 3063 Eucln,

1856 3107 2006 3145 nunt.
2038 3091 2069 3142 7
2104 3108 2117 3144 :
2150 3108 2169 3141 ι
2214 3090 2431 3153 Omnia,
2461 3088 2887 3159 inquit,angelis
2914 3091 3071 3160 plena
3100 3100 3250 3145 sunt.
3284 3090 3445 3154 Veni,

158 3176 331 3239 Θεοῦ,
360 3186 413 3231 at
445 3188 626 3235 certos
655 3180 920 3247 quosdam
951 3180 1019 3234 iis
1049 3180 1295 3236 exhiberi
1323 3181 1525 3246 cultus,
1548 3192 1752 3239 certas-
1778 3207 1821 3263 ο
1856 3181 2083 3252 angele:
2116 3182 2331 3253 suscipe
2363 3197 2619 3238 sermone
2655 3196 2979 3237 conversum
3013 3182 3080 3235 ab
3106 3195 3295 3235 errore
3330 3183 3445 3249 pri-

156 3286 267 3339 que
303 3269 454 3327 fundi
474 3271 820 3339 precationes
847 3273 1134 3340 permittit,
1155 3282 1364 3327 naturte
1389 3288 1576 3328 eorum
1596 3290 1752 3330 crea-

156 3370 224 3414 tae
243 3362 661 3425 convenientes,
688 3371 745 3415 et
790 3362 988 3417 diversi
1023 3378 1052 3413 a
1080 3362 1459 3431 superioribus
1487 3365 1705 3430 generis
1730 3380 1745 3417 :

159 3452 539 3524 Εὑφημοῦμεν
568 3454 790 3517 αὐτοὺς,
829 3454 1004 3523 inquit
1065 3453 1157 3508 lib.
1204 3469 1300 3507 vm
1358 3465 1543 3507 contra
1570 3453 1750 3523 Cela,

157 3564 315 3601 nunt.
356 3546 449 3611 57,
478 3562 601 3615 pag.
638 3545 759 3609 785,
795 3546 889 3599 καὶ
913 3542 1291 3617 μακαρίζομεν
1314 3546 1751 3619 ἐγχειρεσθέντας

157 3638 265 3691 ὑπὸ
310 3637 412 3690 τοῦ
449 3635 582 3689 Θεοῦ
620 3637 688 3690 τὰ
729 3638 976 3708 χρήσιμα
1013 3636 1091 3707 τῷ
1106 3636 1252 3705 γένει
1290 3638 1483 3708 ἡμῶν·
1530 3640 1591 3691 οὐ
1643 3639 1749 3711 μὴν

154 3729 254 3799 τὴν
281 3727 645 3798 ὀφειλομένην
687 3726 826 3798 πρὸς
853 3725 984 3779 Θεὸν
1030 3729 1197 3800 τιμὴν
1234 3727 1445 3791 τούτοις
1477 3729 1746 3799 ἀπονέμο-

157 3837 278 3889 μεν.
310 3818 433 3872 Non
462 3818 833 3887 precationem
862 3834 1013 3888 ergo,
1044 3820 1137 3873 sed
1171 3819 1502 3888 precationis
1529 3823 1743 3876 modum

158 3916 407 3964 datnnat.
446 3907 620 3977 Hujus
646 3910 1003 3978 expositionis
1034 3910 1146 3978 ipse
1173 3911 1246 3963 sit
1284 3910 1590 3979 lidejussor,
1615 3928 1745 3981 ope-

157 4003 233 4055 ris
266 4000 516 4069 ejusdem
540 4012 721 4054 contra
747 3999 958 4054 Celsum
985 4000 1077 4055 lib.
1113 4017 1233 4060 vttt,
1259 4018 1407 4055 num.
1440 4003 1531 4066 l3,
1558 4005 1609 4056 in
1639 4018 1747 4072 quo

155 4092 318 4146 Celso
353 4094 714 4161 respondens,
765 4094 855 4162 qui
891 4094 1033 4160 quod
1068 4094 1162 4146 Dei
1207 4092 1401 4147 Filium
1449 4093 1743 4149 Christiani

155 4186 433 4249 colerent,
457 4185 711 4239 colendos
739 4186 806 4239 iis
833 4201 1049 4254 quoque
1082 4186 1362 4239 ministros
1391 4186 1508 4256 ejus
1540 4189 1749 4242 «Ιωιιιω⁵

155 4292 253 4329 nes
288 4275 575 4337 nimirum,
606 4276 861 4331 censebat
892 4294 905 4328 :
958 4278 1022 4329 Et
1058 4276 1154 4345 μὲν
1180 4272 1294 4339 οὗ),
1346 4276 1561 4347 inquit,
1607 4278 1749 4331 ἐνόει

152 4371 280 4433 τοὺς
316 4368 537 4439 ἀληθῶς
574 4370 847 4441 ὑπηρέτας
870 4369 962 4423 τοῦ
994 4368 1128 4423 Θεοῦ
1169 4368 1307 4438 μετὰ
1355 4368 1447 4422 τὸν
1482 4372 1744 4443 μονογενῆ

154 4462 247 4515 τοῦ
275 4462 441 4524 Θεοῦ,
490 4460 580 4514 τὸν
636 4462 892 4533 Γαϐριὴλ,
924 4463 1017 4515 καὶ
1064 4464 1153 4516 τὸν
1189 4464 1429 4536 Μιχαὴλ,
1480 4466 1572 4518 καὶ
1619 4466 1745 4528 τοὺς

151 4553 381 4617 λοιποὺς
410 4554 671 4623 ἀγγέλους
699 4595 714 4619 ,
767 4556 1157 4626 ἀρχαγγέλους,
1192 4559 1286 4611 καὶ
1324 4558 1547 4622 τούτους
1589 4559 1741 4628 ἔλεγε

151 4648 261 4699 δεῖν
296 4646 723 4718 θεραπεύεσθαι,
759 4649 887 4710 ἴσως
925 4648 991 4701 ἂν
1024 4649 1084 4702 τὸ
1119 4652 1247 4719 περὶ
1285 4649 1380 4703 τοῦ
1418 4650 1742 4721 Θεραπεύειν

152 4740 322 4793 αὐτοῦ
357 4740 759 4810 σημαινόμενον
791 4741 1219 4813 ἐκκαθήραντες,
1256 4746 1348 4798 καὶ
1384 4746 1491 4799 τῶν
1520 4746 1613 4799 τοῦ
1657 4746 1742 4799 θε-

156 4832 494 4901 ραπεύοντος
530 4833 781 4904 πράξεων
804 4873 817 4894 ,
867 4835 1090 4905 εἴπομεν
1124 4836 1188 4889 ἂν
1230 4840 1309 4901 εἰς
1332 4840 1422 4891 τὸν
1453 4839 1635 4901 τόπον,
1666 4840 1742 4903 ὡς

152 4927 284 4997 περὶ
310 4925 647 4995 τηλικούτων
672 4925 1064 4996 διαλεγόμενοι,
1102 4929 1244 4999 ὄιπερ
1269 4930 1583 5001 ἐχωροῦμεν
1613 4934 1749 5003 περὶ

153 5018 340 5071 αὐτῶν
370 5020 583 5088 νοῆσαι.
616 5017 731 5071 Vini
762 5020 864 5071 loci
907 5021 1064 5088 hujus
1113 5022 1364 5091 frangere
1406 5027 1587 5078 conati
1618 5037 1742 5079 sunt

155 5108 476 5160 heterodoxi
498 5108 714 5176 quidam
734 5121 1030 5171 nostrates,
1058 5113 1152 5165 sed
1192 5111 1406 5166 elIicere
1438 5126 1614 5171 tamen
1635 5133 1739 5170 non

153 5210 493 5267 potuerunt,
529 5202 659 5267 quin
708 5202 922 5270 aliquod
977 5201 1276 5274 θεραπείας
1306 5220 1475 5273 genus
1532 5210 1741 5277 angelis

156 5292 502 5346 concessisse
539 5293 828 5361 Origenem
871 5310 935 5347 ex
970 5294 1052 5348 Itis
1080 5299 1249 5363 ipsius
1286 5300 1469 5352 verbis
1502 5300 1737 5356 manife-

155 5395 305 5436 stum
333 5384 438 5448 sit;
464 5399 529 5437 eu
548 5400 738 5453 nempe
761 5384 1059 5456 θεραπείας
1088 5402 1287 5457 genere
1321 5390 1573 5457 inferius,
1596 5396 1738 5463 quod

161 5476 271 5529 Deo
298 5475 401 5529 soli
437 5476 803 5549 exhibendum
830 5488 932 5532 est.
951 5478 1177 5533 Frustra
1201 5491 1380 5536 autem
1403 5489 1739 5545 contendunt

225 5631 347 5697 ('55)
386 5633 587 5687 Eadem
624 5635 868 5688 cautione
895 5637 1093 5690 cultum
1139 5648 1185 5689 et
1218 5656 1395 5704 preces
1453 5641 1560 5696 Deo
1592 5643 1743 5699 Patri

153 5704 479 5781 οπετςιιᾴιιε,
508 5722 540 5781 _a
561 5708 797 5781 precibus
827 5704 967 5759 Filio
1006 5709 1297 5777 ollegondis
1322 5711 1548 5765 discerni
1572 5715 1739 5779 iubet,

155 5770 263 5846 etc.
304 5770 441 5846 Vide
469 5776 879 5846 observationes
912 5770 1131 5830 nostras
1156 5780 1205 5830 in
1238 5793 1431 5846 quaest.
1469 5783 1524 5844 2,
1572 5770 1731 5840 ἰιιιιιιξ

159 5844 247 5907 ω,
274 5847 346 5896 ad
371 5844 485 5899 haec
508 5845 666 5899 verba
697 5863 710 5900 :
740 5863 759 5895 ι
798 5847 925 5912 Quae
956 5848 1169 5917 quidem
1200 5844 1431 5906 absurda
1453 5864 1533 5908 est
1558 5865 1611 5910 et
1646 5872 1725 5911 se-

1854 3278 2023 3339 suno,
2060 3290 2091 3329 a
2131 3276 2379 3332 doctrina
2413 3275 2830 3339 dzemoniorum,
2858 3272 2927 3326 ab
2959 3272 3247 3342 iniquitate
3275 3272 3330 3325 in
3355 3271 3438 3325 al-

1856 3382 1967 3423 tum
1996 3372 2247 3441 loquente
2280 3388 2293 3422 :
2332 3368 2635 3437 suscipiens
2650 3380 2775 3420 eum
2801 3365 2959 3433 quasi
2988 3365 3231 3418 medicus
3261 3362 3443 3417 bonus

1854 3466 2084 3520 confore
2105 3476 2269 3534 atque
2294 3464 2562 3526 institue;
2598 3460 2857 3529 parvulus
2886 3467 2992 3521 est,
3028 3457 3188 3512 hodie
3248 3456 3440 3511 nasci-

1856 3568 1943 3611 tur
1965 3572 2126 3612 senex
2168 3569 2562 3623 repueraseens
2594 3570 2608 3607 :
2636 3562 2692 3607 et
2732 3552 2950 3619 suscipe
2983 3549 3229 3604 tribuens
3259 3548 3307 3603 ei
3342 3548 3443 3604 ba-

1858 3651 2117 3720 ptismum
2136 3650 2387 3704 secunda:
2405 3645 2853 3716 regenerationis,
2876 3652 2933 3698 et
2954 3642 3157 3697 advoca
3185 3643 3280 3697 tibi
3302 3640 3441 3697 alios

1851 3745 2029 3799 socios
2075 3742 2365 3797 ministerii
2397 3742 2501 3804 tui,
2548 3750 2608 3792 ut
2638 3740 2823 3795 cuncti
2855 3738 3060 3808 pariter
3089 3750 3186 3790 eos
3214 3735 3306 3803 qui
3334 3735 3439 3788 ali-

1850 3836 2071 3905 quando
2126 3834 2335 3903 decepti
2398 3842 2551 3896 snnt,
2606 3831 2875 3885 erndiatis
2912 3830 2979 3883 ad
3034 3828 3213 3881 Iidem.
3252 3846 3274 3880 ι
3307 3826 3438 3893 Quae

1849 3927 2096 3997 quamvis
2126 3926 2239 3980 sole
2270 3926 2384 3993 ipso
2415 3924 2650 3978 clariora
2685 3923 2814 3982 sint,
2842 3921 3111 3975 adversus
3144 3932 3209 3972 ea
3247 3926 3445 3972 tamen

1849 4018 2203 4088 pra-scribere
2228 4033 2334 4070 non
2368 4016 2690 4069 dubitarunt
2726 4016 2892 4068 iidem
2927 4013 3021 4082 qui
3072 4025 3238 4081 supra
3283 4010 3439 4063 hete-

1852 4110 2062 4176 rodoxi,
2096 4119 2152 4164 et
2188 4108 2482 4163 testimonii
2511 4108 2863 4174 gravitatem,
2896 4120 3000 4173 qua
3036 4118 3095 4157 se
3127 4101 3284 4157 obrui
3310 4115 3435 4154 seu-

1850 4202 2077 4259 tiebant,
2114 4198 2313 4267 duplici
2344 4198 2698 4266 responsione
2728 4197 2975 4261 elevare;
3013 4195 3189 4264 prima
3211 4191 3432 4261 quidem

1849 4292 1973 4357 hac,
2000 4308 2106 4345 non
2132 4291 2382 4360 religiosa
2414 4290 2525 4344 illic
2547 4289 2801 4358 angelum
2835 4288 3148 4354 precatione
3167 4283 3431 4346 invocari,

1848 4384 1941 4436 sed
1972 4382 2245 4436 rhetorica
2286 4383 2552 4436 duntaxat
2586 4380 2916 4449 apostmpha
2942 4376 3234 4448 appellari;
3261 4374 3433 4427 altera

1852 4475 1975 4538 ista,
2012 4474 2257 4542 spurium
2286 4488 2411 4528 esse
2462 4474 2605 4527 hunc
2638 4472 2839 4537 locum,
2872 4480 2929 4525 et
2973 4469 3218 4522 adultera
3269 4482 3431 4520 manu

1849 4565 2145 4619 insertum:
2174 4580 2295 4634 qute
2322 4565 2492 4635 gratis
2515 4566 2681 4629 dicta,
2710 4573 2765 4618 et
2798 4562 2985 4617 solidis
3009 4560 3174 4614 nullis
3207 4560 3433 4628 probata

1849 4656 2181 4724 argumentis
2198 4657 2368 4725 gratis
2387 4656 2572 4725 negari
2605 4666 2851 4724 possunt.
2871 4655 3067 4708 Fateor
3088 4652 3435 4720 apostrophis

1849 4750 2141 4820 aliquando
2194 4749 2387 4805 Patres
2440 4750 2556 4816 uti;
2607 4750 2935 4819 apostropha
2990 4749 3079 4802 hic
3112 4763 3269 4801 usum
3310 4760 3441 4802 esse

1849 4842 2163 4912 Origenetn,
2199 4842 2251 4899 id
2280 4858 2412 4898 vero
2454 4857 2711 4911 pernego.
2756 4841 3026 4906 Profecto,
3058 4842 3101 4894 si
3136 4842 3222 4894 cui
3259 4841 3431 4893 htl'l'e-

1850 4935 1956 4989 tico
1988 4935 2349 4988 invoeandum
2388 4934 2649 5004 Spiritum
2706 4946 2957 4988 sanctum
3011 4933 3171 4987 hodie
3207 4930 3435 5000 neganti

1849 5028 2155 5083 testimonia
2191 5027 2411 5080 Patrum
2439 5041 2561 5081 eum
2594 5028 2965 5081 invocantium
2988 5025 3351 5095 objiciuntur;
3383 5024 3435 5077 is

1846 5134 1978 5174 vero
2006 5120 2365 5188 apostrophas
2391 5118 2490 5173 has
2528 5134 2661 5173 esse.
2700 5121 3045 5186 respondeat,
3084 5132 3279 5187 magna
3308 5131 3432 5171 esse

1848 5212 2065 5266 dicetur
2091 5214 2463 5279 responsionis
2490 5213 2651 5281 hujus
2682 5211 2931 5267 futilitas.
2968 5212 3076 5265 Nec
3099 5211 3269 5264 altera
3298 5224 3433 5263 veru

1848 5303 2308 5359 felicior:Crtt-ca
2356 5307 2591 5361 hotnilite
2634 5304 2797 5373 hujus
2847 5303 3177 5372 exemplaria
3211 5303 3430 5355 deside-

1847 5399 1955 5452 rari
1988 5400 2178 5462 aiunt;
2209 5399 2517 5455 elaboratas
2549 5412 2678 5452 vero
2705 5411 2826 5451 esse
2852 5412 2881 5449 a
2927 5396 3120 5451 Ruﬁno
3149 5403 3202 5450 et
3232 5393 3427 5446 lliero‘
3477 5418 3487 5425 -

1845 5504 2008 5561 nynto
2040 5492 2534 5563 interpretationes,
2564 5506 2794 5561 quorum
2819 5492 2891 5547 sit
2917 5490 3050 5545 levis
3073 5490 3125 5543 in
3155 5490 3425 5557 interpre-

1849 5666 1971 5705 cum
2000 5665 2246 5721 pugnans
2274 5650 2633 5721 conquestio.
2656 5668 2675 5701 ι
2712 5648 2845 5721 Vide
2900 5658 2954 5703 et
2998 5646 3208 5721 Butlum
3239 5646 3290 5700 in
3321 5644 3429 5721 De-

1847 5721 1980 5788 fens.
2001 5717 2140 5845 ’ἦςὶ
2171 5717 2430 5775 ~Nica'me
2452 5760 2467 5786 ,
2498 5721 2565 5776 de
2599 5719 2718 5774 Filii
2757 5718 2837 5790 τῷ
2869 5718 3160 5791 ὀμοουσίῳ,
3191 5732 3314 5787 «ap.
3374 5717 3431 5779 ί),

1846 5806 1997 5845 num.
2111 5828 2123 5844 .
