3898 6518
494 418 589 473 891

1758 416 1820 472 Ρ.
1862 415 2181 472 DANIELIS
2221 415 2456 471 IIUE'I'II

3588 420 3666 475 89%

496 532 661 584 tando
721 530 885 595 ﬁdes;
941 529 1328 599 apostropham
1370 527 1605 598 denique
1660 528 1805 583 illam
1864 545 1985 585 esse
2036 546 2064 583 a
2096 534 2141 590 Α
2172 529 2453 598 praetendit
2482 529 2564 583 vir
2588 527 2825 598 alioquin
2856 527 3069 583 eximiae
3099 528 3409 583 eruditionis
3427 530 3667 589 GerJoan.

493 623 634 693 διδ-10
658 621 905 690 Origenis
928 621 1177 675 alienant.
1212 622 1432 676 Certum
1460 631 1539 675 est
1557 621 1898 675 homiliarum
1929 624 2059 675 ista-

495 730 613 767 rum
653 714 708 767 in
741 712 1067 766 Ezecldelem
1107 714 1461 782 interpretem
1493 728 1614 767 esse
1651 712 2060 783 Hieronymum;

491 822 651 875 quem
682 805 726 859 si
762 804 1059 858 fateremur
1090 805 1203 858 lnec
1228 806 1293 858 de
1321 820 1421 858 suo
1456 805 1714 868 assuisse,
1778 803 1933 859 lateri
1969 820 2063 858 co-

492 898 751 956 gerentur
778 889 964 957 utique
1004 890 1325 954 adversarii,
1359 891 1404 945 si
1449 892 1627 946 minus
1650 891 1965 962 Origenem,
2008 902 2065 945 at

489 990 641 1035 certe
672 978 1066 1049 Ilieronymum
1110 981 1423 1046 angelorum
1459 981 1854 1036 invocationem
1881 998 2066 1036 exem-

491 1072 577 1140 plo
603 1086 703 1124 suo
738 1069 1141 1139 comprobasse.
1176 1076 1244 1125 At
1298 1088 1431 1127 sane
1474 1087 1536 1126 ea
1575 1073 1894 1142 exceptione
1928 1088 2064 1142 opus

492 1179 595 1215 non
627 1172 729 1215 est.
774 1162 930 1232 Sche
961 1178 1020 1217 se
1048 1165 1127 1218 ait
1174 1163 1557 1235 Hieronymus,
1593 1176 1648 1219 et
1683 1180 1783 1219 nos
1814 1164 1939 1220 alibi
1969 1167 2066 1220 do-

489 1254 724 1317 cuimus,
750 1255 1043 1308 verborum
1096 1271 1379 1309 numerum
1420 1256 1471 1309 in
1504 1257 1916 1325 interpretando
1956 1273 2061 1311 non

492 1341 813 1405 reddidisse,
851 1342 1153 1396 sententias
1183 1344 1449 1397 duntaxat
1485 1342 1810 1412 appendisse
1842 1362 1855 1398 :
1894 1343 2061 1398 verba

494 1431 818 1500 neglexisse,
858 1445 1053 1483 sensus
1087 1430 1319 1484 ﬁdeliter
1366 1431 1678 1487 retinuisse.
1708 1432 1909 1486 Demus
1956 1432 2062 1486 ita-

491 1534 596 1587 que
618 1520 733 1573 hzec
761 1520 1058 1585 αὑτολεξεὶ,
1084 1522 1129 1575 si
1160 1520 1316 1584 forte,
1355 1522 1407 1576 in
1429 1521 1631 1577 Graecis
1666 1523 1737 1577 ita
1768 1539 1872 1577 non
1898 1524 2067 1578 exsti-

495 1612 656 1676 tisse;
688 1612 815 1665 dent
842 1613 1001 1666 modo
1033 1612 1329 1667 adversarii
1365 1614 1695 1669 sententiam
1722 1616 1920 1683 ipsam,
1956 1630 2064 1683 qua

493 1702 668 1772 angeli
702 1706 1016 1758 continetur
1039 1705 1333 1772 invocatio,
1363 1705 1505 1759 nulla
1533 1716 1685 1774 parte
1714 1705 1879 1760 fuisse
1907 1707 2066 1760 vitia-

495 1804 627 1846 tam.
659 1794 816 1860 Quod
834 1796 1039 1850 addunt
1065 1807 1245 1850 autem
1276 1798 1625 1866 apostrOphis
1648 1797 1952 1864 huiusmodi
1985 1799 2062 1853 uti

2169 620 2389 675 Vossius
2426 619 2520 673 lib.
2559 634 2574 673 ι
2611 618 2688 672 De
2732 620 2867 687 orig.
2911 619 3065 685 ido!.,
3107 634 3226 690 cap.
3260 622 3311 674 9.
3352 618 3506 676 Porro
3545 639 3669 691 quam

2164 715 2346 784 priore
2377 712 2497 767 loco
2525 713 2873 767 adhibuimus
2921 716 3347 783 reSponsionem,
3393 731 3498 769 eam
3536 717 3668 784 ipsam

2166 818 2427 874 usurpare
2468 802 2581 858 fere
2624 804 2747 857 licet
2794 807 3056 857 adversus
3087 804 3203 859 loca
3245 806 3413 875 aliqua
3454 806 3670 876 Origenit,

2164 896 2502 965 aliorumque
2524 894 2773 958 Patrum,
2816 896 3014 965 quibus
3063 897 3171 952 Deo
3201 897 3319 961 soli,
3361 914 3452 951 nec
3474 900 3672 968 cuiquam

2168 997 2430 1056 prtcterea
2462 987 2637 1040 cultus
2678 1002 2739 1040 ac
2770 987 2904 1041 ﬁdes
2936 988 3222 1043 tribuenda
3251 989 3613 1057 pronuntiatur,
3637 1000 3676 1044 et

2167 1079 2365 1144 quibus
2393 1089 2666 1147 receptam
2702 1094 2730 1130 a
2761 1077 3058 1134 Catholicis
3103 1080 3409 1149 angelorum
3438 1081 3675 1135 invocatio-

2169 1184 2314 1233 nem,
2346 1178 2400 1223 et
2434 1170 2501 1223 ad
2534 1183 2722 1237 preces
2760 1180 2976 1225 nostras
3007 1168 3115 1223 Deo
3146 1169 3442 1225 oﬂ‘erendas
3460 1172 3680 1240 allegatio-

2168 1274 2289 1313 nem
2332 1258 2652 1327 impugnare
2681 1260 2900 1313 student
2932 1260 3229 1315 adversarii
3271 1277 3287 1314 :
3320 1260 3454 1313 inter
3482 1277 3597 1329 quos
3617 1272 3679 1315 ta-

2167 1365 2289 1405 men
2324 1349 2596 1415 nonnulli,
2627 1352 2732 1405 viri
2757 1352 2976 1406 candidi
3007 1363 3061 1407 et
3089 1352 3310 1417 eruditi,
3343 1355 3548 1407 veritate
3570 1356 3681 1425 quip-

2167 1457 2235 1511 pe
2289 1442 2441 1507 victi,
2500 1442 2815 1512 angelorum
2872 1444 3318 1499 intercessionem
3381 1454 3435 1499 et
3479 1446 3679 1514 postulari

2167 1548 2345 1603 posse,
2374 1541 2429 1586 et
2461 1533 2739 1602 impetrari
2770 1534 3027 1589 fatentur.

2239 1623 2510 1681 XXXVII.
2545 1628 2876 1680 Accusatum
2912 1626 3040 1682 olim
3078 1626 3217 1682 l'also
3253 1626 3525 1697 Origenem
3560 1628 3683 1682 refert

2168 1731 2469 1787 anonymus
2497 1718 2637 1785 apud
2669 1716 2921 1771 Photium
2950 1718 3256 1782 cod.cxvu,
3286 1731 3407 1770 cum
3436 1715 3593 1770 multis
3614 1732 3685 1770 no-

2170 1810 2426 1877 minibus,
2471 1818 2581 1863 ttnn
2633 1809 2835 1864 idcirco
2864 1810 3005 1877 quod
3039 1809 3410 1873 allirmaverit,
3444 1808 3517 1861 ὅτι
3544 1808 3599 1863 τὰ
3616 1826 3682 1879 χε-

492 1886 779 1955 Origenem
814 1902 919 1938 non
979 1886 1196 1954 solere;
1255 1888 1305 1941 id
1337 1889 1554 1957 quidem
1589 1890 1640 1943 in
1691 1892 1850 1946 tomis
1879 1906 2065 1945 verum

2173 1900 2374 1971 ρουϐὶμ
2412 1901 2644 1954 ἐπίνοιαι
2673 1900 2769 1954 τοῦ
2800 1900 2931 1953 Υἱοῦ
2966 1901 3104 1953 εἰσιν
3124 1915 3138 1929 ⁸
3173 1917 3192 1950 ι
3216 1898 3553 1955 Clterubimos
3579 1901 3687 1969 cogi-

492 1994 617 2033 esse
635 1980 1008 2045 concedimus,
1045 1980 1096 2033 in
1130 1980 1363 2035 homiliis
1396 1998 1501 2036 non
1539 1983 1688 2048 item,
1720 1999 1842 2053 qua:
1878 1982 2063 2052 hujus-

496 2073 638 2124 modi
669 2072 956 2141 pigmentis
982 2081 1036 2126 et
1063 2072 1248 2142 ﬁguris
1271 2074 1313 2127 si
1339 2089 1442 2127 non
1472 2075 1715 2141 refertae,
1766 2092 1829 2130 ac
1852 2077 2067 2145 penitus

495 2172 642 2217 certe
667 2177 848 2216 vacuae
878 2176 984 2215 non
1012 2164 1381 2229 suntaAudivi
1405 2167 1666 2235 quosdam
1700 2176 1961 2235 pneterea
1990 2182 2058 2221 ex

493 2254 681 2307 eadem
712 2264 885 2318 secta,
907 2254 1086 2324 angeli
1116 2256 1331 2310 nomine
1353 2267 1595 2312 notatum
1632 2258 1719 2313 hic
1748 2260 2063 2328 episcopum

495 2355 806 2401 asserentes
834 2386 850 2412 ,
887 2347 1349 2415 quemadmodum
1401 2348 1800 2419 Apocalypseos
1854 2364 1976 2419 cap.
2025 2365 2067 2404 ιι

494 2446 553 2490 et
596 2453 658 2492 ιιι
694 2437 885 2491 eadem
939 2436 1256 2507 angelorum
1291 2438 1650 2506 appellatione
1702 2439 2064 2493 Asiaticarum

495 2528 866 2584 Ecclesiarum
917 2530 1155 2599 episcopi
1221 2529 1620 2598 signiﬁcantur.
1677 2529 1914 2584 Puderet
1949 2530 2069 2586 illos

496 2635 606 2675 sua:
628 2621 996 2690 responsionis
1019 2621 1064 2675 si
1087 2621 1252 2674 totius
1283 2620 1383 2674 loci
1400 2621 1788 2676 cohaerentiam
1810 2625 2070 2678 attentius

500 2711 921 2782 perspicerent,
969 2710 1022 2764 in
1072 2726 1180 2777 quo
1243 2711 1555 2766 tutelarium
1605 2712 1963 2783 angelorum,
2003 2715 2070 2769 ad

495 2804 803 2873 exemplum
851 2803 1075 2868 Christi,
1109 2813 1168 2858 ut
1200 2804 1304 2858 sibi
1345 2804 1560 2874 quidem
1592 2804 1830 2873 ﬁngebat
1876 2804 2068 2877 Orige-

497 2912 615 2961 nes,
648 2897 713 2951 de
738 2895 878 2951 cmlo
904 2896 1369 2960 descendentium,
1395 2908 1449 2950 et
1484 2896 1735 2987 hananze
1762 2897 1953 2953 salutis
1979 2914 2073 2953 cu-

496 3002 612 3041 ram
635 2986 1044 3057 suscipientium
1075 2985 1356 3039 manifesta
1382 2985 1607 3040 habetur
1640 2987 1863 3041 mentio.
1899 2988 2071 3043 Verba

498 3080 614 3133 haec
646 3088 773 3133 sunt
804 3096 818 3134 :
850 3096 870 3130 ι
894 3079 1007 3132 Non
1030 3077 1223 3132 suﬁieit
1246 3093 1410 3131 unum
1445 3077 1641 3133 cadum
1676 3079 1870 3148 aperiri
1901 3096 1915 3133 :
1946 3094 2075 3149 ape-

499 3174 715 3226 riuntur
745 3172 984 3241 plurimi,
1013 3181 1071 3226 ut
1103 3172 1435 3226 descendant
1479 3187 1583 3225 non
1619 3171 1687 3225 ab
1719 3188 1846 3236 uno,
1889 3175 1981 3228 sed
2004 3176 2072 3229 ab

496 3265 747 3318 munibus
775 3264 928 3319 ctelis
962 3265 1133 3333 angeli
1167 3268 1232 3318 ad
1262 3281 1357 3318 eos
1378 3264 1469 3333 qui
1500 3263 1741 3318 salvandi
1769 3276 1897 3319 sunt
1932 3282 1947 3319 :
1979 3282 2073 3320 an-
2100 3248 2143 3307 (ἶ

497 3356 713 3425 geliqui
764 3358 1131 3412 ascendebant
1163 3367 1218 3410 et
1242 3358 1643 3412 descendebant
1687 3372 1849 3427 super
1879 3358 2073 3415 Filium

499 3450 751 3515 hominis,
785 3460 841 3504 et
869 3459 1217 3505 accesserunt
1243 3450 1308 3502 ad
1330 3465 1473 3513 eum,
1507 3459 1565 3504 et
1591 3450 1969 3505 ministrabant
2001 3452 2071 3506 ei.

500 3540 905 3595 Descenderunt
944 3551 1124 3594 autem
1156 3539 1353 3609 angeli,
1387 3540 1513 3609 quia
1541 3542 1693 3609 prior
1725 3542 2078 3598 descenderat

497 3631 772 3697 Christus,
808 3643 1112 3686 metuentes
1144 3630 1493 3699 descendere,
1536 3632 1847 3703 priusquam
1898 3633 2080 3689 Domi-

501 3740 601 3777 nus
623 3724 880 3778 virtutum
913 3724 1179 3786 Omnium,
1212 3737 1498 3792 rerumque
1530 3726 1866 3795 przeciperet.
1898 3726 2079 3792 Quan-

500 3817 571 3868 do
614 3826 793 3870 autern
841 3817 1093 3870 viderunt
1139 3814 1447 3885 P-rincipem
1490 3816 1695 3873 militiae
1738 3818 1974 3874 caelestis
2022 3820 2077 3874 in

502 3908 852 3963 terrestribus
919 3906 1050 3961 locis
1104 3908 1451 3974 commorari,
1508 3918 1633 3963 tunc
1685 3925 1779 3980 per
1834 3920 2077 3979 apertam

501 4001 642 4052 viam
686 3998 911 4068 ingressi
963 4007 1090 4053 sunt
1139 4009 1425 4069 sequentes
1464 4000 1747 4056 Dominum
1786 4018 1966 4069 suum,
2026 4014 2080 4059 et

500 4101 751 4160 parentes
781 4091 1042 4146 voluntati
1078 4092 1216 4162 ejus,
1259 4092 1350 4160 qui
1386 4093 1665 4149 distribuit
1702 4110 1793 4151 eos
1828 4098 2080 4153 custodes

500 4182 838 4235 credentium
871 4182 1069 4235 nomini
1095 4196 1216 4236 suo.
1252 4181 1330 4234 Τιι
1363 4181 1478 4236 heri
1519 4184 1619 4238 sub
1647 4184 1910 4240 damonio
1930 4200 2076 4251 eras,

503 4274 662 4328 hodie
688 4274 787 4327 sub
818 4274 1030 4343 angelo.
1058 4293 1077 4325 ι
1117 4273 1318 4328 Deinde
1348 4291 1361 4327 :
1394 4293 1411 4324 ι
1439 4272 1721 4329 Multitudo
1742 4276 1944 4331 militiae
1969 4290 2081 4331 cte-

506 4365 655 4419 lestis
714 4374 833 4419 erat
896 4366 1233 4420 laudantium
1293 4378 1349 4422 et
1407 4369 1820 4437 gloriﬁcantium
1874 4367 2075 4433 Deum;

504 4456 717 4522 quando
769 4464 925 4510 natus
963 4466 1045 4511 est
1094 4456 1364 4511 Christus.
1422 4457 1615 4512 Omnia
1669 4458 1878 4527 angelis
1921 4459 2077 4528 plena

504 4554 649 4598 sunt.
686 4544 852 4611 Veni,
899 4548 1104 4616 angele,
1135 4549 1351 4618 suscipe
1372 4563 1621 4603 sermone
1660 4562 1978 4604 conversum
2010 4548 2079 4603 ab

504 4650 693 4690 errore
713 4637 965 4705 pristino.
993 4657 1012 4689 ι
1049 4638 1235 4692 Robur
1264 4638 1346 4692 his
1368 4637 1581 4690 additur
1605 4652 1671 4691 ex
1704 4638 1805 4693 hoc
1836 4639 2078 4694 testimo-

507 4728 597 4781 nio
629 4727 813 4781 bomil.
854 4728 923 4781 25
953 4730 1007 4782 in
1034 4728 1164 4785 Luc.
1198 4745 1220 4785 :
1254 4748 1274 4783 ι
1299 4731 1407 4797 Ego
1436 4745 1541 4783 non
1573 4730 1787 4799 ambigo
1809 4738 1863 4783 et
1892 4732 1943 4784 in
1971 4746 2080 4786 cm-

506 4831 561 4875 tu
590 4830 774 4875 nostro
794 4821 983 4877 adesse
999 4823 1235 4893 angelos,
1266 4839 1369 4878 non
1395 4824 1564 4880 solum
1590 4823 1911 4893 generaliter
1931 4825 2077 4878 omni

506 4912 785 4976 Ecclesia},
821 4914 914 4967 sed
952 4914 1113 4969 etiam
1146 4915 1460 4985 sigillatim;
1498 4917 1562 4969 de
1596 4917 1791 4984 quibus
1829 4913 2080 4968 Salvator

414 5080 419 5085 Ξ
507 5005 581 5059 ait
610 5023 625 5059 :
657 5005 842 5075 Angelt'
872 5022 1052 5059 eorum
1082 5023 1285 5075 semper
1319 5007 1493 5061 vident
1531 5007 1720 5073 [aciem
1769 5006 1947 5059 Patris
1978 5006 2081 5059 mei

505 5096 597 5165 qui
624 5096 678 5149 in
712 5097 857 5151 caelia
896 5108 970 5150 est
994 5096 1061 5153 ".
1098 5092 1302 5166 Duplex
1334 5096 1422 5150 hic
1465 5098 1622 5151 adest
1655 5096 1917 5162 Ecclesia,
1968 5111 2074 5149 una

509 5188 813 5253 hominum,
838 5188 1007 5242 altera
1040 5191 1374 5257 angelorum.
1401 5188 1459 5243 Si
1478 5188 1605 5257 quid
1629 5188 1785 5257 juxta
1810 5189 2074 5242 rationem

508 5289 565 5333 et
588 5279 741 5346 juxta
776 5279 1179 5348 Seripturarum
1207 5280 1437 5334 dicimus
1454 5277 1805 5341 voluntatem,
1832 5276 2081 5331 laetantur

458 5436 467 5444 .
510 5370 707 5438 angeli,
744 5379 800 5424 et
832 5383 991 5424 orant
1021 5370 1320 5425 nobiscum.
1354 5390 1370 5421 ι
1402 5372 1589 5438 Itaque
1629 5368 1971 5438 perspicuum
1999 5377 2083 5423 est

514 5477 617 5514 non
645 5461 955 5529 episcopmn
982 5462 1353 5529 interpellasse
1380 5460 1667 5529 Origenem
1702 5459 1754 5514 in
1784 5461 1964 5527 priore
1991 5459 2081 5513 illo

516 5553 655 5618 loco,
688 5555 781 5607 sed
815 5558 1063 5620 angelum
1098 5555 1394 5609 invocasse.
1431 5550 1705 5604 Incassum
1739 5565 1867 5621 ergo
1896 5549 1961 5603 ad
1985 5564 2082 5603 an-

516 5643 756 5711 gelorum
789 5646 1179 5714 repudiandum
1198 5645 1397 5699 cultum
1424 5643 1671 5715 Origcnis
1701 5641 2077 5699 auctoritatem

592 5840 635 5873 "
669 5843 851 5897 Matth.
894 5858 1044 5910 mn,
1080 5840 1162 5899 l0.

2168 1991 2401 2045 taliones
2423 1989 2540 2043 Filii
2564 2006 2701 2045 esse.
2731 2010 2750 2041 ι
2780 1989 3001 2044 Crimen
3030 1990 3173 2043 istud
3208 1988 3475 2058 quomodo
3502 1991 3559 2043 ab
3584 1990 3685 2040 Ada-

2167 2082 2373 2135 mantio
2400 2080 2660 2149 depulerit
2684 2094 2984 2149 anonymus
3010 2078 3131 2139 iste,
3156 2078 3407 2147 equidem
3433 2077 3618 2141 nescio;
3639 2092 3685 2129 et

2167 2171 2346 2227 Photii
2382 2178 2560 2223 tamen
2593 2168 2775 2222 verbis
2821 2168 2872 2222 id
2906 2167 3121 2221 videtur
3159 2166 3444 2235 consequi,
3487 2176 3687 2234 tanquam

2167 2262 2302 2317 falso
2330 2260 2588 2324 conﬁcta,
2614 2271 2667 2314 et
2695 2259 2915 2328 Origeui
2945 2274 3042 2328 per
3062 2258 3392 2312 calumniam
3424 2258 3621 2326 impacta
3638 2258 3687 2308 ab

2169 2356 2271 2409 hoc
2316 2350 2434 2420 ejus
2465 2359 2693 2419 patrono
2732 2350 2898 2403 fuisse
2936 2349 3236 2404 confutata.
3268 2347 3619 2403 Verumtamen
3647 2355 3689 2399 ut

2169 2446 2297 2501 illud
2325 2447 2392 2499 ab
2412 2443 2647 2513 Origene
2678 2443 2937 2511 scriptum
2958 2441 3173 2501 demus.
3206 2440 3415 2510 liquido
3444 2450 3600 2492 tamen
3625 2438 3687 2505 ju-

2172 2535 2422 2596 raverim,
2456 2542 2513 2587 ut
2551 2531 2655 2585 alia
2688 2531 2802 2585 fere
2836 2531 3044 2595 omnia,
3074 2531 3154 2585 sie
3181 2545 3243 2584 ea
3279 2544 3490 2599 quoque
3513 2527 3689 2599 cmmo-

2172 2626 2338 2699 ρικῶς
2368 2626 2541 2693 ipsum
2574 2623 2939 2693 proposuisse.
2979 2621 3176 2675 Eadem
3229 2621 3413 2690 itaque
3456 2620 3605 2673 valeat
3629 2620 3692 2671 hic

2172 2716 2475 2788 responsio,
2521 2729 2627 2783 qua
2660 2714 2727 2767 ad
2770 2728 2891 2766 eum
2924 2727 3087 2781 supra
3129 2711 3497 2765 excusandum
3528 2708 3594 2763 usi
3625 2722 3690 2763 50°

2173 2824 2313 2873 nms,
2354 2824 2476 2863 cmn
2515 2806 2714 2861 Filium
2750 2814 2805 2859 et
2837 2804 3102 2874 Spiritum
3154 2813 3409 2858 sanctum
3454 2804 3572 2857 duos
3604 2815 3693 2854 esse

2175 2902 2548 2973 Seraphimos,
2577 2909 2631 2954 et
2658 2898 2933 2953 Christum
2971 2910 3185 2967 quoque
3218 2897 3394 2950 virum
3424 2911 3535 2951 eum
3576 2896 3691 2949 sterio

2178 2994 2284 3049 lem
2346 3008 2469 3047 esse
2527 2991 2766 3056 diceret,
2821 3002 2983 3059 quem
3041 2997 3433 3044 commemorat
3483 2985 3693 3042 Ieremia:

2173 3101 2295 3155 cap.
2328 3098 2466 3147 xxn,
2500 3097 2642 3136 vers.
2666 3079 2758 3135 50.

2244 3174 2535 3232 XXXVIII.
2578 3174 3074 3231 Animadvertimus
3111 3188 3272 3241 supra
3327 3174 3524 3228 diversa
3549 3172 3691 3242 Orige-

2178 3288 2297 3327 nem
2329 3269 2534 3340 angelis
2563 3284 2629 3322 ac
2663 3268 2999 3323 dmmonibus
3038 3266 3315 3320 aﬁinxisse
3345 3282 3573 3334 corpora,
3594 3266 3692 3319 citra

2179 3364 2341 3418 ullum
2367 3361 2557 3425 οὐσίας
2590 3370 2645 3416 et
2685 3368 2893 3414 natura:
2923 3360 3239 3413 discrimen.
3283 3357 3367 3412 Ex
3397 3373 3458 3414 ea
3494 3358 3693 3428 Opinione

2179 3465 2303 3509 nata
2338 3466 2421 3509 est
2451 3454 2541 3508 illa
2578 3454 2769 3517 altera,
2797 3450 3038 3506 crassius
3064 3450 3185 3515 hoc,
3216 3459 3269 3504 et
3307 3450 3419 3504 aeri
3450 3457 3609 3503 nostro
3629 3458 3694 3497 co-

2176 3556 2396 3617 gnatum
2427 3545 2730 3599 daemonum
2759 3560 2976 3616 corpus,
3002 3558 3090 3597 res
3121 3541 3204 3597 sui
3232 3542 3447 3611 generis
3474 3547 3696 3609 appetere.

2177 3637 2386 3693 suﬁitns
2420 3647 2567 3707 puta,
2606 3646 2656 3692 et
2693 3638 2909 3692 nidores
2945 3636 3369 3693 sacriﬁciorum.
3426 3646 3487 3686 ac
3524 3626 3697 3695 sangui-

2178 3746 2300 3784 nem
2327 3731 2489 3783 etiam
2515 3731 2859 3783 victimarum
2898 3729 3153 3795 ligurire;
3184 3743 3283 3782 nec
3326 3727 3389 3780 iis
3417 3734 3600 3777 tantum
3628 3720 3698 3770 de-

2179 3822 2386 3886 lectari,
2436 3824 2577 3891 quod
2608 3824 2852 3877 homines
2902 3820 3218 3875 idololatriae
3266 3818 3475 3873 deditos
3506 3826 3607 3867 esse
3640 3809 3699 3859 vi-

2179 3913 2363 3978 deant,
2407 3916 2500 3968 sed
2550 3915 2715 3968 etiam
2756 3921 2976 3982 propter
3017 3910 3357 3977 voluptatem
3408 3923 3469 3961 ac
3511 3900 3698 3959 delicias

2179 4004 2378 4072 quibus
2414 4019 2602 4059 eorum
2642 4019 2872 4073 corpora
2913 4001 3241 4057 aﬁiciuntur.
3279 3998 3535 4068 Origenes
3557 3994 3630 4046 lib.
3658 4002 3698 4041 ιιι

2177 4103 2360 4147 contra
2393 4094 2556 4159 Cels.,
2609 4110 2758 4148 nttm.
2794 4096 2860 4148 57
2894 4113 2907 4149 :
2938 4094 3147 4157 Πάντες
3192 4091 3314 4161 μὲν,
3346 4088 3531 4156 inquit,
3555 4086 3593 4135 οἱ
3622 4079 3702 4131 θεοὶ

2177 4184 2286 4238 τῶν
2311 4184 2479 4237 ἐθνῶν
2508 4187 2613 4237 εἰσι
2645 4184 2897 4254 δαιμόνια
2931 4183 3110 4253 λιχνὰ,
3142 4182 3234 4234 καὶ
3272 4180 3402 4249 περὶ
3432 4177 3521 4239 τὰς
3539 4171 3700 4227 θυσίας,

2178 4276 2274 4329 καὶ
2324 4276 2393 4329 τὰ
2434 4277 2661 4346 αἵματα,
2696 4275 2792 4327 καὶ
2827 4274 2925 4337 τὰς
2952 4274 3060 4326 ἀπὸ
3092 4273 3197 4325 τῶν
3242 4268 3445 4323 θυσιῶν
3480 4258 3705 4354 timor-1935

2178 4367 2587 4436 καλινδούμενα,
2624 4366 2715 4417 ἐπὶ
2735 4365 2918 4435 ἀπάτῃ
2936 4362 3042 4417 τῶν
3071 4363 3144 4433 μὴ
3168 4355 3629 4432 προσπεφευγότων
3650 4363 3708 4413 τφ

2178 4459 2272 4513 ἐπὶ
2313 4460 2448 4511 πᾶσι
2495 4456 2644 4528 Θεῷ·
2680 4466 2736 4510 et
2770 4457 2863 4513 lib.
2889 4472 2959 4509 vn
3005 4464 3291 4524 sequente,
3332 4467 3477 4505 ttulit.
3514 4446 3561 4511 5,
3593 4449 3702 4511 posi-

2112 4591 2154 4645 D
2182 4565 2343 4618 quam
2367 4548 2515 4617 ldixit
2551 4547 2777 4616 spiritus
2806 4546 3071 4617 quosdam
3113 4546 3357 4612 impuros
3390 4544 3528 4598 circa
3553 4545 3705 4633 terrain

2182 4642 2398 4709 degere.
2431 4640 2534 4693 hoc
2562 4637 2819 4706 subiicit:
2860 4636 3021 4707 Δηλοῖ
3052 4636 3109 4689 δὲ
3152 4635 3212 4688 τὸ
3244 4634 3481 4687 τοιοῦτον
3512 4628 3618 4689 τοὺς
3634 4621 3705 4676 αὖ·

2179 4732 2307 4794 τοὺς
2340 4728 2630 4800 τυγχάνειν
2667 4728 2762 4781 καὶ
2785 4727 2866 4793 τὸ,
2899 4729 3019 4790 ταῖς
3058 4725 3167 4779 ἀπὸ
3194 4724 3301 4777 τῶν
3331 4720 3525 4777 θυσιῶν
3556 4712 3707 4769 ἀναθυ-

2185 4824 2401 4894 μιάσεσι
2439 4822 2534 4875 καὶ
2566 4822 2682 4883 ταῖς
2716 4819 2823 4872 ἀπὸ
2851 4818 2959 4870 τῶν
2996 4818 3243 4888 αἱμάτων
3267 4815 3362 4868 καὶ
3386 4801 3708 4874 ὁλοκαυτωμά-

2179 4932 2288 4969 των
2316 4914 2620 4984 ἀποφοραῖς
2649 4910 2958 4983 τρεφόμενα
2991 4909 3170 4963 αὐτῶν
3207 4908 3276 4961 τὰ
3313 4905 3548 4975 σώματα,
3590 4895 3708 4967 φιλτΓ

2180 5005 2473 5059 δονούντων
2526 5006 2639 5066 τοῖς
2694 5002 2979 5065 τοιούτοις,
3029 5002 3117 5053 ἐπ’
3158 4999 3287 5054 αὐτὸ
3336 4994 3603 5065 τυγχάνειν
3636 4999 3706 5036 τοι

2174 5095 2414 5166 ὡσπερεὶ
2444 5093 2724 5163 φιλοζωεῖν
2747 5110 2762 5124 ·
2805 5104 2858 5147 et
2882 5094 2976 5147 lib.
3012 5107 3127 5157 vui,
3151 5106 3297 5143 nunt.
3322 5087 3428 5141 50:
3456 5085 3529 5137 Τὰ
3553 5082 3600 5133 δὲ
3626 5090 3710 5166 FW

2177 5185 2301 5251 κτὰ,
2328 5163 2422 5238 τοῦ
2468 5186 2701 5255 αἵματος
2744 5184 2819 5257 μὴ
2863 5183 3230 5255 ὲκκριῢέντος,
3256 5182 3394 5250 ὅπερ
3425 5175 3575 5245 (pasti:
3604 5163 3708 5220 εἶναι

2179 5277 2384 5348 τροφὴν
2415 5274 2710 5345 δαιμόνων,
2755 5274 3106 5347 τρεφομένων
3140 5276 3260 5334 ταῖς
3298 5270 3393 5323 ἀπ’
3427 5262 3579 5320 αὑτοῦ
3614 5259 3708 5310 ἁνα-

2182 5366 2537 5437 Ουμιάσεσιν·
2569 5366 2902 5437 ἀπαγορεύει
2946 5367 2975 5417 ὁ
3008 5366 3185 5433 λόγος,
3230 5364 3315 5416 ἵνα
3358 5360 3432 5431 μὴ
3468 5350 3708 5426 τραφῶμεν

2186 5458 2359 5527 τροφῇ
2404 5458 2705 5533 δαιμόνων·
2752 5467 2808 5510 et
2850 5458 2901 5510 in
2937 5456 3266 5523 Protreptica
3319 5455 3387 5504 ad
3426 5445 3705 5533 martyrium,

2191 5522 2432 5601 nun—1:45
2464 5522 2679 5601 I"Eﬁ$i.
2725 5547 2782 5601 δέ
2816 5565 2961 5610 τινες
3011 5546 3084 5617 μὴ
3124 5522 3457 5616 Θεωροῦντες
3492 5537 3572 5589 τὸν
3614 5522 3706 5617 περὶ

2186 5638 2293 5693 τῶν
2318 5639 2584 5711 δαιμόνων
2606 5639 2782 5714 λόγον,
2820 5642 2913 5694 καὶ
2938 5616 3019 5703 ὡςν
3045 5637 3187 5710 ὑπὲρ
3223 5634 3315 5690 τοῦ
3344 5626 3643 5702 παραμένειν
3664 5616 3705 5666 έν
