3898 6528
195 433 308 490 895

1031 423 1609 482 ORIGENIANORUM
1652 421 1782 478 LIB.
1825 419 1891 484 ll,
1931 417 2090 476 CAP.
2131 417 2199 484 II,
2239 413 2517 482 ρωεετ.
2549 407 2639 466 Ἦ.

3360 400 3467 456 894

195 553 280 626 τῷ
309 552 472 620 πάχει
517 547 688 619 τούτῳ
716 547 810 600 καὶ
837 544 1097 616 περιγείῳ
1129 543 1274 616 ἀέρι,
1316 543 1556 615 δεόμενοι
1585 540 1792 613 τροφῆς
1821 591 1825 599 ,

1919 555 1951 593 ιι
1983 536 2188 592 nullam
2223 534 2492 589 inclinans
2519 539 2754 601 partem,
2781 525 3054 596 subiungit
3075 522 3290 578 tandem
3315 535 3466 575 num.

195 645 299 714 τῆς
332 640 421 696 διὰ
452 639 559 692 τῶν
593 633 1009 708 ἀναθυμιάσεων
1041 635 1389 705 ἐπιτηροῦσιν
1425 635 1558 687 ὅπου
1594 631 1786 686 κνίσσα

196 733 322 811 ἐστὶ
366 729 463 785 καὶ
512 729 742 802 αἵματα,
784 728 877 782 καὶ
907 724 1219 790 λιδανωτοὶ,
1253 722 1676 790 ἐξευτελίζουσιν
1713 719 1786 786 ὼς

199 809 495 896 ἀδιάφορον
520 821 580 879 τὸ
608 821 777 885 θύειν,
814 818 1061 890 εἴποιμεν
1090 817 1156 871 ἂν
1192 819 1284 871 καὶ
1317 805 1453 889 πρὸς
1476 814 1672 876 ταῦτα,
1705 813 1788 868 ὅτι

196 919 362 988 εἴπερ
381 919 430 969 οἱ
459 915 665 986 τροφάς
689 913 936 984 λῃσταῖς,
965 911 1061 964 καὶ⁸
1093 908 1334 979 φονεῦσι,
1371 908 1463 961 καὶ
1493 905 1790 978 βαρϐάροις

197 997 416 1079 ἐχθροῖς
440 1003 534 1057 τοῦ
563 1002 797 1074 μεγάλου
827 998 1091 1070 βασιλέως
1114 997 1458 1069 παρέχοντες,
1483 994 1559 1060 ὡς
1590 994 1651 1048 τὸ
1679 1011 1791 1048 κοι-

196 1093 294 1151 νὸν
325 1096 679 1166 ἀδικήσαντες
714 1091 1067 1156 κολάζονται·
1104 1090 1254 1159 πόσῳ
1288 1086 1448 1142 πλέον
1485 1090 1533 1143 οἱ
1555 1086 1665 1150 τοῖς
1689 1085 1790 1156 τῆς

197 1183 402 1248 κακίας
427 1184 725 1254 ὑπηρέταις
751 1179 839 1235 διὰ
868 1179 963 1234 τοῦ
1001 1178 1146 1232 θύειν
1178 1176 1410 1241 διδόντες
1441 1173 1644 1248 τροφὰς
1685 1192 1792 1228 πα-

198 1272 614 1350 ρακατεχούσσς
639 1273 834 1336 αὐτοὺς
877 1273 936 1325 ὲν
967 1270 1045 1342 τῷ
1071 1268 1334 1342 περιγείῳ
1381 1265 1552 1338 τόπῳ,
1591 1266 1793 1321 δικαιό-

196 1385 344 1422 τατα
376 1369 440 1423 ἂν
475 1366 806 1436 ὲγκαλοῖντο.

279 1461 336 1514 In
361 1458 549 1512 eadem
592 1471 753 1526 porro
775 1444 840 1508 ac
871 1451 1134 1522 Origenes
1161 1463 1326 1504 causa
1375 1457 1502 1502 sunt
1531 1446 1794 1502 vetustior

201 1552 307 1607 illo
333 1549 598 1610 Justinus.
628 1557 684 1603 et
721 1544 998 1603 recentior
1027 1541 1305 1598 Maternus
1329 1540 1623 1604 Firuiicus,
1644 1554 1795 1608 quo-

201 1660 331 1699 rum
369 1642 457 1696 ille
484 1640 701 1710 Apolog.
732 1653 748 1692 ι
784 1636 975 1691 scribit
1002 1638 1224 1704 angelos
1257 1631 1561 1702 perduelles
1585 1631 1638 1684 in
1673 1645 1794 1684 ser-

199 1734 436 1784 vitutem
463 1728 714 1782 homines
737 1723 1033 1794 redegisse,
1057 1738 1177 1776 cum
1207 1722 1328 1775 aliis
1350 1721 1543 1800 modis.
1575 1729 1686 1774 tum
1706 1717 1796 1772 διά

200 1818 431 1888 διδαχῆς
465 1815 720 1887 θυμάτων
765 1811 862 1866 καὶ
886 1811 1264 1887 θυμιαμάτων,
1293 1811 1388 1864 καὶ
1422 1808 1684 1871 σπονδῶν,
1720 1801 1796 1862 ὧν

1892 631 1926 684 5
1961 647 1976 684 :
2013 648 2032 680 ι
2058 629 2124 682 Et
2169 642 2268 681 nos
2292 615 2508 695 quidem
2538 628 2697 693 prout
2731 619 3020 690 potuimus,
3044 631 3111 670 ex
3132 612 3468 681 singulorum

1894 719 2146 790 personis
2193 733 2314 786 qua:
2344 715 2448 769 dici
2502 720 2730 782 possunt
2775 707 3152 778 disputationis
3195 718 3356 759 causa
3402 700 3470 755 de

1893 808 2121 880 singulis
2144 806 2490 876 dogmatibus
2522 804 2574 856 in
2602 801 2836 856 medium
2868 797 3204 868 protulimus.
3243 792 3342 859 Qui
3369 806 3473 846 au-

1895 911 2004 956 tem
2036 898 2188 971 legit,
2238 897 2402 966 eligat
2429 911 2497 951 ex
2533 895 2618 949 his
2644 907 2764 963 quae
2796 890 2969 960 magis
3009 883 3378 957 amplectenda
3400 881 3476 938 sit

1892 995 2054 1051 ratio.
2080 1011 2100 1046 ι
2149 991 2448 1046 Denuntiat
2483 997 2746 1058 praeterea
2788 1000 2894 1038 non
2931 981 3120 1045 semel,
3157 979 3475 1049 διαπορητι-

1894 1087 2010 1150 κῶς
2047 1098 2169 1141 sese
2199 1083 2492 1144 disserere,
2521 1094 2627 1133 non
2655 1073 3042 1145 καταφατικῶς
3066 1071 3239 1140 loqui,
3263 1057 3475 1138 siquan;

1894 1181 1964 1233 do
1987 1176 2136 1231 visus
2160 1184 2244 1228 est
2273 1172 2481 1243 aliquid
2511 1171 2578 1224 de
2604 1183 2668 1222 ea
2710 1183 2767 1221 re
2800 1176 3064 1228 statuere,
3097 1172 3282 1231 utpote
3303 1161 3477 1214 incer-

1897 1281 1976 1334 ta,
2019 1267 2254 1324 nondum
2280 1264 2534 1320 Ecclesiae
2573 1261 2812 1316 decretis
2845 1257 3171 1327 Origeuiano
3203 1267 3339 1315 atvo,
3376 1264 3476 1306 nec

1899 1361 2067 1417 multo
2107 1356 2504 1414 recentioribus
2525 1354 2780 1418 deﬁnita;
2812 1349 3264 1421 quemadmodum
3297 1344 3479 1398 decla-

1899 1453 2110 1509 rabitur
2147 1451 2397 1505 inl'erius.
2449 1447 2503 1502 Id
2539 1445 2828 1500 conﬁrmat
2862 1439 3170 1509 Pamphilus
3205 1437 3259 1491 in
3283 1434 3479 1504 Apolo-

1899 1547 2021 1617 gia;
2047 1541 2295 1613 quamvis
2324 1536 2720 1609 disputationes
2749 1531 3004 1603 Origenis
3026 1529 3104 1583 vel
3125 1511 3480 1590 assertiones,

1898 1653 2036 1708 quas
2080 1637 2150 1691 de
2199 1633 2395 1688 animae
2446 1638 2593 1685 statu
2638 1635 2692 1682 et
2739 1622 3142 1695 dispensatione
3179 1617 3480 1690 proposuit,

1899 1725 2188 1785 nonnullos
2225 1723 2474 1791 culpasse
2499 1719 2752 1776 fateatur.

1975 1816 2042 1874 ll.
2068 1815 2340 1886 Imprimis
2369 1823 2574 1876 autem,
2602 1810 2837 1864 maxima
2864 1806 2992 1862 illud
3015 1794 3482 1859 animadversione

202 1911 411 1973 ἐνδεεῖς
432 1907 706 1978 γεγόνασι,
760 1905 899 1979 μετὰ
920 1904 982 1960 τὸ
1016 1900 1244 1960 πάθεσιν
1273 1903 1578 1974 ἐπιθυμιῶν
1606 1901 1802 1956 δουλωα

1918 1911 2121 1980 lignutn
2154 1917 2260 1973 est,
2291 1921 2356 1959 ex
2400 1902 2649 1973 superius
2678 1907 2978 1954 memorato
3008 1897 3223 1967 gemino
3251 1894 3354 1949 hoc
3389 1893 3486 1947 do-

202 1997 396 2073 θῆναι,
445 2019 464 2052 ι
488 2000 730 2054 docendo
766 1996 1186 2057 sacriﬁciorum,
1255 1993 1526 2047 suﬁitnutn
1558 2001 1614 2046 et
1653 1991 1793 2044 Iiha-

207 2095 424 2148 tiouum
471 2093 627 2152 ritus,
665 2091 862 2159 quibus
915 2096 1028 2142 tum
1075 2086 1448 2155 indiguerunt,
1505 2092 1793 2154 postquam

203 2187 570 2255 cupiditatum
615 2181 990 2236 aﬁ'ectionibus
1039 2194 1162 2234 sese
1213 2178 1647 2234 submiserunt.»
1699 2173 1797 2228 I'Iic

205 2291 348 2331 vero
390 2291 509 2344 cap.
540 2274 608 2328 I4
647 2272 768 2328 libri
816 2268 890 2327 De
935 2287 1105 2328 error.
1148 2270 1361 2338 profan.
1405 2268 1558 2338 relig.
1605 2268 1798 2322 asserit

206 2367 576 2424 substantiam
610 2368 912 2421 dannonum
936 2378 965 2417 a
1002 2361 1216 2417 diabolo
1256 2371 1644 2431 prognatorum
1674 2373 1799 2414 san-

204 2461 385 2534 guine
414 2457 758 2514 victimarum
792 2455 1012 2510 nutriri.

793 2567 1121 2638 QUIESTIO
1145 2567 1236 2623 VI.

871 2675 938 2714 DE
969 2675 1158 2714 ANIIA.

206 2755 256 2816 1.
306 2756 383 2811 De
415 2755 605 2809 animae
633 2753 832 2822 origine
875 2753 1003 2821 quid
1025 2757 1276 2805 statueret
1315 2745 1565 2822 Origenes
1605 2753 1803 2797 certum

291 2845 396 2880 non
439 2826 642 2878 habuit.
682 2813 744 2877 ΙΙῖ
785 2822 869 2876 Ea:
887 2813 1128 2891 ilogmate
1157 2813 1574 2891 προῦπάρξεως,
1612 2827 1659 2867 et
1689 2831 1806 2880 per-

292 2897 436 2965 petui
473 2895 729 2948 libertatis
761 2910 884 2946 usus
924 2887 1155 2965 niaairna
1192 2887 1628 2965 Origenianorum
1653 2899 1802 2965 erro-

297 2953 415 3020 rum
459 2981 581 3034 pars
627 2965 901 3032 pro/luxit.
962 2953 1530 3034 III._Utr_m_i_t_'animas
1582 2953 1804 3006 rationis

298 3028 556 3103 compotes
581 3051 607 3087 e
627 3028 922 3086 substantia
956 3031 1131 3103 diriaa
1156 3028 1413 3103 delibatus
1436 3039 1546 3103 esse
1568 3039 1807 3103 asserue-

299 3109 389 3160 rit.
416 3094 514 3159 Ἰν.
544 3103 624 3157 An
649 3121 737 3158 eas
762 3117 978 3169 corpore
1000 3100 1343 3169 antiquiores.
1372 3097 1424 3169 in
1452 3094 1806 3169 illudque‘pro

297 3177 523 3241 peccatis
552 3175 806 3227 demissas
845 3162 1136 3241 putaverit;
1169 3166 1235 3241 V__.
1262 3165 1412 3241 Unde
1457 3178 1664 3241 nomen,
1690 3162 1808 3241 Ψυς

251 3269 255 3273 ·
421 3245 616 3318 factum
647 3233 1017 3318 autumaverit.
1062 3235 1270 3318 Ἤκμαζε»
1300 3233 1683 3318 ἡξεηιιιιιοζιιηι
1712 3233 1810 3318 ςνί-
1837 3257 1878 3314 c

296 3303 677 3370 minationibus
723 3323 797 3366 est
830 3311 1108 3378 appetitus.
1163 3305 1388 3378 Ἤιδει
1416 3303 1672 3378 doctrina:
1709 3303 1810 3378 liu-

287 3389 385 3456 jus
431 3386 597 3454 fontes
644 3372 880 3456 digitus:
899 3372 1206 3456 intenditur.
1254 3374 1385 3432 \‘lll.
1411 3374 1600 3456 Quam
1648 3372 1808 3456 variis

296 3440 593 3521 Scriptura:
636 3440 761 3506 locis
802 3451 989 3521 fulcire
1037 3459 1255 3521 conatus
1274 3456 1362 3521 Aest
1407 3442 1676 3521 Origenes:
1717 3440 1808 3495 IX.

303 3507 464 3580 Hitlii
521 3525 639 3576 licet
681 3507 813 3576 eam.
849 3519 1088 3588 funditus
1122 3516 1479 3588 labefactent.
1505 3507 1590 3566 VX.
1623 3507 1813 3588 Patres

296 3598 416 3666 ejus
439 3603 720 3666 assertores
734 3583 1102 3666 recensentur:
1121 3587 1212 3640 XI.
1232 3584 1379 3642 Nihil
1401 3584 1482 3636 Itis
1501 3583 1814 3666 temporibus

299 3651 478 3737 [Ξενία
514 3661 854 3737 a_b___l€cc_lesia
891 3674 1046 3737 super
1074 3660 1169 3710 hoc
1197 3651 1810 3737 argumento-aeternu-

301 3718 508 3788 iratum.
540 3732 651 3786 XII.
687 3730 799 3784 Nec
823 3718 989 3782 multo
1018 3718 1412 3781 recentioribus.
1456 3721 1592 3776 XIII.
1624 3718 1816 3774 Utrum

297 3807 510 3858 animas
534 3818 834 3868 corporeas,
873 3808 922 3853 et
949 3797 1094 3868 quali
1123 3811 1338 3868 corpore
1365 3793 1618 3860 prwditas
1640 3790 1816 3842 credi-

296 3876 459 3930 derit.
502 3865 642 3927 XIV.
674 3872 952 3939 Origenem
975 3865 1196 3920 Patrum
1223 3865 1526 3939 multarunt
1545 3875 1812 3939 assensus,

301 3958 356 4021 et
381 3961 479 4021 sua
509 3930 969 4021 eacusare'potest
1006 3937 1288 4021 liwsitati'o.
1323 3931 1439 3987 XV.
1479 3930 1563 4012 Ea:
1594 3930 1818 4021 ’antigua

298 3997 970 4088 philosophia,opinionem
1005 4023 1177 4088 “suam
1210 4002 1548 4088 deproiitpsit.
1586 3997 1817 4088 Intri'ca-

303 4067 392 4140 ius
437 4067 869 4138 Metltodii'locus
899 4077 1213 4145 explicatur.
1257 4067 1397 4127 XVI.
1426 4067 1623 4145 Utrum
1653 4067 1820 4145 solam

304 4158 542 4210 animam
582 4151 843 4204 hominem
883 4136 1194 4201 constituere
1221 4145 1432 4196 dixerit.
1473 4136 1820 4210 XYII_._E.-_t:av

307 4228 546 4280 minatur
577 4213 1441 4290 Origenianapersvatottci'rwctg.
1492 4207 1676 4290 XVIII.
1711 4205 1821 4287 μ’μ-

307 4278 636 4364 timgoricam
673 4278 1492 4364 μετεμψυᾷίωσιν’χρὶθοιηιθηαεῖςς
1521 4296 1552 4330 a
1584 4278 1824 4346 plurimis

307 4351 479 4419 dicitis
510 4374 584 4416 est
613 4351 983 4414 Adamantius.
1028 4353 1166 4408 XIX.
1199 4354 1302 4406 Sed
1337 4351 1516 4404 multis
1544 4358 1822 4417 purgatur.

307 4437 432 4492 XX.
465 4436 962 4488 Metensomatoseos
991 4437 1232 4479 auctores
1253 4425 1574 4490 produntur.

309 4530 357 4582 ι.
395 4525 662 4592 Quoniam
719 4521 998 4576 hominum
1032 4516 1266 4576 animas.
1301 4513 1546 4579 ejusdem
1592 4523 1715 4564 esse
1757 4522 1823 4562 ac

225 4618 463 4690 angelos
493 4613 702 4670 ordinis
739 4623 796 4667 et
829 4622 1036 4664 natura:
1062 4605 1233 4662 voluit
1256 4603 1542 4672 Origenes,
1577 4600 1824 4670 explora-
1860 4593 1901 4647 ι)

227 4725 292 4769 ta
330 4714 524 4766 horum
575 4708 730 4777 juxta
766 4705 934 4774 ipsius
971 4701 1319 4757 deﬁnitiones
1349 4707 1564 4759 natura,
1615 4697 1683 4750 de
1719 4694 1824 4748 illis

231 4819 389 4862 IIBIIC
417 4811 476 4855 ut
503 4813 749 4870 agamus,
784 4810 964 4850 rerum
995 4793 1170 4848 series
1195 4790 1485 4845 desiderat.
1515 4788 1825 4843 Observan-

227 4900 370 4958 dum
408 4907 536 4947 vero
577 4889 705 4945 illud
750 4896 836 4942 est
867 4897 996 4940 ante
1029 4884 1233 4947 omnia,
1265 4882 1560 4936 obscurum
1602 4893 1666 4932 ac
1691 4875 1828 4931 ditii-

231 4989 346 5044 cile
370 4987 548 5039 visum
592 4985 694 5037 hoc
717 4989 1096 5051 argumentum
1119 4975 1364 5045 Origeui,
1403 4973 1593 5028 itidem
1618 4979 1679 5023 ut
1707 4969 1828 5024 aliis

237 5077 503 5136 Ecclesia:
535 5073 787 5128 Patribus
828 5071 1122 5141 plerisque,
1171 5080 1492 5134 summaque
1524 5064 1578 5116 in
1617 5060 1830 5115 haesitan

236 5174 396 5225 tioue
439 5178 496 5222 et
537 5165 782 5234 angustia
831 5162 996 5216 fuisse
1037 5171 1334 5213 versatum.
1391 5157 1524 5210 Cum
1569 5154 1713 5208 enim
1762 5152 1828 5205 Ii-

237 5267 344 5318 hro
378 5276 437 5315 ttt
470 5259 542 5312 De
571 5257 819 5326 princip.,
875 5269 997 5323 cap.
1032 5252 1088 5317 4,
1117 5265 1267 5304 num.
1298 5249 1350 5312 1,
1389 5246 1686 5316 ρηιξιιίριιιιε
1719 5253 1832 5299 tres

239 5350 615 5423 proposuisset
646 5350 712 5401 de
743 5346 924 5400 anima
958 5342 1291 5405 sententias;
1331 5349 1508 5392 utrunt
1541 5336 1738 5404 duplex
1760 5335 1833 5388 sit

242 5447 299 5499 in
335 5441 520 5504 nobis,
557 5439 793 5492 divinior
820 5437 988 5490 altera
1021 5443 1076 5488 et
1101 5434 1168 5486 de
1189 5431 1329 5485 ccelo
1361 5430 1703 5497 deprompta,
1728 5425 1831 5478 alia

244 5533 516 5596 inferior;
551 5545 617 5583 an
649 5544 752 5582 una
785 5537 991 5580 tantum
1042 5521 1286 5578 ccclestis
1313 5517 1500 5588 juncta
1533 5514 1769 5584 corpori,
1806 5529 1835 5566 a

242 5642 358 5695 quo
383 5623 671 5678 inclinetur
695 5628 750 5675 et
782 5620 1119 5688 deprimatur
1151 5615 1220 5667 ad
1250 5614 1418 5676 vitia;
1447 5626 1514 5664 au
1542 5623 1668 5662 vero
1696 5622 1833 5662 cou-

247 5727 363 5774 alet
397 5715 574 5768 anima
606 5714 852 5783 partibus
879 5711 1108 5770 duabus,
1153 5720 1384 5774 quarutn
1421 5703 1527 5755 alia
1557 5702 1627 5755 sit
1670 5700 1836 5755 ratio-

253 5795 343 5860 nis
377 5794 674 5875 particeps,
715 5802 926 5856 ratione
956 5800 1126 5853 altera
1160 5807 1384 5860 careat;
1412 5804 1695 5864 postquam
1726 5793 1838 5846 siu-

257 5897 414 5966 gulas
441 5901 694 5951 accurate
717 5893 999 5965 Opinioucs
1037 5888 1274 5944 excussit
1305 5902 1455 5940 num.
1482 5883 1540 5950 ‘2,
1563 5883 1616 5951 5,
1649 5881 1680 5937 4
1708 5890 1755 5935 et
1781 5886 1837 5947 δ,

1897 2010 2100 2072 gmate,
2128 1997 2391 2053 mentium
2425 1990 2847 2066 προῦπάρξεως,
2886 1997 2940 2042 et
2974 1987 3115 2056 pleni
3146 2001 3210 2039 ac
3244 1986 3482 2055 perpetui

1898 2093 2170 2152 libertatis
2207 2107 2335 2147 usus
2365 2102 2585 2158 semper
2629 2083 2868 2156 vigentis
2906 2097 2968 2137 ac
3013 2082 3275 2148 ﬂorentis,
3312 2079 3485 2134 maxi-

1901 2204 2046 2244 mam
2108 2184 2560 2256 Origenianorum
2616 2193 2865 2235 errorum
2928 2187 3136 2247 partem
3185 2174 3482 2244 prodiisse;

1900 2294 2026 2334 nam
2068 2276 2325 2348 proﬂuxit
2358 2275 2484 2330 inde
2528 2271 2789 2343 quidquid
2825 2271 2938 2327 fere
2975 2271 3118 2325 circa
3170 2267 3485 2334 angelorum

1900 2377 2152 2424 naturam
2188 2373 2474 2435 peccatum
2501 2361 2570 2416 ab
2615 2377 2681 2417 eo
2705 2371 2790 2416 est
2831 2382 2844 2417 :
2899 2361 3023 2415 inde
3055 2357 3485 2431 μετενσωμάτω-

1905 2475 2012 2522 σις,
2052 2457 2157 2512 alia
2198 2457 2413 2525 aliaque
2461 2467 2688 2522 corpora
2736 2451 3094 2507 subeuntibus
3139 2450 3355 2516 animis,
3389 2462 3490 2518 pro

1903 2551 2061 2606 vario
2090 2549 2361 2604 libertatis
2393 2562 2492 2600 usu
2543 2565 2558 2602 :
2605 2544 2733 2600 inde
2771 2544 2941 2600 solam
2996 2542 3231 2597 animam
3278 2540 3490 2596 censuit

1905 2642 2238 2698 constituere
2271 2640 2569 2707 hominem,
2598 2645 2877 2708 assumpto
2901 2635 3156 2690 nimirum
3187 2635 3240 2688 in
3269 2648 3488 2703 pretium

1907 2749 2160 2804 corpore,
2219 2741 2476 2801 tanquam
2522 2728 2740 2784 vinculo
2772 2737 2828 2783 et
2871 2727 3132 2796 compede
3187 2745 3202 2781 :
3255 2726 3394 2780 unde
3437 2731 3494 2780 et

1907 2824 2140 2880 tollenda
2170 2821 2270 2876 fuit
2313 2819 2663 2881 resurrectio,
2708 2831 2832 2870 nam
2875 2815 3004 2886 quid
3036 2828 3262 2884 corpore
3299 2811 3401 2868 hoc
3437 2824 3493 2866 et

1907 2916 2141 2972 vinculis
2161 2927 2301 2983 Opus
2329 2909 2536 2965 homini
2567 2913 2619 2962 in
2655 2909 2926 2977 integrum
2961 2903 3259 2959 restituto?
3292 2902 3494 2958 Gratim

1909 3016 2125 3075 quoque
2172 2991 2496 3056 beneﬁcium
2541 2997 2769 3066 peremit
2799 2993 2964 3048 nimia
3006 2992 3096 3046 illa
3123 2999 3179 3046 et
3204 2991 3494 3046 immodica

1912 3096 2156 3151 libertas.
2208 3091 2364 3148 Unde
2392 3106 2520 3146 vero
2561 3088 2766 3144 aﬁictas
2789 3087 3031 3141 dicemus
3059 3085 3227 3139 astris
3259 3085 3494 3149 animas,

1910 3198 1966 3243 et
1989 3187 2216 3242 liberum
2253 3183 2564 3250 arbitrium,
2587 3197 2751 3252 quam
2776 3196 2842 3235 ex
2880 3183 2983 3234 hoc
3011 3177 3270 3233 mentium
3306 3189 3498 3230 ascen-

1911 3295 1971 3334 su
2003 3287 2058 3332 et
2086 3279 2379 3342 descensu,
2404 3273 2700 3338 crassiora,
2730 3271 2813 3326 vel
2850 3269 3130 3326 subtiliora
3159 3283 3225 3322 ac
3255 3268 3491 3337 splendi-

1913 3372 2065 3424 diora
2098 3367 2448 3424 subeuntium
2477 3377 2705 3434 corpora
2735 3377 2834 3428 pro
2860 3358 3104 3414 meritis?
3156 3357 3298 3412 unde
3337 3371 3496 3411 vesa-

1915 3478 1982 3516 na
2014 3463 2130 3518 haec
2160 3471 2216 3515 et
2236 3457 2494 3530 pestifera
2519 3455 2724 3523 opinio,
2755 3453 3030 3508 Christum
3052 3448 3138 3504 vel
3165 3463 3384 3520 passum
3414 3447 3498 3502 vel

1919 3569 2202 3626 passurttm
2228 3567 2327 3622 pro
2361 3549 2654 3614 sideribus,
2691 3564 2792 3619 pro
2813 3546 3022 3616 angelis
3060 3553 3115 3598 et
3140 3541 3498 3607 daemonibus,

1916 3661 2078 3715 quam
2115 3659 2180 3698 ex
2217 3643 2389 3697 altera
2425 3640 2553 3702 ista,
2583 3646 2806 3706 peccato
2844 3643 3068 3688 naturas
3101 3629 3220 3684 illas
3248 3642 3371 3683 esse
3397 3627 3496 3681 ob-

1920 3737 2134 3802 noxias,
2166 3749 2272 3788 non
2308 3745 2466 3787 secus
2497 3745 2562 3784 ac
2605 3729 2894 3788 humanas,
2937 3723 3273 3794 proindeque
3308 3718 3496 3773 eadem

1921 3828 2263 3897 reparatione
2290 3839 2355 3878 ac
2383 3821 2625 3877 remedio
2655 3817 2941 3889 indigere?
2988 3815 3094 3871 Sed
3120 3822 3177 3867 et
3202 3810 3503 3880 praeﬁnitus

1919 3922 2300 3974 damnatorum
2325 3913 2606 3982 suppliciis
2633 3909 2824 3964 modus
2844 3923 2907 3961 ac
2931 3917 3140 3976 tempus
3156 3919 3221 3958 ex
3255 3919 3361 3972 quo
3384 3903 3503 3956 fon-

1925 4021 1975 4065 te
2013 4008 2274 4069 manavit,
2303 4021 2468 4075 quam
2513 4018 2580 4056 ex
2613 4007 2995 4072 perseverante
3023 3997 3186 4049 etiam
3212 4004 3331 4064 post
3365 3993 3503 4046 inlli-

1924 4113 2041 4156 etas
2070 4114 2261 4170 pinnas
2294 4095 2562 4152 libertatis
2591 4092 2726 4147 usu?
2762 4090 3003 4158 Denique
3025 4087 3214 4158 positis
3245 4085 3329 4139 his
3357 4099 3507 4138 tuen-

1927 4193 2058 4246 tium
2088 4188 2533 4250 revolutiouibus,
2567 4199 2629 4238 ac
2653 4197 2926 4251 nunquam
2976 4179 3217 4234 desituro
3243 4173 3499 4238 circuitu,

1928 4285 2138 4338 renasci
2179 4296 2394 4351 quoque
2443 4276 2672 4332 mundos
2726 4273 3020 4328 identidem
3069 4269 3330 4339 oportuit,
3381 4281 3504 4319 cum

1927 4376 2200 4433 mentibus
2226 4375 2402 4427 denuo
2443 4370 2795 4439 peccantibus
2832 4379 2968 4422 nova
3019 4364 3212 4418 iterum
3265 4357 3506 4429 paranda

1925 4474 2109 4521 essent
2132 4461 2368 4525 vincula,
2405 4474 2541 4514 nova
2568 4459 2777 4513 scilicet
2798 4454 3120 4523 imponenda
3157 4462 3408 4516 corpora,
3440 4460 3508 4499 ex

1929 4572 2158 4627 quorum
2195 4554 2516 4609 diversitate
2550 4552 2784 4606 mundus
2813 4545 3120 4604 ellloreseit.
3155 4541 3285 4606 Quae
3321 4541 3366 4594 si
3388 4538 3512 4607 quis

1930 4649 2246 4705 observabit
2275 4645 2585 4717 diligenter,
2617 4659 2721 4698 non
2756 4638 3180 4711 repugnantibus
3206 4643 3260 4689 et
3283 4633 3515 4700 dissipa-

1938 4747 2007 4800 tis
2030 4741 2376 4814 dogmatibus
2413 4748 2667 4795 coustare
2699 4736 3000 4814 doctrinam
3034 4729 3285 4800 Origenis
3321 4724 3515 4780 fatebi-

1942 4847 2051 4904 tur,
2096 4836 2193 4891 sed
2226 4846 2351 4904 apte
2389 4847 2691 4889 conuexam
2732 4813 2876 4893 esse,
2912 4835 2966 4880 et
3002 4823 3311 4878 necessaria
3353 4831 3516 4886 argu-

1937 4937 2243 4980 lIICIIlOI'IIIII
2263 4926 2406 4979 serie
2434 4939 2499 4978 ac
2525 4931 2738 4977 textura
2775 4920 3160 4972 COIIIBI'CIIICIII.

2011 5035 2097 5090 III.
2127 5035 2365 5089 Primam
2393 5033 2445 5085 in
2489 5033 2590 5085 hac
2619 5028 2918 5098 quazstione
2943 5023 3202 5076 adversus
3229 5016 3514 5086 Origenetn

1940 5133 2177 5187 intentat
2225 5127 2669 5183 criminationem
2729 5121 3090 5188 Hieronymus
3123 5113 3284 5182 epist.
3329 5109 3398 5163 59
3449 5107 3518 5162 ad

1939 5223 2111 5289 Avit.,
2135 5236 2257 5291 cap.
2283 5220 2342 5285 4,
2373 5233 2496 5272 cum
2531 5217 2854 5269 arbitratum
2887 5211 3058 5278 ipsum
3093 5205 3260 5259 fuisse
3295 5201 3373 5254 ait
3399 5200 3516 5252 ani-

1943 5333 2060 5373 mas
2097 5329 2310 5376 omnes,
2353 5321 2409 5366 et.
2453 5321 2791 5380 quascunque
2833 5303 3043 5357 ratione
3079 5298 3301 5368 praedita
3337 5302 3464 5350 sunt
3489 5308 3521 5348 ιι

1940 5409 2036 5464 Dei
2065 5405 2368 5462 substantia
2391 5414 2649 5471 expressa
2697 5395 2983 5466 prodiisse,
3014 5391 3320 5460 divinazque
3353 5387 3523 5454 ipsius

1944 5510 2154 5573 partem
2203 5513 2326 5553 esse
2383 5492 2724 5548 substantiae.
2763 5505 2780 5537 ι
2813 5484 2892 5539 Ne
2931 5497 3154 5554 parvam
3188 5488 3522 5549 putaremus,

1945 5595 2141 5663 inquit,
2199 5591 2533 5658 impietatem
2591 5597 2715 5636 esse
2784 5591 2972 5632 eorum
3025 5590 3144 5642 qua:
3189 5571 3526 5642 pra-miserat

1948 5659 2254 5753 (Oiigeucs)
2313 5679 2368 5732 in
2414 5675 2654 5744 ejusdem
2720 5667 3012 5724 voluminis
3079 5664 3240 5736 (Περὶ
3301 5659 3523 5730 ἀρχῶν)

1951 5774 2358 5844 tineconjungit
2380 5785 2569 5826 omnes
2630 5763 2981 5821 rationabiles
3038 5772 3280 5823 naturas,
3339 5759 3390 5810 id
3439 5763 3526 5808 est

1954 5873 2196 5933 Patrem,
2232 5876 2290 5923 et
2332 5864 2548 5929 Filium,
2576 5870 2629 5916 et
2662 5858 2924 5931 Spiritum
2979 5862 3249 5920 sanctum,
3280 5846 3526 5919 angelus,
