3916 6546
436 395 544 503 ses

1687 457 1750 513 P.
1794 452 2116 516 DANIELIS
2154 457 2391 516 lIUETII

3590 454 3698 511 896

428 578 745 644 petestates,
768 574 1187 644 dominationes,
1212 588 1545 649 czeterasque
1561 577 1812 646 virtutes,
1835 580 2009 649 ipSum
2040 589 2087 644 Α
2114 583 2225 638 bet.
2258 601 2278 634 ι
2312 579 2488 636 Unum
2517 579 2667 636 addit
2688 581 2937 646 verbum,
2958 580 3372 652 quodammodo,
3408 597 3429 632 ι
3461 578 3543 632 ait
3572 575 3701 633 liis-

426 662 935 736 qu’oquehominem
959 667 1254 724 secundum
1284 670 1478 726 anima:
1508 670 1825 739 dignitatem
1851 671 2012 727 unius

426 772 548 814 esse
588 758 928 814 substantiae.
976 750 1429 826 lntellectualem,
1470 762 1664 830 inquit,
1713 762 2011 818 rationabi-

426 844 642 919 lemque
684 861 935 905 naturam
980 852 1148 906 sentit
1182 848 1348 917 Deus,
1391 861 1448 907 et
1488 853 1801 923 unigenitus
1842 852 2012 910 Filius

425 941 569 1010 ejus‘,
599 944 655 996 et
682 941 922 1012 Spiritus
961 952 1224 1010 sanctus;
1258 945 1501 1000 sentiunt
1543 945 1743 1015 angeli.
1772 955 2012 1017 et'pote-

424 1039 615 1098 states,
639 1040 957 1104 cmteraeque
980 1035 1240 1103 virtutes;
1264 1036 1433 1091 sentit
1456 1034 1684 1092 interior
1700 1037 1884 1101 homo,
1919 1038 2012 1108 qui

426 1124 492 1177 ad
525 1124 815 1195 imaginem
845 1134 899 1180 et
931 1125 1340 1183 similitudinem
1375 1129 1469 1183 Dei
1498 1129 1754 1185 conditus
1783 1138 1887 1185 est.
1934 1129 2011 1184 Ex

422 1229 530 1282 quo
556 1217 905 1273 concluditur
931 1216 1123 1279 Deum.
1160 1227 1216 1273 et
1249 1220 1363 1276 haec
1412 1218 1818 1290 quodammodo
1855 1221 2013 1277 unius

421 1320 545 1362 esse
577 1308 918 1365 subSIantiaa.
945 1327 963 1364 ι
996 1311 1149 1380 Quod
1172 1316 1224 1368 in
1251 1308 1488 1383 Ctigene
1516 1312 1872 1368 damnaverat
1897 1313 2016 1369 Ilie-

422 1415 706 1471 ronymus,
744 1400 881 1457 idem
913 1405 964 1458 iu
998 1400 1302 1460 Palaestinis
1319 1400 1644 1475 Origeuistis
1668 1396 1887 1460 damnat
1914 1404 2010 1462 Ju-

422 1489 695 1547 stinianus
736 1492 788 1547 in
838 1488 1068 1562 epistola
1106 1496 1173 1550 ad
1216 1499 1460 1566 quintam
1517 1496 1806 1569 synodum,
1848 1513 2012 1568 quam

422 1578 587 1634 habet
624 1580 903 1636 Cedreuus
954 1604 968 1640 ;
1000 1586 1237 1656 Λέγουσι
1272 1586 1380 1660 γὰρ
1426 1587 1509 1641 ὅτι
1542 1588 1661 1653 νόες
1700 1582 1842 1660 ἦσαν
1890 1588 2013 1661 δίχα

421 1671 624 1736 παντὸς
674 1672 910 1745 ἀριθμοῦ
955 1695 1015 1731 τε
1063 1677 1155 1733 καὶ
1179 1674 1463 1751 ὀνόματος,
1497 1680 1573 1745 ὡς
1602 1680 1763 1736 ὲνάδα
1795 1682 2013 1737 πάντων

420 1757 561 1819 εἶναι
587 1764 695 1819 τῶν
721 1766 955 1836 λογικῶν
983 1773 1049 1841 τῇ
1075 1770 1363 1844 ταυτότητι
1390 1772 1493 1844 τῆς
1516 1774 1702 1838 οὐσίας
1734 1774 1827 1829 καὶ
1858 1775 2013 1847 ἐνερ-

420 1851 597 1919 γείας,
652 1855 750 1910 καὶ
787 1856 852 1928 τῇ
912 1857 1138 1930 δυνάμει
1183 1858 1250 1931 τῇ
1306 1860 1443 1933 πρὸς
1491 1862 1585 1917 τὸν
1639 1862 1770 1917 Θεὸν
1815 1865 2008 1934 Λόγον,

421 1940 611 1997 ἑνώσει
640 1963 700 1999 τε
727 1948 1048 2017 καὶγνὼσει.
1073 1970 1090 2001 ι
1118 1950 1467 2010 Dicuutenim
1486 1966 1695 2012 mentes
1710 1955 1878 2013 fuisse
1892 1960 2007 2012 abs-

2118 1960 2336 2016 cunque
2388 1946 2566 2016 ipsum
2618 1945 2817 2016 spiritu
2883 1945 3174 2002 adorarent

422 2046 529 2105 que
552 2042 779 2093 numero
805 2048 859 2095 et
888 2042 1127 2109 nomine,
1161 2045 1295 2099 adeo
1323 2055 1382 2100 ut
1414 2058 1596 2101 rerum
1626 2046 1869 2103 omnium
1920 2063 2009 2102 ra-

424 2120 708 2183 ti0ualium
746 2129 928 2187 unitas
983 2133 1075 2197 sit,
1102 2149 1226 2189 cum
1264 2135 1404 2192 idem
1459 2137 1570 2193 sint
1599 2137 1924 2205 substantia,
1954 2145 2011 2194 et

423 2221 766 2288 operatione,
798 2232 853 2277 et
879 2224 1081 2280 virtute
1111 2242 1230 2295 qum
1263 2236 1349 2283 est
1376 2231 1517 2299 apud
1554 2230 1719 2285 Deum
1746 2224 2007 2296 Verbum,

426 2320 539 2366 tum
587 2314 917 2372 adunatione
948 2321 1003 2372 et
1056 2320 1384 2390 cognitione.
1418 2340 1438 2373 ι
1497 2320 1747 2378 Gobarus
1791 2337 2007 2392 quoque

421 2400 690 2460 Tritheita
732 2405 841 2471 ille,
879 2408 1033 2477 cujus
1075 2416 1332 2478 excerpta
1365 2410 1582 2482 collegit
1622 2408 1849 2467 Photius
1884 2410 2006 2467 cod.

421 2508 668 2561 ccxxx",
695 2497 943 2566 dogmata
982 2497 1176 2565 multa,
1196 2515 1317 2571 qua:
1351 2501 1466 2557 fere
1497 2503 1821 2574 Origeniana
1860 2515 2007 2573 sunt,

426 2586 477 2639 in
514 2597 806 2658 utramque
855 2589 1140 2659 disputans
1191 2596 1425 2663 partem,
1475 2605 1669 2650 octavo
1714 2595 1833 2650 loco
1878 2597 2007 2653 illud

427 2677 606 2744 habet,
628 2679 703 2744 ὡς
731 2682 796 2734 ὲκ
829 2680 928 2752 τῆς
955 2681 1106 2746 Θείας
1141 2684 1333 2748 οὐσίας
1366 2687 1399 2757 ἡ
1430 2685 1744 2758 ἀνθρωπίνη
1772 2687 2008 2760 προελή-

403 2766 556 2855 ⁸λνθέ
594 2769 762 2844 ψυχή,
820 2790 839 2824 ι
863 2788 931 2829 ex
975 2772 1154 2829 divina
1207 2775 1513 2833 substantia
1552 2777 1845 2833 humanam
1886 2778 2008 2835 aui-

425 2872 566 2914 tnam
595 2862 947 2930 processisse.
978 2884 997 2918 ι
1981 2866 1984 2870 “

497 2952 621 3009 Fuit
648 2955 739 3010 illa
769 2958 988 3028 quidem
1034 2959 1505 3032 Pythagoreorum
1558 2961 1834 3027 doctrina,
1868 2960 2008 3015 divi-

428 3056 510 3096 nae
557 3057 707 3101 aurae
743 3046 1014 3118 particula
1078 3050 1291 3109 animas
1343 3060 1565 3108 nostras
1615 3063 1899 3121 constare,
1952 3062 2009 3111 et

427 3135 599 3193 Deum

778 3291 795 3309 .
840 3291 856 3307 .
902 3289 918 3310 .
959 3291 976 3307 .
1018 3292 1034 3308 .
1080 3294 1095 3310 .
1140 3294 1156 3310 .
1201 3254 1280 3310 .“.
1319 3256 1510 3321 ireper
1541 3274 1723 3312 omnes

2113 680 2379 740 ronymus
2411 669 2571 739 epist.
2614 667 2684 723 59
2713 671 2779 723 ad
2821 669 2991 738 Avit.,
3031 675 3151 739 cap.
3188 670 3244 737 4,
3280 687 3299 721 ι
3326 677 3388 723 ιιι
3433 666 3575 722 tanti
3606 682 3700 723 sa-

2112 758 2321 829 crilegii
2350 759 2558 815 crimen
2589 758 2877 829 eil'ugeret,
2908 779 2927 813 ι
2963 759 3048 815 ve‘l
3073 760 3304 815 terta'sse
3326 766 3386 814 ut
3420 756 3702 828 opiuiOnis

2113 848 2276 918 hujus
2303 847 2618 917 neutiquam
2646 848 2860 904 afﬁnem
2893 862 2953 904 se
2977 861 3100 904 esse
3131 848 3462 904 declararet.
3491 847 3588 902 Sic
3613 846 3703 902 ille

2114 940 2332 1009 quidem
2365 941 2418 994 in
2454 939 2595 994 libro
2628 939 2703 994 De
2725 942 3008 1012 martyrio,
3039 957 3188 994 num.
3222 941 3288 995 i7
3323 960 3338 996 :
3372 939 3581 994 Ἔτιδέ
3607 940 3703 993 καὶ

2114 1031 2371 1101 φιλοζωεϊ
2401 1030 2705 1101 ἄνθρωπος,
2728 1034 2935 1103 πεῖσμα
2974 1031 3153 1085 λαϐὼν
3180 1032 3309 1104 περὶ
3333 1032 3526 1096 οὐσίας
3549 1032 3700 1101 λογι-

2114 1122 2219 1195 κῆς
2261 1122 2463 1195 ψυχῆς,
2499 1121 2575 1187 ὡς
2617 1122 2853 1195 ἐχούσης
2877 1140 2931 1177 τι
2953 1123 3213 1193 συγγενὲς
3233 1123 3373 1196 θεῷ.
3406 1123 3568 1190 Quod
3600 1125 3643 1178 si
3670 1136 3703 1180 e

2115 1214 2210 1268 Dei
2263 1215 2570 1269 substantia
2621 1212 2918 1269 delibatam
2959 1213 3267 1269 censuisset
3297 1214 3565 1278 animam,
3593 1218 3697 1269 non

2115 1303 2274 1359 aﬂine
2317 1303 2522 1375 aliquid
2564 1303 2791 1369 habere,
2839 1304 2932 1358 sed
2983 1304 3155 1375 ipsius
3197 1304 3526 1374 particulam
3581 1317 3701 1359 esse

2115 1397 2346 1453 dixisset
2380 1395 2580 1451 :aﬂine
2627 1404 2809 1450 autem
2869 1411 2991 1451 cunt
3051 1410 3119 1451 eo
3167 1395 3450 1468 quidpiam
3510 1395 3696 1463 habet,

2114 1489 2258 1559 quod
2287 1488 2356 1543 ad
2401 1486 2519 1556 ejus
2568 1487 2862 1559 imaginem
2911 1490 3130 1543 condita
3177 1482 3270 1554 sit,
3299 1487 3447 1558 quod
3495 1486 3701 1544 lumine

2114 1581 2299 1636 divino
2335 1578 2517 1635 vultus
2554 1579 2727 1651 ipsius
2769 1582 3015 1651 signatus
3068 1580 3161 1646 sit,
3202 1581 3346 1651 quod
3378 1581 3576 1636 mortis
3609 1596 3703 1637 ex-

2113 1685 2259 1742 pers,
2283 1681 2339 1725 et
2363 1671 2641 1726 beatitatis
2675 1679 2890 1727 aeterna:
2920 1686 3088 1741 capax
3115 1672 3205 1725 sit.
3249 1669 3583 1727 Planissime
3608 1686 3702 1726 ve—

2114 1777 2177 1816 ro
2208 1775 2450 1816 errorem
2483 1758 2629 1815 hunc
2678 1760 2980 1831 impietatis
3014 1761 3192 1833 arguit
3234 1756 3288 1815 in
3326 1758 3702 1828 Heracleoue;

2113 1855 2205 1926 qui
2240 1853 2481 1922 ejusdem
2526 1868 2650 1909 esse
2692 1869 2756 1908 ac
2790 1852 2958 1908 Deum
3008 1846 3261 1910 essentia:
3310 1846 3555 1924 tingebat
3585 1856 3705 1926 qui-

3224 1963 3239 2002 :
3278 1946 3704 2019 Ἐπιστήσωμεν

2112 2037 2191 2104 δὲ,
2227 2038 2401 2108 inquit
2441 2047 2586 2092 tonio
2608 2054 2707 2092 xm
2744 2038 2799 2092 in
2828 2035 3014 2104 Jonn.,
3050 2055 3202 2094 num.
3230 2037 3324 2102 '25,
3370 2038 3423 2092 si
3469 2036 3547 2110 μὴ
3579 2038 3705 2109 σφό-

2111 2129 2213 2203 δρα
2234 2129 2379 2185 ὲστὶν
2404 2129 2598 2194 ἀσεϐὲς
2618 2129 2901 2199 ὁμοούσιον
2926 2128 3067 2201 [lego
3091 2129 3433 2203 ὁμοουσξους]
3456 2132 3525 2201 τῇ
3547 2131 3706 2199 ἀγεν-

2113 2225 2260 2295 νήτῳ
2285 2222 2445 2294 φύσει
2471 2223 2567 2277 καὶ
2596 2221 2970 2295 παμμακαρίᾳ
3009 2217 3148 2277 εἶναι
3172 2222 3352 2293 λέγειν
3380 2223 3511 2287 τοὺς
3532 2236 3703 2294 προσ-

2113 2314 2410 2379 κυνοῦντας
2436 2313 2515 2386 τῷ
2554 2313 2823 2386 πνεύματι
2852 2314 2930 2386 τῷ
2960 2313 3078 2386 Θεῷ
3115 2308 3250 2387 (36).
3291 2315 3404 2371 lloc
3438 2314 3607 2369 etiam
3647 2329 3704 2370 se

2112 2417 2307 2479 purgat
2333 2406 2594 2479 Origenes
2622 2407 2716 2462 illo
2738 2407 2991 2472 crimine,
3015 2408 3158 2478 quod
3202 2408 3445 2461 animam
3472 2422 3700 2476 corpora

2113 2510 2220 2553 tam
2261 2515 2379 2555 esse
2410 2499 2669 2565 decrevit,
2707 2509 2766 2554 ut
2791 2499 2931 2553 infra
2958 2499 3393 2565 declarabiums;
3419 2498 3514 2569 qui
3557 2497 3700 2551 enim

2114 2604 2375 2662 corporea
2403 2606 2487 2645 res
2513 2606 2638 2660 pars
2663 2602 2781 2646 esse
2805 2591 2898 2646 Dei
2926 2606 3157 2660 corpore
3185 2591 3454 2654 carentis,
3487 2589 3702 2660 qualem

2113 2695 2236 2736 esse
2271 2680 2513 2736 defendit
2551 2681 2841 2752 Origenes,
2875 2680 2980 2736 dici
3034 2680 3279 2750 poterit?
3330 2679 3473 2734 llinc
3515 2680 3700 2747 Augu-

2112 2771 2285 2825 Stiuus
2332 2769 2427 2825 lib.
2467 2786 2483 2825 ι
2527 2770 2601 2824 De
2649 2773 2797 2826 civit.
2844 2768 2965 2835 Dei,
3023 2785 3145 2841 cap.
3173 2768 3281 2825 23:
3316 2770 3592 2825 (Animas
3621 2771 3702 2825 di-

2111 2873 2267 2929 cunt,
2300 2877 2405 2917 non
2440 2863 2661 2932 quidem
2694 2873 2878 2934 partes
2903 2862 3019 2927 Dei,
3046 2863 3139 2918 sed
3182 2863 3356 2918 factas
3379 2879 3409 2917 a
3437 2863 3550 2917 Deo
3572 2877 3700 2933 pec-

2112 2967 2268 3008 casse
2296 2966 2327 3006 a
2359 2952 2658 3009 Conditore
2708 2954 3041 3022 recedendo;
3066 2964 3120 3009 et
3166 2954 3402 3009 diversis
3440 2969 3700 3026 progres-

2112 3043 2263 3099 sibus
2296 3058 2397 3113 pro
2422 3045 2744 3101 diversitate
2788 3054 3136 3117 peccatorum
3179 3063 3207 3101 a
3244 3048 3399 3104 caelis
3428 3062 3602 3118 usque
3634 3048 3702 3103 ad

2114 3145 2311 3201 terras,
2340 3136 2559 3195 diversa
2586 3154 2818 3210 corpora
2863 3142 3017 3212 quasi
3053 3141 3270 3196 vincula
3305 3142 3600 3197 meruisse.
3639 3141 3702 3197 Et

2112 3228 2257 3284 hunc
2280 3245 2404 3285 esse
2436 3232 2719 3299 mundum,
2754 3246 2985 3303 eamque
3015 3248 3239 3289 causam
3298 3234 3495 3289 mundi
3536 3233 3703 3290 fuisse

428 3317 743 3397 terrasque,
765 3331 1084 3397 tractusque
1111 3327 1298 3389 maria,
1325 3317 1613 3394 (relatuque
1638 3326 1960 3397 profundunt
1987 3345 2007 3384 :

2113 3318 2371 3388 faciendi,
2404 3337 2511 3376 non
2549 3332 2609 3376 ut
2657 3324 3025 3378 conderentur
3081 3323 3245 3390 bona,
3298 3327 3394 3379 sed
3448 3335 3513 3380 ut
3562 3325 3699 3381 mala

432 3389 570 3467 {fine
609 3389 854 3467 pecudes,
888 3389 1151 3458 amicula,
1183 3397 1349 3461 viros,
1374 3389 1539 3466 genus
1571 3389 2005 3467 amue'ferarum,

427 3457 698 3531 Quemque
716 3461 818 3516 sibi
837 3474 1021 3517 tenues
1045 3457 1347 3519 nascentem
1374 3457 1646 3521 arcessere
1669 3457 1851 3522 vilius

722 3598 728 3605 .
814 3551 1052 3623 (VIIIGIL.
1084 3555 1302 3627 Georg.,
1331 3556 1429 3612 lib.
1454 3573 1530 3621 tv,
1562 3573 1710 3615 vers.
1747 3559 1902 3632 9.2!.)

430 3698 452 3730 α
480 3672 806 3750 A'udiebam,
856 3703 875 3736 ι
910 3686 988 3740 ait
1036 3685 1174 3744 Cato
1219 3689 1360 3759 apud
1389 3689 1651 3759 Tullium,
1682 3712 1701 3744 ι
1728 3690 1997 3765 Pythago-

432 3784 570 3837 ram,
610 3771 1114 3845 Pythagoreosque,
1168 3778 1378 3835 incolas
1447 3796 1586 3851 pene
1623 3788 1860 3851 nostras,
1908 3785 2002 3856 qui
2040 3818 2043 3819 ν

426 3874 611 3920 essent
660 3865 831 3923 Italici
873 3869 1183 3940 pliiIOSOphi
1227 3873 1505 3941 quondam
1557 3876 1841 3940 nominati,
1870 3893 2009 3933 nun-

425 3972 588 4025 quam
653 3959 929 4015 dubitasse
980 3965 1110 4032 quin
1150 3978 1216 4018 ex
1269 3964 1525 4020 universa
1585 3979 1768 4024 tneute
1817 3970 2002 4024 divitia

425 4040 697 4104 delibatos
734 4051 949 4106 animos
990 4052 1336 4111 haberemus.
1373 4075 1392 4107 ι
1442 4052 1499 4111 In
1545 4061 1734 4113 eadem
1790 4060 2011 4116 fuerunt

423 4139 742 4211 opinatione
789 4141 1054 4201 Platonici
1096 4156 1152 4199 et
1195 4145 1389 4216 Stoici,
1427 4166 1591 4221 quam
1638 4163 1695 4205 et
1725 4150 1927 4213 Cerdo.
1955 4163 2010 4209 et

322 4298 327 4303 ι
428 4231 660 4298 Marcio,
693 4244 748 4290 et
781 4233 1062 4291 Manichzei
1096 4238 1328 4294 subinde
1361 4241 1598 4311 amplexi
1635 4254 1781 4298 sunt.
1810 4242 2009 4299 IIiero-

422 4340 621 4399 nymus
659 4326 820 4396 epist.
868 4327 930 4383 61
967 4331 1034 4384 ad
1082 4328 1426 4400 Pammach.,
1471 4349 1594 4403 cap.
1635 4335 1693 4401 5,
1725 4336 1807 4390 sic
1843 4334 2010 4391 Joan-

424 4434 547 4473 netn
577 4416 1130 4491 Hierosolymitanum
1166 4423 1477 4496 interpellat
1508 4445 1521 4483 :
1559 4447 1576 4479 ι
1603 4428 1746 4483 Dicis
1796 4431 2010 4486 animas

424 4506 705 4565 hominum
754 4528 860 4566 non
893 4524 1105 4584 partem
1134 4531 1257 4573 esse
1291 4518 1383 4573 Dei
1412 4530 1622 4575 natura:
1653 4535 1670 4575 :
1703 4521 1862 4590 quasi
1891 4519 2006 4576 Ma-

424 4602 665 4658 nichmns
726 4616 868 4658 nunc
931 4604 999 4659 ab
1066 4604 1364 4678 Epiphanio
1421 4608 1501 4665 sis
1564 4621 1783 4665 vocatus
1808 4605 1873 4679 ;ἰ
1954 4620 2009 4667 et

2111 3412 2525 3469 cohibereutur.
2576 3412 2716 3470 Hinc
2749 3414 3018 3483 Origenes
3043 3414 3166 3484 jure
3195 3416 3452 3484 culpatur
3492 3435 3508 3473 :
3552 3416 3607 3472 in
3639 3417 3702 3471 li-

2110 3508 2227 3563 bris
2264 3507 2406 3562 enim
2459 3522 2600 3576 quos
2653 3507 2888 3577 appellat
2933 3508 3073 3576 Hepl
3132 3506 3362 3579 ἀρχῶν.
3400 3509 3455 3564 id
3489 3522 3597 3578 est,
3627 3508 3703 3564 De

2109 3597 2412 3667 principiis.
2448 3596 2554 3651 hoc
2591 3597 2783 3664 sensit,
2816 3597 2919 3652 hoc
2967 3600 3212 3668 scripsit.
3248 3618 3267 3650 ι
3305 3598 3575 3671 Origenes
3605 3601 3703 3671 igi-

2114 3696 2202 3741 tur
2230 3688 2465 3753 animas,
2497 3702 2605 3742 non
2658 3688 2877 3758 quidem
2928 3698 3115 3757 partes
3160 3689 3277 3753 Dei,
3309 3692 3406 3746 sed
3459 3689 3638 3747 factas
3668 3705 3698 3744 a

2112 3780 2224 3835 Deo
2252 3794 2374 3835 esse
2403 3766 2656 3835 credidit.
2691 3777 2804 3834 Nec
2853 3779 3035 3835 minus
3065 3783 3169 3836 hoc
3203 3781 3360 3846 utile,
3391 3784 3542 3853 quod
3575 3783 3698 3838 Ilie-

2111 3884 2368 3940 ronymus
2400 3870 2561 3937 epist.
2586 3866 2682 3935 8‘2,
2708 3869 2774 3922 ad
2806 3867 3176 3924 Marcellinum
3200 3879 3256 3922 et
3274 3869 3698 3940 Atiapsychiam,

2115 3976 2430 4032 germanam
2465 3959 2719 4031 Origeuis
2756 3960 3082 4014 sententiam
3110 3960 3178 4015 ab
3225 3960 3329 4016 hac
3378 3961 3482 4030 ipsi
3526 3959 3699 4015 allicta

2110 4054 2395 4124 distinguit
2432 4070 2497 4107 τι
2545 4051 2720 4122 Super
2759 4054 2953 4107 anima:
3003 4062 3172 4119 statu,
3216 4052 3414 4122 inquit,
3476 4052 3696 4108 memini

2110 4155 2305 4201 vestra:
2352 4145 2781 4225 qumstiuucnlze,
2846 4146 2956 4201 imo
3011 4147 3251 4200 maxime
3308 4145 3698 4201 ecclesiastica:

2111 4237 2431 4308 quaestionis
2466 4255 2482 4294 :
2517 4248 2698 4293 utrum
2732 4239 2882 4308 lapsa
2936 4238 3004 4292 de
3047 4237 3190 4293 cmlo
3213 4238 3305 4305 sit,
3341 4247 3400 4292 ut
3430 4235 3699 4310 Pythago-

2111 4345 2199 4387 ras
2228 4329 2602 4400 philosophus,
2652 4346 2954 4399 omnesque
3006 4327 3278 4386 Platonici
3334 4340 3387 4385 et
3435 4328 3698 4400 Origenes

2110 4428 2334 4491 putant;
2371 4434 2440 4474 an
2467 4435 2496 4473 a
2528 4420 2747 4492 propria
2780 4421 2871 4476 Dei
2899 4423 3234 4483 substantia,
3270 4431 3329 4475 ut
3357 4420 3561 4488 Stoici,
3588 4421 3696 4476 Ila-

2112 4510 2378 4579 nichteus,
2401 4518 2457 4565 et
2485 4510 2758 4582 Hispaniae
2779 4510 3109 4567 Priscilliani
3146 4513 3386 4569 haereses
3411 4517 3698 4585 suspican-

2113 4612 2221 4660 tur.
2246 4622 2266 4652 ι
2306 4602 2417 4659 Hoc
2456 4605 2674 4673 quidem
2715 4607 2785 4659 ob
2820 4606 3021 4675 dogma
3070 4604 3401 4661 Palaestinos
3447 4607 3698 4679 Origeni«

421 4706 545 4760 cap.
578 4692 611 4746 6
644 4715 654 4746 :
694 4711 713 4744 ι
742 4693 885 4749 Dicis
918 4697 1153 4752 animam
1177 4716 1281 4754 nou
1305 4715 1426 4755 esse
1449 4701 1516 4756 de
1544 4699 1634 4754 Dei
1656 4700 1961 4755 substantia
1989 4719 2006 4769 ;

2112 4704 2226 4749 stas
2276 4671 2514 4763 pulsavit
2573 4671 2941 4761 Iustinianus,
3000 4694 3206 4752 idcirco
3260 4697 3504 4753 fortasse
3549 4671 3697 4769 quod

422 4782 669 4851 pulchre,
726 4782 954 4839 damnas
998 4787 1143 4840 enim
1189 4787 1577 4858 impiissimum
1622 4786 2003 4856 Manicitzenm,

422 4888 581 4942 quem
640 4875 926 4932 nominare
973 4879 1199 4948 pollutio
1249 4889 1420 4946 est;i
1455 4888 1510 4934 et
1556 4883 1739 4935 mox’:
1779 4899 1798 4932 ι
1832 4880 2004 4937 Nemo

422 4962 634 5017 dubitat
682 4971 874 5020 errare
932 4967 1026 5037 qui
1072 4969 1204 5023 dicit;
1255 4984 1375 5023 eam
1436 4968 1696 5042 (animam
1758 4970 2002 5027 ratioua-L

422 5051 547 5123 Iem)
586 5070 709 5111 esse
736 5057 828 5111 Dei
858 5060 1249 5114 substantiam.
1290 5080 1311 5113 ι

496 5145 667 5215 Igitur
704 5145 945 5203 Joannes
979 5149 1067 5205 ille
1110 5150 1661 5223 Hierosolymitanus,
1693 5157 1784 5227 qui
1807 5155 1999 5227 OrigeA

420 5237 564 5291 nista
620 5239 781 5307 vulgo
829 5242 1110 5306 audiebat,
1156 5243 1225 5297 ab
1264 5259 1327 5299 ea
1368 5254 1546 5301 tamen
1593 5250 1875 5318 opinione,
1921 5249 2000 5303 faa

420 5336 568 5383 tente
607 5330 963 5403 Hieronymo,
1000 5343 1120 5389 erat
1174 5335 1425 5404 alienus;
1475 5340 1619 5407 quod
1654 5342 1722 5395 ad
1767 5353 2002 5412 purgau-

418 5420 545 5475 dum
582 5423 875 5492 Origenem
904 5425 1089 5482 valere
1127 5437 1326 5497 potest.
1367 5430 1488 5500 Ipse
1529 5433 1817 5504 Origenes,
1847 5438 2001 5507 cujus

417 5516 584 5569 verba
620 5532 720 5584 pro
755 5518 857 5573 boc
885 5518 1139 5590 dogmate
1166 5524 1364 5579 recitat
1396 5525 1776 5598 Hieronymus,
1808 5543 1999 5584 vocem

417 5606 642 5671 addens,
685 5613 1090 5679 qttadantntudo,
1130 5618 1580 5684 reprehensiones
1630 5634 1660 5672 a
1707 5626 1765 5675 s‘e
1809 5622 1997 5690 ριὐιιίδ

490 5719 607 5798 (59)
641 5718 763 5797 llnc
790 5724 948 5777 etiam
996 5743 1051 5779 se
1097 5736 1286 5796 purgat
1322 5726 1576 5798 Origenes
1625 5731 1721 5784 illo
1752 5717 2010 5794 crimine,

420 5790 558 5856 quod
611 5791 851 5864 animum
891 5790 1239 5864 carpet-atati:
1284 5813 1399 5852 esse
1422 5790 1690 5864 vdecrerit,
1719 5813 1827 5856 etc.
1877 5790 1996 5856 Jaui

423 5874 591 5928 supra
622 5861 1031 5919 obsemuvimua
1066 5877 1262 5936 quast.
1298 5870 1354 5933 υ,
1393 5867 1470 5923 De
1508 5861 1905 5941 mrgelis,nuut.
1939 5870 1994 5938 5,

2108 4789 2345 4843 tributos
2373 4804 2567 4845 omnes
2609 4788 2832 4858 Origeui
2864 4804 3084 4844 errores
3128 4789 3199 4843 ab
3226 4789 3293 4844 iis
3325 4801 3695 4861 propugnatus

2109 4880 2281 4936 fuisse
2311 4882 2567 4951 opinatus
2594 4892 2719 4936 est:
2746 4883 2830 4938 siu
2861 4883 2915 4937 ei
2964 4883 3316 4938 adhaeserunt
3351 4898 3568 4947 revera,
3601 4880 3695 4942 uti:

2107 4973 2253 5026 nime
2321 4988 2454 5028 sane
2516 4983 2850 5028 sectatorum
2908 4988 3132 5028 suorum
3198 4976 3452 5028 vesanias
3511 4986 3692 5027 omnes

2105 5062 2389 5133 praestabit
2419 5064 2807 5120 Adamantius.
2846 5063 3002 5130 Quod
3037 5065 3081 5118 si
3120 5073 3300 5118 tatuen
3330 5064 3506 5133 culpae
3536 5061 3692 5129 hujus

2105 5153 2297 5208 fuisset
2327 5170 2472 5218 reus,
2520 5156 2929 5224 astipulatorem
2985 5156 3088 5225 ipsi
3119 5158 3379 5210 daremus
3405 5153 3688 5232 Tertullia-

2108 5261 2257 5313 num,
2288 5247 2380 5316 qui
2418 5247 2511 5302 lib.
2558 5262 2610 5300 tv
2669 5248 2921 5301 adversus
2955 5247 3309 5313 Hurciouem,
3339 5256 3466 5317 cap’.
3495 5247 3583 5309 38,
3612 5245 3685 5299 sic

2110 5342 2185 5395 ait
2216 5358 2231 5395 :
2266 5360 2285 5393 ι
2311 5341 2595 5396 Hominem
2629 5342 2794 5412 igitur
2833 5341 2979 5395 reddi
3001 5340 3161 5408 jubet
3192 5341 3473 5409 Creatori,
3508 5326 3682 5394 in'cu-

2102 5433 2193 5503 jus
2223 5433 2462 5504 imagine
2500 5443 2555 5488 et
2586 5432 2966 5499 similitudine,
3000 5443 3053 5489 et
3096 5435 3342 5499 nomine,
3375 5447 3433 5489 et
3467 5433 3682 5488 materia

2106 5542 2397 5597 expressus
2418 5537 2521 5582 est.
2549 5546 2569 5580 ι

2182 5618 2270 5676 Ν.
2296 5621 2636 5677 Certioribus
2667 5620 2941 5694 Origenes
2962 5630 3018 5678 et
3053 5620 3525 5677 manifestioribus
3564 5634 3681 5676 sem

2111 5737 2614 5807 naturatuganimm
2669 5738 2723 5790 in
2778 5747 3011 5806 corpore
3071 5736 3428 5807 quantumvis
3499 5724 3676 5791 subtili

2106 5822 2214 5863 non
2239 5805 2488 5877 posuisse
2521 5807 2836 5878 Origenem.
2884 5805 2891 5806 ⁷
3090 5805 3093 5821 ί

3732 810 3742 868 l
