3898 6518
202 393 303 451 891

1010 400 1589 487 ORIG‘ENHNORUM
1624 403 1753 461 LIB.
1796 403 1862 471 ll,
1901 403 2053 461 CAP.
2090 403 2155 469 ιι,
2192 402 2472 471 QUA‘IST.
2516 404 2605 458 γι.

3352 396 3458 466 898

202 510 425 566 tentiam
483 515 623 602 hanc
667 515 904 587 signavit
954 523 1348 588 monumentis,
1383 540 1505 594 qua:
1561 526 1775 579 animas
1805 532 2015 593 Aquas
2062 539 2191 578 vero
2231 533 2324 580 aut
2377 524 2531 588 nihil,
2583 531 2681 577 aut
2722 524 2975 593 exiguum
3019 523 3245 605 aliquid.
3304 523 3459 580 Unde

199 612 328 665 ante
380 594 608 679 corpora
634 623 661 660 a
694 608 806 661 Deo
828 611 1097 675 conditas,
1127 614 1176 666 in
1206 629 1381 683 eaque
1407 616 1484 670 sic
1519 626 1779 685 tanquam

196 694 251 747 in
294 696 565 766 ergastula
599 697 863 753 demissas
894 716 990 769 pro
1021 704 1260 770 peccatis
1307 705 1570 760 decernit.
1605 708 1781 777 Atque

194 783 314 838 lucc
340 785 495 839 alteri
526 786 592 840 de
633 790 952 861 angelorum
986 793 1198 848 meritis
1230 804 1285 849 et
1325 798 1781 852 remunerationi-

192 874 299 928 hus
330 890 391 930 ac
418 878 595 947 poenis
624 881 874 947 superius
900 885 1162 954 eXpositte
1190 901 1437 941 connexa
1477 898 1581 944 est.
1609 887 1779 944 Natu-

196 986 290 1027 ras
312 974 456 1027 enim
487 989 677 1030 omnes
704 977 917 1033 ratione
945 980 1219 1048 praeditas,
1253 982 1356 1038 hoc
1387 991 1471 1038 est
1504 995 1713 1047 mentes
1746 1001 1777 1042 a

196 1060 311 1115 Deo
352 1073 480 1117 ante
535 1066 721 1120 mundi
773 1067 1051 1137 opiﬁcium
1104 1083 1439 1139 procreatas,
1494 1074 1777 1147 liberoque

192 1151 493 1210 instructas
540 1157 771 1213 arbitrio
813 1158 980 1216 fuisse
1030 1165 1266 1232 putavit;
1318 1182 1425 1236 qua
1485 1178 1636 1225 recte
1693 1168 1774 1229 vel

192 1248 341 1303 male
383 1251 577 1318 agendi
624 1252 882 1309 facultate
926 1254 1157 1311 diversis
1194 1269 1409 1314 utentes
1459 1260 1656 1326 modis,
1689 1262 1775 1316 di-

188 1355 386 1397 versos
418 1343 542 1399 inde
571 1344 654 1399 vel
677 1345 887 1417 gloriae,
918 1346 1003 1400 vel
1036 1348 1347 1418 ignominia:
1365 1367 1428 1406 ac
1450 1366 1625 1420 ptena:
1651 1368 1776 1423 gra-

186 1433 297 1490 dus
334 1432 504 1489 fuisse
548 1446 912 1504 consecutas;
946 1436 1085 1493 alias
1139 1440 1406 1509 siquidem
1458 1442 1771 1511 angelorum

186 1527 421 1594 adeptas
450 1540 573 1607 esse
614 1535 883 1595 naturam,
922 1542 1042 1598 qure
1076 1528 1339 1587 leviorum
1390 1547 1573 1592 essent
1606 1554 1772 1593 noxa-

187 1631 317 1669 rum
367 1617 577 1685 fontes;
620 1635 741 1689 quae
779 1629 971 1675 contra
1019 1623 1175 1679 liberi
1204 1625 1435 1681 .arbitrii
1463 1645 1689 1686 munere
1718 1633 1771 1686 iu

182 1707 435 1762 deterius
462 1708 692 1765 fuissent
720 1712 923 1780 abusze,
950 1714 1003 1768 in
1036 1717 1311 1772 crassiora
1340 1735 1595 1790 corpora,
1630 1723 1773 1778 side-

182 1813 311 1853 rum
347 1809 497 1869 puta,
542 1801 627 1856 vel
674 1803 1007 1871 dmmonum,
1050 1806 1135 1861 vel
1180 1808 1457 1864 hominum
1514 1826 1639 1866 esse
1678 1816 1773 1867 de-

1887 616 2237 669 iuveuiuntur
2274 615 2495 684 quidam
2545 615 2728 669 statim
2782 618 2850 670 ab
2899 618 3119 670 ineunte
3162 624 3323 670 aetate
3369 631 3459 670 ar-

1882 704 2148 759 dentioris
2190 706 2478 770 acuminis,
2526 706 2617 759 alii
2670 720 2799 760 vero
2864 705 3154 771 tardioris;
3211 706 3454 761 nonnulli

1881 808 2060 853 autem
2088 799 2427 853 obtusissimi
2460 808 2514 854 et
2548 800 2766 869 penitus
2793 799 3056 855 indociles
3091 800 3262 854 nasci.
3289 819 3306 851 ι
3335 799 3457 865 Qui-

1883 891 1983 945 bus
2014 890 2210 945 similia
2237 891 2290 944 in
2328 891 2519 960 capitis
2544 890 2782 960 ejusdem
2808 892 2956 945 ealce
2988 892 3266 945 iterantur.
3294 890 3455 945 Libro

1878 998 2008 1037 vero
2041 983 2434 1039 lucubrationis
2462 985 2703 1055 ejusdem
2728 986 2929 1053 priore,
2970 999 3091 1054 cap.
3125 983 3178 1047 7,
3222 1000 3374 1038 num.
3398 982 3452 1049 4,

1878 1077 2116 1130 animam
2159 1077 2419 1141 hominis,
2459 1092 2566 1132 non
2599 1092 2721 1131 cum
2768 1091 2996 1145 corpore
3041 1076 3239 1130 factam
3276 1075 3455 1144 docet,

1878 1170 1971 1224 sed
2031 1170 2376 1225 extrinsecus
2430 1170 2716 1232 insertam,
2759 1168 2924 1237 idque
2980 1184 3077 1237 pro
3132 1168 3453 1221 meritorum

1877 1262 2113 1316 ratione.
2156 1261 2439 1317 Probando
2487 1262 2612 1316 huic
2668 1260 2856 1318 Jacitbi
2905 1260 3115 1330 profert
3145 1258 3452 1328 exemplum

1875 1363 1931 1407 et
1971 1352 2135 1418 Esau,
2181 1367 2410 1422 quorum
2459 1351 2548 1406 hic
2586 1351 2834 1418 fratrem,
2875 1365 2998 1405 cuiu
3044 1364 3111 1405 ex
3144 1339 3297 1404 ut‘ero
3330 1364 3457 1427 pro-

1876 1446 2037 1509 diret,
2075 1443 2477 1514 supplantavit;
2529 1444 2673 1513 quod
2727 1444 2799 1496 ita
2846 1458 3187 1512 nequaquam
3228 1452 3453 1496 eventu-

1876 1553 1995 1591 rum
2021 1538 2189 1591 fuisse
2212 1546 2421 1598 censet,
2455 1536 2558 1590 nisi
2592 1536 2644 1589 id
2673 1546 2900 1606 uterque
2925 1536 3115 1590 fuisset
3144 1535 3311 1607 gestis
3342 1536 3453 1590 suis

1874 1629 2228 1698 promeritus,
2265 1638 2559 1696 antequam
2602 1625 2746 1681 cmlo
2797 1626 3141 1681 delaberetur
3167 1642 3182 1679 ι
3210 1627 3359 1681 addit
3398 1634 3452 1681 et

1872 1719 2097 1776 Joannis
2142 1720 2475 1791 exemplum,
2512 1720 2602 1789 qui
2643 1719 2694 1772 in
2747 1720 2978 1774 materni
3012 1718 3148 1774 uteri
3197 1719 3453 1773 claustris

1873 1815 2171 1877 etiamnum
2200 1823 2540 1885 cornpactus,
2570 1813 2637 1871 ad
2668 1811 2853 1869 Maria:
2886 1827 3073 1867 vocem
3105 1811 3446 1881 tripudiavit;

177 1909 445 1964 pressas;
484 1897 563 1952 sic
614 1908 815 1968 tamen,
851 1913 910 1959 ut
935 1920 1260 1978 quocunque
1296 1907 1407 1963 sint
1431 1908 1572 1976 loco,
1604 1912 1769 1981 profi-
1804 1880 1846 1939 Β
1873 1916 1927 1961 et
1957 1904 2229 1970 Ieremia},
2278 1908 2362 1959 cui
2395 1906 2611 1959 dixerat
2646 1904 2907 1957 Dominus
2937 1922 2951 1957 :
2983 1923 3001 1955 ι
3030 1904 3357 1974 Priusquam
3397 1914 3449 1958 te

178 2002 317 2041 cere
346 1989 559 2057 possint
589 1992 642 2046 in
673 1992 891 2060 virtute,
927 1998 1011 2051 vel
1059 2009 1247 2054 contra
1301 2000 1471 2057 relabi
1503 2003 1557 2057 iu
1596 2004 1722 2059 vitia
1749 2022 1766 2069 ;

176 2088 235 2133 et
273 2094 377 2146 pro
411 2096 689 2153 regressus
737 2087 822 2143 sui
851 2089 934 2142 vel
967 2105 1292 2162 progressus
1324 2093 1552 2158 ratione,
1585 2096 1653 2150 ad
1685 2111 1771 2151 su-

178 2173 457 2238 periorem
505 2177 807 2237 evehuntur
834 2189 1058 2245 statum,
1091 2183 1172 2238 vel
1209 2185 1279 2237 ad
1324 2184 1639 2241 inferiorem
1674 2188 1767 2241 de-

178 2264 476 2318 trudantur
515 2263 649 2333 (37).
703 2263 839 2321 lluic
894 2283 1109 2340 quoque
1168 2270 1463 2325 conditioni
1529 2272 1766 2325 animant

174 2351 453 2421 obligavit
491 2352 715 2423 Christi,
746 2371 976 2427 eamque
1005 2375 1103 2429 pro
1134 2375 1347 2415 summo
1382 2376 1479 2417 suo
1509 2362 1770 2420 adversus

175 2442 358 2499 Deum
383 2462 588 2513 amore,
624 2448 798 2503 Verbo
830 2450 882 2505 in
904 2466 1067 2504 unum
1098 2451 1441 2520 conjunctam
1477 2453 1643 2510 fuisse
1670 2471 1768 2509 vo-

174 2534 311 2599 luit,
336 2545 499 2609 atque
528 2538 651 2592 inde
686 2555 885 2609 corpus
914 2541 965 2595 in
998 2541 1060 2595 Β.
1090 2543 1331 2613 Virginis
1378 2543 1563 2599 Mariae
1612 2555 1765 2600 utere

176 2628 482 2683 formatum
521 2631 776 2688 subiisse.
822 2631 861 2686 Ε
903 2634 1173 2688 mentibus
1202 2650 1365 2703 porro
1393 2635 1499 2691 illis
1520 2651 1640 2706 qua:
1665 2652 1766 2692 au-

171 2721 416 2790 gelicam
465 2733 647 2778 essent
691 2733 955 2779 assecuta:
1003 2726 1369 2782 conditionem
1398 2767 1415 2794 ,
1477 2730 1767 2785 nonnullas

170 2811 389 2867 Christi
442 2812 721 2869 imitantes
768 2815 1035 2871 adversus
1084 2818 1383 2873 humanum
1416 2834 1585 2890 genus
1614 2837 1767 2875 arno-

170 2916 300 2957 rem
328 2914 383 2959 et
410 2905 757 2974 cbaritatem,
782 2907 868 2962 vel
898 2908 1019 2964 aliis
1041 2911 1106 2966 de
1135 2912 1317 2967 causis
1343 2928 1371 2966 a
1406 2914 1516 2967 Deo
1546 2914 1764 2979 missas,

169 3011 406 3052 carnem
443 2999 807 3068 assumpsisse
840 2999 1033 3066 sensit,
1060 3009 1111 3055 et
1141 3002 1525 3072 praphetarum
1551 3017 1767 3060 sancto-

172 3103 417 3159 rumque
452 3091 689 3144 rirorum
731 3106 1021 3160 personam
1053 3094 1285 3162 gessisse
1321 3094 1371 3149 iu
1401 3096 1582 3163 terris,
1621 3097 1763 3151 etad

169 3180 496 3251 exemplum
519 3180 718 3238 Christi
756 3196 879 3238 sese
908 3194 1297 3253 componentes
1331 3185 1609 3242 hominum
1639 3188 1766 3241 reli-

168 3288 415 3341 quorum
440 3273 600 3327 saluti
630 3274 992 3330 consuluisse.
1038 3275 1242 3331 Horum
1272 3278 1518 3333 omnium
1552 3289 1760 3349 partem

169 3366 680 3420 demonstravimus
722 3366 834 3437 jam
892 3384 1077 3439 supra,
1105 3378 1315 3439 partem
1351 3371 1440 3426 hic
1468 3371 1762 3428 declarau-

169 3456 301 3513 dam
334 3458 699 3513 servavimus.

243 3545 476 3603 Llinime
523 3563 649 3603 vero
701 3552 857 3606 nobis
900 3551 1105 3607 diutius
1153 3552 1554 3608 immorandum
1586 3565 1668 3609 est
1710 3558 1761 3613 in

169 3637 309 3695 locis
332 3640 676 3711 colligendis,
702 3642 898 3711 quibus
920 3644 1223 3698 animarum
1242 3646 1588 3717 προΰπαρξιν
1615 3648 1760 3703 Ada-

169 3730 419 3784 mantius
462 3732 713 3785 asseruit.
769 3731 960 3786 Patent.
998 3732 1071 3788 illi
1110 3737 1403 3805 unicuique
1432 3738 1667 3803 obviam,
1706 3750 1761 3797 et

170 3823 288 3875 viro
351 3838 461 3875 non
512 3822 738 3876 multum
797 3824 1041 3893 diligenti
1093 3825 1407 3895 frequentes
1438 3842 1756 3886 occurrunt.

167 3915 423 3983 Insignes
477 3916 741 3969 duntaxat
795 3916 984 3985 aliqui,
1029 3932 1128 3986 pro
1190 3933 1341 3973 more
1394 3932 1602 3986 nosuo,
1636 3921 1759 3991 fidei

166 4007 536 4067 conciliandae
594 4010 768 4078 gratia
825 4008 1125 4063 adducendi
1172 4020 1323 4075 sunt,
1384 4022 1581 4081 prteter
1639 4028 1755 4078 eos,

163 4100 444 4170 quosjam
482 4114 646 4166 supra
684 4100 1033 4169 protulimus,
1062 4116 1183 4153 cum
1230 4102 1398 4170 ipsius
1431 4106 1757 4159 sententiam

162 4192 231 4246 de
290 4192 613 4261 angelorum
670 4192 884 4246 meritis
936 4192 1368 4260 exploraremus.
1423 4194 1568 4249 Ante
1624 4195 1758 4252 alios

162 4284 547 4343 observantius
599 4284 744 4339 venit
777 4285 866 4339 ille
892 4303 922 4340 e
959 4285 1050 4339 lib.
1085 4302 1122 4341 ιι
1182 4286 1331 4355 Περὶ
1374 4284 1600 4356 ἀρχῶν,
1630 4304 1755 4358 cap.

162 4376 217 4438 8,
251 4391 409 4430 num.
444 4376 478 4430 5
519 4386 571 4431 et
610 4376 664 4442 4,
708 4377 759 4431 in
790 4393 897 4446 quo
944 4388 1169 4431 naturas
1223 4379 1346 4433 illas
1389 4381 1601 4433 ratione
1640 4380 1756 4449 pol-

160 4467 366 4534 lentes,
403 4484 522 4537 quae
557 4484 583 4523 ιι
614 4468 724 4525 Deo
752 4472 983 4539 primum
1027 4482 1325 4537 procreatae
1380 4481 1526 4535 sunt,
1579 4473 1756 4541 prius-

1873 1994 2162 2049 formarem
2210 1994 2261 2047 in
2304 2004 2482 2056 utero,
2534 1992 2656 2047 novi
2708 2002 2799 2047 te:
2834 2004 2889 2048 et
2936 2002 3225 2063 antequam
3266 1994 3448 2047 exires

1870 2087 1937 2141 de
1969 2086 2147 2149 vulva,
2180 2086 2519 2142 sanctiﬁcavi
2560 2097 2610 2141 te
2632 2088 2697 2139 '°.
2729 2104 2748 2138 ι
2788 2085 3042 2153 Alioquin
3088 2086 3162 2137 ait
3209 2085 3445 2139 futuram

1870 2178 2012 2249 apud
2043 2179 2209 2232 Deum
2243 2178 2721 2249 προσωποληψίαν,
2749 2191 2803 2233 et
2848 2177 3184 2245 injustitiatn,
3217 2178 3358 2247 quod
3396 2186 3449 2232 et

1872 2279 2003 2331 tom.
2037 2286 2073 2324 tt
2108 2273 2161 2323 in
2194 2268 2383 2333 luam,
2423 2288 2570 2327 nutu.
2602 2271 2694 2335 25,
2728 2272 2949 2340 repetit.
2986 2267 3186 2321 Eadem
3233 2284 3448 2321 asseve-

1870 2364 2080 2417 rantius
2116 2362 2352 2417 inculcat
2395 2379 2514 2431 cap.
2555 2363 2610 2428 8,
2662 2363 2785 2417 libri
2820 2378 2833 2415 l
2864 2362 3002 2429 Περὶ
3038 2360 3263 2429 ἀρχῶν,
3294 2371 3347 2415 et
3383 2361 3439 2413 li-

1868 2456 1951 2509 bri
2004 2471 2087 2523 m,
2142 2471 2262 2523 cap.
2302 2455 2354 2518 l,
2394 2472 2541 2510 tutm.
2590 2455 2683 2508 20.
2720 2454 3014 2524 Postquam
3063 2455 3207 2508 enim
3258 2471 3447 2513 unum-

1868 2561 2140 2616 quemque
2178 2547 2335 2611 dixit,
2374 2556 2534 2615 prout
2584 2562 2706 2600 sese
2742 2547 2931 2616 gessit,
2964 2563 2993 2599 a
3024 2545 3131 2599 Deo
3168 2560 3262 2598 vas
3308 2544 3443 2599 ellici

1867 2639 1954 2694 vel
1984 2639 2051 2692 ad
2080 2640 2344 2694 honorem
2377 2637 2460 2691 vel
2494 2639 2559 2691 ad
2595 2637 3001 2703 contumeliam,
3041 2638 3222 2695 subdit
3268 2636 3446 2691 couti-

1868 2744 1975 2784 nuo
2012 2729 2209 2784 ibidem
2248 2743 2368 2797 pag.
2405 2727 2507 2781 154
2541 2742 2554 2778 :
2588 2744 2605 2777 ι
2632 2726 2783 2792 Quod
2822 2724 3025 2793 sijusta
3081 2728 3194 2779 hzec
3234 2724 3447 2778 videtur

1868 2821 2121 2886 assertio,
2155 2821 2297 2875 sicut
2336 2830 2420 2875 est
2456 2830 2603 2875 certe
2629 2819 2798 2887 justa,
2835 2831 2887 2874 et
2914 2836 3034 2873 eum
3065 2819 3210 2871 omni
3241 2819 3444 2886 pietate

1868 2915 2229 2976 concurdans,
2267 2913 2344 2966 uti
2401 2928 2468 2966 ex
2526 2913 2964 2980 praecedentibus
3016 2912 3194 2966 causis
3247 2927 3442 2963 unum-

1867 3010 2121 3076 quodque
2152 3020 2246 3059 vas
2276 3004 2363 3059 vel
2395 3004 2461 3059 ad
2495 3004 2757 3061 honorem
2790 3019 2819 3055 a
2862 3004 2989 3067 Dco,
3028 3001 3108 3055 vel
3145 3003 3210 3054 ad
3253 3012 3437 3054 contu-

1869 3096 2086 3151 nieliam
2128 3105 2466 3163 prmparctttr
2499 3110 2510 3145 :
2546 3109 2649 3151 nun
2693 3094 2903 3146 videtur
2932 3094 3221 3146 absurdum
3251 3094 3438 3146 eodem

1867 3189 2079 3253 ordine,
2117 3198 2278 3256 atque
2309 3187 2496 3241 eadem
2530 3184 2917 3252 consequentia
2952 3184 3308 3239 tliscutieules
3342 3199 3441 3238 nos

1866 3280 2201 3348 antiquiores
2229 3293 2443 3340 causas,
2472 3278 2661 3330 eadem
2696 3276 2854 3331 etiam
2909 3277 2975 3329 de
3019 3276 3320 3329 animarum
3356 3292 3441 3329 ra-

1866 3374 2014 3427 tione
2056 3373 2282 3434 sentire,
2316 3380 2371 3424 et
2398 3371 2499 3424 hoc
2532 3385 2654 3423 esse
2696 3370 2747 3423 in
2781 3384 2947 3422 causa
2977 3370 3118 3437 quod
3154 3367 3324 3422 Jacob
3359 3368 3443 3421 di-

1865 3463 2035 3519 lectus
2073 3475 2157 3519 est
2212 3473 2503 3532 antequam
2563 3462 2690 3516 huic
2753 3461 2953 3514 mundo
3005 3471 3344 3523 nasceretur,
3387 3472 3441 3513 et

1864 3555 2003 3610 Esau
2034 3556 2156 3609 odio
2192 3555 2411 3609 habitus
2434 3561 2542 3613 est,
2570 3553 2695 3606 dum
2736 3554 2912 3607 adhuc
2949 3553 3000 3606 in
3034 3562 3223 3605 ventre
3250 3553 3441 3607 matris

1866 3648 2175 3702 haberetur.
2202 3665 2220 3698 ι
2255 3646 2703 3700 Dissertationem
2725 3646 2939 3709 demunt
2962 3643 3033 3696 ita
3060 3643 3261 3697 claudit
3289 3658 3436 3698 lllllll.

1863 3739 1927 3793 21
1965 3757 1980 3793 :
2018 3739 2131 3793 «Ex
2183 3754 2291 3807 quo
2343 3738 2633 3806 opinamur
2682 3736 2936 3805 quoniam
2993 3736 3212 3803 quidem
3262 3735 3440 3801 (sicut

1863 3832 2177 3901 frequenter
2206 3828 2460 3900 dlximns)
2497 3828 2819 3882 immortalis
2864 3836 2945 3881 est
2981 3826 3161 3879 anima
3194 3835 3248 3878 et
3277 3835 3439 3880 teter-

1862 3938 1952 3989 na,
1986 3924 2127 3992 quod
2161 3922 2212 3975 in
2246 3921 2450 3985 multis,
2479 3930 2531 3974 ct
2554 3920 2671 3973 sine
2701 3920 2805 3971 line
2832 3918 3021 3986 spatiis
3050 3933 3144 3986 per
3174 3916 3437 3969 immensa

1861 4025 1914 4069 et
1942 4015 2157 4068 diversa
2176 4013 2367 4067 szecula
2393 4011 2649 4081 possibile
2680 4021 2783 4071 est,
2816 4019 2871 4061 ut
2900 4008 2981 4061 vel
3006 4024 3033 4058 λ
3064 4021 3274 4060 suunno
3296 4006 3439 4059 bono

1862 4109 1927 4161 ad
1959 4106 2145 4161 infima
2182 4108 2320 4158 tuala
2352 4104 2670 4166 descendat,
2699 4112 2751 4155 ct
2783 4102 2851 4155 ab
2885 4101 3091 4153 ultimis
3124 4099 3189 4151 ad
3222 4113 3437 4151 summa

1860 4199 2003 4254 bona
2040 4206 2345 4268 rcparetur.
2371 4215 2388 4248 ι
2433 4195 2584 4262 Quod
2620 4204 2801 4247 autem
2835 4205 3021 4245 contra
3052 4192 3247 4260 apponi
3281 4202 3437 4259 pote-

1861 4299 1946 4344 rat
1973 4305 2037 4345 ex
2075 4289 2224 4343 Pauli
2262 4289 2326 4342 ad
2362 4288 2635 4341 Romanos
2677 4300 2798 4353 cap.
2837 4300 2913 4349 rx,
2952 4287 3116 4337 Deum
3151 4297 3216 4336 ex
3245 4282 3434 4335 eadem

1862 4397 2064 4446 massa,
2120 4382 2199 4437 sic
2250 4390 2507 4451 tanquam
2548 4377 2767 4449 figulum
2815 4391 2845 4431 e
2890 4376 3001 4430 luto
3045 4389 3171 4429 vasa
3216 4375 3319 4427 alia
3369 4374 3435 4426 ad

1861 4472 2124 4527 herrorem
2165 4472 2388 4540 lingere,
2423 4470 2525 4524 alia
2578 4471 2644 4523 ad
2683 4466 3092 4530 contumeliam,
3124 4466 3203 4520 sic
3230 4464 3437 4518 diluere

160 4580 331 4633 quam
398 4563 521 4617 boui
584 4563 793 4631 aliquid
848 4565 930 4617 vel
979 4565 1107 4619 mali
1144 4565 1196 4627 in
1259 4581 1317 4629 se
1349 4566 1750 4635 concepissent,
1788 4577 1831 4631 ι)
1860 4564 2161 4629 contendit,
2202 4561 2550 4616 rationalium
2587 4561 2895 4614 aniinarum
2931 4575 3091 4611 unam
3126 4573 3247 4613 esse
3286 4573 3438 4610 natu-

162 4666 384 4719 mentes
421 4654 591 4709 fuisse
627 4655 820 4719 tradit;
855 4656 1049 4711 deinde
1083 4673 1212 4711 vero
1253 4658 1460 4712 scelere
1489 4658 1752 4723 admisso,

161 4748 385 4801 animas
436 4747 690 4801 evasisse.
758 4746 926 4801 Verba
978 4750 1089 4817 ipsa
1148 4748 1526 4815 producuutor
1561 4763 1574 4799 :
1615 4766 1633 4798 ι
1668 4748 1741 4801 Ex

160 4839 373 4909 quibus
427 4841 676 4895 omnibus
712 4840 842 4894 illud
880 4842 1096 4895 videtur
1145 4842 1382 4905 ostendi,
1413 4845 1562 4909 quod
1598 4858 1753 4901 incus

159 4936 226 4988 de
285 4942 441 4991 statu
478 4949 578 4987 suo
626 4948 690 4987 ac
740 4933 1007 5003 dignitate
1061 4933 1366 4995 declinans,
1408 4932 1603 4987 effecta
1668 4934 1753 4988 vel

161 5033 481 5091 nuncupata
526 5033 608 5078 est
651 5024 830 5077 anima
859 5041 872 5076 :
899 5038 1017 5092 qua:
1058 5025 1102 5078 si
1158 5033 1416 5093 reparata
1482 5023 1649 5077 fuerit
1698 5034 1752 5078 et

159 5126 436 5178 correcta,
476 5118 614 5171 redit
651 5118 703 5170 in
740 5120 842 5171 hoc
868 5126 926 5171 ut
959 5119 1028 5171 sit
1059 5134 1232 5172 meus.
1262 5118 1413 5182 Quod
1446 5118 1490 5170 si
1530 5118 1600 5169 ita
1637 5125 1748 5181 est,

164 5208 426 5261 decessus
459 5208 572 5275 ipse
602 5209 798 5262 mentis
821 5224 885 5261 ac
918 5209 1186 5261 devolutio
1214 5208 1427 5260 videtur
1452 5208 1581 5260 mihi
1606 5210 1747 5276 quod

164 5316 269 5353 non
331 5300 554 5367 aequalis
606 5300 849 5353 omnium
902 5300 1217 5354 sentiendus
1260 5300 1351 5359 sit,
1388 5300 1479 5351 sed
1510 5298 1594 5351 vel
1631 5299 1751 5367 plus

160 5391 247 5445 Vel
312 5392 493 5443 minus
550 5391 600 5443 in
664 5392 902 5444 animam
960 5393 1118 5456 verti,
1153 5401 1205 5443 et
1260 5390 1477 5457 aliquas
1532 5390 1749 5456 quidem

161 5493 380 5537 mentes
430 5497 653 5536 servare
701 5483 902 5552 aliquid
947 5484 1110 5536 etiam
1142 5483 1339 5551 prioris
1372 5482 1605 5548 vigoris;
1644 5482 1772 5534 ali-.

743 5640 793 5671 "
823 5639 976 5691 Rom.
1012 5653 1088 5701 lx,
1130 5637 1218 5691 20.

260 5761 356 5827 57)
388 5760 525 5813 Huic
583 5776 787 5828 quoque
848 5759 1137 5813 conditioni
1199 5758 1429 5809 animum
1493 5755 1740 5828 obligavit

160 5826 410 5897 Christi,
448 5826 660 5899 eumque
700 5826 808 5897 ινα
860 5845 1062 5883 summa
1117 5846 1211 5880 sua
1266 5831 1513 5881 attm'sus
1571 5826 1736 5878 Deum

232 5641 284 5674 ⁸⁸
309 5638 512 5697 Jerem.
550 5656 586 5705 t,
616 5639 669 5693 5.

1864 4672 2003 4719 ram,
2039 4673 2159 4725 qua:
2211 4656 2319 4709 Deo
2359 4670 2465 4707 nou
2518 4667 2679 4707 secus
2717 4652 2994 4720 subjaccat
3030 4666 3093 4704 ac
3126 4650 3221 4703 luti
3257 4664 3435 4703 massa
3493 4680 3505 4687 ι

1863 4746 2043 4816 figulo,
2081 4758 2241 4816 atque
2275 4746 2400 4799 inde
2430 4744 2565 4797 varii
2606 4746 2820 4811 generis
2854 4758 2976 4796 vasa
3012 4742 3272 4810 depromi.
3301 4740 3436 4794 Pan.

1862 4839 2024 4891 liuam
2061 4836 2311 4889 similiter
2351 4835 2816 4901 increpationem:
2851 4848 2869 4881 ι
2895 4830 2938 4885 Ο
2980 4832 3163 4894 homo,
3218 4840 3271 4882 tu
3314 4828 3434 4897 quis

1859 4944 1941 4993 es,
1968 4930 2059 4996 qui
2088 4938 2282 4991 centra
2320 4928 2650 4993 respondeas
2701 4926 2808 4977 Deo
2829 4923 2913 4977 5'?
2943 4942 2960 4974 ι
3012 4924 3078 4975 ad
3110 4922 3307 4990 impios
3342 4920 3434 4974 de-

1860 5022 2026 5083 rivat,
2060 5019 2153 5087 qui
2200 5034 2302 5070 non
2341 5017 2604 5078 discendi,
2635 5019 2727 5070 sed
2774 5014 3055 5068 resistendi
3105 5026 3275 5066 causa
3324 5011 3435 5066 Deo

1855 5113 2074 5179 obloqui
2123 5110 2343 5170 audent,
2391 5118 2447 5162 et
2494 5119 2778 5176 postquam
2841 5104 3179 5158 facinoribus
3221 5103 3334 5157 suis
3368 5118 3434 5155 ac

1854 5205 2079 5273 perlidia
2114 5203 2207 5256 Dei
2242 5200 2547 5269 alloquetnli
2598 5200 2791 5252 fiducia
2830 5214 2891 5249 ac
2924 5197 3048 5265 jure
3089 5196 3429 5258 exciderunt,

1856 5296 2050 5349 merito
2086 5294 2153 5347 iis
2191 5293 2352 5358 objici
2385 5294 2571 5345 tlebeal
2603 5308 2615 5343 :
2654 5309 2669 5340 ι
2696 5287 2740 5343 0
2772 5288 2956 5349 homo,
2987 5296 3039 5337 tu
3083 5286 3203 5352 quis
3229 5299 3310 5342 es.
3341 5285 3430 5351 qui

1856 5398 2049 5441 contra
2083 5386 2411 5453 respondeas
2445 5384 2551 5435 Deo
2574 5382 2596 5434 ?
2622 5400 2639 5431 ι
2687 5379 2905 5434 Sanctis
2954 5391 3085 5430 vero
3120 5374 3434 5430 hominibus

1858 5478 2094 5534 adeundi
2140 5488 2193 5532 et
2234 5475 2542 5544 alloqncudi
2591 5473 2705 5538 Dei,
2744 5471 3031 5539 eidemque
3071 5465 3432 5538 respondendi

1854 5768 2055 5813 amore,
2091 5757 2195 5803 etc.
2239 5746 2370 5801 Vide
2403 5761 2564 5814 supra
2603 5743 3104 5799 animadversiones
3136 5738 3429 5797 nostrasin

1852 5832 2046 5891 quaest.
2080 5821 2133 5888 5,
2167 5818 2238 5872 De
2273 5817 2509 5883 Christo,
2543 5832 2692 5871 nunt.
2729 5814 2784 5870 6.
