3898 6540
456 412 563 470 899

1694 414 1755 472 P.
1797 414 2114 472 DANlELIS
2152 413 2388 472 HUETII

3616 435 3711 487 900

456 534 671 602 copiam
716 548 932 603 semper
976 532 1092 588 ﬁeri
1137 532 1271 598 vult,
1306 533 1485 605 qualis
1525 534 1655 590 olim
1683 536 1857 606 Moysi
1894 536 2035 591 facta
2064 542 2111 597 Α
2142 536 2335 590 minari
2368 538 2531 601 dicat,
2565 540 2786 596 minime
2819 551 3000 599 tamen
3032 548 3172 601 satio
3207 547 3297 602 illa
3336 564 3461 617 qum
3507 565 3711 621 patrum

454 635 560 679 est.
596 625 770 691 Quam
804 626 975 693 ipsam
1008 627 1515 696 interpretationem
1549 643 1670 683 cum
1694 627 2036 696 przecedente

456 716 523 770 de
554 714 742 771 Jacobi
789 718 992 783 anima,
1026 726 1083 771 et
1116 719 1262 773 vasis
1300 719 1365 773 ad
1415 720 1803 774 contumeliam
1854 721 2035 774 hono-

456 820 640 861 remve
669 807 955 862 destinatis
996 808 1364 879 disputatione
1404 825 1621 864 rursum
1674 810 1893 867 adhibet
1936 811 2031 868 lib.

453 912 531 954 vit
580 900 633 953 in
678 898 854 966 Epist.
898 902 967 954 ad
1012 901 1190 966 Rom.,
1242 918 1390 956 num.
1447 903 1545 968 Π,
1588 903 1714 957 dum
1757 905 1858 959 hoc
1893 905 2033 960 idem

452 1001 616 1060 caput
659 992 1073 1049 Commentariis
1109 995 1225 1049 suis
1280 995 1561 1064 explanat.
1599 996 1766 1052 Vanze
1819 997 2033 1054 scilicet

449 1093 507 1137 et
531 1082 737 1138 frivolae
759 1085 810 1137 in
839 1100 897 1139 re
919 1094 1107 1154 aperta
1139 1085 1540 1150 cavillationes,
1574 1096 1628 1142 et
1661 1088 1772 1143 acri
1798 1103 2029 1143 censura

449 1190 514 1229 ac
572 1176 934 1245 castigatione
995 1178 1191 1247 dignze.
1251 1177 1385 1234 Huic
1420 1179 1799 1235 confirmando
1853 1181 2027 1235 errori

449 1265 613 1321 allata
661 1268 911 1335 superius
967 1270 1215 1338 exempla
1264 1270 1490 1326 Joannis
1523 1271 1575 1325 in
1637 1273 1828 1327 matris
1877 1283 2031 1327 utero

448 1357 798 1423 exsultantis,
836 1368 891 1413 et
932 1356 1187 1415 Jcremize
1214 1370 1509 1431 antequam
1544 1361 1598 1416 in
1633 1372 1877 1418 materna
1907 1364 2028 1419 alvo

451 1450 806 1515 formaretur,
838 1468 903 1505 ex
950 1465 1122 1522 eaque
1150 1452 1415 1521 prodiret,
1448 1452 1557 1507 Deo
1586 1455 1727 1519 noti,
1763 1456 1832 1508 ab
1856 1470 2029 1525 eoque

446 1543 768 1611 sanctiﬁcati
811 1545 1009 1615 repetit
1057 1545 1253 1599 iterum
1309 1561 1428 1616 cap.
1466 1547 1500 1601 5
1530 1546 1650 1601 libri
1707 1548 1849 1602 tertii
1887 1547 2029 1618 Περὶ

443 1634 668 1703 ἀρχῶν,
698 1652 847 1689 num.
879 1636 932 1699 5,
970 1635 1191 1706 aliaque
1234 1638 1482 1707 congerit
1521 1638 1688 1707 petita
1727 1652 1794 1692 ex
1842 1638 1910 1693 iis
1944 1655 2029 1692 ar-

445 1738 722 1795 gumenta,
750 1729 843 1798 qui
876 1744 905 1781 a
937 1728 1271 1783 d:cmonibus
1310 1730 1493 1783 statim
1550 1731 1619 1784 ab
1666 1739 1789 1784 ortu
1834 1746 2024 1785 corre-

444 1820 545 1887 pti,
582 1820 661 1875 vel
696 1836 724 1873 a
760 1820 991 1888 pueritia
1026 1821 1305 1875 divinandi
1339 1821 1598 1875 facultate
1624 1822 1835 1892 praediti
1869 1834 2020 1891 sunt;

440 1927 675 1981 quorum
722 1928 829 1965 non
883 1912 1047 1965 aliam
1088 1926 1211 1968 esse
1246 1928 1465 1967 causam
1518 1914 1822 1979 existimat,
1861 1930 2021 1985 quam

444 2018 533 2058 res
565 2002 693 2057 olim
734 2005 803 2059 ab
832 2004 898 2059 iis
925 2014 1128 2075 gestas,
1163 2016 1454 2076 antequam
1484 2021 1715 2076 corpora
1749 2008 2022 2073 subirent;

440 2095 654 2151 arbitrii
708 2097 909 2167 quippe
964 2099 1047 2151 sui
1092 2097 1350 2153 libertate
1398 2098 1475 2152 uti
1512 2113 1729 2169 semper
1754 2100 2023 2165 animam,

439 2188 555 2242 sive
588 2199 741 2243 extra
781 2204 1003 2257 corpus,
1048 2189 1163 2244 sive
1208 2190 1423 2259 corpori
1462 2191 1716 2261 adjuncta
1753 2193 1845 2247 sit.
1876 2193 2023 2251 Idem

437 2290 637 2334 sonant
687 2279 802 2335 loca
848 2295 879 2335 a
924 2280 1235 2336 Iustiniano
1283 2281 1540 2345 collecta,
1572 2292 1626 2337 et
1656 2284 1905 2355 epistolae
1953 2286 2023 2341 ad

439 2367 649 2423 Menam
706 2372 972 2441 subjecta.
1026 2371 1325 2428 Nonnullas
1377 2388 1507 2427 vero
1557 2375 1772 2430 animas
1824 2388 2021 2448 sponte

342 2490 359 2509 .
435 2459 614 2515 delabi
641 2462 695 2515 in
731 2470 923 2528 terras,
964 2475 1018 2518 et
1052 2466 1418 2535 exsequendis
1468 2464 1564 2519 Dei
1607 2467 1851 2522 consiliis
1885 2483 2019 2538 ope-

436 2566 551 2603 ram
595 2566 747 2605 suam
790 2569 989 2606 navare
1023 2555 1160 2609 velle
1190 2557 1423 2610 somniat
1455 2566 1586 2611 tom.
1619 2573 1685 2611 xv
1708 2558 1762 2611 in
1799 2558 2016 2626 Matt/L,

435 2656 585 2699 num.
615 2642 723 2697 '54:
770 2644 913 2713 Ἐγὼ
954 2645 1012 2698 δὲ
1059 2644 1273 2699 ὑπονοῶ
1312 2648 1404 2701 τὸν
1446 2650 1576 2719 περὶ
1621 2650 1801 2721 ψυχῆς
1841 2652 2015 2725 ἀπόρ-

437 2734 600 2803 ρητον
628 2736 722 2788 καὶ
754 2737 812 2788 ὲν
850 2736 1059 2801 τούτοις
1100 2738 1408 2809 κεκρύφθαι
1464 2739 1644 2810 λόγον,
1680 2743 1771 2795 ὅτε
1809 2744 2014 2816 ἤργουν

433 2823 565 2896 ὅλην
608 2828 705 2900 τὴν
748 2831 961 2902 ἡμέραν
1004 2831 1167 2903 μέχρι
1208 2833 1308 2903 τῆς
1361 2834 1655 2907 ἑνδεκάτης
1696 2835 1878 2908 ὥρας·
1919 2837 2012 2890 θέ-

433 2918 616 2985 λοντες
654 2924 750 2992 μὲν
776 2920 1137 2995 ἐργάσασθαι,
1178 2926 1238 2978 οὐ
1264 2926 1892 3001 παραλαμϐανόμενοιδὲ
1928 2931 2010 2995 είς

429 3012 524 3067 τὸν
558 3014 855 3085 ἀμπελῶνα
891 3016 939 3068 oi
974 3016 1393 3091 τεθαρρηκότως
1435 3016 1884 3089 ἀπολογούμενοι,
1914 3020 2008 3075 καὶ

429 3103 717 3174 λέγοντες·
761 3108 948 3172 Οὐδεὶς
984 3108 1130 3181 ἡμᾶς
1165 3105 1530 3183 ἐμισθώσατο.
1575 3111 1644 3164 At
1690 3112 1834 3167 enim
1882 3111 2005 3166 tiri-

2142 626 2450 683 ministerio
2476 632 2773 699 perficitur,
2816 634 2897 687 vel
2928 651 3248 701 corporeum
3294 656 3483 695 semen
3514 642 3707 697 intelli-

2137 720 2369 791 gendum
2407 735 2527 775 esse
2571 722 2806 787 videtur,
2833 727 2926 779 sed
2958 729 3101 782 satio
3132 728 3235 783 alia
3267 731 3524 801 mystica,
3565 744 3620 786 et
3646 750 3717 788 se-

2137 826 2256 865 men
2290 811 2661 885 πνευματικὸν
2688 826 2743 869 et
2778 818 2993 887 νοητὸν,
3021 818 3176 887 cujus
3208 832 3399 876 auctor
3431 824 3549 893 ipse
3584 820 3712 879 [λιιι

2134 914 2219 957 est
2247 920 2262 957 :
2289 918 2477 958 serere
2502 906 2647 958 enim
2694 908 2905 961 animas
2944 909 3051 963 dici
3087 920 3287 979 potest,
3324 918 3603 981 quatenus
3631 930 3713 970 eas

2136 994 2187 1049 in
2217 994 2369 1049 varia
2397 1012 2630 1067 corpora
2675 999 2829 1068 juxta
2861 1000 3116 1072 Origeuis
3166 1006 3501 1061 sententiam
3534 1008 3691 1065 distri

2134 1085 2249 1141 buit
2283 1105 2297 1143 :
2336 1096 2465 1144 tunc
2510 1102 2691 1143 autem
2723 1102 2906 1148 certas
2955 1094 3142 1149 iisdem
3170 1112 3270 1166 pro
3299 1098 3517 1152 meritis
3544 1101 3714 1169 quali-

2134 1188 2276 1236 tates
2303 1181 2468 1237 inseri
2505 1184 2714 1253 putavit
2747 1185 3131 1250 Adamantius,
3159 1203 3358 1257 easqne
3382 1190 3512 1259 quia
3548 1195 3712 1244 semi-

2133 1281 2331 1326 nantur
2360 1274 2414 1328 in
2456 1276 2675 1338 animis,
2716 1286 2827 1330 tum
2872 1293 2995 1331 cum
3045 1280 3157 1348 ipsa
3189 1281 3494 1335 animarum
3547 1284 3712 1337 admi-

2130 1362 2398 1418 nistratur
2426 1367 2585 1430 satio,
2629 1367 2990 1436 speriuaticas
3018 1370 3195 1423 dixit:
3229 1386 3349 1438 qua:
3392 1372 3440 1426 si
3474 1374 3711 1441 qualita-

2132 1462 2278 1520 tum,
2305 1457 2499 1511 animm
2530 1457 2847 1525 Abrahami,
2889 1459 2974 1512 vel
3000 1459 3136 1527 justi
3166 1461 3387 1517 alterius
3418 1464 3521 1517 viri
3571 1465 3711 1533 inge.

2130 1548 2368 1601 nitarum
2392 1548 2600 1603 similes
2637 1549 2841 1616 sint,et
2876 1550 3168 1621 diligenter
3199 1553 3551 1619 excolantur,
3583 1556 3710 1610 filios

2131 1655 2229 1694 nos
2264 1640 2513 1704 Abrahzc,
2546 1642 2748 1695 velviri
2786 1641 3011 1697 alterius
3032 1642 3163 1710 justi
3195 1643 3452 1709 eilicient,
3489 1648 3710 1717 myStieo

2131 1732 2366 1800 quodam
2416 1742 2471 1786 et
2516 1732 2747 1798 spiritali
2801 1735 2981 1788 modo.
3031 1734 3361 1790 Germanum
3404 1738 3559 1792 hunc
3601 1754 3709 1793 esse

2128 1812 2389 1892 Origenis
2418 1839 2637 1879 sensum
2675 1838 2742 1880 ex
2771 1825 2939 1880 totius
2990 1827 3090 1882 loci
3124 1836 3330 1881 attenta
3362 1827 3609 1907 lectione
3635 1832 3706 1882 in-

2132 1913 2414 1983 telligitur,
2447 1916 2540 1967 sed
2584 1929 2649 1969 ex
2683 1930 2749 1969 eo
2803 1916 3131 1984 praesertim,
3183 1918 3327 1986 quod
3380 1919 3705 1988 qualitatum

2128 2006 2343 2061 illarum
2372 2006 2579 2059 variam
2622 2020 2688 2061 ac
2734 2006 3051 2075 inaequalem
3083 2009 3551 2079 dispensationem
3583 2027 3706 2066 cau-

2125 2112 2217 2153 sas
2259 2107 2437 2152 ortum
2478 2099 2845 2165 przccedeutes
2906 2098 3109 2154 habere
3166 2100 3325 2158 dixit.
3379 2101 3518 2156 lnde
3569 2105 3705 2157 enim

2122 2189 2399 2261 colligitur
2434 2192 2739 2243 animarum
2774 2190 3120 2265 προΰπαρξις
3165 2206 3289 2259 qua:
3330 2208 3458 2247 cum
3503 2193 3708 2247 anima-

2124 2297 2242 2336 rum
2295 2282 2682 2353 propagatione
2727 2297 2795 2336 ex
2852 2284 3076 2337 traduce
3137 2294 3283 2338 stare
3340 2299 3453 2337 non
3511 2295 3702 2355 potest.

2123 2373 2239 2430 Huc
2270 2374 2408 2429 adde
2454 2375 2770 2443 frequentes
2809 2374 3064 2444 Origcnis
3091 2376 3382 2430 adversum
3422 2376 3567 2431 hanc
3594 2393 3704 2432 seu.

2123 2463 2351 2517 tentiam
2386 2477 2669 2528 excursus,
2694 2479 2925 2533 quorum
2955 2467 2998 2518 si
3033 2480 3156 2519 eum
3185 2464 3298 2532 jam
3329 2468 3593 2535 pmuitct,
3633 2471 3704 2522 ni-

2120 2554 2242 2608 miae
2292 2554 2481 2622 utique
2532 2553 2942 2619 inconstantiae,
3001 2564 3055 2610 et
3104 2563 3255 2608 tanto
3297 2557 3422 2608 viro
3474 2556 3704 2627 indigum

2117 2659 2242 2697 reus
2288 2643 2472 2698 fuerit.
2516 2643 2900 2714 Suffragantur
2945 2646 3071 2699 huic
3106 2646 3437 2714 expositioni
3487 2662 3611 2716 quae
3642 2649 3703 2702 le-

2114 2738 2293 2807 gimus
2324 2746 2453 2790 tum.
2491 2751 2585 2791 χιιι
2631 2738 2684 2789 in
2715 2737 2901 2802 Joan.,
2935 2753 3081 2792 num.
3112 2738 3182 2791 45
3214 2736 3327 2791 εΤὸ
3361 2739 3420 2792 δὲ
3452 2739 3565 2793 ἀπὸ
3603 2742 3704 2793 τῶν

2111 2827 2341 2899 ψαλμῶν
2374 2827 2519 2881 δοκεῖ
2543 2845 2631 2898 μοι
2652 2828 2843 2900 δηλοῦν
2866 2826 3112 2900 περὶτῆς
3135 2828 3365 2882 καθόλου
3406 2830 3521 2883 τῶν
3552 2832 3704 2901 εὖγε-

2110 2922 2377 2992 νεστέρων
2397 2920 2584 2993 ψυχῶν
2617 2922 3074 2993 παραγενομένων
3105 2923 3185 2985 είς
3222 2923 3313 2975 τὸν
3337 2922 3456 2993 βίον
3494 2925 3697 2983 τοῦτον.

2112 3013 2250 3083 μετά
2272 3014 2380 3067 τῶν
2404 3015 2688 3086 σωτηρίων
2718 3016 3068 3086 σπερμάτων,
3109 3016 3203 3068 καὶ
3245 3017 3700 3089 παραγενομένων

2106 3121 2191 3173 γε,
2213 3106 2374 3158 οἱονεὶ
2402 3106 2673 3169 ἀκουσίως
2714 3105 2854 3177 μετὰ
2896 3106 3219 3177 στεναγμοῦ,
3248 3108 3700 3179 ὲπανερχομένων

430 3213 598 3268 geues
628 3209 756 3253 tom.
793 3216 862 3254 xx
894 3200 945 3254 in
981 3200 1147 3257 Joan.
1198 3202 1461 3256 nonnulla
1507 3202 1669 3257 habet
1708 3218 1830 3273 qua:
1882 3218 2004 3258 cum

2117 3194 2164 3248 δὲ
2180 3196 2237 3247 ὲν
2270 3194 2607 3264 ἀγαλλιάσει,
2631 3195 2718 3250 διὰ
2756 3195 2816 3249 τὸ
2848 3195 3025 3259 καλῶς
3068 3199 3472 3269 γεωργηκέναι,
3498 3202 3594 3254 καὶ
3610 3203 3699 3271 ηὑ-

430 3292 711 3362 superiore
742 3293 859 3363 ejus
910 3291 977 3347 de
1017 3295 1197 3348 anima
1243 3295 1501 3365 opinione
1529 3310 1720 3364 parum
1751 3297 2009 3350 videntur

428 3386 761 3449 consentire,
810 3388 1110 3457 qualitates
1160 3404 1354 3457 nempe
1401 3389 1593 3443 nescio
1632 3402 1772 3456 quas
1814 3388 2012 3442 animis

432 3476 657 3546 ingigni,
690 3478 878 3547 quales
908 3480 1237 3547 corporibus
1265 3480 1638 3549 ingiguuntur.
1667 3479 1865 3532 Demus
1894 3479 2009 3548 ipsa

429 3570 590 3621 verba
620 3583 685 3622 ex
715 3584 861 3621 num.
888 3568 961 3622 ετ
999 3568 1153 3623 Ἑπεὶ
1186 3569 1243 3622 δὲ
1289 3570 1397 3625 άπὸ
1430 3570 1593 3641 ἤθους
1626 3571 1873 3642 κρίνεται
1913 3571 2010 3624 καὶ

427 3658 605 3730 ἔργων
647 3659 716 3715 τά
758 3657 925 3715 τέκνα
977 3660 1071 3714 τοῦ
1114 3660 1386 3733 Ἀϐραὰμ,
1441 3663 1651 3732 μήποτε
1700 3661 1809 3715 ἀπό
1847 3679 2011 3716 τινων

426 3750 818 3822 σπερματικῶν
858 3750 1034 3821 λόγων
1080 3755 1679 3825 συγκαταϐαλλομένων
1721 3756 1885 3817 τισὶν,
1931 3756 2010 3819 ὡς

423 3837 597 3913 οἶμαι,
618 3844 834 3913 ψυχαῖς,
862 3845 943 3898 δεῖ
966 3847 1393 3917 χαρακτηρίζειν
1422 3849 1550 3911 τοὺς
1590 3847 1751 3912 ὄντας
1784 3849 2008 3920 σπέρμα

422 3934 517 3991 τοῦ
562 3935 841 4007 Ἀῦραάμο
881 3937 975 3991 καὶ
1004 3937 1185 4009 εἴπερ,
1212 3938 1289 4004 ὡς
1322 3938 1465 3992 κατά
1500 3940 1564 3993 τὸ
1587 3940 1920 4009 σωματικὸν,
1944 3942 2006 3998 ού

422 4029 624 4093 πάντες
666 4030 941 4101 ἄνθρωποι
982 4030 1205 4101 σπέρμα
1256 4031 1365 4084 εἰσὶ
1407 4030 1502 4084 τοῦ
1551 4032 1822 4104 Ἀϐραὰμ,
1864 4033 2007 4087 οὕτω

420 4121 561 4175 κατὰ
591 4121 658 4175 τά
695 4121 789 4175 νῦν
815 4123 1176 4193 ἀποδιδόμενα
1206 4122 1463 4194 περὶτοῦ,
1487 4123 1630 4188 τίνες
1652 4125 1758 4177 sici.
1782 4123 2006 4196 σπέρμα

418 4211 514 4265 τοῦ
564 4210 838 4281 Ἀϐραὰμ,
888 4211 1048 4281 δῆλον
1088 4212 1169 4265 ὄτι
1202 4213 1264 4266 οὐ
1312 4214 1511 4276 πάντες
1550 4214 1827 4284 ἄνθρωποι
1869 4210 2008 4285 μετά

420 4305 597 4375 πάντη
638 4303 1028 4375 σπερματικῶν
1081 4304 1256 4373 λόγων
1299 4305 1409 4358 τῶν
1469 4307 2003 4378 ὲγκατασπαρέντων

418 4394 600 4449 αὐτῶν
632 4397 750 4458 ταῖς
775 4395 970 4464 ψυχαῖς
998 4395 1076 4466 τῷ
1124 4395 1223 4468 βίῳ
1264 4396 1372 4450 τῶν
1402 4396 1708 4464 ἀνθρώπων
1745 4399 2003 4471 ἐπιδεδη-

422 4487 651 4557 μήκασι·
690 4497 746 4541 et
797 4489 992 4541 deinde
1022 4508 1034 4541 τ
1066 4488 1140 4540 Οὐ
1170 4488 1370 4554 πάντες
1413 4483 1508 4541 οὖν
1544 4491 1682 4542 είσιν
1721 4491 2000 4562 ἄνθρωποι

2114 3286 2358 3360 ξηκὲναι,
2392 3289 2486 3344 καὶ
2516 3288 2959 3361 πεπληθυγκέναι
3006 3290 3078 3345 τὰ
3124 3291 3440 3362 σπέρματα,
3480 3292 3601 3365 μεθ’
3628 3288 3699 3348 ὦν

2110 3380 2423 3452 ἐληλύθασι.

2187 3471 2255 3527 ν.
2297 3472 2605 3527 lnSIitutam
2648 3487 2813 3543 porro
2842 3472 2893 3526 in
2928 3471 3113 3526 animo
3145 3473 3465 3542 opinionem
3517 3491 3699 3544 perae.

2114 3579 2289 3633 quens
2318 3564 2603 3631 Origenes,
2651 3565 2718 3619 ad
2744 3564 3023 3634 superiora
3058 3564 3186 3618 illud
3223 3580 3446 3635 quoque
3478 3568 3694 3634 adjecit,

2110 3667 2319 3711 mentes
2360 3658 2412 3710 in
2452 3656 2603 3725 pejus
2643 3656 2895 3728 delapsas
2947 3656 3152 3712 idcirco
3190 3656 3373 3728 ψυχάς
3408 3658 3583 3715 fuisse
3628 3662 3698 3713 di-

2109 3762 2247 3815 rtas,
2272 3751 2414 3819 quod
2445 3752 2682 3820 ipsarum
2716 3752 2934 3819 pietatis
2974 3762 3027 3805 et
3057 3752 3343 3806 charitatis
3390 3752 3579 3808 fervor
3611 3770 3693 3808 re-

2110 3842 2345 3897 frixerit.
2380 3842 2502 3898 Haec
2542 3842 2816 3899 habentur
2847 3843 2943 3898 lib.
2975 3859 3011 3898 ιι
3043 3844 3186 3913 Περὶ
3217 3842 3447 3917 ἀρχῶν,
3483 3861 3607 3918 cap.
3640 3847 3692 3906 8.

2110 3950 2258 3989 num.
2290 3936 2345 3998 5,
2377 3937 2467 3989 tibi
2511 3935 2679 3991 Deum
2719 3935 2900 4005 ignem
2926 3948 3049 3990 esse
3082 3938 3260 4001 docet,
3302 3938 3497 4006 igneos
3527 3954 3696 4007 angi--

2109 4025 2213 4087 l0s,
2249 4027 2515 4095 nobisque
2566 4027 2696 4096 ipsis
2747 4028 2944 4096 spiritu
2999 4038 3057 4082 ut
3098 4026 3409 4083 ferreanius
3443 4031 3690 4099 praecipi,

2108 4117 2153 4171 si
2183 4117 2343 4171 modo
2368 4116 2480 4172 Deo
2515 4118 2731 4188 placere
2760 4119 2991 4173 velimus
3020 4137 3035 4174 :
3064 4119 3259 4189 impios
3306 4133 3519 4189 autem,
3552 4124 3697 4193 frigé.

2108 4208 2208 4264 dos
2240 4220 2295 4263 ct
2326 4225 2447 4265 che
2492 4219 2548 4265 et
2582 4209 2719 4278 dici;
2777 4210 3049 4265 diabolum
3104 4212 3281 4281 ipsum
3335 4214 3577 4269 dracone
3624 4232 3688 4269 eo

2106 4301 2426 4369 significari,
2470 4302 2561 4370 qui
2604 4302 2658 4355 in
2705 4302 2838 4356 mari
2892 4318 3120 4372 regnare
3168 4304 3392 4358 dicitur.
3429 4304 3568 4363 Tum
3618 4307 3689 4361 ita

2108 4393 2380 4447 concludit
2413 4410 2427 4446 :
2460 4412 2480 4444 ι
2509 4393 2566 4448 Si
2598 4409 2729 4464 ergo
2757 4409 2819 4449 ea
2852 4409 2972 4465 qua:
3007 4405 3197 4449 sancta
3232 4409 3384 4464 sunt,
3422 4410 3481 4453 et
3518 4400 3689 4468 ignis,

2109 4494 2165 4539 et
2216 4484 2421 4549 lumen,
2472 4496 2527 4539 et
2576 4484 2842 4539 ferventia
2886 4486 3274 4551 nominantur;
3329 4505 3457 4558 qua:
3510 4502 3687 4544 autem

416 4556 639 4649 σπέρμα
671 4578 766 4631 τοῦ
811 4578 1084 4650 Ἀϐραὰμ,
1122 4580 1244 4633 οὐδὲ
1290 4580 1398 4653 γάρ
1433 4579 1618 4653 ἔχουσι
1643 4584 1768 4645 τοὺς
1809 4556 2000 4651 λόγους

2117 4576 2381 4630 :ontraria
2436 4586 2563 4630 sunt
2600 4576 2818 4644 frigida,
2852 4586 2909 4631 et
2948 4579 3193 4633 charitas
3229 4556 3461 4648 peccato
3493 4582 3691 4636 dicitur

417 4672 1009 4742 συγκατεσπαρμένους
1032 4672 1209 4726 αὐτῶν
1246 4676 1366 4737 ταῖς
1392 4673 1612 4740 ψυχαῖς,
1634 4676 1729 4728 καὶ
1769 4676 1999 4748 δυναμέ-

413 4779 559 4825 νους,
588 4765 635 4816 εί
660 4762 1048 4833 γεωργηθεὶεν,
1103 4763 1327 4834 ποιῆσαι
1360 4764 1524 4819 τέκνα
1569 4764 1664 4818 τοῦ
1719 4765 1993 4837 Ἀϐραάμ.

414 4854 544 4909 item
580 4855 633 4908 in
672 4856 866 4924 psalm.
905 4871 995 4921 xv,
1045 4856 1100 4917 7,
1147 4870 1177 4909 e
1224 4856 1442 4909 Catenis
1497 4856 1703 4923 Regiis,
1741 4875 1793 4927 p.
1836 4858 1940 4911 599
1976 4873 1992 4912 :

414 4945 531 5002 Κᾶν
552 4950 617 5017 τῇ
651 4948 796 5019 ψυχῇ
823 4948 1001 5001 τοίνυν
1039 4948 1157 5000 ἐστὶ
1178 4947 1427 5019 νοήματά
1460 4966 1580 5001 τινα
1595 4952 1709 5012 τοῖς
1733 4950 1991 5020 σπέρμα-

416 5055 498 5091 σιν
522 5037 781 5107 ἀνάλογα,
814 5039 936 5092 καθ’
956 5038 993 5092 ἂ
1012 5039 1082 5093 τὰ
1107 5039 1253 5093 ἔνδον
1290 5040 1603 5111 γεννήματα
1653 5043 1711 5094 ἐν
1758 5042 1994 5111 ἀγαθαῖς

413 5131 663 5201 πράξεσι,
702 5132 794 5184 καὶ
850 5131 1107 5201 θεωρίαις
1160 5131 1472 5201 ἀληθιναῖς.
1509 5133 1812 5199 Qualitates
1876 5136 1995 5191 illas

412 5223 793 5295 σπερματικὰς
819 5224 1013 5276 animis
1056 5222 1327 5293 ingenitas
1355 5226 1484 5292 quid
1519 5225 1661 5277 aliud
1684 5240 1805 5279 esse
1844 5228 1993 5280 dica-

411 5330 551 5379 mus,
585 5330 746 5382 quam
773 5314 1062 5384 qualitates
1092 5330 1215 5369 cum
1255 5317 1464 5369 semine
1498 5317 1813 5371 traductas?
1838 5317 1989 5383 Quod

409 5406 452 5459 si
493 5406 544 5459 in
575 5408 787 5460 animos
826 5407 1143 5460 traducatur
1172 5406 1376 5474 aliquid
1413 5422 1535 5460 cum
1578 5407 1790 5461 semine
1821 5417 1873 5461 et
1908 5408 1990 5460 iu-

408 5496 677 5565 gignatur,
716 5486 825 5551 imo
867 5498 913 5551 si
968 5514 1090 5551 cum
1129 5499 1325 5552 animis
1375 5498 1508 5567 ipsis
1556 5500 1860 5552 seminatur
1886 5500 1990 5552 ali-

405 5590 556 5656 quid,
586 5590 1254 5660 συγκατασπείρεταιταῖς
1279 5590 1495 5660 ψυχαῖς,
1520 5591 1854 5643 seminantur
1877 5592 1986 5644 uti-

404 5695 508 5747 que
540 5680 668 5746 ipsac
697 5683 913 5741 anim-te,
940 5692 996 5735 et
1023 5698 1088 5735 ex
1120 5683 1341 5735 traduce
1365 5691 1754 5751 propagantur.
1786 5680 1984 5736 Verum

405 5772 563 5824 aliter
595 5772 907 5840 accipienda
959 5782 1088 5838 puto
1132 5773 1220 5826 illa
1248 5772 1536 5842 Origenis;
1582 5773 1789 5826 animas
1840 5774 1985 5825 enim

406 5859 529 5915 licet
568 5862 889 5930 quibusdam
918 5862 1095 5930 λόγοις
1134 5866 1527 5935 σπερματικοῖς
1573 5863 1867 5921 instructas
1900 5880 1983 5920 se-

2101 4664 2416 4735 frigescere,
2446 4667 2831 4734 requirendum
2857 4677 2940 4723 est
2980 4684 3048 4722 ne
3081 4669 3220 4725 forte
3257 4680 3314 4725 et
3346 4687 3546 4727 nomen
3570 4674 3689 4725 ani-

2099 4773 2222 4821 mae,
2253 4771 2373 4826 qua:
2426 4757 2615 4812 Graece
2650 4757 2849 4811 dicitur
2890 4758 3061 4829 ψυχή,
3091 4775 3119 4814 a
3170 4761 3576 4831 refrigescendo
3622 4767 3687 4815 de

2097 4858 2242 4904 statu
2276 4851 2541 4904 diviniore
2568 4866 2631 4904 ac
2661 4850 2888 4905 meliore
2914 4852 3118 4905 dictum
3148 4854 3240 4917 sit,
3272 4864 3331 4908 et
3359 4857 3684 4909 translatum

2097 4942 2221 4995 inde
2262 4944 2406 5012 quod
2446 4960 2512 4997 ex
2550 4943 2733 4997 calore
2777 4944 2870 4997 illo
2915 4946 3151 4999 naturali
3192 4958 3246 5000 ct
3296 4949 3491 5003 divino
3526 4948 3686 5002 refri-

2098 5035 2243 5088 xisse
2275 5036 2560 5100 videatur;
2602 5044 2656 5091 et
2684 5037 2803 5091 ideo
2838 5037 2891 5090 in
2934 5037 3034 5092 hoc
3078 5056 3185 5108 quo
3213 5054 3362 5094 nunc
3391 5053 3476 5095 est
3512 5052 3684 5101 statu,

2096 5136 2152 5181 et
2182 5127 2447 5181 vocabulo
2476 5128 2581 5180 sita
2618 5128 2709 5182 sit.
2738 5145 2759 5181 ι
2803 5128 3152 5184 Consimilein
3203 5131 3332 5186 huic
3380 5133 3555 5186 locum
3600 5135 3674 5185 it:-

2094 5219 2274 5272 didem
2310 5219 2531 5273 adducit
2553 5217 2899 5275 Justinianus
2921 5222 2974 5274 in
3011 5222 3160 5275 calce
3187 5226 3435 5292 cpistola:
3465 5226 3528 5277 ad
3563 5224 3679 5278 He-

2094 5325 2243 5364 nam.

2166 5400 2500 5469 Ep'phanius
2528 5403 2721 5458 haeres.
2756 5419 2906 5467 LXIV,
2938 5420 3056 5473 cap.
3088 5404 3143 5470 5,
3173 5413 3229 5459 et
3284 5405 3338 5459 in
3383 5408 3542 5478 epist.
3605 5407 3676 5458 ad

2090 5489 2250 5548 Jtian.
2284 5494 2539 5558 σιω-θεοί..
2567 5512 2687 5563 cap.
2726 5498 2781 5563 2,
2822 5498 3027 5550 dixisse
3055 5497 3345 5566 Origencui
3386 5498 3674 5566 refertqu.

2088 5587 2190 5656 χάς
2228 5592 2517 5650 vocitatas,
2555 5588 2641 5642 διά
2701 5590 2763 5643 τὸ
2822 5589 3030 5643 ἄνωθεν
3065 5588 3359 5662 πεψύχθαι.
3416 5590 3467 5644 Id
3509 5591 3678 5641 vertit

2090 5678 2441 5731 doctissimus
2472 5678 2763 5745 interpres,
2802 5696 2820 5730 t
2854 5680 2997 5748 quod
3026 5678 3241 5731 caelitus
3278 5678 3455 5731 amata
3490 5678 3553 5730 sit
3581 5695 3597 5738 ;
3650 5696 3669 5727 ι

2092 5786 2211 5838 qua:
2254 5786 2384 5824 sane
2419 5772 2548 5824 mihi
2581 5771 2794 5840 probari
2846 5788 2950 5825 non
2988 5780 3165 5839 potest
3191 5772 3481 5838 expositio;
3535 5784 3672 5819 nam

2096 5865 2302 5916 animus
2337 5865 2554 5933 quidem
2602 5865 2834 5933 desuper
2870 5863 3086 5916 immitti
3134 5863 3420 5917 ail‘rnsrivit
3471 5859 3669 5927 Orige-
