3916 6578
253 433 331 488 90|
1041 429 1621 489 ORIGENIANORUM
1647 432 1775 489 LIB.
1821 435 1890 501 ll,
1931 434 2084 490 CAP.
2128 436 2195 503 ll,
2232 436 2513 504 QUIEST.
2554 437 2643 496 Vl.
3294 398 3305 409 .
3395 449 3505 505 902

253 564 369 616 nes;
416 547 586 603 afﬂari
641 562 780 605 vero
811 548 894 603 vel
947 547 1200 616 inspirari
1249 550 1429 605 anima
1477 554 1647 607 multo
1687 565 1814 608 ante
1842 561 1889 616 Α
1918 560 1973 604 et
2004 550 2268 623 Cyriacus
2302 555 2624 622 monachus,
2653 569 2812 625 quem
2846 558 3300 627 narratiSimeon
3334 562 3501 619 Μελια-

250 641 444 695 condita
482 656 594 695 non
630 642 811 713 magis
840 642 945 696 dici
982 650 1159 711 potest
1179 657 1345 711 quam
1370 645 1618 715 angelus,
1648 661 1807 715 quem
1919 640 2169 709 pbrastes
2198 643 2400 698 dicenti
2430 644 2637 714 Cyrillo
2674 665 2693 697 ι
2735 648 2988 718 dogmata
3019 652 3085 704 de
3118 656 3504 719 pra'exsisten-

252 748 391 788 nemo
422 735 661 802 desuper
681 734 855 789 amari
879 734 1096 799 dixerit,
1122 749 1243 789 cum
1276 735 1343 791 de
1372 736 1512 792 cmlo
1542 739 1595 794 in
1637 750 1812 797 terra;
1919 731 1989 783 tia
2029 740 2086 784 et
2125 733 2465 788 restitutione
2487 735 2541 788 in
2572 736 2819 790 eumdem
2853 746 3056 791 statum
3100 759 3118 791 ι
3153 743 3223 796 ab
3251 742 3505 807 Origcni-

249 826 528 896 amcam”,
571 826 911 883 Vel-gendum
945 841 1100 897 ergo,
1132 844 1152 880 ι
1202 829 1345 897 quod
1387 845 1600 886 sui-sum
1645 831 1809 889 rem-
1912 820 2014 876 stis
2043 822 2198 890 quasi
2236 840 2256 874 ι
2286 823 2461 876 media
2497 826 2635 879 etab
2666 828 2814 880 omni
2876 829 3122 897 periculo
3170 832 3345 887 aliena
3400 834 3502 889 ha-

250 918 391 972 xerit.
421 936 439 969 ι

1956 913 2050 978 eri,
2087 931 2107 966 ι
2150 916 2501 985 respondisse
2538 935 2555 967 ι
2597 914 2948 988 Nequaquam
2998 938 3121 978 esse
3175 927 3378 994 media,
3447 937 3502 983 et

306 1008 388 1063 Vl.
423 1009 500 1064 Ex
540 1009 631 1065 bis
654 1010 964 1065 Adamantii
994 1009 1138 1065 circa
1168 1012 1363 1068 anima:
1388 1014 1651 1084 originem
1693 1016 1809 1085 pla-

1954 1019 2106 1061 acare
2160 1005 2401 1076 periculo
2455 1008 2703 1077 dogmata
2753 1012 2818 1064 de
2865 1015 3323 1081 praeexsistentia,
3391 1019 3500 1072 imo

248 1103 354 1157 citis
376 1109 497 1156 nata
546 1111 634 1156 est
676 1112 869 1157 octava
910 1119 942 1158 θ
987 1105 1482 1171 criminationibus,
1515 1123 1652 1177 quas
1700 1111 1803 1179 ipsi
1909 1114 2036 1155 esse
2064 1099 2273 1155 lubrica
2313 1102 2495 1172 potius
2540 1112 2597 1158 et
2641 1105 2973 1175 periculosa.
3015 1127 3033 1159 ι
3063 1109 3403 1181 lmpuguavit
3446 1124 3531 1171 et'

246 1194 390 1262 obiici
444 1193 643 1247 solitas
683 1203 1038 1263 repraesentat
1089 1206 1146 1251 et
1197 1197 1355 1252 diluit
1386 1196 1697 1270 Pamphilus
1749 1204 1803 1257 in
1910 1191 2199 1261 Αηιίρθῑετ
2232 1191 2557 1259 Βοεῑνεηυεν
2590 1197 2826 1266 scriptor
2859 1200 3038 1254 κῐθιίε
3084 1202 3215 1255 mihi
3249 1206 3491 1259 ιιοηιίυιη

245 1285 498 1353 Apologia.
548 1283 650 1339 Illa
700 1294 852 1341 certe
904 1297 1189 1357 postquam
1245 1290 1454 1358 prolixe
1508 1293 1805 1350 confutavit
1905 1295 2221 1355 compertae,
2259 1285 2312 1339 in
2342 1287 2827 1344 dissertationibus
2867 1294 3131 1346 adversus
3184 1293 3496 1366 Origenem,

244 1374 563 1432 Jusiinianus
604 1377 661 1432 in
704 1378 928 1447 epistola
963 1381 1031 1433 ad
1064 1378 1300 1445 Menam,
1344 1389 1456 1435 tum
1506 1380 1801 1455 Sci-imum
1905 1390 2044 1443 quas
2076 1375 2290 1445 Eclogis
2315 1377 2428 1431 suis
2457 1377 2941 1435 intexuitJoannes
2976 1383 3361 1449 Damasccuns,
3400 1389 3488 1442 tit.

245 1476 447 1533 sancta,
464 1478 579 1523 tum
606 1467 826 1523 Patrum
855 1470 1195 1537 auctoritate,
1217 1473 1284 1526 ab
1307 1471 1437 1540 ipsis
1457 1472 1649 1529 deinde
1670 1490 1791 1530 ana-

1943 1467 2041 1535 lepl
2068 1466 2321 1537 ἀμοιϐῆς
2350 1466 2473 1522 τῶν
2506 1464 2576 1523 εὖ
2611 1471 2738 1525 κατ’
2768 1469 2991 1540 ἀρετὴν
3014 1474 3489 1537 βιοτευσάντων.

246 1558 601 1615 thematismos
630 1574 759 1615 suos
803 1561 977 1615 eidem
1018 1561 1260 1631 epistolae
1298 1561 1573 1619 subnexos
1620 1567 1801 1630 auspi-
1903 1562 2204 1618 Damnatur
2236 1577 2297 1617 ea
2334 1578 2550 1633 quoque
2595 1567 2646 1618 in
2692 1565 2927 1635 Origene
2975 1584 3003 1621 a
3052 1572 3259 1640 synodo
3306 1573 3482 1642 quini-

244 1659 378 1703 catus
402 1660 519 1716 est;
552 1660 722 1720 atque
744 1651 835 1705 illa
864 1653 1110 1721 quisquis
1136 1653 1299 1708 fuerit
1338 1655 1642 1725 amplexus,
1672 1672 1801 1711 ana-
1900 1664 2074 1721 sexta,
2097 1653 2292 1719 can.l,
2327 1664 2426 1708 eta
2453 1654 2763 1724 Sophronio
2794 1656 3355 1730 llicrosolymitanoln
3380 1667 3495 1735 epi-

246 1744 402 1795 thema
450 1757 575 1797 esse
624 1744 824 1810 sancit,
868 1744 1167 1813 eademque
1213 1761 1402 1801 rursus
1468 1748 1692 1817 contigit
1745 1749 1792 1803 in

1945 1746 2037 1799 .ola
2066 1747 2131 1800 ad
2166 1746 2414 1815 Sergium
2463 1746 3152 1819 CotistautinOpolitanum;
3183 1754 3249 1808 ab
3281 1756 3491 1812 Isidoro

242 1834 446 1902 epistola
468 1835 535 1889 ad
558 1835 808 1904 quintam
843 1838 1137 1906 synodum,
1169 1853 1289 1907 quze
1319 1846 1402 1892 est
1429 1842 1568 1908 apud
1591 1838 1794 1893 Cedre-
1905 1837 2116 1906 Urigin.
2148 1837 2249 1891 lib.
2279 1852 2399 1898 vm,
2433 1852 2551 1907 cap.
2582 1839 2650 1903 5;
2694 1838 2901 1895 Joanne
2949 1843 3287 1900 Damasceno
3327 1848 3422 1902 lib.
3450 1864 3489 1903 tt

243 1943 374 1981 nmn.
401 1927 498 1981 Diu
526 1944 691 1998 porro
720 1937 846 1982 tunc
870 1938 1011 1991 erat,
1046 1940 1327 1999 postquam
1357 1946 1491 1985 vana
1531 1933 1643 1987 haec
1670 1931 1796 1988 Ori-
1831 1911 1875 1970 Β
1906 1928 2130 1983 Orthod.
2160 1929 2287 1997 ﬁat,
2336 1945 2457 1993 Cap.
2516 1929 2599 1990 l2,
2632 1940 2685 1983 et
2724 1931 2819 1985 lib.
2861 1948 2935 1996 tv,
2985 1950 3106 2003 cap.
3139 1936 3209 2000 6;
3252 1938 3486 2008 Georgio

242 2020 373 2088 genis
402 2019 636 2089 cogitata
673 2021 1034 2091 castigaverat
1065 2021 1392 2089 Methodius,
1445 2033 1507 2079 ut
1566 2040 1633 2079 ex
1684 2025 1801 2094 ejus
1904 2019 2162 2090 Syncello
2189 2021 2241 2074 in
2290 2020 2539 2089 Excerpt.
2578 2020 2898 2091 Clironogr.;
2933 2024 3176 2081 Cedreno
3202 2028 3255 2081 in
3289 2028 3476 2097 Camp.

240 2110 486 2178 excerptis
537 2110 747 2165 discere
799 2120 920 2175 est,
962 2127 1082 2181 qua:
1139 2112 1468 2182 Epiphanius
1529 2106 1713 2172 nobis.
1749 2125 1802 2171 et
1902 2110 2068 2174 Iu'st.;
2114 2110 2278 2165 Suida
2321 2112 2375 2167 in
2414 2111 2666 2180 Origene;
2706 2111 2891 2169 Niceta
2921 2115 3073 2170 Thes.
3115 2118 3324 2172 orthod.
3380 2121 3479 2187 ﬁd.

240 2200 439 2256 Photius
461 2213 817 2257 asservarunt
851 2219 867 2258 :
899 2205 1255 2274 castigaverat
1275 2214 1332 2260 et
1357 2205 1625 2263 Cmsarius
1664 2209 1800 2265 Gre-
1899 2199 1993 2256 lib-
2026 2217 2101 2269 ιν,
2150 2201 2282 2257 [mro
2330 2218 2501 2266 XXXI;
2545 2203 2833 2261 Vincentio
2883 2207 3270 2265 Bellovacense
3326 2210 3485 2281 Spec.

238 2293 361 2361 gorii
400 2292 729 2348 Nazianzeni
779 2293 950 2350 frater
1003 2296 1215 2366 dialogo
1251 2313 1334 2360 ιιι.
1370 2298 1561 2354 interr.
1607 2300 1709 2356 M9
1743 2312 1784 2356 el

1938 2302 2095 2357 octr.,
2118 2292 2215 2349 lib.
2241 2309 2399 2361 xvm,
2428 2311 2547 2365 cap.
2590 2297 2699 2364 45;
2736 2296 3045 2367 Nicephoro
3073 2299 3167 2355 lib.
3196 2317 3331 2368 xvu,
3357 2318 3481 2374 cap.

237 2386 565 2456 ,αιυεηιίιηιε
608 2387 677 2456 (εί
722 2387 883 2443 modo
925 2387 1273 2460 Dialogorum
1326 2391 1550 2446 isiomm
1606 2407 1795 2448 revera
1896 2380 1986 2447 27,
2012 2391 2069 2436 et
2103 2381 2353 2439 Guidone
2391 2385 2691 2441 Carmelita
2716 2385 2767 2441 in
2801 2388 3024 2442 Summa
3053 2390 3118 2443 de
3147 2390 3359 2455 lateres"
3391 2392 3484 2462 qui

236 2487 409 2535 auctor
435 2486 538 2540 est,
570 2479 649 2532 uti
689 2478 882 2543 fertur,
925 2480 1028 2536 iste
1065 2482 1394 2555 Caesarius);
1430 2485 1782 2556 castigaveral

926 2480 1028 2536 iste
1065 2482 1394 2555 Caesarius);
1430 2485 1796 2556 castigaverat
1896 2472 2085 2526 ῐηυίιίε
2104 2486 2225 2527 eam
2254 2474 2472 2529 τεῖεηῖῑ·

237 2578 284 2620 et
304 2567 592 2638 Gregorius
615 2568 897 2641 Nyssenus
928 2571 1069 2626 libro
1105 2574 1246 2641 Περὶ
1276 2574 1658 2645 κατασκευῆς
1684 2577 1783 2631 ἀν·

1973 2562 2079 2617 Vll.
2114 2563 2326 2620 Platoni
2376 2580 2540 2634 porro
2569 2566 2656 2620 hic
2689 2582 2906 2638 quoque
2939 2570 3232 2638 regendum
3263 2587 3321 2626 se
3346 2571 3487 2629 Ada-

234 2656 467 2726 θρώπου,
492 2675 612 2728 εει),
644 2660 738 2725 58,
764 2670 818 2715 ει
849 2661 1179 2729 Epiphanius
1213 2666 1344 2719 imi;
1398 2682 1545 2733 my,
1577 2683 1699 2736 cap.
1734 2668 1793 2732 4,
1896 2658 2134 2712 mantius
2176 2659 2427 2727 praebuit.
2477 2659 2570 2715 llle
2622 2671 2806 2715 autem
2856 2664 2907 2716 in
2943 2662 3234 2730 Phwdone,
3269 2676 3324 2723 et
3353 2665 3484 2736 Epi-

233 2752 355 2803 etin
384 2753 540 2821 epist.
573 2752 641 2806 ad
667 2751 823 2807 Joan.
856 2755 1183 2825 .lerosolym.
1214 2771 1333 2828 cap.
1377 2759 1434 2821 2,
1470 2759 1668 2828 quibus
1707 2760 1779 2816 lo-

1932 2748 2055 2813 omi,
2087 2760 2143 2802 et
2172 2748 2264 2804 lib.
2305 2764 2336 2802 x
2370 2749 2451 2804 De
2483 2750 2663 2820 legib.,
2693 2761 2747 2806 et
2789 2752 2844 2807 in
2881 2751 3102 2823 Timwo,
3129 2756 3360 2828 aliisque
3390 2758 3476 2812 lo-

233 2841 303 2894 cis
335 2852 541 2910 putasse
573 2843 707 2897 dici;
729 2843 1111 2899 Mammium
1138 2846 1315 2919 ψυχὴν
1347 2850 1568 2913 dictam,
1596 2849 1685 2903 διὰ
1730 2851 1793 2904 τὸ
1891 2838 1991 2905 cis,
2025 2840 2330 2895 doctrinam
2385 2841 2527 2897 hanc
2577 2844 2961 2899 disertissimis
2996 2847 3233 2917 explicat
3271 2848 3479 2915 verbis,

230 2933 414 2986 ἀνωθεν
444 2934 741 3005 πεψύχθαι,
774 2947 829 2990 et
860 2936 1051 3008 δέμας,
1076 2939 1166 2993 διὰ
1193 2940 1252 2993 τὸ
1278 2940 1523 2995 δεδέσθαι
1550 2942 1649 3015 τὴν
1685 2942 1776 3013 ψυ-

1931 2945 2054 2984 uam
2091 2947 2283 3001 magna
2328 2932 2562 2987 subinde
2604 2944 2850 2991 veterum
2900 2952 3028 3005 pars
3069 2939 3325 3008 arripuit.
3362 2938 3474 2995 Nec

232 3024 322 3095 χὴν
348 3025 400 3078 ἐν
430 3026 505 3096 τῷ
536 3025 776 3097 σώματι,
807 3038 861 3082 et
900 3028 1061 3101 σῶμα.
1090 3034 1245 3100 quasi
1274 3032 1446 3103 σῆμα,
1478 3052 1496 3084 ι
1535 3048 1602 3089 eo
1645 3039 1778 3104 quod

1932 3021 2053 3089 nius
2098 3038 2230 3078 sane
2278 3024 2385 3078 fuit
2436 3026 2550 3095 ipse
2598 3030 2886 3084 sententiae
2925 3031 3296 3100 architectus;
3352 3049 3472 3087 eam

233 3117 295 3170 ita
321 3119 545 3172 animam
586 3120 641 3173 in
670 3135 730 3174 se
761 3120 1000 3177 clausam
1036 3123 1254 3189 habeat,
1298 3126 1567 3194 quomodo
1609 3129 1779 3196 sepul-

1932 3114 2087 3182 nippe
2124 3114 2293 3169 multo
2337 3117 2493 3185 prius
2529 3131 3013 3187 propugnaverant
3045 3122 3385 3193 Pythagoras
3423 3131 3478 3178 et

231 3219 376 3262 eraet
402 3210 589 3264 tumuli
622 3211 888 3267 cadavera
928 3222 1270 3269 mortuorum
1305 3232 1319 3269 :
1354 3235 1376 3269 ι
1421 3216 1777 3287 castigaveral

234 3307 273 3319 ,ι
304 3296 619 3319 'IL-_,,I,'I,_
661 3302 761 3319 1|,,
879 3304 940 3319 1·
1146 3316 1156 3319 -
1208 3305 1268 3319 ΙΙ·
1694 3310 1705 3319 .
1747 3318 1753 3319 ,

1929 3206 2266 3273 .mpedocles.
2299 3206 2368 3259 Ἢ
2404 3207 2790 3277 εὐλογώτερον,
2823 3210 3276 3283 inquitOrigencs
3319 3214 3413 3269 lib.
3460 3232 3475 3270 ι

1929 3307 2073 3319 ,μμ
2104 3296 2220 3319 ρ,ι,
2320 3314 2440 3319 ____-
2528 3298 2597 3319 ,ο
2657 3300 2848 3319 ιηιηκ
2933 3302 2944 3319 .
3036 3303 3047 3319 ι
3261 3303 3274 3319 ρ

229 3307 277 3352 et
304 3296 624 3370 TheOphilus
650 3302 1068 3369 Alexandrinus,
1109 3316 1162 3359 et
1207 3305 1570 3376 Hieronymus
1621 3310 1775 3378 epist.

1928 3307 2073 3349 antra
2103 3296 2270 3361 Cels.,
2319 3314 2468 3355 num.
2528 3298 2617 3362 32,
2652 3300 2891 3371 ἑκάστην
2917 3302 3096 3374 ψυχὴν
3139 3303 3282 3356 κατά
3326 3322 3474 3368 τινας

227 3388 307 3456 59,
321 3392 379 3444 ad
403 3393 571 3454 Avit.,
605 3393 772 3462 cap.l
802 3393 923 3455 et2,
967 3403 1022 3449 et
1047 3395 1204 3464 epist.
1235 3395 1324 3462 61,
1348 3401 1413 3451 ad
1446 3396 1773 3465 Pammach.,

1929 3389 2231 3460 πορῤήτους
2262 3387 2454 3457 λόγους
2480 3388 2648 3459 (λέγω
2689 3390 2746 3444 δὲ
2779 3391 2953 3445 ταῦτα
2993 3392 3088 3445 νῦν
3122 3394 3261 3447 κατὰ
3293 3395 3474 3448 Πυθα-

227 3484 400 3552 cap.5,
432 3485 487 3553 5,
517 3485 573 3549 6,
605 3496 661 3541 et
696 3488 858 3556 epist.
885 3486 976 3550 65,
1008 3487 1077 3541 ad
1116 3486 1430 3542 Pammach.
1468 3499 1522 3543 et
1552 3490 1773 3556 Ocean.,

1928 3479 2076 3551 ὁραν,
2100 3481 2194 3533 καὶ
2222 3480 2506 3546 Πλάτωνα,
2536 3483 2630 3535 καὶ
2655 3484 3043 3553 Ἐμπεδοκλέα,
3077 3483 3170 3549 οὓς
3213 3485 3474 3551 πολλάκις

228 3587 328 3642 cap.
350 3575 402 3639 2,
433 3585 487 3630 et
522 3576 618 3630 lib.
649 3591 680 3627 v
711 3575 1007 3632 Comment.
1040 3578 1095 3631 in
1148 3576 1370 3645 Jerem,
1418 3594 1540 3649 cap.
1581 3580 1673 3648 24,
1730 3591 1774 3637 et

1927 3571 2172 3641 ›νόμασεν
2228 3573 2256 3623 ὁ
2315 3570 2539 3645 Κέλσος)
2595 3574 3011 3645 εἰσκρινομένην
3060 3576 3292 3645 σώματι,
3350 3579 3473 3630 κατ’

229 3665 271 3716 in
296 3666 445 3734 epist.
495 3669 561 3720 ad
606 3665 1008 3722 Demetriadem
1058 3684 1179 3739 cap.
1229 3670 1284 3737 9,
1337 3670 1426 3725 ubi
1476 3673 1775 3729 animarum

1927 3662 2039 3730 ξίαν
2080 3663 2452 3735 εἰσκρίνεσοαι
2497 3666 2592 3719 καὶ
2626 3665 2771 3719 κατὰ
2826 3665 2897 3721 τὰ
2949 3666 3192 3740 πρότερα
3239 3667 3380 3739 ᾕθης
3420 3677 3473 3722 ct

224 3756 540 3827 ιροῦπαρξιν
587 3757 641 3810 in
681 3756 918 3828 Egypto
967 3769 1020 3814 et
1068 3758 1308 3816 Orientis
1364 3764 1609 3832 partibus
1652 3765 1781 3821 olim
1883 3744 2250 3827 Hieronymus
2275 3756 2434 3826 epist.
2472 3756 2565 3821 82,
2604 3772 2726 3827 qua:
2757 3766 2842 3813 est
2886 3759 2953 3814 ad
3006 3758 3380 3815 Marcelinum
3414 3770 3472 3816 et

230 3861 527 3916 grassatam,
558 3850 677 3905 suis
716 3851 1050 3920 temporibus
1086 3871 1105 3905 ι
1158 3852 1473 3910 abscondite
1517 3858 1675 3927 quasi
1727 3860 1776 3914 in

1920 3847 2278 3917 .napsycbiam
2303 3865 2358 3901 ς(
2399 3848 2573 3918 Super
2605 3850 2803 3904 anima:
2838 3858 2986 3905 statu
3020 3853 3238 3907 memini
3272 3863 3466 3907 vestrae

224 3938 370 3993 foveis
394 3941 705 4011 viperarum
739 3944 878 4012 apud
902 3942 1186 4013 plerosque
1217 3947 1421 4000 versari
1456 3964 1475 3997 ι
1509 3948 1776 4016 queritur,
1880 3938 2311 4008 quaestiunculas.
2340 3942 2450 3994 ῖηιο
2494 3942 2735 3997 minime
2792 3944 3183 3998 θωθδῖεδειῖοκ
3212 3946 3470 4015 (1³³³3⁸1Ῐο-

229 4030 576 4099 tillarumque
607 4032 843 4101 partitun
878 4032 1117 4102 polluere
1155 4035 1465 4103 puritatem,
1523 4046 1578 4090 et
1622 4039 1775 4105 quasi
1880 4030 1967 4083 "is
1998 4047 2012 4083 τ
2048 4039 2231 4083 “lle
2258 4030 2407 4101 lapsa
2438 4032 2507 4085 de
2537 4031 2679 4087 οωιο
2708 4032 2804 4100 Sit:
2832 4046 2891 4087 ιιι
2918 4034 3269 4106 Pythagoras
3289 4036 3467 4105 ΡΙιίίο·

223 4122 547 4179 luereditario
599 4125 742 4179 malo
787 4141 1009 4193 serpere
1050 4128 1102 4180 in
1144 4129 1352 4197 paucis,
1391 4138 1450 4183 ut
1496 4132 1769 4198 perveniat

1912 4120 2104 4189 opbus,
2143 4136 2444 4192 omnesque
2472 4122 2762 4190 Platonici,
2789 4135 2845 4179 et
2878 4124 3143 4196 Origenes
3180 4136 3397 4195 putant.
3438 4146 3458 4179 ›

220 4213 270 4266 ad
294 4215 583 4284 plurimos;
608 4223 667 4269 ει
694 4216 746 4269 in
777 4216 1066 4271 Comment,
1106 4220 1160 4270 in
1186 4219 1376 4288 μδαιιη,
1424 4236 1651 4288 ιδςλχιχθ
1686 4222 1775 4277 ubi
2097 4213 2432 4269 nanciscaris
2457 4216 2507 4268 ἰιι
2538 4217 2766 4286 cpistola
2797 4217 3089 4273 ιιιιειίιιίιιιιί
3127 4222 3195 4275 ιὰ
3216 4221 3462 4292 quintam

218 4302 425 4375 ἀοκιηεηί
474 4307 604 4363 huic
632 4306 908 4362 δωτεεθοε
938 4324 1133 4363 nomen
1188 4311 1375 4377 inurit,
1424 4313 1776 4380 quemadum-
1877 4305 2169 4374 synodum,
2201 4314 2257 4359 et.
2283 4305 2423 4373 apud
2452 4304 2696 4361 Nicetam
2726 4307 2779 4362 in
2804 4306 3072 4362 Thesauro
3099 4310 3305 4364 orthod.
3334 4311 3462 4381 ﬁd.,

218 4393 322 4449 dum
343 4405 395 4449 et
421 4396 472 4449 in
505 4394 802 4449 Comment.
830 4398 887 4449 in
914 4394 1115 4449 larem.
1152 4414 1307 4463 xxix,
1360 4398 1588 4468 aliisque
1616 4399 1771 4466 locis,
1876 4396 1969 4452 lib.
2012 4412 2088 4462 tv,
2113 4397 2248 4452 hair.
2277 4414 2429 4454 xxxi.
2467 4396 2572 4453 Sed
2600 4409 2654 4454 et
2691 4400 2809 4469 ipso
2839 4400 3146 4472 Pythagora
3181 4404 3462 4474 antiquior

216 4500 331 4554 quos
373 4489 665 4543 brevitatis
698 4489 874 4558 gratia
932 4490 1294 4557 praetermitto
1338 4508 1355 4545 :
1409 4491 1773 4559 castigaverat
1875 4487 2129 4559 Orpheus
2166 4488 2402 4544 animam
2452 4490 2502 4544 in
2539 4506 2772 4561 corpore
2800 4491 2980 4562 puniri
3017 4491 3175 4546 dixit.
3202 4490 3461 4549 Testatur

214 4590 258 4632 et
285 4580 506 4637 Orosius
545 4585 600 4635 in
634 4580 1056 4634 Commonitorio
1087 4582 1150 4635 ad
1175 4582 1562 4651 Augustinum,
1588 4586 1772 4638 etAu-
1804 4595 1848 4649 ι)
1877 4579 1929 4633 id
1973 4579 2129 4635 Plato
2157 4581 2207 4634 in
2242 4580 2481 4651 Cratylo,
2519 4582 2609 4637 ubi
2651 4592 2707 4637 et
2746 4584 2894 4639 vocis
2943 4582 3103 4655 σῶμα
3139 4584 3460 4654 originatio-

214 4673 438 4737 gustinus
468 4674 522 4727 in
548 4672 737 4727 libello
770 4681 958 4725 contra
1005 4672 1451 4728 Priscillianislas
1498 4686 1545 4728 et
1588 4674 1775 4745 Origa
1876 4686 1997 4726 nem
2038 4674 2173 4742 petit
2206 4689 2235 4727 a
2273 4674 2445 4747 σῆμα.
2491 4674 2694 4729 Locum
2727 4675 2891 4730 refert
2936 4677 3191 4731 Clemens
3224 4678 3456 4731 Alexan-

214 4763 371 4830 tn'ttar,
401 4780 521 4833 cap.
552 4765 585 4819 8
612 4772 665 4818 et
699 4764 789 4828 ll,
820 4775 875 4818 et
907 4764 999 4819 lib.
1034 4780 1086 4818 ιι
1120 4763 1197 4818 De
1218 4764 1357 4818 civit.
1386 4765 1505 4831 Dei,
1525 4781 1647 4835 cap.
1678 4768 1773 4835 23,
1874 4763 2067 4818 drinus
2100 4762 2305 4819 Strom.
2343 4765 2438 4820 lib.
2482 4780 2567 4831 ιιι,
2597 4775 2761 4835 atque
2794 4764 2925 4821 item
2951 4766 3185 4820 alterum
3223 4766 3455 4822 Philolai

213 4856 284 4909 ubi
308 4857 565 4912 conﬁctas
596 4857 719 4911 illas
751 4858 816 4911 de
842 4856 1150 4910 animarum
1183 4858 1567 4927 progressibus
1599 4868 1654 4916 ct
1687 4875 1774 4914 re-
1875 4854 2245 4927 Pythagorici,
2273 4857 2400 4925 quid
2433 4857 2485 4911 id
2508 4858 2682 4926 ipsum
2719 4871 2785 4910 ex
2811 4857 3083 4911 veteribus
3111 4857 3452 4911 ethnicorum

213 4950 462 5012 gressibus
512 4948 739 5003 fabellas
783 4950 996 5003 erudite
1032 4948 1224 5002 refellit
1265 4968 1281 5005 :
1328 4951 1687 5019 castigavcrat
1718 4961 1775 5007 et
1880 4946 2147 5014 theologis
2174 4956 2229 5001 et
2263 4947 2479 5000 vatibus
2503 4948 2725 5000 astruit.
2760 4945 2956 4999 Merito
3008 4946 3190 5015 itaque
3224 4944 3451 4999 Harme-

211 5035 302 5091 Leo
320 5055 447 5109 papa
482 5041 535 5094 in
567 5040 733 5109 epist.
761 5040 850 5102 ll,
880 5055 1005 5109 quae
1032 5050 1120 5094 est
1155 5041 1219 5093 ad
1272 5039 1549 5094 lulianum
1593 5041 1768 5097 Coen-
1877 5038 2109 5106 nopulus
2157 5038 2209 5091 in
2241 5037 2379 5092 libro
2409 5037 2484 5090 De
2511 5038 2692 5101 sectis,
2739 5046 2794 5090 et
2830 5036 2978 5090 Elias
3013 5036 3311 5100 Cretensis,
3342 5034 3451 5089 Na-

211 5139 390 5191 sem,et
416 5129 735 5185 Gennadius
760 5129 837 5183 De
860 5133 1117 5199 dognmt.,
1146 5147 1265 5200 cap.
1295 5132 1386 5195 Η,
1424 5143 1477 5185 et
1508 5130 1765 5188 Leontius
1874 5129 2120 5182 zianzeni
2148 5130 2436 5196 interpres,
2466 5143 2497 5181 e
2520 5129 2830 5183 Grmcorum
2856 5126 3097 5181 fontibus
3125 5127 3447 5180 sententiam

106 5268 109 5273 λ
212 5217 255 5271 in
278 5221 363 5276 lib.
398 5225 475 5277 De
504 5225 705 5287 sectis;
733 5224 970 5277 maxime
1008 5238 1138 5276 vero
1174 5224 1427 5293 Cyrillus,
1465 5225 1556 5291 qui
1587 5223 1765 5281 Theo—
1871 5236 2023 5277 suam
2057 5221 2344 5291 Origenem
2378 5222 2625 5275 hausisse
2659 5222 2867 5275 dicunt.

210 5313 321 5379 phili
353 5317 527 5383 patrui
562 5316 672 5378 sui,
707 5330 812 5368 non
844 5315 898 5368 in
935 5313 1312 5368 Alexandrino
1342 5315 1512 5368 solum
1554 5315 1763 5384 episco-
1940 5310 2073 5368 Vlll.
2106 5313 2175 5367 At
2202 5325 2320 5364 eam
2355 5322 2530 5364 tamen
2564 5328 2671 5379 quo
2714 5310 3042 5366 Christianis
3094 5312 3443 5381 approbaret,

208 5416 335 5471 pata,
360 5410 451 5462 sed
479 5410 530 5461 in
566 5407 782 5462 infenso
812 5408 973 5461 etiam
1024 5406 1288 5462 adversus
1317 5405 1603 5478 Origenem
1636 5409 1761 5464 odio
1867 5420 1973 5459 non
2009 5401 2305 5457 rationibus
2354 5404 2634 5464 duntaxat,
2671 5404 2764 5454 sed
2790 5402 3033 5470 quaesitis
3080 5403 3244 5456 etiam
3295 5402 3446 5456 Scri-

211 5509 486 5565 successor,
515 5503 659 5554 hanc
689 5499 805 5568 eius
832 5501 899 5553 de
949 5499 1259 5553 animarum
1298 5500 1507 5570 origine
1541 5508 1759 5553 senten-
1864 5507 2038 5565 plura:
2092 5509 2260 5548 sacrae
2296 5494 2621 5547 testimoniis
2682 5492 2879 5547 fulcire
2926 5502 3155 5547 conatus
3186 5501 3290 5557 est,
3324 5509 3443 5561 quae

210 5586 339 5654 tiatn,
389 5590 616 5644 Joannis
662 5588 1012 5656 Evangelium
1081 5587 1407 5654 explanans,
1471 5586 1754 5655 multiplici
1867 5587 2023 5642 nobis
2054 5602 2081 5639 a
2117 5585 2367 5638 Patribus
2392 5584 2739 5638 exhibentur.
2775 5586 2949 5653 Atque
2976 5585 3076 5639 hos
3107 5586 3322 5655 quidem
3357 5601 3443 5639 re—
3480 5624 3488 5635 .

211 5692 626 5747 argumentorum
660 5688 920 5749 apparatu
953 5677 1239 5733 subvertit.
1284 5678 1393 5732 Nec
1422 5678 1613 5732 minori
1644 5688 1757 5731 stu-
1866 5675 1974 5731 fert
2002 5675 2332 5745 Epiphanius
2367 5674 2420 5727 in
2467 5674 2627 5739 epist.
2657 5676 2723 5728 ad
2752 5672 2909 5728 Joan.
2938 5674 3287 5744 Jerosolym.,
3316 5691 3435 5745 cap.

208 5769 281 5823 dio
322 5786 438 5840 post
486 5774 735 5843 quintam
782 5772 1044 5842 synodum
1089 5772 1333 5824 eamdem
1376 5772 1759 5839 impugnarunt
1862 5767 1919 5834 2,
1957 5782 1987 5821 e
2023 5766 2218 5836 psalm.
2249 5779 2441 5827 cxvnt,
2478 5765 2545 5817 67
2582 5779 2596 5815 :
2632 5783 2650 5815 ι
2686 5765 3005 5833 Priusquam
3046 5782 3074 5817 a
3108 5764 3310 5835 malitia
3341 5763 3441 5817 hu-

212 5860 485 5922 doctrinam
535 5863 824 5923 Facundus
879 5862 1408 5939 llermianensislib.
1467 5877 1503 5928 I,
1548 5876 1663 5930 cap.
1699 5859 1754 5927 6,
1867 5858 2125 5939 miliarer,
2154 5871 2255 5925 ego
2282 5856 2517 5924 deliqui;
2557 5875 2575 5907 ι
2602 5870 2630 5910 e
2664 5854 2857 5926 psalm.
2891 5870 3036 5922 cxtv,
3073 5857 3102 5908 7
3132 5875 3144 5911 :
3181 5875 3198 5907 ι
3242 5854 3441 5910 Rever-
