3916 6522
405 414 519 471 905

1654 409 1714 466 P.
1752 409 2070 467 DANIELIS
2110 404 2347 467 11οΕπῖ

3590 418 3693 470 301

412 546 542 590 tere.
570 534 747 590 anima
782 550 918 598 mea,
954 535 1007 588 iu
1043 536 1286 605 requiem
1312 542 1499 602 tuam;
1526 555 1542 587 I
1572 550 1602 590 e
1628 536 1824 606 psalm.
1851 550 1998 598 cm,
2030 538 2077 593 Α
2106 533 2213 586 rint
2240 550 2255 589 :
2279 548 2501 602 operum
2538 542 2719 585 autem
2747 532 2915 585 vitam
2945 530 3089 583 hanc
3115 530 3545 598 prtecedentinm
3581 546 3695 583 mr-

408 626 486 684 8:
525 643 543 678 ι
594 626 743 683 Educ
765 626 834 680 de
864 641 1081 680 carcere
1104 626 1340 679 animam
1370 642 1581 691 meam;
1614 645 1631 676 ι
1671 635 1724 679 et
1748 640 1778 679 e
1807 623 1997 695 psahn.

406 733 562 783 cxrv,
597 719 630 773 9
657 736 671 773 :
699 738 715 771 ι
736 716 1044 771 Couﬁtehor
1074 717 1301 772 Domino
1336 718 1387 770 in
1425 719 1645 789 regione
1670 718 1934 773 vivorum.
1972 734 1991 768 ι

412 807 652 876 Apponit
684 818 740 861 et
784 809 947 862 istum
1001 806 1368 881 Hieronymus
1416 810 1468 862 in
1503 811 1664 878 epist.
1706 809 1772 863 ad
1813 809 2000 862 Deme-

412 900 601 965 triad.,
628 916 750 975 cap.
797 900 852 967 9,
886 915 916 954 e
962 897 1126 955 Joan.
1158 916 1237 966 is,
1271 899 1307 953 ‘2
1350 918 1365 955 :
1403 918 1422 951 ι
1470 899 1576 957 Isle
1622 900 1887 972 peccavit,
1940 908 2000 954 ut

407 1006 589 1045 cmcus
642 1006 709 1045 ex
747 1002 901 1045 utero
930 998 1271 1055 nasceretur,
1307 1008 1377 1047 an
1420 1000 1673 1060 parentes
1699 992 1855 1060 eius?
1892 1012 1910 1044 ι
1945 1001 1998 1047 et

412 1081 532 1135 illos
557 1094 818 1151 prmterea
850 1084 945 1138 lih.
981 1102 997 1139 1
1030 1084 1397 1139 Comment.in
1432 1084 1600 1153 Epist.
1635 1086 1703 1137 ad
1732 1084 1921 1152 Epltes.
1955 1101 1993 1147 t,

406 1173 465 1239 4,
509 1188 539 1227 e
590 1176 784 1243 psalm.
818 1192 970 1243 CXIX,
1025 1174 1057 1228 5
1110 1193 1125 1231 :
1163 1196 1181 1228 ι
1228 1177 1322 1231 liei
1356 1177 1509 1240 mihi,
1558 1177 1682 1245 quia
1733 1175 1997 1230 incolatns

412 1281 566 1322 meus
601 1267 955 1339 prolongatus
989 1279 1108 1333 est;
1163 1268 1403 1323 habitavi
1439 1284 1562 1324 eum
1619 1269 1996 1322 habitantibus

404 1357 610 1424 Cedar,
653 1360 881 1414 multum
923 1361 1267 1431 peregrinata
1327 1370 1408 1415 est
1461 1360 1640 1414 anima
1691 1373 1843 1425 mea;
1901 1379 1921 1411 ι
1965 1375 1996 1415 e

409 1446 570 1504 Rom.
605 1465 694 1514 vn,
726 1449 797 1502 24
825 1466 837 1500 :
874 1468 892 1500 ι
936 1449 1097 1503 Miser
1114 1464 1214 1518 ego
1239 1450 1434 1510 homo!
1474 1450 1595 1518 quis
1627 1465 1712 1503 me
1742 1449 1992 1505 liberabit

406 1538 475 1597 de
504 1555 735 1610 corpore
761 1541 954 1595 mortis
980 1540 1176 1609 hujus?
1204 1561 1223 1593 ι
1252 1553 1305 1595 et
1327 1559 1356 1598 e
1383 1540 1573 1610 Philip.
1608 1558 1647 1607 ι,
1677 1540 1749 1596 2'5
1784 1560 1796 1595 :
1822 1559 1839 1592 ι
1874 1539 1993 1596 Me-

407 1631 511 1685 lius
542 1640 624 1687 est
663 1633 961 1694 reverti,et
994 1650 1119 1688 esse
1151 1650 1273 1688 cum
1310 1634 1565 1700 Christo;
1606 1654 1623 1686 ι
1652 1645 1706 1689 et
1738 1649 1768 1689 e
1793 1635 1985 1701 psaim.

412 1736 637 1785 Lxxxtx,
672 1724 774 1788 1,2
796 1741 809 1776 :
834 1743 852 1775 (
884 1725 1128 1791 Domine,
1153 1724 1418 1795 refugium
1457 1726 1632 1782 factus
1659 1742 1717 1781 es
1751 1729 1906 1782 nobis
1936 1728 1988 1783 in

404 1813 808 1879 generationem
837 1825 891 1868 et
932 1816 1341 1884 generationem
1378 1832 1392 1868 :
1444 1825 1732 1886 antequam
1780 1829 1990 1873 montes

2103 625 2205 678 rita
2240 640 2582 694 nequaquam
2606 625 2672 676 ab
2704 622 2962 691 Apostoio
2997 622 3220 689 infringi
3270 637 3336 675 ac
3382 620 3498 674 tolli
3539 622 3689 673 arbi-

2105 727 2302 770 tratur.
2348 734 2369 767 ι
2404 715 2590 784 igitur,
2630 715 2803 785 inquit
2857 731 3006 768 num.
3037 713 3092 775 7,
3151 714 3295 767 sicut
3335 713 3405 767 de
3455 713 3599 766 Esau
3635 724 3689 765 et

2099 811 2268 867 Jacob
2312 812 2626 881 diligentius
2669 809 3026 879 perscrutatis
3063 808 3365 875 Seripturis
3411 807 3691 861 invenitur

2101 905 2227 974 quia
2260 920 2365 957 non
2418 912 2504 957 est
2551 902 2820 968 injustitia
2868 900 3008 970 apud
3048 900 3239 962 Deum,
3286 907 3345 952 ut
3391 909 3691 967 antequam

2100 1006 2477 1059 nascerentur,
2509 993 2593 1048 vel
2625 1002 2852 1061 agerent
2887 991 3088 1059 aliquid
3118 991 3172 1044 iu
3202 992 3315 1042 vita
3352 991 3483 1055 hac,
3531 992 3686 1043 dice-

2102 1100 2249 1143 retur
2282 1090 2407 1159 qttia
2449 1087 2628 1156 major
2651 1087 2838 1139 serviet
2874 1085 3067 1138 minari
3096 1084 3144 1116 ⁸³
3182 1102 3197 1138 :
3239 1092 3378 1137 etut
3414 1083 3695 1136 invenitur

2101 1197 2205 1234 non
2233 1194 2355 1234 esse
2384 1178 2668 1246 injustitia,
2702 1177 2844 1247 quod
2874 1186 2927 1230 et
2964 1177 3017 1229 in
3056 1186 3249 1230 ventre
3273 1176 3502 1239 fratrem
3532 1190 3691 1229 suum

2098 1272 2459 1341 supplantavit
2486 1269 2680 1334 Jacoh,
2720 1271 2765 1326 si
2798 1285 2861 1325 ex
2890 1268 3251 1337 praecedentis
3282 1267 3546 1320 videlicet
3570 1266 3693 1320 vita:

2098 1364 2309 1418 meritis
2338 1364 2500 1433 digne
2547 1379 2670 1417 eum
2729 1362 2961 1417 eiectum
2996 1377 3122 1416 esse
3152 1361 3461 1415 sentiamus
3496 1376 3528 1411 ιι
3562 1358 3693 1424 Deo,

2099 1454 2170 1509 ita
2206 1463 2266 1509 ut
2314 1454 2466 1509 fratri
2499 1454 2740 1524 [πωροιιὶ
2797 1463 3137 1516 mereretur;
3178 1454 3249 1505 ita
3298 1453 3495 1513 etiam,
3531 1469 3552 1502 ι
3586 1460 3690 1504 etc.

2098 1547 2229 1602 item
2261 1559 2481 1617 putasse
2511 1548 2729 1601 videtur
2760 1545 2951 1601 eodem
2985 1546 3172 1607 modo,
3210 1544 3509 1597 Paulinum
3550 1544 3693 1597 hunc

2094 1639 2272 1693 loettm
2306 1639 2671 1705 interpretans
2697 1646 2829 1691 tom.
2860 1652 2892 1689 ιι
2927 1638 2980 1690 in
3008 1634 3197 1696 Joon.,
3249 1651 3404 1687 num.
3438 1634 3535 1688 25.
3585 1633 3691 1689 Nec

2094 1727 2250 1783 aliter
2291 1727 2624 1782 intellexisse
2651 1740 2776 1781 eum
2807 1726 3103 1780 verisimile
3142 1736 3228 1780 est
3258 1727 3500 1780 alterum
3528 1726 3689 1777 istem

2094 1818 2134 1873 ll
2160 1819 2300 1874 Tim.
2337 1835 2376 1885 ι,
2406 1819 2461 1885 8,
2497 1820 2549 1884 9,
2593 1819 2794 1889 placito
2830 1818 2955 1873 licet
3001 1819 3172 1888 ipsius
3202 1833 3272 1872 ex
3320 1818 3565 1872 adverso
3599 1833 3693 1886 op-

406 1902 803 1967 formareutur,
844 1916 898 1959 et
935 1882 1087 1962 fieret
1144 1917 1311 1971 terra,
1348 1916 1401 1961 et
1444 1882 1602 1963 orbis
1639 1918 1926 1964 terrarum.
1966 1931 1985 1963 ι
2023 1882 2065 1937 Β
2098 1910 2330 1978 positum
2410 1930 2428 1962 ι
2451 1882 2751 1964 Ὸόιιὲυοω
2788 1882 3074 1979 Evangelia
3096 1908 3399 1963 secundum
3429 1882 3689 1961 virtutem

404 1994 640 2063 Appouit
663 2006 718 2051 et
747 1998 896 2051 illum
924 2000 977 2053 in
1010 1998 1205 2070 Ephes.
1236 2016 1275 2063 t,
1313 2000 1377 2055 17
1400 2017 1415 2065 ;
1440 2015 1470 2055 e
1511 2000 1709 2070 psalm.
1742 2019 1851 2067 XXI,
1886 2001 1987 2057 28:

409 2104 430 2136 ς
462 2085 904 2143 Reminiscentur
932 2099 987 2144 et
1012 2101 1405 2147 convertentur
1433 2094 1498 2148 ad
1538 2094 1824 2149 Dominum
1867 2111 1986 2150 om-

403 2191 505 2232 nes
560 2178 693 2234 lines
735 2192 911 2239 terrai.
951 2200 969 2232 ι
1023 2182 1097 2236 Ex
1148 2183 1250 2239 hoc
1304 2184 1536 2256 denique
1594 2185 1754 2241 Joau.
1811 2202 1851 2250 ι,
1903 2189 1987 2248 9:

409 2287 430 2321 ‹
470 2269 712 2323 Eratqu
747 2286 898 2336 vera,
928 2289 1048 2343 qua:
1104 2274 1378 2329 illuminat
1432 2293 1649 2331 omnem
1706 2279 1983 2335 hominem

408 2361 719 2417 venientem
772 2363 826 2417 in
874 2365 1017 2420 hunc
1062 2368 1343 2433 mundmn,
1393 2388 1411 2421 ι
1448 2384 1626 2424 causa:
1674 2386 1785 2426 suae
1828 2373 1992 2428 robur

398 2450 693 2525 Origenem
729 2457 811 2512 vel
844 2456 1183 2529 Origenistas
1243 2462 1601 2519 accersivisse
1639 2464 1771 2520 dicit
1813 2465 1992 2537 Cyril-

404 2545 487 2602 ius
528 2548 580 2604 iu
611 2550 862 2605 eumdem
898 2549 1127 2607 Joannis
1152 2552 1355 2607 locum.

473 2636 566 2701 lX.
594 2638 701 2695 Sed
739 2641 1029 2698 manifesto
1086 2653 1346 2714 repugnat
1384 2642 1515 2701 illud
1570 2646 1847 2703 Zacharim
1884 2664 1986 2715 xu,

403 2729 429 2784 1
462 2747 476 2785 :
513 2749 534 2785 ι
570 2731 711 2787 Dicit
750 2732 1009 2790 Dominus
1059 2737 1360 2792 extendens
1398 2740 1617 2805 caelum,
1646 2751 1700 2795 et
1749 2740 1986 2797 fundans

404 2830 631 2889 terram,
675 2834 731 2879 et
758 2825 967 2895 fingens
998 2827 1246 2896 spiritum
1283 2828 1521 2886 hominis
1558 2831 1609 2885 iu
1651 2846 1749 2897 eo;
1789 2853 1811 2884 ι
1844 2835 1987 2902 quod

401 2926 714 2970 cornmento
749 2917 875 2972 huic
921 2916 1250 2988 Origeniano
1292 2937 1321 2975 a
1366 2923 1645 2978 nonnullis
1676 2925 1985 2993 oppositum

401 3015 486 3063 est
527 3023 541 3059 :
587 3015 852 3077 repugnat
884 3018 938 3063 et
976 3010 1102 3063 illud
1136 3010 1362 3066 Joannis
1395 3028 1471 3079 ιιι,
1499 3013 1576 3067 5:
1613 3033 1632 3065 ι
1683 3012 1987 3084 Respondit

396 3096 577 3165 Jesus,
610 3117 785 3172 neque
812 3103 899 3158 hic
928 3106 1192 3173 peccavit,
1229 3121 1401 3176 neque
1433 3117 1687 3176 parentes
1714 3108 1858 3177 ejus,
1892 3109 1987 3164 sed

401 3198 459 3241 ut
502 3191 918 3245 manifesteutur
966 3206 1127 3261 opera
1181 3193 1271 3249 Dei
1310 3196 1362 3249 in
1404 3194 1579 3250 ἱΙΙοε»
1612 3197 1753 3250 unde
1800 3197 1985 3251 mirari
2015 3221 2058 3280 ε

398 3281 545 3336 subit
569 3291 848 3351 stuporem
886 3283 1158 3354 Origenis,
1198 3286 1288 3354 qui
1319 3288 1634 3356 prtecetlens
1663 3289 1803 3343 istud
1837 3304 1988 3344 com-

400 3386 484 3425 ma
512 3391 526 3426 :
563 3390 582 3424 ι
615 3370 809 3439 Rahbi,
844 3373 968 3442 quis
1002 3374 1271 3442 peccavit,
1304 3375 1409 3441 hic,
1442 3384 1534 3429 aut
1557 3384 1813 3447 parentes
1845 3375 1985 3446 ejus,

400 3471 657 3518 utcazcus
687 3465 1043 3518 nasceretur?
1088 3484 1105 3516 ι
1148 3465 1199 3518 in
1241 3466 1322 3520 sui
1373 3466 1548 3522 delirii
1611 3466 1985 3523 defensionem

398 3557 690 3624 usurpavit
718 3572 732 3609 :
765 3556 833 3609 ad
865 3556 1424 3629 voluntatemquippe
1452 3558 1542 3613 Dei
1574 3574 1791 3613 causam
1828 3560 1987 3614 creci-

398 3647 526 3703 tatis
556 3647 701 3702 illius
732 3649 976 3705 referens
998 3649 1273 3717 Christus,
1313 3666 1501 3707 ansam
1539 3667 1757 3707 omnem
1792 3653 1981 3706 abstu-

400 3738 464 3793 lit
489 3739 880 3810 detorquendte
914 3739 1061 3797 illius
1105 3745 1171 3796 ad
1204 3754 1423 3813 peccata
1457 3742 1621 3796 vitam
1669 3744 1980 3813 praeceden-

399 3828 774 3899 tia.Apertius
821 3832 986 3887 etiam
1039 3844 1306 3904 repugnat
1343 3833 1470 3888 illud
1522 3833 1684 3889 Rom.
1722 3850 1801 3899 ut,
1832 3837 1890 3891 11
1929 3844 1984 3891 et

396 3936 543 3992 seq.,
575 3923 722 3992 quod
748 3923 815 3976 ad
858 3922 1226 3979 subruendum
1265 3927 1401 3981 hanc
1429 3928 1678 3997 Origenis
1707 3929 1985 3995 opinatio.

398 4030 521 4070 nem
554 4026 782 4086 usurpat
825 4017 1161 4086 Augustinus
1206 4020 1257 4073 iu
1289 4020 1517 4091 epistola
1556 4022 1621 4073 ad
1655 4020 1915 4089 Optatum
1965 4036 1978 4074 :

402 4124 423 4150 σ
457 4107 589 4164 Cum
618 4110 764 4164 enim
794 4113 1031 4167 nondum
1065 4114 1171 4167 nati
1209 4112 1457 4177 fuissent,
1496 4125 1587 4169 aut
1622 4115 1830 4184 aliquid
1855 4115 1980 4171 boni

397 4199 663 4269 egissent,
709 4212 804 4254 aut
839 4204 962 4257 mali
994 4204 1075 4275 (ut
1105 4205 1400 4258 secundum
1436 4205 1753 4259 electionem
1784 4220 1985 4275 propo-

398 4294 562 4344 situm
587 4292 681 4349 Dei
705 4294 988 4364 maneret).
1016 4310 1121 4350 non
1146 4311 1211 4348 ex
1244 4296 1521 4364 operibus,
1553 4296 1647 4351 sed
1664 4312 1731 4350 ex
1754 4308 1981 4353 vocante

399 4383 604 4438 dictum
640 4394 724 4438 est
752 4385 798 4439 ei
841 4405 855 4441 :
894 4384 1031 4453 Quia
1082 4385 1258 4453 major
1310 4388 1511 4441 serviet
1568 4389 1800 4452 minori,
1837 4390 1981 4447 sirut

398 4476 663 4546 seriptum
693 4485 808 4530 est:
840 4477 1007 4531 Iacob
1036 4477 1216 4540 dilexi.
1255 4478 1393 4533 Esau
1422 4490 1601 4533 autem
1635 4480 1758 4535 odio
1782 4480 1969 4536 habui.

2098 2000 2213 2065 Dei,
2254 1999 2343 2069 qui
2376 2014 2474 2053 nos
2497 1999 2777 2063 liberavit,
2807 2007 2862 2053 et
2888 1998 3103 2052 vocavit
3128 1997 3418 2052 vocatione
3435 2012 3536 2051 sua
3566 2011 3693 2049 san-

2095 2100 2203 2153 cta,
2256 2095 2362 2145 no'n
2416 2074 2713 2145 secundum
2748 2105 2913 2160 opera
2956 2100 3165 2155 nostra,
3231 2088 3327 2142 sed
3383 2087 3689 2141 secundum

2094 2183 2429 2252 propositum
2464 2198 2621 2238 suum
2645 2195 2697 2237 et
2728 2184 2982 2254 gratiam,
3005 2194 3127 2250 qua:
3153 2181 3280 2235 data
3319 2191 3407 2235 est
3441 2179 3608 2234 nobis
3640 2181 3695 2233 in

2094 2274 2313 2330 Christo
2335 2273 2465 2331 Jesu
2493 2284 2625 2330 ante
2654 2284 2899 2344 tempora
2926 2274 3230 2329 saecularia.
3265 2292 3285 2325 ι

2162 2365 2231 2420 Χ.
2277 2365 2666 2422 Verumtamen
2723 2366 3035 2435 perspicuis
3090 2365 3216 2419 licet
3268 2362 3532 2419 convicta
3584 2362 3695 2418 sint

2094 2456 2391 2528 Scripturze
2424 2459 2754 2513 testimoniis
2809 2460 2925 2513 hare
2975 2458 3221 2522 decreta,
3276 2456 3451 2510 nihilo
3512 2458 3695 2512 secius

2092 2551 2473 2620 astipulatores'
2511 2551 2703 2606 habuit
2746 2550 3056 2620 complures
3089 2549 3453 2605 Adamantius
3498 2565 3515 2602 :
3567 2562 3690 2601 nam

2094 2652 2291 2712 praeter
2318 2640 2660 2708 Pamphilum
2683 2639 2956 2709 Apologia;
2982 2646 3293 2705 auctorem,
3319 2639 3415 2709 qui
3466 2638 3523 2692 in
3571 2652 3689 2691 eam

2094 2732 2360 2787 inclinare
2420 2732 2639 2787 videtur
2689 2733 3037 2797 sententiam,
3077 2730 3322 2785 eamdem
3377 2738 3692 2784 assectatur

2090 2824 2345 2880 Clemens
2374 2822 2780 2878 Alexandrinus
2834 2821 3089 2878 Stromat.
3132 2823 3228 2877 lib.
3284 2839 3325 2888 ι,
3386 2833 3446 2878 et
3481 2824 3692 2879 clarius

2091 2916 2253 2968 etiam
2285 2914 2382 2970 lib.
2414 2930 2493 2969 ιιι.
2526 2915 2583 2968 In
2618 2915 2825 2984 Eclogia
2876 2928 3093 2983 quoque
3142 2916 3382 2968 animam
3425 2917 3593 2969 tradit
3638 2919 3689 2967 in

2091 3018 2305 3060 uterum
2331 3007 2547 3062 immitti
2576 3008 2680 3060 ὑπό
2699 3024 2849 3070 τινος
2882 3006 2990 3060 τῶν
3020 3010 3083 3078 τῇ
3114 2996 3329 3076 γενέσει
3356 3006 3690 3078 ἐφεστώτων

2090 3099 2357 3168 ἀγγέλων.
2415 3099 2654 3153 Pieriqu
2710 3100 2876 3152 etiam
2926 3098 3385 3162 Alexandrinum,
3415 3100 3512 3167 qui
3553 3100 3692 3152 alter

2090 3191 2358 3263 Origenes
2403 3192 2819 3258 cognominatus
2873 3201 2977 3253 est,
3032 3191 3341 3245 animarum
3390 3193 3693 3263 προΰπαρ-

2093 3284 2175 3351 ξιν
2203 3283 2509 3339 defendisse
2546 3291 2780 3337 testatur
2834 3282 3057 3336 Photius
3111 3284 3234 3337 cod.
3275 3298 3429 3339 cxu.
3479 3283 3683 3338 Neme-

2090 3378 2203 3432 sius
2234 3376 2286 3431 in
2322 3377 2463 3430 libro
2520 3374 2598 3428 De
2638 3383 2831 3427 natura
2887 3375 3137 3439 hominis,
3188 3388 3310 3443 cap.
3359 3375 3418 3441 2,
3470 3378 3690 3429 animas

2088 3467 2365 3523 hominum
2418 3467 2547 3521 olim
2577 3483 2605 3520 a
2642 3465 2755 3520 Deo
2789 3476 3103 3534 procreatas
3135 3468 3186 3518 iu
3238 3481 3475 3534 corpora
3519 3466 3593 3521 ab
3622 3483 3687 3521 eo

2093 3562 2233 3614 mitti
2262 3559 2562 3623 existimat,
2593 3573 2716 3613 cum
2749 3559 2816 3610 ad
2843 3571 2937 3611 eas
2979 3558 3362 3626 suscipiendas
3394 3559 3595 3614 idonea
3631 3571 3697 3612 et

2090 3653 2377 3708 informata
2414 3662 2563 3707 sunt.
2595 3650 3334 3718 Ecclesiastieisquibusdam
3360 3665 3686 3719 persuasum

2090 3747 2253 3802 finisse
2270 3754 2455 3800 narrat
2475 3745 2833 3814 Hieronymus
2862 3745 3022 3812 epist.
3070 3742 3160 3805 82.
3187 3744 3253 3796 ad
3278 3742 3688 3806 ΜιιτειιΙΙῑηιιιιι,

2087 3841 2298 3894 animas
2325 3838 2453 3893 olim
2481 3838 2729 3891 conditas
2756 3837 2809 3890 in
2839 3837 3097 3890 thesauro
3122 3835 3212 3889 Dei
3252 3833 3486 3897 haberi;
3521 3849 3689 3902 quam

2087 3932 2399 4000 opinionem
2429 3930 2497 3984 ab
2526 3929 2857 3999 Origeuiana
2892 3927 3150 3983 secernit.
3192 3926 3310 3994 Ipse
3359 3940 3498 3980 vero
3538 3926 3635 3983 lib.
3667 3941 3687 3982 ι

2087 4022 2381 4076 Comment.
2412 4021 2482 4073 ad
2515 4019 2736 4089 Ephes.,
2772 4019 2827 4072 in
2864 4034 2985 4087 cap.
3017 4033 3054 4081 ι,
3097 4031 3241 4071 vers.
3275 4016 3309 4069 4
3341 4027 3400 4070 et
3430 4016 3489 4080 5,
3528 4031 3684 4071 com-

2088 4114 2253 4169 menti
2298 4114 2452 4182 hujus
2482 4113 2659 4179 capita
2686 4121 2739 4165 et
2770 4111 3171 4180 propugnacula
3233 4119 3499 4164 accurate
3530 4125 3688 4165 seru-

2087 4216 2247 4268 tatur,
2300 4214 2355 4260 et
2402 4204 2453 4258 in
2501 4218 2712 4258 comma
2752 4202 2817 4257 17
2852 4202 3043 4272 capitis
3079 4202 3342 4271 ejusdem,
3375 4203 3687 4271 ἐπίγνωσιν

2088 4298 2229 4353 inter
2248 4306 2303 4352 et
2327 4296 2533 4367 γνῶσιν
2568 4296 2701 4350 illud
2738 4296 2815 4349 ait
2840 4296 3109 4349 interesse
3132 4296 3500 4360 discriminis,
3538 4297 3684 4367 quod

2091 4405 2265 4443 rerum
2319 4404 2455 4459 quas
2506 4402 2781 4457 nunquam
2827 4386 3084 4441 scivimus
3122 4386 3194 4440 sit
3234 4385 3465 4453 γνῶσις.
3498 4402 3683 4441 rerum

2088 4499 2216 4537 vero
2249 4496 2476 4551 quarum
2527 4482 2677 4550 prius
2724 4478 2875 4532 obliti
2926 4480 3303 4541 recordamur,
3351 4479 3681 4548 ἐπίγνωσις,

396 4566 538 4638 Quid
567 4582 698 4636 ergo
724 4568 1004 4622 dicemus?
1035 4569 1275 4637 nunquid
1316 4570 1571 4639 iniquitas
1604 4572 1745 4640 apud
1774 4571 1981 4626 Deum?
2013 4570 2061 4625 D
2090 4583 2372 4643 propterea
2408 4570 2638 4624 Paulum
2678 4569 2929 4638 Ephesiis
2957 4576 3151 4636 optare
3176 4568 3433 4636 spiritum
3473 4571 3685 4624 revela-

398 4657 577 4716 Absit.
611 4657 779 4730 Moysi
816 4659 962 4713 enim
997 4658 1132 4714 dicit
1168 4676 1181 4711 :
1227 4658 1525 4713 Miserebor
1560 4661 1714 4730 cujus
1745 4662 1977 4717 misere-

400 4750 531 4814 hor;
582 4757 638 4804 et
672 4748 1105 4804 misericordiam
1157 4751 1422 4817 prrestaho
1454 4754 1607 4817 ettjus
1657 4752 1975 4809 miserebor.

396 4841 565 4911 igitur
601 4857 705 4896 nou
738 4840 990 4907 volentis,
1026 4856 1201 4910 neque
1226 4842 1516 4905 currentis,
1536 4843 1632 4897 sed
1666 4844 1977 4900 misereutis

394 4940 479 4985 est
506 4932 597 4986 Dei
638 4932 703 4987 ⁵².
756 4951 773 4982 ι
809 4932 938 5003 Qum
991 4933 1120 4989 licet
1171 4930 1423 5001 Origenis
1471 4931 1680 4987 fabulas
1734 4933 1977 4990 funditus

396 5022 747 5087 labefacmnt,
788 5026 899 5079 haec
938 5035 1116 5079 tamen
1164 5025 1278 5095 ipsa
1335 5023 1486 5079 Pauli
1534 5027 1699 5079 verba
1744 5028 1808 5080 ad
1864 5044 1975 5082 stite

395 5131 573 5170 causa:
604 5117 969 5171 defensionem
990 5117 1207 5171 adducit
1239 5117 1334 5173 lib.
1373 5132 1408 5170 ιι
1435 5118 1573 5186 Περὶ
1593 5118 1819 5187 ἀρχῶν,
1853 5135 1973 5188 cap.

394 5210 451 5273 9.
482 5212 576 5266 sed
616 5212 774 5269 aliter
805 5212 1026 5280 exponit
1053 5228 1118 5266 ac
1161 5212 1321 5284 vulgo
1355 5214 1550 5279 exponi
1601 5214 1795 5267 solent.
1821 5212 1974 5281 Quod

394 5303 538 5359 enim
597 5305 673 5359 ait
726 5304 1041 5373 Apostolus,
1074 5314 1364 5373 antequam
1400 5305 1522 5359 boui
1551 5306 1845 5373 quidquam
1888 5304 1974 5359 vel

398 5391 520 5447 mali
562 5395 819 5465 egissent,
852 5410 880 5447 a
943 5394 1051 5448 Deo
1084 5395 1406 5461 destinatos,
1445 5412 1550 5448 non
1600 5412 1666 5449 ex
1718 5396 1976 5464 operibus

397 5486 641 5546 meritos,
676 5486 762 5539 hic
797 5493 853 5539 ut
884 5484 1222 5553 diligeretur,
1254 5484 1343 5538 ille
1390 5494 1448 5537 ut
1478 5485 1603 5538 odio
1642 5484 1970 5550 haberetur;

396 5572 564 5629 refert
594 5575 679 5629 ille
706 5576 772 5629 ad
804 5591 966 5644 opera
1011 5578 1064 5628 in
1101 5577 1260 5630 terris
1288 5585 1344 5630 et
1393 5577 1506 5629 vita
1554 5574 1657 5629 hac
1702 5576 1972 5642 admissa,

396 5679 516 5733 quae
572 5666 771 5720 nullam
824 5670 932 5723 Deo
964 5668 1348 5723 desunationis
1384 5683 1495 5722 suae
1537 5681 1761 5723 causam
1809 5667 1977 5726 dede-

472 5835 515 5869 “
544 5840 699 5897 ῖῖοιιι.
744 5860 817 5908 tx,
853 5845 1040 5899 11-16.
1091 5847 1138 5879 ⁵³
1163 5847 1359 5902 Cenes.
1394 5867 1517 5911 xw.
1551 5850 1642 5919 2'5.

2090 4667 2251 4719 tionis
2275 4664 2329 4716 in
2379 4663 2656 4731 agnitione
2698 4660 2813 4721 Dei,
2848 4661 2899 4713 id
2938 4670 3041 4723 est,
3071 4661 3131 4711 ἐν
3169 4659 3499 4728 ἐπιγνώσει,
3534 4662 3687 4731 quod

2088 4756 2240 4823 prius
2273 4754 2324 4806 in
2372 4751 2591 4808 ctelesti
2628 4752 2735 4804 vita
2770 4751 2938 4804 Deum
2975 4750 3310 4816 noverimus,
3344 4752 3583 4822 ejusque
3616 4754 3683 4808 de

2087 4846 2242 4901 caelis
2267 4846 2321 4898 in
2355 4855 2532 4900 terras
2560 4844 2843 4913 migraudo
2881 4843 3054 4907 obliti,
3096 4844 3294 4897 iterum
3330 4861 3429 4912 per
3468 4844 3682 4900 revelata

2089 4937 2289 4992 tionem
2331 4950 2725 5005 cognoscamus
2772 4949 2785 4985 :
2838 4943 2891 4988 et
2945 4934 3038 4987 lib.
3076 4950 3111 4988 ιι
3144 4937 3468 4991 eorumilem
3516 4936 3678 4990 Com-

2087 5037 2247 5080 ment.
2268 5027 2322 5079 in
2346 5026 2534 5093 Epltes.
2566 5041 2648 5090 ut,
2672 5025 2721 5087 1,
2744 5024 2844 5094 legi
2874 5024 2949 5078 ait
2980 5026 3164 5079 multis
3191 5027 3241 5079 iu
3272 5026 3411 5081 iocis
3447 5026 3677 5080 Paulum

2087 5117 2292 5173 idcirco
2321 5119 2560 5173 viuctmu
2599 5117 2727 5180 dici,
2758 5117 2900 5185 quod
2930 5116 3114 5171 anima
3162 5117 3279 5185 ejus
3324 5129 3587 5191 tauquam
3621 5123 3681 5173 in
3714 5176 3721 5185 ,

2084 5225 2328 5273 carcere,
2377 5211 2454 5265 sic
2503 5210 2555 5264 in
2600 5224 2832 5277 corpore
2876 5210 3061 5264 clausa
3118 5220 3371 5265 teneatur
3407 5228 3427 5264 :
3480 5213 3684 5267 deinde

2084 5304 2236 5358 addit
2259 5304 2367 5357 alio
2393 5318 2553 5357 sensu
2587 5303 2638 5357 id
2666 5303 2732 5357 ab
2754 5303 2875 5359 aliis
2904 5307 3099 5375 accipi,
3137 5322 3332 5376 nempe
3362 5309 3511 5377 quod
3530 5309 3679 5362 Pau-

2084 5393 2167 5448 ius
2198 5409 2263 5449 ex
2308 5401 2463 5447 utero
2522 5394 2711 5447 matris
2743 5410 2855 5450 sure
2902 5398 2970 5450 ad
3022 5399 3429 5454 convertendus
3481 5407 3683 5468 gentes-

2084 5487 2523 5557 pmdestinatus,
2553 5487 2769 5541 vincula
2822 5492 3168 5556 postmodum
3207 5492 3397 5547 carnis
3443 5506 3676 5562 accepe-

2080 5579 2183 5632 rit:
2203 5580 2327 5633 etin
2347 5576 2572 5631 Philem.
2597 5593 2754 5641 χχιιι,
2774 5582 2863 5634 ubi
2879 5580 3183 5651 Epaphram
3207 5600 3226 5633 ι
3246 5586 3631 5653 coucaptivum
3648 5602 3669 5634 ι

2084 5682 2242 5728 suum
2297 5670 2499 5726 Paulus
2529 5669 2786 5740 appeiiat,
2826 5672 2877 5727 in
2907 5675 3070 5729 verbo
3101 5675 3466 5744 captivitatis,
3512 5676 3668 5747 juxta
