3916 6516
210 440 294 494 905
972 439 1551 499 ORIGENIANORUH
1585 442 1711 497 LIB.
1755 443 1817 507 ll,
1858 444 2010 499 CAP.
2052 445 2116 513 ll,
2153 446 2426 514 QUA‘IST.
2468 448 2559 504 Vl.

3326 454 3431 509 906

210 554 471 612 nonnullos
492 594 509 619 ,
558 557 894 612 reconditum
942 556 1145 627 aliquid
1197 559 1368 615 latere
1401 560 1533 615 dicit
1567 562 1759 619 lliero-
1789 568 1832 623 Α
1867 561 1949 615 vel
1983 563 2179 630 sancti,
2208 565 2299 635 qui
2324 580 2446 621 cum
2470 565 2690 623 Christo
2726 576 2873 633 sunt,
2912 578 3078 640 agunt
3118 569 3343 643 aliquid,
3377 581 3435 626 et

208 663 396 719 uyutus,
446 665 465 699 ι
533 650 675 716 quod
725 651 863 718 capti
917 650 1119 719 pariter
1146 663 1201 707 et
1237 653 1408 708 vineti
1462 655 1513 710 in
1562 655 1752 711 vallem

210 742 328 795 hanc
349 739 571 795 adducti
621 744 732 798 sint
781 744 1162 815 lacrymarum.
1214 764 1234 797 ι
1272 748 1402 813 Quae
1432 764 1553 803 cum
1588 749 1754 805 inter-

207 828 357 898 posita
410 829 560 884 nulla
619 832 988 887 confutatione
1035 835 1117 889 vel
1160 851 1391 892 censura
1423 841 1751 910 scripsisset,

208 919 361 974 Rufini
399 923 783 980 vexationibus
820 935 873 980 et
906 927 1145 993 querelis
1198 941 1513 998 patuerunt.
1548 933 1749 989 Verum

207 1013 342 1081 hujus
360 1016 611 1072 criminis
648 1018 998 1074 accusatione
1031 1020 1314 1077 absolvere
1363 1038 1483 1080 sese
1524 1036 1753 1083 conatur

205 1108 397 1177 Apolag.
438 1110 924 1178 tadvers.Ruﬁu.,
955 1129 1075 1182 cap.
1119 1115 1153 1169 5
1204 1126 1258 1170 et
1309 1115 1364 1183 6,
1402 1119 1655 1191 idemque
1695 1122 1747 1175 in

204 1196 430 1254 Rutilium
475 1201 689 1257 crimen
741 1203 968 1260 obscure
1020 1208 1218 1276 regerit
1264 1208 1486 1278 Apolog.
1538 1212 1634 1267 lib.
1682 1230 1746 1280 ιι,

201 1305 299 1357 cap.
336 1289 370 1342 2
403 1299 457 1344 ει
480 1291 537 1354 4,
570 1304 625 1347 ει
652 1293 745 1349 lib.
783 1311 863 1361 ιιι,
891 1312 1010 1365 cap.
1039 1298 1072 1353 8
1094 1309 1144 1351 et
1178 1300 1231 1356 9.
1263 1299 1367 1355 Sed
1399 1304 1636 1359 notabile
1666 1317 1750 1360 est

204 1382 246 1435 in
268 1381 443 1451 primis
473 1385 622 1453 quod
656 1387 735 1440 ait
769 1401 890 1458 cap.
917 1389 950 1443 6
971 1392 1193 1460 Apolog.
1222 1409 1234 1446 I
1267 1412 1281 1448 :
1314 1413 1333 1446 ‹
1364 1394 1609 1451 Vinctam
1643 1399 1746 1454 dici

201 1474 405 1528 animam
437 1489 695 1547 corpore,
740 1480 911 1537 donec
941 1484 1006 1537 ad
1052 1484 1330 1541 Christqu
1362 1490 1570 1553 redeat,
1602 1500 1656 1546 et
1692 1493 1743 1545 in

202 1567 598 1623 resurrectionis
634 1568 805 1633 gloria
838 1575 1212 1642 corruptivum
1261 1587 1316 1632 et
1362 1578 1589 1633 mortale
1619 1596 1745 1636 coro

198 1672 294 1726 pus,
325 1656 733 1726 incorruptione
761 1670 816 1717 et
855 1662 1261 1723 immortalitate
1291 1679 1604 1735 commutet,
1640 1686 1744 1726 non

198 1748 408 1803 absurdae
435 1749 923 1822 intelligentizeest.
939 1773 956 1808 ι
981 1757 1298 1830 Auonymus
1322 1760 1411 1815 ille
1435 1763 1575 1831 apud
1598 1762 1743 1818 Pho-

198 1841 304 1893 tiuut
332 1841 450 1897 cod.
481 1858 631 1898 cum
659 1847 749 1913 qui
781 1845 1031 1917 Origenis
1067 1848 1444 1906 defensionem
1477 1857 1738 1924 suscepit,

1859 652 2109 709 laborant
2163 671 2263 726 pro
2317 659 2473 715 nobis
2512 663 2579 715 ad
2620 662 3031 718 similitudinem
3094 663 3429 733 angelorum,

1856 746 1949 814 qui
1978 747 2167 802 salutis
2198 759 2398 805 nostra:
2449 752 2753 809 ministeria
2788 764 3129 825 procurant;
3173 755 3257 811 vel
3306 772 3431 811 rur-

1854 851 1972 891 sum
2023 849 2340 908 peccatores
2414 843 2578 897 etiam
2638 846 2735 915 ipsi
2793 857 2947 903 extra
3006 862 3203 917 corpus
3266 848 3428 919 positi

1855 938 2022 997 agunt
2060 930 2263 1000 aliquid
2313 935 2607 988 secundum
2654 939 2991 1007 propositum
3044 939 3246 995 mentis
3293 936 3446 1004 suae,‘

1854 1020 1920 1072 ad
1956 1020 2266 1089 angelorum
2310 1024 2665 1081 nihilominus
2708 1028 3121 1087 similitudinem
3163 1033 3448 1088 sinistro-'

1854 1126 1995 1175 rum,
2027 1126 2149 1166 cum
2199 1114 2398 1181 quibus
2457 1118 2595 1172 etin
2638 1128 2899 1175 aeternum
2949 1122 3128 1192 ignem
3178 1126 3425 1180 mittendi

1853 1202 2106 1258 dicuntur
2140 1220 2169 1258 a
2201 1204 2423 1263 Christo
2455 1225 2470 1261 :
2506 1209 2771 1267 habeatur
2798 1223 2851 1268 et
2882 1214 2983 1269 hoc
3027 1231 3243 1286 quoque
3284 1218 3428 1273 inter

1851 1297 2060 1350 occulta
2096 1296 2215 1364 Dei,
2253 1315 2352 1355 nec
2379 1300 2639 1357 chartulae
2667 1306 3058 1363 committenda
3094 1310 3372 1380 mysteria.
3402 1330 3420 1360 ι

1850 1385 1987 1451 Quin
2016 1397 2070 1441 et
2100 1388 2192 1443 lib.
2226 1404 2264 1445 tt
2296 1391 2349 1445 in
2377 1392 2581 1448 Cantic.
2607 1397 2882 1463 canticor.,
2914 1414 3039 1469 pag.
3070 1399 3159 1464 58,
3188 1399 3423 1455 animam

1852 1492 2292 1551 unamquamque
2332 1483 2384 1537 in
2417 1500 2515 1538 sua
2551 1486 2719 1557 ipsius
2757 1489 3068 1559 cognitione
3101 1505 3427 1561 comparan-

1850 1568 1914 1622 da
1947 1569 2083 1625 eniti
2130 1573 2330 1629 debere
2376 1577 2649 1646 sanciens,
2698 1581 2883 1636 varias
2907 1596 3071 1651 super
3095 1597 3158 1637 ea
3202 1598 3265 1637 ac
3296 1597 3427 1637 con-

1853 1664 2047 1719 trarias
2074 1679 2368 1723 enumerat
2396 1670 2704 1738 opiniones,
2737 1688 2873 1743 quas
2895 1675 3174 1732 discutere
3201 1690 3267 1731 ac
3291 1690 3422 1730 ven-

1851 1753 2008 1810 tilare
2032 1756 2271 1811 animam
2297 1759 2476 1829 jubet,
2520 1770 2574 1816 et
2610 1764 2663 1817 in
2700 1764 3175 1821 verisimilioribus
3205 1764 3425 1834 acquie-

1848 1859 2021 1902 scere.
2060 1846 2150 1904 Sic
2177 1861 2356 1905 autem
2388 1866 2483 1908 eas
2513 1855 2712 1910 anima:
2744 1857 3128 1926 expendendos
3158 1857 3328 1922 dedit,
3366 1870 3425 1911 ut

195 1933 456 2004 Scriptura:
514 1951 713 2003 sacrm,
772 1939 1102 2011 patrumque
1165 1942 1440 2013 suffragiis
1497 1962 1740 2003 εττοι-θω
1778 1969 1817 2024 Β
1847 1939 1902 1992 in
1944 1947 2232 2010 utramque
2286 1951 2495 2012 partem
2525 1946 2594 2001 de
2627 1946 2735 2002 illis
2782 1946 3085 2019 disputare,
3122 1958 3178 2004 et
3221 1949 3422 2003 rationi

193 2026 311 2081 hunc
335 2028 474 2083 ultro
504 2044 853 2102 propugnare
875 2036 1094 2103 satagit,
1127 2036 1324 2091 nedum
1358 2038 1503 2093 illius
1541 2053 1740 2110 eXproo

191 2118 457 2176 brationcm
513 2123 585 2176 ab
619 2123 856 2194 Origene
903 2128 1213 2194 prohibeat.
1241 2128 1321 2184 Ab
1363 2146 1430 2186 eo
1472 2147 1601 2186 sane
1634 2149 1737 2187 non

188 2212 321 2281 plane
346 2214 590 2269 alienum
626 2218 794 2273 fuisse
830 2219 1175 2276 Philastrium
1208 2222 1566 2290 crediderim;
1594 2237 1739 2296 post-

186 2316 319 2373 quam
351 2310 495 2362 enim
524 2309 647 2364 hmc
669 2311 922 2366 disseruit
950 2314 1081 2368 luer.
1108 2315 1173 2370 5i
1218 2334 1231 2369 :
1265 2334 1283 2367 ι
1324 2316 1443 2371 Alia
1496 2328 1581 2373 est
1628 2318 1738 2373 ine-

185 2398 296 2453 resis
323 2415 438 2467 quae
460 2400 600 2455 dicit
629 2402 867 2456 hominis
896 2404 1131 2459 animam
1176 2421 1279 2460 non
1310 2405 1509 2461 factam
1555 2423 1584 2460 a
1628 2408 1737 2463 Deo

184 2488 412 2557 appellari
446 2494 723 2557 animam,
752 2493 846 2547 sed
888 2504 1038 2559 ante,
1076 2494 1274 2564 inquit,
1305 2496 1616 2551 intellectus
1643 2512 1737 2551 vo-

182 2581 396 2645 cabatur,
422 2592 479 2637 et
514 2595 643 2637 erat
702 2583 755 2637 in
795 2584 977 2639 caelo:
1020 2595 1201 2652 postea
1242 2597 1418 2642 autem
1453 2589 1577 2658 quia
1627 2598 1734 2645 ter-

182 2688 284 2725 rena
312 2676 669 2742 desideravit,
695 2677 1015 2743 discessisse
1044 2694 1163 2734 eam
1192 2683 1258 2737 de
1283 2681 1445 2748 coelo,
1481 2693 1535 2737 et
1565 2700 1631 2737 ex
1668 2697 1733 2739 eo

178 2781 273 2819 eam
300 2768 537 2822 animam
569 2780 931 2840 nuncupatam
962 2772 1333 2837 arbitrantur;
1376 2794 1394 2827 ι
1436 2791 1555 2846 qua:
1589 2777 1734 2847 peni-

180 2868 247 2912 tus
273 2858 600 2931 Origeniana
644 2872 794 2916 sunt.
830 2862 1061 2919 Mentem
1108 2881 1262 2920 suam
1311 2867 1507 2922 deinde
1552 2868 1730 2937 prodit

178 2950 243 3005 his
266 2951 435 3007 verbis
465 2972 485 3007 :
518 2973 538 3005 ι
577 2952 897 3023 lgnorantes
926 2955 1067 3024 quod
1122 2957 1177 3010 in
1228 2958 1494 3027 principio
1524 2958 1660 3015 facta
1700 2976 1727 3013 a

176 3040 281 3105 Deo.
305 3054 355 3099 et
385 3056 577 3100 creata
612 3054 736 3116 post
764 3047 980 3117 angelos
1015 3049 1197 3103 anima
1246 3060 1331 3105 est
1380 3051 1645 3121 appellata
1698 3068 1728 3104 a

175 3130 390 3199 Domino,
420 3138 639 3206 hocque
670 3153 866 3191 nomen
897 3138 1250 3207 proprietatis
1277 3141 1486 3209 accepit
1526 3156 1552 3193 a
1594 3141 1726 3205 Deo,

174 3236 219 3279 ut
252 3228 439 3294 anima,
499 3244 606 3283 non
647 3229 957 3285 intellectus
1006 3240 1317 3289 vocaretur.
1353 3252 1373 3285 ι
1404 3232 1581 3303 Atque
1611 3234 1725 3289 haac

1846 2033 2016 2101 magis
2057 2045 2456 2093 consentaneas
2497 2038 2699 2109 eligere
2754 2040 2856 2095 hoc
2906 2050 3153 2111 tempore
3203 2042 3424 2097 licuisse

1843 2122 2109 2179 videatur.
2151 2126 2288 2182 llinc
2336 2128 2474 2184 libro
2519 2145 2556 2185 ιι
2590 2132 2730 2200 Περὶ
2760 2116 2982 2203 ἀρέῶν,
3015 2149 3135 2202 cap.
3179 2133 3233 2198 8,
3270 2143 3421 2204 post-

1841 2226 2002 2281 quam
2036 2216 2219 2272 multis
2248 2219 2504 2278 disseruit
2538 2224 2604 2278 de
2643 2224 2849 2291 anima,
2898 2238 2954 2282 et
2996 2243 3226 2284 excussa
3258 2246 3289 2285 a
3335 2244 3425 2285 no-

1842 2305 1923 2361 bis
1954 2309 2199 2375 superius
2245 2311 2440 2381 placita
2482 2317 2782 2386 proposuit,
2838 2319 3055 2386 subjicit
3124 2322 3256 2378 illud
3300 2332 3413 2377 tan-

1840 2395 1982 2460 dem,
2015 2412 2162 2452 num.
2189 2400 2264 2456 ιε
2309 2420 2328 2454 ι
2369 2403 2752 2460 Verumtamen
2784 2408 2933 2476 quod
2971 2409 3230 2476 diximus,
3264 2427 3419 2466 meu-

1841 2497 1947 2540 tem
1978 2485 2030 2541 in
2060 2489 2297 2545 animam
2328 2493 2484 2560 verti,
2522 2494 2607 2549 vel
2642 2495 2687 2549 si
2718 2510 2825 2565 qua
2858 2497 2961 2551 alia
2994 2498 3046 2553 in
3078 2500 3181 2555 hoc
3230 2500 3421 2554 viden~

1841 2587 1927 2632 tur
1959 2580 2225 2650 aspicere,
2254 2584 2510 2640 discutiat
2540 2589 2680 2657 apud
2713 2602 2772 2642 se
2803 2589 2893 2657 q'ui
2927 2588 3057 2659 legit
3086 2591 3418 2661 diligentius.

1836 2682 1891 2724 et
1923 2682 2217 2741 pertractet
2253 2691 2266 2728 :
2318 2692 2348 2728 a
2402 2676 2560 2733 nobis
2604 2688 2782 2734 tanien
2826 2696 2931 2735 non
2982 2692 3237 2749 putentur
3277 2683 3421 2739 velut

1836 2765 2079 2833 dogmata
2115 2781 2235 2821 esse
2278 2768 2510 2836 prolata,
2564 2772 2659 2826 sed
2715 2776 2984 2829 tractandi
3035 2790 3185 2830 more
3231 2792 3295 2831 ac
3332 2791 3419 2834 re-

1834 2856 2084 2924 quirendi
2119 2871 2240 2912 esse
2270 2859 2554 2927 discussa;
2593 2882 2613 2915 ι
2655 2875 2710 2918 ει
2758 2865 2916 2934 paulo
2970 2877 3115 2934 post,
3149 2884 3301 2922 num.
3331 2869 3367 2924 5
3401 2889 3415 2923 :

1840 2963 1858 2996 ι
1899 2944 2024 3001 Haec
2058 2959 2216 3016 prout
2240 2952 2516 3017 potuimus
2553 2954 2618 3008 de
2667 2956 2979 3012 rationabili
3021 2960 3201 3013 anima
3238 2956 3419 3015 discu-

1835 3040 2015 3094 tientia
2048 3041 2217 3111 magis
2255 3059 2284 3097 tt
2313 3043 2634 3114 legentibus,
2665 3064 2826 3115 quam
2863 3059 3067 3105 statuta
3098 3066 3162 3105 ac
3192 3051 3414 3107 definita

1832 3130 2175 3198 protulimus.
2242 3150 2261 3184 ι
2314 3133 2494 3203 Atque
2534 3135 2652 3192 hm‘c
2697 3146 2782 3193 est
2826 3153 3037 3192 summa
3080 3139 3416 3197 defensionis

1831 3220 2119 3289 Pamphili.
2159 3223 2331 3289 Quam
2365 3236 2422 3279 ut
2454 3226 2684 3281 Validius
2711 3231 3023 3296 confirmet,
3054 3230 3177 3285 aliis
3203 3232 3319 3286 fere
3348 3237 3416 3288 de

174 3318 440 3389 Scriptum
484 3323 829 3392 postmodum
869 3323 1335 3377 testiﬁcationibus
1377 3325 1720 3393 comprobat.
1753 3308 1797 3367 C
1832 3312 1992 3368 rebus
2023 3325 2290 3370 "3013593
2331 3315 2618 3387 θτίὲεηειη
2664 3319 2829 3385 dic“;
2912 3336 2959 3376 -θ
2984 3324 3188 3386 allium:
3229 3332 3416 3392 υιΡοιθ

171 3412 381 3483 Denique
433 3416 578 3469 vitio
631 3414 729 3470 dat
772 3413 1110 3470 Tertulliauo
1150 3416 1489 3487 Augustinus
1518 3416 1613 3471 lib.
1649 3417 1725 3470 De

168 3506 322 3561 lieres.
365 3508 433 3563 ad
494 3506 1139 3578 Quodvultdeum,,quod
1199 3510 1410 3562 animas
1447 3508 1723 3562 heminnm

168 3612 367 3676 nequam
405 3608 536 3670 post
562 3598 770 3652 obitum
796 3598 849 3652 in
883 3600 1157 3654 dannones
1189 3598 1429 3653 converti
1470 3613 1724 3653 asserue-

168 3684 238 3741 rit.
302 3690 672 3756 Quamobrem
730 3689 1071 3744 Domitianus
1131 3689 1344 3757 Galata,
1397 3690 1724 3761 Aneyranus

165 3778 455 3851 episcOpus,
496 3781 549 3836 in
582 3780 812 3851 epistola
847 3783 913 3836 ad
938 3781 1188 3852 Vigiliqu
1221 3797 1436 3851 papam,
1463 3784 1724 3837 adversus

164 3868 380 3943 Origenis
416 3875 610 3930 hostes
631 3876 746 3930 lucc
777 3877 1151 3944 conqueritur.
1175 3875 1443 3929 referente
1466 3873 1720 3929 Facundo

163 3963 237 4019 lib.
260 3982 326 4030 tv,
352 3982 481 4037 cap.
517 3968 593 4020 4:
628 3986 647 4019 ι
688 3965 1059 4021 Prosiluerunt
1083 3968 1149 4020 ad
1184 3966 1723 4021 anathematizamlos

165 4061 517 4115 sanctissimos
552 4071 609 4113 et
638 4059 1059 4130 gloriosissimos
1109 4061 1386 4125 doctores,
1428 4061 1529 4115 sub
1561 4074 1720 4113 occa-

161 4153 286 4206 sione
313 4169 505 4207 eorum
536 4168 662 4221 qua:
703 4153 771 4206 de
812 4152 1244 4221 prmexsisteutia
1279 4161 1333 4207 et
1379 4151 1721 4206 restitutione

162 4254 280 4296 mota
300 4255 444 4310 sunt,
473 4248 811 4315 dogmatum,
844 4244 945 4300 sub
975 4245 1157 4314 specie
1185 4243 1401 4313 quidem
1438 4240 1718 4310 Origenis,

159 4351 322 4394 omnes
346 4348 531 4395 autem
566 4338 659 4407 qui
696 4350 823 4392 ante
875 4328 1021 4402 eum,
1060 4347 1116 4391 et
1147 4348 1268 4407 post
1299 4352 1422 4391 eum
1476 4336 1718 4399 fuerunt,

160 4439 352 4483 sanctos
382 4431 944 4487 anathematizanles.
990 4450 1007 4481 ι

214 4522 296 4583 XI.
324 4524 534 4594 Nempe
557 4526 625 4581 de
661 4524 856 4578 auium
884 4524 1095 4595 origine
1119 4539 1182 4577 ac
1206 4536 1352 4578 sorte
1380 4522 1513 4576 nihil
1543 4522 1720 4576 adhuc

158 4614 307 4670 fuerat
331 4617 399 4671 ab
423 4616 672 4672 Ecclesia
699 4617 995 4672 decretum.
1035 4641 1051 4667 ι
1095 4616 1168 4670 De
1197 4615 1375 4669 anima
1408 4631 1559 4689 vero,
1642 4614 1720 4668 ait
1753 4654 1793 4709 ο

154 4703 389 4777 Origenes
448 4708 502 4761 in
558 4721 789 4775 promtu.
845 4706 937 4761 lib.
987 4708 1125 4774 Περὶ
1175 4703 1400 4774 ἀρχῶν,
1459 4720 1607 4758 ιιιιιιι.
1660 4703 1713 4769 5,

159 4814 174 4845 ‹
201 4810 369 4853 utrum
393 4816 462 4854 ex
494 4798 723 4854 seminis
770 4798 1003 4852 traduce
1033 4799 1280 4861 ducatur,
1331 4798 1402 4850 ita
1462 4805 1521 4851 ut
1576 4796 1716 4850 ratio

155 4887 319 4954 ipsius,
347 4891 431 4945 vel
459 4889 775 4944 substantia
807 4890 1005 4944 inserta
1040 4889 1170 4957 ipsis
1194 4888 1497 4944 seminibus
1529 4902 1713 4956 corpo-

156 4980 337 5038 ralibus
367 4983 678 5046 habeatur;
741 4998 809 5035 an
850 4996 978 5036 vero
1013 4981 1155 5035 aliud
1210 4981 1411 5035 habeat
1443 4979 1656 5033 initium
1696 4999 1708 5032 :

153 5074 313 5128 ethoc
342 5075 517 5145 ipsum
550 5073 789 5134 initium,
814 5074 858 5127 si
892 5073 1130 5143 genitum
1159 5082 1264 5135 est,
1305 5084 1398 5126 aut
1422 5088 1529 5126 non
1560 5072 1715 5140 geni-

152 5170 285 5231 tum;
312 5166 391 5219 vel
411 5175 560 5219 certe
583 5164 626 5218 si
654 5163 981 5217 intrinsecus
1009 5164 1222 5232 corpori
1247 5163 1477 5224 inditur,
1507 5177 1703 5225 necne,

157 5269 249 5309 non
272 5260 401 5311 satis
425 5255 720 5310 manifesta
747 5254 1133 5324 praedicatione
1147 5254 1496 5323 distinguitur
1521 5268 1534 5315 ;
1569 5269 1587 5302 ι
1620 5251 1712 5319 qui

152 5345 282 5401 locus
311 5349 585 5419 profertur
619 5349 672 5401 in
702 5347 1051 5417 supposititio
1079 5346 1292 5414 dialogo
1316 5345 1418 5399 sub
1456 5342 1717 5413 Hierony-

154 5440 212 5490 mi
243 5454 297 5495 et
330 5441 621 5509 Augustini
660 5441 901 5503 nomine,
930 5440 1019 5509 qui
1056 5439 1291 5494 habetur
1338 5437 1480 5491 inter
1528 5437 1714 5504 spuria

151 5529 485 5603 Hieronymi;
512 5542 569 5586 et
604 5533 658 5585 in
687 5546 852 5600 opere
895 5532 971 5585 De
1003 5531 1198 5585 deitate
1246 5540 1294 5582 et
1344 5528 1712 5581 incarnatione

160 5617 297 5675 Verbi
338 5627 398 5679 ad
437 5623 783 5687 Januarinm,
840 5623 931 5693 qui
988 5634 1132 5678 tomo
1182 5620 1471 5692 Augustini
1521 5628 1713 5689 quarto

150 5712 473 5769 subnectitur
507 5716 605 5768 lib.
660 5729 700 5777 ι,
741 5730 860 5783 cap.
894 5714 952 5775 2,
1006 5726 1062 5770 et
1109 5714 1383 5779 profertur
1425 5710 1714 5779 utrobique

153 5800 269 5869 ipsis
295 5805 469 5861 Ruﬁni
500 5807 707 5860 verbis.
741 5806 881 5861 Idem
909 5808 965 5861 in
994 5806 1170 5875 Epist.
1200 5806 1267 5859 ad
1293 5804 1444 5859 Rom.
1493 5803 1587 5857 lib.
1648 5817 1710 5867 ιι,

153 5908 286 5951 nunt.
316 5901 366 5967 4,
404 5915 533 5971 pag.
568 5897 675 5953 £79
706 5915 719 5951 :
763 5917 781 5948 ι
816 5899 873 5952 Si
900 5901 1062 5954 etiam
1109 5908 1268 5954 extra
1302 5910 1502 5968 corpus
1546 5895 1708 5966 positi

445 5998 729 6057 Panos.
777 5993 893 6056 Gn.
938 5995 1140 6057 XVII.

1832 3403 2052 3459 incerta:
2079 3407 2328 3475 originis,
2369 3420 2425 3464 et
2449 3425 2637 3479 parum
2690 3423 2983 3483 comperta:
3017 3424 3244 3482 naturae,
3278 3415 3412 3469 nihil

1830 3496 2140 3566 scripsisse.
2170 3499 2311 3553 Tum
2350 3516 2418 3555 ex
2467 3502 2606 3558 libro
2632 3505 2685 3557 in
2715 3503 3011 3574 Epistulam
3041 3509 3110 3560 ad
3147 3507 3321 3561 Titum
3357 3511 3414 3564 il-

1830 3588 2049 3644 lustrem
2100 3591 2325 3649 adducit
2368 3595 2619 3667 Origenis
2658 3596 2868 3665 locum,
2930 3615 3039 3670 quo
3101 3603 3411 3673 exemplum

1826 3694 2011 3736 eorum
2041 3683 2277 3741 aﬂ‘erens
2302 3703 2424 3757 quae
2450 3690 2761 3757 apostolicis
2798 3693 3178 3749 traditionibus
3211 3710 3413 3765 nequa-

1827 3789 1988 3843 quant
2019 3776 2403 3845 determinata,
2434 3782 2636 3852 absque
2672 3785 2940 3840 haereseos
2982 3797 3105 3841 uota
3158 3796 3412 3857 poterant

1825 3865 1909 3918 vel
1955 3868 2134 3937 respui
2182 3869 2265 3923 vel
2318 3873 2566 3937 admitti,
2619 3878 2976 3943 qumstionem
3029 3881 3286 3948 proponit
3343 3883 3412 3936 de

1828 3957 2007 4011 anima
2043 3977 2057 4013 :
2091 3977 2110 4010 ι
2150 3960 2285 4015 Cum
2315 3963 2381 4018 de
2405 3979 2493 4032 ea,
2525 3966 2722 4034 inquit,
2770 3982 2946 4037 neque
2975 3970 3117 4037 quod
3150 3985 3215 4024 ex
3246 3972 3410 4025 senii-

1827 4050 1911 4105 nis
1956 4054 2180 4109 traduce
2224 4056 2479 4122 ducatur,
2530 4074 2707 4127 neque
2755 4059 2896 4129 quod
2947 4060 3318 4115 honorabilior
3356 4074 3413 4118 et

1826 4143 2101 4210 antiquior
2146 4160 2436 4216 corporum
2471 4164 2733 4219 compage
2774 4152 2867 4213 sit,
2912 4151 3200 4205 tradiderit
3226 4152 3408 4208 eccle-

1824 4235 2047 4289 siastica
2079 4238 2296 4307 regula;
2333 4257 2352 4291 ι
2388 4255 2619 4309 quormu
2653 4242 2901 4296 alterutri
2928 4242 3020 4310 qui
3057 4240 3286 4298 fuissent
3317 4260 3410 4299 as-

1823 4328 1993 4391 sensi,
2040 4330 2188 4382 velut
2235 4332 2389 4386 novis
2424 4336 2701 4389 studentes
2739 4335 2903 4390 rebus
2945 4339 2997 4391 in
3037 4337 3407 4405 suspicionem

1824 4420 2036 4475 venisse
2087 4422 2250 4489 dicit;
2299 4434 2355 4478 at
2384 4440 2479 4481 eos
2518 4427 2842 4482 temeritatis
2888 4410 3133 4494 damnat,
3178 4431 3269 4514 qui
3304 4432 3408 4485 hac

1823 4529 2148 4584 quemquam
2179 4519 2246 4572 de
2296 4533 2461 4573 causa
2506 4529 2820 4590 suspectum
2861 4512 3147 4578 haberent:
3179 4512 3258 4577 Ad
3289 4523 3407 4578 haec.

1825 4607 2009 4675 adjicit
2058 4609 2372 4681 Pamphilus
2419 4611 2553 4667 alias
2577 4613 2647 4667 de
2676 4612 2857 4668 anima
2902 4614 3187 4684 opiniones
3214 4613 3406 4685 Orige-

1825 4703 1984 4757 niana
2033 4702 2191 4775 longe
2234 4705 2589 4762 absurdiores
2621 4720 2743 4761 esse
2798 4717 2852 4761 et
2896 4707 3191 4775 iueptiores
3220 4725 3234 4760 :
3267 4710 3407 4763 inter

1821 4812 1959 4866 quas
1988 4797 2169 4866 priore
2198 4811 2318 4851 eam
2352 4797 2470 4853 loco
2502 4801 2671 4867 ponit,
2694 4814 2813 4867 qua:
2843 4800 3125 4855 catholica:
3150 4800 3406 4855 Ecclesim

1821 4888 2194 4943 sanctionibus
2222 4887 2382 4943 hodie
2413 4900 2639 4958 recepta
2673 4898 2774 4943 est.
2808 4890 2975 4944 Addit
3006 4891 3200 4944 deinde
3232 4892 3405 4945 haud-

1822 4993 2091 5047 quaquam
2121 4980 2485 5034 damnandum
2521 4996 2642 5036 esse
2670 4980 2984 5050 Origenem,
3018 4997 3140 5035 cum
3188 4996 3250 5036 ea
3284 4998 3402 5037 sero

1821 5070 2028 5123 vaverit
2054 5085 2176 5135 qua:
2208 5079 2335 5123 tunc
2365 5085 2527 5137 super
2554 5085 2615 5126 ea
2641 5071 2940 5141 quaestione
2966 5073 3232 5127 servanda
3257 5090 3399 5145 pra:-

1818 5169 2042 5228 ccperat
2083 5158 2362 5224 Ecclesia,
2427 5163 2637 5216 animas
2682 5162 2937 5216 nimirum
2994 5162 3232 5231 ejusdem
3280 5179 3401 5218 esse

1820 5253 2157 5314 substantiae,
2195 5253 2554 5317 immortales,
2596 5254 2827 5308 rationis
2861 5255 3174 5325 participes,
3228 5254 3399 5309 libero

1822 5345 2071 5412 praeditas
2100 5345 2351 5412 arbitrio,
2392 5362 2423 5400 a
2462 5347 2571 5403 Deo
2612 5347 2878 5403 conditas.
2925 5345 3213 5416 Subjungit
3249 5347 3400 5401 deui-

1820 5450 1927 5504 que
1959 5453 1973 5489 :
2007 5453 2025 5485 ι
2061 5434 2291 5502 Quando
2331 5446 2512 5493 autem
2564 5437 2721 5493 factae
2748 5439 2880 5503 sint,
2932 5439 3061 5492 olim
3110 5438 3291 5499 simul,
3327 5455 3396 5493 an

1821 5541 1965 5579 nunc
2008 5541 2104 5595 per
2155 5526 2397 5594 singulos
2441 5529 2803 5594 nascentium,
2854 5528 2984 5597 quid
3032 5527 3260 5597 periculi
3312 5538 3398 5582 est

1820 5619 2142 5673 alterutrum
2193 5632 2225 5670 ε
2277 5618 2488 5673 duobus
2518 5618 2770 5688 opinari?
2802 5637 2821 5670 ι
2852 5619 2989 5686 Quid
3030 5620 3176 5689 quod
3206 5619 3397 5689 Orige-

1820 5726 1939 5773 nes,
1989 5720 2118 5763 tom.
2164 5725 2202 5767 tt
2234 5710 2287 5763 in
2352 5710 2538 5777 Joau.,
2586 5726 2738 5765 num.
2786 5711 2880 5779 24,
2919 5711 3227 5765 animarum
3262 5727 3396 5783 προ-

1821 5800 2049 5873 ΰπαρξιν
2098 5802 2390 5857 universali
2417 5803 2669 5872 opinione
2704 5804 3057 5872 approbatam
3090 5802 3270 5857 dicit?
3301 5800 3395 5854 ἐὰν

1815 5894 1893 5961 δὲ,
1935 5894 2131 5965 inquit,
2164 5897 2336 5967 κρατῇ
2392 5896 2420 5947 ὁ
2477 5894 2704 5950 καθόλου
2733 5897 2862 5970 περὶ
2900 5895 3074 5966 ψυχῆς
3120 5893 3294 5964 λόγος.
3322 5894 3394 5956 ὡς
