3898 6522
489 451 606 510 ωτ

1713 441 1775 498 Ρ.
1813 434 2127 496 DANI'ELIS
2161 432 2393 495 HUE'l'll

3572 433 3656 493 908

497 573 561 626 οὐ
593 565 1039 639 συνεσπαρμὲνης
1066 563 1144 635 τῷ
1168 562 1399 634 σώματι,
1442 557 1576 615 ἀλλὰ
1604 559 1710 630 πρὸ
1737 557 1899 613 αὐτοῦ
1932 574 2053 626 τυγ-

2228 551 2432 619 Nempe
2470 547 2726 618 utrinque
2771 542 3070 614 Scriptura:
3098 543 3411 601 testimoniis
3432 549 3660 617 pugnaba-

497 661 783 738 χανούσης,
815 661 907 712 καὶ
933 657 1020 710 διὰ
1046 655 1295 718 ποικίλας
1327 653 1503 716 αἰτίας
1526 650 1846 722 ἐνδυομένης
1895 647 2059 720 σαρκὶ

501 755 595 812 καὶ
621 754 831 824 αἵματι,
864 761 919 805 et
949 761 1167 804 caetera.

568 848 682 904 XII.
716 846 824 900 Nec
860 843 1106 912 Origenis
1139 840 1298 896 modo
1349 838 1698 908 temporibus,
1726 836 1818 891 sed
1863 849 2058 888 recen-

499 941 728 996 tioribus
765 938 926 994 etiam
961 935 1161 989 incerta
1191 932 1289 987 fuit
1317 931 1370 984 in
1413 930 1650 985 Ecclesia
1682 928 1874 983 anima:
1910 925 2060 994 origo

489 1043 552 1088 et
596 1040 806 1086 natura.
857 1026 1045 1082 Etate
1081 1025 1293 1094 quidem
1336 1039 1429 1079 sua
1466 1023 1678 1076 diversa
1725 1018 1962 1074 sensisse
1995 1018 2063 1071 de

499 1123 679 1178 anima
728 1117 1126 1176 ecclesiasticos
1174 1128 1360 1170 omnes
1406 1114 1596 1169 scribit
1645 1111 1956 1180 Pamphilus
2001 1110 2057 1163 in

499 1211 772 1283 Apologia.
821 1210 1178 1280 Hieronymus
1217 1204 1381 1273 epist.
1439 1204 1507 1259 82
1555 1203 1904 1272 quaestionem
1955 1201 2058 1256 sibi

499 1318 662 1377 super
691 1304 881 1358 animm
908 1311 1050 1356 statu
1079 1316 1108 1354 a
1143 1298 1454 1354 Marcellino
1483 1306 1538 1351 et
1566 1293 1906 1364 Anapsychia
1936 1308 2060 1362 pro-

498 1396 726 1466 positam
760 1393 971 1458 reeitat,
1011 1406 1076 1445 ex
1105 1405 1210 1460 qua
1258 1387 1528 1456 intelligas
1576 1385 1791 1455 quantis
1826 1382 2060 1436 tenebris

498 1487 662 1542 fuerit
712 1495 836 1540 tunc
889 1482 1148 1548 temporis
1195 1480 1552 1541 circumsessa
1597 1474 1825 1545 quaestio
1852 1474 1918 1527 de
1946 1472 2062 1524 ani-

497 1593 583 1632 ma
616 1595 631 1631 :
664 1594 683 1628 ε
725 1575 899 1645 Super
941 1574 1133 1628 anima:
1174 1580 1340 1634 statu,
1368 1570 1567 1639 inquit,
1598 1566 1815 1622 memini
1874 1575 2063 1620 vestra:

497 1667 916 1738 quastiunculm,
965 1667 1072 1720 imo
1123 1665 1356 1719 maxime
1387 1661 1771 1718 ecclesiasticae
1803 1657 2062 1727 quaestio-

497 1758 583 1811 nis
615 1778 627 1811 :
659 1765 840 1810 utrum
872 1754 1019 1825 lapsa
1047 1753 1114 1808 de
1141 1753 1279 1807 cmlo
1300 1752 1391 1819 sit,
1420 1760 1477 1805 ιιι
1507 1749 1842 1819 Pythagoras
1885 1743 2063 1814 philo-

495 1848 716 1918 sophus,
757 1861 1059 1914 omnesque
1097 1844 1386 1908 Platonici,
1437 1852 1492 1897 et
1536 1840 1798 1908 Origenes
1835 1843 2062 1906 putant,

2159 652 2267 697 tur.
2297 638 2397 706 Qui
2431 637 2718 694 tuebantur
2747 637 3048 690 animarum
3075 634 3427 707 προΰπαρξιν,
3451 638 3664 694 adversus

2157 747 2254 788 eos
2280 730 2370 800 qui
2395 730 2604 784 animas
2639 738 2769 782 tunc
2795 727 2966 781 creari
2998 726 3267 791 volebant,
3296 741 3416 780 cum
3438 742 3661 796 prepara-

2160 825 2229 880 tis
2257 821 2575 892 corporibus
2601 828 2756 875 erant
2789 818 3108 882 inserendas,
3138 819 3236 873 hoc
3270 817 3402 874 Gen.
3434 833 3488 884 ιι,
3522 818 3572 885 2,
3604 823 3669 874 in-

2162 915 2464 977 tentabant,
2517 931 2536 965 ι
2571 912 2638 966 Et
2683 910 2949 982 requievit
3007 909 3194 980 (Deus)
3240 910 3325 963 die
3367 912 3574 978 septimo
3613 912 3668 967 ab

2160 1007 2416 1060 universo
2443 1017 2606 1073 opere
2649 1003 2790 1072 quod
2817 1010 3074 1071 patrarat.
3113 1020 3135 1053 ›
3170 1001 3366 1054 Contra
3409 1001 3662 1068 pratende-

2159 1097 2292 1151 bant
2343 1095 2637 1150 adversarii
2696 1094 2824 1148 illud
2879 1093 3033 1150 Joan.
3089 1108 3142 1160 v,
3201 1093 3289 1156 Π,
3329 1110 3346 1142 ι
3379 1092 3528 1146 Pater
3549 1108 3670 1146 meus

2162 1203 2331 1257 usque
2362 1187 2523 1242 modo
2562 1194 2837 1255 operatur,
2888 1193 2945 1238 et
2993 1199 3091 1254 ego
3135 1199 3361 1254 operor;
3397 1201 3416 1235 ι
3449 1185 3573 1252 quod
3610 1183 3663 1238 ad

2162 1278 2588 1342 Providentiam,
2637 1292 2743 1331 non
2774 1277 2839 1331 ad
2889 1277 3212 1332 creationem
3257 1274 3351 1329 alii
3394 1274 3670 1328 referebant.

2161 1368 2438 1425 Videndns
2476 1367 2758 1424 N‘emesius
2785 1367 2880 1422 lib.
2909 1366 2986 1420 De
3009 1377 3196 1419 natura
3223 1364 3464 1428 hominis,
3504 1380 3602 1432 cap.
3626 1363 3671 1429 Ξ,

2162 1471 2214 1514 et
2245 1460 2574 1529 Augustinus
2622 1460 2673 1512 in
2721 1456 2932 1513 laudata
2962 1457 3026 1508 ad
3059 1455 3440 1524 lliemnytnnm
3471 1454 3672 1521 epistola.

2161 1550 2302 1605 Nulli
2337 1550 2502 1619 igitur
2531 1549 2730 1604 mirum
2760 1563 2878 1603 esse
2907 1547 3062 1602 debet
3091 1546 3378 1614 scripsisse
3407 1543 3671 1614 Gregorium

2164 1645 2412 1715 Magnum
2464 1641 2756 1711 Epistolar.
2809 1641 2904 1695 lib.
2944 1655 3042 1705 vn,
3096 1637 3286 1694 indiet.
3334 1650 3394 1702 tt,
3445 1635 3674 1703 epist.5.’>,

2163 1737 2516 1806 quaestionem
2544 1735 2610 1790 de
2634 1734 2812 1788 anima
2849 1732 3100 1787 Paitribus
3149 1730 3285 1785 solvi
3320 1746 3422 1785 non
3459 1743 3591 1796 posse
3612 1727 3672 1779 vi-

2164 1841 2276 1880 sam
2307 1840 2449 1889 esse,
2494 1839 2616 1879 cum
2655 1839 2723 1878 ne
2750 1824 2918 1894 ipsius
2945 1822 3161 1891 quidem
3203 1822 3524 1892 temporibus
3544 1834 3674 1888 ecqua

497 1912 620 1992 an—a
651 1912 868 2007 prppria
898 1912 986 1990 Dei
1015 1936 1340 2000 substantia,
1377 1943 1439 1988 ut
1469 1931 1659 1995 Stoici,
1710 1927 2056 1988 Manichmus,
2091 1912 2135 1965 Β
2161 1934 2192 1974 c
2218 1917 2440 1988 reliquis
2471 1917 2815 1987 opinionibus
2847 1931 2945 1986 pro
2993 1925 3142 1970 certa
3183 1915 3496 1979 haberetur,
3531 1913 3676 1966 Eccle-

497 2041 546 2087 et
585 2029 857 2102 Hispania
881 2028 1200 2102 Priscilliani
1232 2028 1466 2082 haereses
1500 2023 1878 2092 suspicantur;
1910 2033 1977 2071 an
2005 2017 2059 2070 in

499 2095 753 2179 thesauro
797 2095 1098 2177 habeantur
1149 2120 1240 2175 Dei
1288 2119 1416 2173 olim
1466 2115 1719 2174 conditae,
1751 2121 1810 2166 ut
1842 2111 2059 2180 quidam

495 2215 848 2273 ecclesiastici
875 2215 1038 2268 stulta
1094 2211 1444 2282 persuasione
1471 2207 1751 2263 confidunt
1783 2224 1798 2260 :
1827 2220 1895 2257 an
1930 2218 2064 2272 quo-

497 2309 627 2362 tidie
660 2323 690 2361 a
719 2307 828 2362 Deo
855 2305 1008 2371 ﬁant,
1054 2313 1110 2360 et
1156 2304 1444 2358 mittantur
1492 2300 1543 2353 in
1578 2312 1829 2365 corpora,
1871 2309 2064 2350 secun-

499 2402 622 2454 dum
656 2399 786 2454 illud
820 2399 960 2468 quod
1015 2399 1069 2451 in
1113 2395 1408 2464 Evangelio
1452 2392 1712 2459 scriptum
1764 2397 1846 2442 est
1893 2403 1908 2438 :
1955 2384 2068 2438 Pa-

496 2502 575 2546 ter
605 2505 747 2545 metu
783 2506 946 2558 usque
986 2487 1139 2540 modo
1169 2493 1428 2552 operatur,
1460 2496 1506 2535 et
1533 2497 1623 2550 ego
1652 2495 1834 2547 operor
1855 2477 1900 2508 "
1939 2494 1952 2530 :
1995 2491 2064 2529 an

500 2590 651 2635 certe
701 2595 768 2634 ex
824 2577 1065 2639 traduce,
1099 2585 1158 2629 ut
1189 2572 1571 2633 Tertullianus,
1605 2565 1969 2638 Apbllinarius
2013 2575 2070 2622 et

501 2669 736 2724 maxima
762 2682 888 2736 pars
916 2665 1343 2720 Occidentalium
1372 2670 1684 2725 autumant;
1712 2670 1768 2712 ut
1799 2659 2068 2728 quomodo

498 2775 696 2830 corpus
715 2775 783 2814 ex
814 2771 1063 2826 corpore,
1093 2757 1171 2810 sic
1196 2755 1372 2808 anima
1403 2762 1655 2807 nascatur
1685 2767 1750 2805 ex
1777 2749 1976 2810 anima,
2013 2761 2068 2804 et

499 2850 665 2905 simili
726 2865 848 2905 cum
889 2847 1064 2902 brutis
1115 2844 1478 2898 animantibus
1529 2840 1841 2898 conditione
1889 2841 2070 2896 subsi-

500 2953 632 2997 stat.
666 2961 686 2994 ι
716 2940 1046 3010 Augustinus
1071 2938 1164 2993 lib.
1195 2953 1257 2992 ιιι
1287 2935 1360 2990 De
1391 2936 1551 2988 libero
1583 2934 1822 3001 arbitrio,
1849 2948 1968 3002 cap.
1998 2933 2074 2987 20

501 3051 557 3088 et
583 3034 674 3100 ‘2l,
707 3031 1001 3103 quwstione
1028 3031 1118 3084 illa
1153 3029 1542 3099 praetermissa,
1578 3040 1756 3085 utrum
1785 3029 1976 3081 anima:
2005 3041 2070 3080 ex

505 3126 721 3196 propria
759 3123 853 3178 Dei
879 3123 1179 3178 substantia
1213 3120 1469 3190 profectae
1498 3122 1629 3186 sint,
1672 3119 1907 3189 reliquas
1937 3133 2072 3186 qna-

503 3229 626 3271 tuor
661 3224 907 3270 recenset
929 3213 1014 3268 his
1040 3207 1264 3269 verbisi
1299 3233 1317 3266 ι
1365 3213 1568 3267 llarum
1616 3219 1795 3265 autem
1840 3220 2070 3278 quatuor
2099 3257 2142 3278 η

2164 2008 2243 2062 sia
2272 2008 2716 2077 praescripsisset.
2753 2004 2907 2060 Unde
2955 2006 3151 2060 falsum
3186 2020 3313 2060 esse
3343 2013 3548 2075 apparet
3569 2003 3676 2071 quod

2164 2100 2240 2155 ait
2265 2099 2603 2154 Justiniauus
2632 2098 2685 2154 in
2713 2097 2938 2168 epistola
2969 2099 3034 2151 ad
3066 2101 3334 2168 synodum
3361 2097 3680 2152 Constantino-

2165 2191 2480 2261 politanam,
2515 2205 2679 2258 quam
2707 2190 2926 2244 exhibet
2954 2188 3232 2246 Cedrenus
3260 2204 3277 2242 :
3319 2190 3382 2242 Ἡ
3407 2189 3461 2242 δὲ
3498 2188 3676 2258 Ἐκκλη-

2167 2283 2259 2336 σία,
2311 2284 2422 2346 τοῖς
2477 2281 2640 2345 θείοις
2684 2281 2921 2354 ἑπομένη
2963 2282 3141 2351 λργοις
3191 2282 3393 2350 φάσκει.
3427 2281 3518 2351 τὴν
3543 2281 3680 2351 ψυχὴν

2168 2371 2728 2443 συνδημιουργηθῆναι
2755 2372 2832 2443 τῷ
2864 2375 3078 2443 σώματι
3097 2389 3111 2403 ·
3164 2373 3259 2426 καὶ
3297 2371 3356 2423 οὐ
3386 2372 3444 2423 τὸ
3477 2371 3561 2441 μὲν
3589 2372 3679 2442 πρό-

2164 2480 2340 2536 τερον,
2367 2463 2428 2516 τὸ
2459 2463 2515 2516 δὲ
2547 2463 2790 2536 ὕστερον,
2821 2464 2960 2518 κατὰ
2985 2462 3082 2534 τὴν
3121 2463 3425 2535 Ὡριγὲνους
3449 2461 3681 2535 φρενῡελάο

2168 2557 2370 2610 ὁλειαν.
2413 2575 2433 2607 ι
2469 2557 2708 2612 Ecclesia
2738 2566 2919 2611 autem
2948 2556 3146 2610 divinis
3173 2556 3432 2610 obsecuta
3459 2552 3676 2609 sermoni-

2167 2648 2268 2703 bus
2294 2647 2424 2704 dicit
2453 2649 2687 2703 animam
2715 2663 2839 2702 cum
2870 2661 3098 2716 corpore
3126 2647 3442 2716 procreari;
3474 2659 3563 2698 non
3584 2655 3682 2695 vero

2169 2739 2274 2797 hoc
2306 2740 2474 2811 prius,
2509 2739 2639 2793 illttd
2685 2753 2814 2794 vero
2858 2738 3129 2808 posterius
3168 2737 3330 2805 juxta
3366 2735 3590 2806 Origenis
3613 2733 3680 2787 de-

2171 2833 2447 2885 mentiam.
2483 2849 2501 2882 ι
2535 2829 2673 2896 Quid
2707 2830 2751 2883 si
2803 2829 3046 2883 dicamus
3090 2828 3253 2898 igitur
3295 2829 3528 2896 quintam
3563 2837 3682 2892 syno-

2173 2921 2296 2976 dum
2344 2936 2449 2976 non
2496 2921 2617 2975 ideo
2646 2920 2871 2988 praecise
2902 2919 3188 2973 damnasse
3229 2917 3475 2985 Origenis
3511 2924 3680 2970 semen.

2174 3012 2326 3075 tiam,
2355 3012 2498 3082 quod
2551 3011 2854 3065 animarum
2890 3011 3206 3064 defenderet
3241 3007 3583 3080 προῦπαρξιν,
3613 3002 3683 3057 sed

2172 3104 2314 3172 quod
2347 3113 2553 3158 mentes
2589 3114 2849 3172 praeterea
2883 3103 3049 3156 fuisse
3089 3101 3208 3156 illas
3236 3103 3490 3161 traderet,
3521 3106 3565 3152 et
3592 3111 3680 3150 san-

2174 3207 2290 3250 ctas
2323 3195 2570 3258 virtutes,
2605 3210 2741 3264 quas
2769 3210 2890 3248 cum
2919 3193 3408 3263 contemplationis
3431 3191 3599 3243 divina:
3622 3203 3684 3238 sa-

504 3312 577 3364 de
601 3307 781 3361 attitna
827 3304 1240 3371 sententiarum,
1286 3312 1467 3358 utrum
1516 3302 1583 3357 de
1635 3299 1927 3372 propagine
1979 3312 2069 3351 ve—
2099 3265 2144 3318 ⁶⁴⁴
2178 3288 2282 3341 tias
2328 3288 2580 3354 cepisset.
2634 3288 2686 3340 in
2744 3287 2983 3340 deterius
3025 3300 3146 3340 esse
3197 3298 3510 3345 conversaS.
3553 3289 3596 3334 el
3635 3276 3684 3328 ab

503 3401 690 3463 niant;
727 3413 795 3450 an
823 3399 874 3450 in
922 3395 1150 3466 singulis
1193 3396 1496 3464 quibusque
1546 3391 1896 3447 nascentibus
1922 3401 2073 3441 novae

492 3486 670 3552 ﬁant;
703 3501 770 3540 an
803 3485 867 3541 in
909 3501 1133 3548 corpora
1163 3485 1497 3540 nascentium
1529 3483 1639 3550 jam
1677 3479 1875 3534 alicubi
1931 3477 2072 3532 exsi-

505 3588 734 3644 stentes,
765 3579 848 3633 vel
871 3578 1151 3631 mittantur
1172 3577 1454 3640 divinitus,
1479 3573 1570 3628 vel
1599 3573 1723 3627 inde
1754 3585 1849 3626 sua
1881 3578 2074 3639 Sponte

506 3670 778 3735 labantur,
844 3667 1044 3722 nullam
1116 3676 1318 3720 temere
1389 3663 1659 3719 allirntare
1720 3660 2010 3729 oportebit.
2047 3677 2068 3709 ι

509 3764 682 3830 Atque
713 3761 811 3815 has
832 3760 976 3830 ipsas
997 3773 1115 3813 esse
1135 3757 1454 3820 sententias,
1482 3770 1616 3825 quas
1644 3755 1712 3808 ab
1749 3752 2075 3822 Hieronymo

508 3854 694 3908 relata”:
725 3861 848 3906 sunt
883 3850 1204 3906 testificatur
1229 3849 1342 3918 ipse
1372 3849 1705 3917 Augustinus
1733 3847 1786 3898 in
1823 3845 1980 3912 epist.
2009 3842 2075 3894 ad

507 3946 918 4016 Hieronymum,
958 3945 1025 3997 de
1075 3942 1286 3997 ratione
1325 3943 1536 3996 animae.
1584 3938 1722 3994 Toto
1761 3948 1910 3992 certe
1953 3936 2076 3988 vita:

506 4053 620 4094 sua:
644 4037 872 4092 decursu
925 4035 1162 4089 incertus
1213 4034 1266 4087 in
1299 4047 1364 4086 eo
1389 4039 1708 4102 argumento
1741 4027 2076 4099 Augustinus

506 4127 804 4183 ﬁnctuavit.
840 4124 1072 4180 Exstant
1096 4125 1341 4194 insignes
1365 4125 1484 4195 ejus
1515 4124 1581 4178 ad
1609 4124 1992 4193 Hieronymum
2021 4128 2077 4175 et

506 4218 762 4290 Optatum
789 4215 1049 4287 epistolae,
1081 4218 1222 4271 unde
1248 4215 1640 4270 lmsitationem
1686 4212 1820 4283 ejus,
1849 4222 2078 4266 cuncta-

511 4313 821 4380 tionemque
847 4324 1178 4381 cognoscas;
1205 4323 1367 4378 quam
1419 4316 1471 4361 et
1499 4307 1620 4359 aliis
1649 4315 1910 4376 praeterea
1941 4303 2080 4359 locis

511 4404 763 4472 prodidit,
795 4412 923 4472 puta
951 4402 1041 4456 lib.
1069 4415 1142 4453 vn
1174 4408 1226 4454 et
1254 4415 1286 4452 ι
1319 4397 1393 4452 De
1423 4397 1612 4452 Genesi
1643 4398 1710 4448 ad
1742 4397 1994 4458 litteram,
2021 4403 2079 4448 et

510 4495 657 4549 alibi.
691 4494 921 4563 Septimi
965 4492 1181 4561 quidem
1211 4491 1368 4558 hujus
1395 4489 1516 4542 libri
1549 4505 1669 4557 cap.
1701 4486 1753 4551 6,
1792 4486 2075 4540 materiam

2176 3391 2357 3430 amore
2392 3375 2483 3430 Dei
2514 3375 2816 3440 refrixisse,
2845 3377 3076 3444 indeque
3102 3374 3282 3445 ψυχάς
3319 3388 3437 3429 esse
3459 3373 3625 3427 dictas.
3644 3374 3683 3416 et

2176 3469 2226 3521 itt
2263 3483 2488 3534 corpora
2545 3467 2725 3522 tutela:
2754 3482 2923 3522 causa
2964 3467 3217 3521 dimisSas
3253 3482 3269 3518 :
3302 3469 3380 3520 sic
3410 3465 3540 3518 enim
3563 3461 3684 3514 habet

2173 3552 2463 3608 Justiniani
2492 3555 2981 3610 anathematismus
3025 3555 3319 3609 secundus.

2244 3643 2380 3697 Xlll.
2433 3644 2658 3699 Animas
2707 3646 2922 3714 quando
2977 3645 3222 3701 conditas
3270 3644 3551 3713 putaverit,
3577 3637 3684 3691 vidi-

2175 3750 2334 3790 ntus:
2370 3735 2557 3805 quales
2607 3735 2750 3804 ipsas
2782 3736 3077 3797 censuerit,
3123 3746 3469 3804 corporatas,
3513 3750 3570 3786 an
3605 3745 3688 3783 ror-

2176 3843 2306 3897 pore
2335 3837 2605 3892 carentes,
2655 3827 2956 3881 videamus.
3008 3827 3132 3880 Haac
3163 3825 3446 3894 superflua
3499 3836 3606 3877 sane
3630 3821 3689 3871 vi-

2175 3919 2366 3974 deatur
2389 3933 2511 3973 esse
2536 3918 2784 3988 quaastio,
2822 3917 2866 3973 si
2911 3932 3032 3987 quae
3069 3918 3134 3972 de
3163 3918 3373 3986 angelis
3411 3915 3690 3983 scripsimus,

2177 4010 2529 4064 attettdantur
2563 4026 2578 4064 :
2611 4009 2822 4076 prolixa
2846 4009 2993 4063 enim
3043 4007 3409 4078 disputatione
3440 4002 3685 4061 declaravi-

2179 4116 2324 4166 mus,
2356 4100 2567 4154 naturis
2602 4098 2930 4168 quibuslibet
2957 4099 3166 4154 ratione
3203 4099 3483 4154 instructis
3511 4108 3688 4164 corpora

2177 4190 2462 4261 Origenem
2495 4191 2766 4246 tribuisse.
2814 4189 3056 4245 Strictim
3102 4205 3233 4260 ergo
3273 4182 3689 4259 pauxillumquid

2178 4284 2298 4337 dam
2331 4283 2421 4337 hic
2463 4282 2844 4349 delibabimus,
2895 4281 3044 4354 Quod
3092 4281 3203 4336 illic
3249 4282 3498 4336 consulto
3525 4289 3694 4348 practer-

2178 4375 2426 4439 missum,
2479 4374 2530 4428 in
2588 4373 2730 4427 hunc
2768 4373 2944 4427 locum
2994 4373 3360 4442 coniecimus;
3409 4371 3525 4425 illud
3571 4365 3693 4420 nimi-

2177 4479 2296 4518 rum
2327 4479 2343 4517 :
2379 4480 2502 4519 eum
2551 4479 2780 4533 corpore
2808 4474 3059 4519 constare
3107 4465 3319 4520 animas
3358 4459 3692 4519 existimaverit

510 4584 796 4654 quamdam
821 4583 1112 4654 spiritalem
1149 4582 1304 4636 initio
1336 4580 1576 4634 molitum
1601 4592 1722 4632 esse
1751 4577 1916 4630 Deum
1942 4592 2069 4630 con-

2177 4555 2552 4623 Adamantius,
2591 4558 2875 4625 cuiusnam
2918 4571 3011 4610 eas
3048 4555 3264 4611 ﬁnxerit
3322 4549 3688 4625 corporationis,

505 4676 698 4745 jectat,
727 4689 758 4729 e
787 4689 892 4743 qua
933 4674 1210 4728 hominum
1239 4670 1434 4724 anima:
1466 4669 1711 4722 formata:
1740 4665 1962 4719 subinde
2013 4680 2079 4720 ac

513 4763 652 4816 liene
683 4772 856 4816 sunt:
901 4779 920 4814 ι
959 4760 1217 4815 Fortasse
1259 4757 1453 4827 potuit,
1513 4756 1727 4825 inquit,
1774 4765 1830 4808 et
1875 4755 2076 4822 aninta,

511 4863 800 4921 antequam
833 4867 896 4906 ea
923 4851 1037 4920 ipsa
1078 4859 1267 4904 natura
1301 4847 1476 4912 fieret,
1503 4863 1621 4916 qum.
1649 4846 1826 4899 anima
1859 4846 2078 4914 dicitur,

508 4944 666 5012 cujus
692 4943 775 4998 vel
812 4941 1154 5012 pulchritudo
1182 4939 1379 5001 virtus,
1426 4935 1507 4990 vel
1544 4934 1863 4990 deformitas
1888 4933 2077 4986 vitium

507 5043 614 5100 est,
645 5035 843 5089 habere
869 5033 1104 5104 aliquam
1138 5032 1418 5084 materiam
1454 5044 1552 5097 pro
1580 5044 1677 5083 suo
1726 5039 1924 5097 genere
1962 5025 2074 5094 spi-

508 5118 782 5184 ritualem,
812 5134 932 5188 quae
962 5118 1199 5173 nondum
1229 5126 1374 5171 esset
1404 5116 1620 5179 anima;
1653 5115 1794 5170 sicut
1823 5125 1988 5179 terra,
2013 5113 2078 5166 de

507 5225 613 5279 qua
645 5225 772 5265 caro
813 5211 952 5267 facta
981 5221 1082 5275 est,
1128 5210 1240 5280 jam
1269 5217 1385 5264 erat
1433 5208 1658 5277 aliquid,
1690 5208 1938 5276 quamvis
1969 5220 2074 5259 non

509 5311 628 5356 erat
654 5316 812 5368 caro;
853 5321 873 5354 ι
904 5311 997 5356 ett
1029 5299 1264 5354 Retract.
1299 5317 1318 5356 :
1360 5317 1379 5351 ι
1418 5297 1549 5352 Nam
1596 5297 1740 5368 quod
1790 5296 1982 5349 attinet
2010 5293 2078 5346 ad

511 5391 676 5446 animi
714 5391 1000 5462 originem,
1025 5405 1130 5460 qua
1162 5390 1233 5444 sit
1265 5389 1317 5442 in
1367 5401 1612 5456 corpore,
1666 5394 1842 5439 utrtnn
1889 5384 1955 5438 de
1987 5383 2078 5437 illo

511 5470 755 5546 utto‘sit,
803 5481 894 5550 qui
937 5480 1167 5550 primum
1219 5486 1453 5541 creatus,
1503 5475 1718 5546 quando
1768 5473 1940 5527 laetus
1993 5480 2076 5526 est

509 5568 672 5624 homo
701 5570 756 5623 in
783 5571 1019 5625 animam
1046 5571 1338 5635 viventem,
1391 5583 1458 5621 an
1497 5565 1750 5621 similiter
1795 5565 1926 5618 fiant
1960 5563 2072 5617 sin-

509 5663 650 5734 gulis
678 5665 927 5736 singulze,
955 5679 1054 5720 nec
1084 5673 1197 5718 tum
1220 5659 1483 5728 sciebam,
1527 5675 1624 5714 nec
1655 5657 1828 5732 adhuc
1871 5656 2006 5712 scio.
2049 5674 2068 5707 ι

583 5843 631 5876 ⁸⁸
659 5842 812 5899 Joan.
839 5859 894 5914 v,
925 5845 1011 5902 l7.

2179 4662 2245 4701 an
2273 4647 2527 4718 angelica:
2556 4647 2769 4711 similis,
2821 4661 2887 4698 an
2920 4649 3227 4710 crassioris,
3282 4659 3338 4702 et
3368 4651 3431 4702 ad
3461 4646 3581 4700 illam
3615 4643 3693 4695 da-

2178 4755 2438 4804 tnonutn,
2492 4755 2653 4808 quant
2714 4737 2958 4810 angelica
3003 4739 3316 4808 Spissioretn
3375 4739 3691 4792 ostendimus.

2177 4831 2397 4900 propius
2434 4829 2764 4884 accedentis.
2811 4830 2891 4883 Ac
2923 4840 3144 4882 naturas
3191 4830 3483 4884 rationales
3509 4826 3694 4881 diximus

2175 4935 2274 4990 pro
2323 4921 2562 4990 meritis,
2631 4922 2994 4977 crassioribus
3071 4922 3474 4977 tenuioribusve
3542 4914 3692 4983 illigari

2180 5014 2496 5082 corporibus
2525 5031 2540 5068 :
2575 5029 2700 5069 cum
2735 5016 2930 5068 animm
2954 5023 3135 5067 autem
3171 5015 3380 5085 angelis
3410 5015 3590 5066 virtute
3614 5009 3694 5062 sint

2183 5107 2466 5162 interiores
2499 5123 2562 5162 ac
2613 5109 2840 5171 meritis,
2900 5109 3188 5162 crassioris
3221 5122 3344 5162 esse
3386 5111 3697 5173 corporatura

2181 5212 2246 5251 ac
2297 5198 2516 5268 angelos
2569 5198 2855 5252 dicendum
2902 5209 3006 5254 est.
3062 5199 3321 5268 Origenes
3363 5198 3456 5250 lib.
3509 5210 3538 5248 ιι
3588 5183 3693 5255 Περὶ

2181 5287 2402 5357 ἀρκῶν,
2437 5305 2554 5358 εει).
2595 5291 2651 5355 2,
2688 5307 2836 5344 ιιιιιιι.
2867 5290 2904 5344 2
2934 5308 2949 5344 :
2983 5309 3002 5341 ι
3043 5289 3112 5346 Ut
3152 5306 3280 5360 ergo
3317 5288 3553 5356 superius
3591 5279 3698 5332 dixi-

2183 5397 2326 5444 mus,
2379 5381 2670 5437 tnaterialis
2705 5381 3009 5436 substantia
3047 5381 3205 5449 hujus
3260 5379 3442 5432 mundi
3473 5383 3694 5430 naturam.

2181 5487 2303 5539 qua:
2334 5488 2398 5526 ex
2432 5474 2682 5529 omnibus
2711 5475 2775 5527 ad
2821 5475 3006 5528 omnia
3040 5471 3474 5530 transforntatur,
3523 5481 3624 5521 cum
3647 5461 3697 5512 ad

2183 5564 2471 5620 inferiores
2503 5581 2750 5636 quosque
2784 5567 3040 5634 trahitur,
3082 5566 3134 5618 in
3160 5565 3480 5625 crassiorem
3503 5552 3697 5625 corporis

2184 5665 2384 5711 statum
2431 5657 2853 5728 solidioremque
2898 5659 3209 5724 formatur,
3279 5656 3354 5712 ita
3409 5663 3464 5708 ut
3506 5643 3699 5704 visibiles
