3916 6522
170 470 249 527 909
979 459 1549 519 ORIGENIANORUM
1586 462 1713 517 LIB.
1754 462 1816 527 ll,
1856 463 2005 520 CAP.
2045 463 2109 533 ll,
2145 463 2422 533 QII/EST.
2460 463 2546 520 Vl.

172 591 273 644 istas
312 582 491 640 mundi
548 583 782 653 Species,
836 582 1123 652 variasque
1171 583 1467 655 distinguat

172 692 273 734 vero
290 675 704 753 perfectioribus
739 674 1012 729 ministrat
1041 684 1098 729 et
1128 676 1493 742 beatioribus,
1524 677 1575 732 in
1607 676 1705 731 ful-

172 784 271 841 gare
296 766 592 822 caelestium
629 781 917 835 corporum
958 766 1161 833 micat,
1204 777 1259 823 et
1291 769 1554 839 spiritalis
1587 785 1706 827 cor-

172 862 287 931 poris
314 859 648 914 indumentis
677 859 761 915 vel
807 860 1026 929 angelos
1076 861 1193 926 Dei,
1226 861 1310 916 vel
1343 862 1481 919 filios
1520 880 1702 920 resur-

174 952 386 1008 rectionis
417 961 657 1007 exornat
690 971 706 1009 :
743 968 808 1007 ex
840 952 1037 1022 quibus
1071 954 1321 1009 omnibus
1360 954 1608 1011 diversus
1642 972 1705 1012 ac

174 1044 318 1098 rarius
343 1042 499 1098 unius
529 1045 719 1099 mundi
764 1045 1067 1114 completur
1110 1056 1319 1113 status;
1362 1065 1381 1099 ι
1419 1056 1474 1103 et
1528 1048 1704 1118 capite

172 1135 397 1205 sequenti,
429 1150 584 1189 num.
614 1136 649 1190 5
680 1152 695 1190 :
734 1154 754 1189 ι
787 1137 1049 1192 Possibile
1080 1139 1225 1193 enim
1270 1139 1481 1193 videtur
1523 1150 1582 1194 ut
1619 1156 1707 1194 ra-

172 1227 407 1285 tionabiles
454 1236 690 1294 naturae,
737 1244 767 1283 a
810 1231 1004 1299 quibus
1036 1246 1309 1299 nunquam
1359 1232 1605 1287 aufertur
1636 1232 1698 1288 li-

171 1320 257 1375 beri
285 1318 506 1374 facultas
547 1320 793 1387 arbitrii,
828 1322 1037 1389 possint
1065 1322 1257 1376 iterum
1284 1322 1552 1390 aliquibus
1582 1339 1701 1379 mo-

174 1412 281 1463 tibus
302 1407 605 1477 subiacere,
640 1411 957 1481 indulgente
1005 1412 1105 1466 hoc
1140 1412 1313 1482 ipsum
1346 1413 1597 1479 Domino,
1631 1430 1702 1469 ne

173 1502 276 1556 forte
310 1502 348 1555 si
388 1502 725 1557 immobilem
759 1518 973 1574 semper
1012 1512 1233 1559 teneant
1285 1513 1506 1570 statum,
1555 1504 1702 1576 igno-

174 1602 261 1648 rent
288 1608 339 1649 se
378 1592 469 1649 Dei
507 1594 688 1663 gratia
721 1603 777 1650 et
828 1609 931 1651 non
983 1610 1082 1651 sua
1132 1596 1329 1653 virtute
1362 1598 1415 1652 in
1457 1596 1552 1655 illo
1593 1601 1701 1655 fine

174 1684 472 1741 beatitudinis
526 1687 865 1742 constitisse.
921 1685 1067 1754 Quos
1127 1698 1311 1744 motus
1366 1690 1484 1746 sine
1539 1691 1699 1747 dubio

174 1794 339 1832 rursum
365 1777 607 1834 varietas
640 1794 929 1849 corporum
978 1788 1035 1835 et
1084 1778 1373 1837 diversitas
1407 1797 1699 1853 proseque-

172 1881 250 1934 tur,
296 1883 355 1924 ex
404 1886 509 1941 qua
566 1872 805 1927 mundus
837 1887 1054 1941 semper
1083 1875 1414 1941 adornatur;
1472 1891 1570 1932 nec
1599 1892 1699 1931 un-

3272 473 3415 527 9l0‘

1520 603 1535 640 :
1586 599 1707 639 cum
1736 592 1783 647 Α
1810 600 1960 642 reum
1995 596 2185 656 putent
2228 601 2369 653 esse,
2403 587 2493 657 qui
2528 589 2596 643 ad
2638 587 2925 659 imaginem
2962 599 3017 647 et
3060 592 3377 649 similitudi-

1809 693 1930 735 nem
1983 679 2075 735 Dei
2127 679 2301 736 factus
2347 689 2453 746 est,
2506 680 2673 736 Deum
2710 682 2889 752 ipsum
2939 698 3280 755 corporeum,
3321 699 3380 742 et

1806 772 2053 827 humanae
2080 771 2267 827 forma:
2299 772 2551 827 videntur
2582 773 2873 841 inducere;
2903 777 3045 846 quod
3081 779 3285 833 sentire
3310 783 3377 834 de

1807 856 1917 914 Deo
1967 858 2403 915 manifestissime
2442 860 2662 929 impium
2714 872 2832 927 est;
2878 882 2896 915 ι
2943 874 2995 919 et
3020 865 3115 920 lib.
3168 883 3185 920 ι
3232 868 3375 935 Περὶ

1803 948 2023 1017 ἀρχῶν,
2073 963 2192 1017 cap.
2224 950 2276 1014 l,
2308 964 2457 1004 num.
2491 951 2562 1005 7:
2598 969 2617 1003 ι
2654 950 2710 1006 Si
2764 954 2853 1023 qui
2902 963 3080 1010 autem
3111 966 3237 1011 sunt
3283 959 3375 1026 qui

1805 1051 2039 1095 mentem
2068 1040 2239 1110 ipsam
2274 1044 2623 1112 animamque
2646 1059 2843 1115 corpus
2868 1060 2987 1103 esse
3017 1048 3373 1114 arbitrentur,

1803 1133 1963 1188 velim
2016 1133 2147 1187 mihi
2193 1134 2603 1203 responderent,
2643 1138 2916 1205 quomodo
2975 1146 3247 1194 tantarum
3286 1156 3372 1196 re-

1805 1240 1945 1289 rum,
1999 1236 2107 1282 tam
2156 1226 2479 1295 diflicilium,
2528 1236 2745 1297 tamque
2791 1230 3072 1284 subtilium
3116 1233 3372 1300 rationes,

1802 1320 2239 1388 assertionesque
2262 1320 2523 1390 recipiat?
2549 1321 2702 1378 Unde
2726 1323 2774 1379 ei
2803 1324 2977 1379 virtus
3005 1327 3321 1381 memoriae?
3349 1351 3366 1379 ο
3450 1356 3453 1359 -

1801 1423 1856 1467 et
1887 1412 1938 1465 in
1972 1413 2296 1480 Protreptico
2342 1416 2412 1467 ad
2439 1416 2777 1485 martyrium,
2832 1432 2983 1475 nttm.
3018 1418 3086 1471 47
3120 1434 3133 1470 :
3168 1420 3287 1472 Ἔτι
3316 1419 3375 1472 δὲ

1800 1507 1895 1558 καὶ
1940 1506 2192 1575 φιλοζωεί
2238 1506 2541 1579 ἄνθρωπος,
2582 1512 2788 1580 πεῖσμα
2834 1508 3014 1563 λαϐὼν
3040 1512 3167 1583 περὶ
3187 1511 3375 1573 οὐσίας

1799 1598 2022 1668 λογικῆς
2060 1597 2257 1669 ψυχῆς,
2302 1598 2378 1661 ὡς
2405 1598 2635 1670 ἐχούσης
2660 1617 2712 1652 τι
2745 1601 3001 1669 συγγενὲς
3022 1602 3140 1673 Θεῷ
3159 1620 3171 1633 ·
3212 1602 3376 1673 νοερὰ

1799 1686 1907 1758 γὰρ
1928 1687 2161 1759 ἑκάτερα
2186 1687 2281 1741 καὶ
2304 1688 2530 1759 ἀόρατα,
2560 1689 2653 1742 καὶ
2678 1690 2753 1752 ὼς
2775 1691 2804 1742 ὁ
2832 1691 3144 1763 ἐπικρατῶν
3168 1691 3375 1745 ἀποδεί-

1800 1793 1955 1831 κνυσι
2004 1775 2180 1845 λόγος,
2230 1775 2529 1847 ἀσώματα·
2571 1788 2625 1831 et
2666 1778 2760 1834 lib.
2810 1796 2862 1833 ιί
2908 1796 3089 1835 contra
3138 1781 3369 1847 Celsum,

1801 1884 1947 1921 num.
2004 1868 2090 1933 7i,
2143 1866 2302 1922 Κατά
2347 1867 2404 1920 δὲ
2447 1870 2615 1940 ἡμᾶς,
2670 1871 2763 1923 καὶ
2792 1870 2891 1942 τὴν
2926 1871 3150 1943 λογικὴν
3194 1873 3372 1944 ψυχὴν

169 1976 289 2030 quam
317 1937 508 2029 poterit
556 1963 799 2018 mundus
833 1963 936 2019 nisi
959 1937 1238 2020 ‘varietate
1283 1980 1344 2020 ac
1376 1966 1693 2024 diversitate

1801 1958 2169 2031 πειρωμένους
2200 1937 2578 2013 ἀποδεικνὼαι
2614 1937 2895 2031 κρείττονα
2922 1937 3371 2034 πάσης-σωματι-

170 2063 390 2118 εοηειιιτε,
421 2054 571 2123 quod
601 2054 740 2111 θαίςί
776 2054 921 2111 nullo
947 2070 1145 2125 genere
1182 2067 1360 2127 potest
1392 2068 1549 2115 extra
1582 2076 1695 2115 ma-

170 2144 313 2199 teriam
341 2146 701 2215 corporalem.
735 2164 755 2198 ι

216 2234 327 2290 XIV.
357 2237 685 2293 Excusando
722 2248 906 2292 autem
951 2238 1189 2309 dogmati
1238 2240 1386 2309 huic,
1440 2258 1548 2313 quo
1577 2245 1694 2299 ani-

166 2329 240 2384 mis
267 2343 477 2396 corpora
513 2330 764 2394 ascribit,
795 2340 987 2386 contra
1014 2346 1176 2399 quam
1210 2331 1262 2386 in
1296 2332 1536 2390 Ecclesia
1594 2336 1691 2390 ho-

166 2422 227 2476 die
243 2422 491 2487 creditur,
524 2422 835 2492 appositum
865 2430 952 2477 est
981 2423 1108 2477 illud
1144 2437 1175 2478 e
1218 2426 1485 2493 prommio
1528 2428 1693 2483 libro-

168 2527 253 2566 rum
290 2513 416 2581 Περὶ
447 2512 683 2583 ἀρχῶν,
731 2530 880 2568 ιιιιιιι.
913 2513 946 2571 9
992 2533 1004 2568 :
1040 2533 1060 2567 ι
1110 2514 1251 2570 Deus
1292 2532 1507 2586 quoque
1553 2533 1690 2587 quo-

167 2604 284 2657 modo
312 2606 531 2675 intelligi
570 2606 791 2669 debeat,
826 2606 1206 2675 inquirendum
1238 2617 1342 2671 est,
1371 2623 1690 2679 corporeus,

164 2706 203 2747 et
223 2698 495 2751 secundum
525 2700 763 2767 aliquem
791 2696 1031 2751 habitum
1067 2697 1425 2765 deformatus,
1455 2716 1523 2755 an
1556 2702 1691 2756 alte-

166 2785 248 2841 rius
278 2796 479 2841 natura:
527 2803 693 2857 quam
742 2801 971 2858 corpora
1008 2798 1162 2853 sunt;
1212 2788 1354 2857 quod
1406 2792 1589 2861 utique
1637 2792 1690 2845 in

165 2876 499 2942 pmdicalioue
567 2888 756 2933 nostra
812 2878 1101 2933 manifeste
1166 2895 1273 2935 non
1353 2880 1687 2951 designatur.

164 2965 317 3022 Eadem
361 2985 583 3039 quoque
649 2970 815 3025 etiam
868 2971 936 3026 de
990 2971 1207 3027 Christo
1261 2981 1316 3026 et
1372 2976 1438 3027 de
1484 2974 1689 3043 Spiritu

164 3066 308 3112 sancto
337 3062 664 3130 requiremla
700 3071 861 3129 sunt;
924 3044 1019 3117 sed
1066 3074 1122 3118 et
1173 3066 1237 3119 de
1283 3068 1432 3121 omni
1485 3068 1688 3129 anima,

162 3157 285 3216 atque
327 3152 473 3205 omni
530 3152 847 3206 rationabili
886 3164 1076 3209 natura
1114 3156 1465 3213 nihilominus
1509 3159 1690 3228 requi-

163 3240 340 3340 rendum
384 3252 503 3340 est.
533 3263 553 3297 ι
596 3243 732 3340 Quae
774 3247 976 3340 requiri
1021 3248 1250 3340 iubebat
1301 3249 1583 3320 Origenes,
1621 3268 1684 3305 ca
1717 3279 1760 3340 ρ

162 3328 352 3395 profecto
381 3332 641 3389 Ecclesia:
677 3335 913 3391 decretis
941 3337 1160 3393 definita
1194 3355 1298 3395 non
1333 3350 1508 3395 erant.
1535 3342 1689 3397 Unde

162 3433 237 3470 non
277 3420 521 3491 Origenis
574 3432 740 3478 aetate
771 3424 1033 3481 duntaxat
1062 3429 1203 3483 idem
1252 3429 1587 3485 Tertulliano
1622 3433 1689 3486 de

159 3510 295 3564 anima
337 3514 512 3569 visum
549 3523 658 3580 est,
694 3516 792 3569 sed
838 3526 891 3570 et
921 3517 1166 3585 plurimis
1192 3536 1405 3590 quoque
1430 3523 1553 3577 dein
1587 3523 1689 3577 Ec-

160 3604 299 3659 clesiae
319 3605 571 3661 Patribus
601 3626 617 3662 :
654 3618 784 3677 puta
816 3609 1022 3666 Hilario
1049 3615 1103 3665 in
1133 3612 1323 3668 Matth.
1361 3629 1482 3669 can.
1511 3616 1565 3680 5,
1598 3616 1686 3671 ubi

162 3698 467 3757 «animarum
494 3707 731 3774 species,
763 3704 877 3759 sive
909 3704 1269 3761 obtinentium
1290 3721 1542 3776 corpora,
1572 3708 1689 3764 sive

157 3795 430 3862 corporibus
460 3796 858 3864 exsulantium,
896 3814 1213 3868 corpoream
1264 3810 1441 3855 tamen
1480 3810 1689 3855 natura:

158 3898 237 3939 sua:
263 3889 611 3944 substantiam
645 3889 833 3944 sortiri
870 3909 888 3942 ι
944 3892 1205 3958 praedicat
1240 3907 1255 3943 :
1307 3901 1362 3946 et
1401 3892 1689 3949 Ambrosio

155 3973 225 4030 lib.
244 3993 275 4032 ll
303 3980 372 4034 De
397 3982 696 4045 Abraham,
728 3996 848 4050 cap.
877 3981 931 4047 8,
966 3983 1075 4047 ubi,
1134 3992 1330 4052 praeter
1362 3982 1421 4042 S.
1451 3983 1689 4039 Trinita-

158 4075 255 4134 tem,
284 4072 599 4140 corporibus
656 4070 864 4140 reliqua
914 4081 1164 4126 constare
1194 4075 1390 4129 asserit
1418 4095 1432 4129 :
1464 4085 1521 4129 et
1559 4076 1690 4129 Cas-

156 4159 274 4215 siano
295 4162 482 4217 Collal.
534 4179 636 4227 vn,
696 4178 823 4232 cap.
858 4164 942 4226 l5,
999 4165 1091 4218 ubi
1127 4166 1336 4221 animas
1380 4168 1689 4236 spiritualcs

154 4253 326 4319 quidem
360 4271 480 4311 esse
507 4256 735 4320 fatetur,
768 4256 1115 4325 incorporeas
1160 4267 1359 4326 negat:
1395 4269 1447 4314 et
1475 4260 1558 4314 his
1588 4275 1688 4314 an-

156 4343 331 4412 tiquiori
361 4348 647 4404 Theodoto
690 4350 745 4402 in
795 4347 1071 4416 Excerplis
1104 4349 1172 4403 ad
1216 4350 1510 4406 Clementis
1560 4352 1691 4406 Ale-

155 4440 360 4495 xandrini
406 4442 620 4496 calcem
675 4441 944 4508 adjectis,
1008 4445 1097 4498 ubi
1148 4444 1357 4499 animas
1405 4444 1687 4500 hominum

154 4542 400 4597 corporeae
423 4531 858 4607 esseaﬂirmat:
891 4544 948 4588 et
995 4534 1268 4591 Methodio
1298 4535 1397 4604 ipsi
1438 4535 1689 4607 ()rigenis

1798 2053 1899 2123 κῆς
1930 2051 2163 2121 φύσεως,
2194 2052 2287 2106 καὶ
2316 2051 2503 2107 οὐσίαν
2539 2053 2788 2125 ἀόρατον,
2836 2056 2930 2108 καὶ
2957 2055 3246 2127 ἀσώματον
3268 2071 3283 2088 ⁸
3319 2069 3375 2113 et

1798 2144 1853 2198 in
1896 2142 2027 2197 Luc.
2085 2160 2160 2209 xl,
2190 2144 2280 2207 34,
2319 2160 2350 2199 e
2382 2144 2586 2200 Catena
2630 2144 2920 2200 Mazarinaa
2974 2147 3318 2203 bibliothecae
3354 2171 3366 2203 ε

1808 2236 2128 2306 Ἐπισκεψαι
2179 2237 2236 2290 δὲ
2267 2237 2316 2289 εἰ
2362 2236 2582 2290 δυνατὸν
2620 2237 3017 2311 τροπολογῆσαι
3066 2240 3373 2305 ἀκολούθως

1793 2327 1871 2399 τῷ
1899 2328 2160 2400 ὀφθαλμῷ
2188 2331 2282 2383 καὶ
2313 2330 2373 2383 τὸ
2396 2331 2572 2402 σῶμα,
2598 2332 2738 2387 ὥστε
2762 2333 2889 2405 ὅλην
2916 2335 3015 2405 ἤδη
3050 2333 3149 2405 τὴν
3171 2334 3367 2406 ψυχὴν,

1793 2420 1893 2475 κᾶν
1928 2421 2003 2492 μὴ
2034 2422 2318 2493 σωματικὴ
2347 2422 2609 2494 τυγχάνῃ,
2648 2423 2877 2493 φάσκειν
2906 2425 3001 2478 νῦν
3027 2425 3278 2494 λέγεσθαι
3310 2426 3372 2479 τδ

1796 2512 1986 2583 σῶμα·
2031 2521 2085 2568 et
2114 2530 2236 2568 mox
2269 2533 2283 2569 :
2331 2516 2439 2569 Καὶ
2473 2516 2548 2586 μὴ
2576 2515 2864 2590 Θαυμάσῃς
2897 2516 2956 2571 δὲ
3001 2519 3147 2571 εἰ⁹ἐν
3198 2518 3274 2590 τῷ
3296 2535 3309 2549 ·
3344 2522 3374 2573 ὁ

1793 2602 1981 2675 λύχνος
2002 2605 2094 2658 τοῦ
2126 2604 2377 2677 σώματός
2408 2608 2554 2661 ἐστιν
2584 2609 2613 2661 ὁ
2640 2608 2935 2680 ὀφθαλμὸς,
2972 2610 3373 2682 τροπολογικῶς

1792 2696 1853 2748 τὸ
1899 2694 2059 2765 σῶμα
2096 2696 2190 2749 ἐπὶ
2229 2696 2331 2767 τῆς
2384 2697 2560 2769 ψυχῆς
2604 2699 2959 2771 λαμϐάνεται,
3008 2704 3250 2774 καίτοιγε
3294 2706 3374 2777 τῷ

1796 2785 1911 2857 ἰδίῳ
1951 2786 2092 2857 λόγῳ
2119 2785 2285 2858 οὔσης
2321 2788 2555 2858 ἀοράτου
2581 2791 2674 2843 καὶ
2713 2790 3007 2862 ἀσωμάτου
3028 2810 3041 2823 ο
3088 2794 3230 2847 κατὰ
3263 2794 3373 2867 γὰρ

1791 2876 1889 2947 τὴν
1913 2878 2095 2931 εἰκόνα
2122 2879 2313 2947 γέγονε
2340 2880 2435 2933 τοῦ
2462 2881 2693 2951 ἀοράτου
2718 2883 2854 2936 Θεοῦ
2873 2900 2888 2916 ο
2919 2885 3150 2958 ἐπείπερ
3182 2904 3374 2959 τροπο-

1791 2970 2023 3038 λογικῶς
2046 2971 2138 3025 καὶ
2165 2971 2263 3035 τάς
2283 2972 2539 3043 δυνάμεις
2561 2976 2660 3045 τῆς
2688 2976 2862 3047 ψυχῆς
2888 2977 3212 3049 εὑρίσκομεν
3235 2982 3373 3051 ὀξέω-

1790 3059 1975 3129 νύμως
1996 3064 2108 3123 τοῖς
2151 3066 2480 3132 σωματικοῖς
2524 3064 2764 3135 μέρεσιν,
2789 3066 2888 3118 οὐκ
2925 3065 3090 3130 οὔσας
3119 3066 3368 3138 σώματα,

1789 3152 2214 3224 ὀνομαζομένας.
2265 3154 2443 3224 Atque
2487 3155 2603 3211 haec
2642 3166 2769 3211 sunt
2817 3159 3083 3228 ejusmodi
3135 3168 3194 3213 ut
3245 3176 3368 3214 cum

1794 3242 2168 3309 superioribus
2224 3244 2448 3313 perinde
2494 3247 2778 3303 conciliari
2835 3264 2940 3305 non
2988 3250 3242 3319 possint,
3305 3266 3370 3307 ac

1795 3350 1915 3403 quae
1946 3334 2014 3390 de
2063 3334 2273 3406 angelis
2322 3336 2641 3407 scripserat,
2684 3354 2881 3407 corpus
2935 3340 3067 3408 ipsis
3116 3334 3365 3396 nonnun-

1793 3439 1956 3492 quam
1992 3423 2297 3493 imponens,
2339 3440 2724 3496 nonnunquam
2779 3428 3093 3483 detrahens.
3130 3430 3372 3487 Diximus

1793 3516 1937 3568 enim
1975 3527 2074 3583 pro
2122 3525 2403 3583 respectus
2450 3515 2771 3572 diversitate
2823 3519 2976 3575 varie
3026 3519 3265 3575 locutum
3306 3523 3372 3577 de

1791 3604 2107 3675 angelorum
2159 3605 2482 3676 corporibus
2522 3604 2837 3678 Origenem,
2891 3623 3093 3678 eosque
3122 3620 3373 3679 respcctu

1793 3697 1889 3751 Dei
1924 3706 2242 3767 corporatos
2262 3698 2492 3763 dixisse,
2520 3709 2770 3767 respectu
2810 3701 2989 3754 mundi
3028 3701 3187 3771 hujus
3216 3716 3375 3771 aspe-

1793 3794 2014 3861 ctabilis
2039 3808 2270 3863 corpore
2296 3802 2572 3849 carentes.
2606 3792 2703 3848 Hic
2727 3806 2907 3848 autem
2952 3794 3047 3849 Dei
3080 3794 3252 3864 ipsius
3282 3809 3373 3851 re-

1793 3896 1987 3955 spectu
2017 3885 2230 3941 animas
2259 3900 2490 3955 corpore
2521 3898 2714 3940 carere
2744 3886 2901 3950 dicit,
2933 3895 3121 3954 utpote
3144 3902 3265 3955 quas
3303 3888 3372 3940 ad

1791 3976 1910 4043 ejus
1937 3976 2229 4044 imaginem
2277 3976 2511 4031 conditae
2559 3978 2690 4032 sint.
2728 3976 2808 4029 Ad
2844 3977 2959 4031 haec
3011 3975 3373 4047 Hieronymus

1790 4066 1953 4136 epist.
2003 4065 2093 4130 59,
2138 4066 2204 4118 ad
2250 4064 2420 4131 Avit.,
2464 4080 2586 4134 cap.
2637 4064 2695 4131 2,
2751 4064 2974 4119 adducit
3028 4065 3190 4118 verba
3256 4064 3374 4137 hagc

1793 4157 2045 4229 Origenis
2069 4172 2137 4213 ex
2168 4157 2276 4213 line
2316 4158 2438 4214 libri
2476 4173 2514 4215 ιι
2567 4157 2642 4211 De
2674 4157 2903 4227 princip.
2938 4172 2956 4211 :
2992 4174 3010 4208 ι
3045 4156 3291 4227 Cumque
3317 4159 3371 4211 in

1794 4260 2006 4306 tantum
2040 4250 2455 4320 profecerimus,
2488 4260 2546 4304 ut
2574 4264 2920 4320 nequaquam
2953 4264 3147 4305 carnes
3172 4258 3225 4304 et
3253 4265 3377 4305 cor-

1793 4359 1952 4415 pora,
2006 4342 2241 4398 forsitan
2292 4357 2362 4398 ne
2416 4344 2613 4398 anima:
2667 4343 2882 4412 quidem
2937 4342 3220 4405 fuerimus,
3278 4343 3374 4397 sed

1793 4448 1949 4489 meus
2002 4442 2055 4488 et
2107 4446 2301 4489 sensus
2351 4433 2418 4487 ad
2465 4436 2765 4503 perfectum
2817 4434 3065 4497 veniens,
3121 4433 3376 4502 nulloque

1791 4524 2271 4595 perturbationum
2328 4525 2514 4580 nubilo
2552 4526 2814 4594 caligans,
2872 4525 3172 4580 intuebitur
3206 4527 3375 4579 ratio-

154 4618 421 4678 adversario
454 4606 601 4694 apud
630 4623 887 4678 Photium
919 4626 1040 4679 cod.
1070 4640 1325 4691 ccxxxrv,
1357 4626 1448 4681 ubi
1476 4628 1686 4683 animas
1717 4631 1765 4689 ι)
1794 4619 2003 4674 nabiles
2073 4617 2545 4688 intelligihilesque
2605 4619 2939 4673 substantias
2984 4620 3123 4674 facie
3176 4621 3243 4674 ad
3294 4620 3377 4675 fa-

152 4720 248 4765 esse
269 4713 336 4767 ait
361 4729 592 4782 corpora
618 4712 807 4785 νοερὰ,
837 4712 891 4767 in
917 4716 1158 4769 membra
1198 4716 1407 4773 ratione
1441 4726 1690 4785 aSpecta-

153 4798 253 4854 bilia
300 4804 579 4860 discretas.
636 4804 757 4874 Ipse
802 4804 965 4859 etiam
1023 4806 1392 4874 Augustinus,
1445 4806 1684 4877 Opiniorii

153 4889 253 4948 huic
295 4895 410 4952 licet
456 4896 730 4961 infensus,
786 4898 967 4966 aliquo
1003 4905 1179 4953 tamen
1232 4914 1396 4953 sensu
1444 4878 1688 4954 animum

152 4999 313 5055 corpus
356 5006 475 5047 esse
504 4990 717 5045 fatetur
761 4991 924 5061 epist.
969 4991 1062 5046 28.
1117 4993 1187 5045 At
1234 4991 1303 5046 ab
1338 5006 1404 5048 eo
1433 4993 1688 5048 discessit

154 5074 346 5136 Faustus
398 5083 690 5148 Reiensis,
754 5083 1062 5152 animisque
1106 5098 1335 5154 corpora
1385 5084 1565 5152 palam
1606 5084 1688 5139 af-

154 5170 298 5235 ﬁnxit,
333 5190 487 5244 quem
537 5177 713 5231 tribus
757 5175 914 5232 libris
945 5191 1191 5231 errorem
1228 5176 1371 5232 ultus
1402 5187 1483 5233 est
1524 5176 1685 5231 Clau-

153 5260 311 5322 dianus
338 5266 651 5325 Mamertus.

206 5354 353 5428 Magis
386 5362 513 5416 illud
563 5377 695 5417 vero
723 5364 791 5417 ad
834 5364 1203 5418 excusandum
1235 5360 1526 5432 Origenem
1555 5378 1687 5418 con-

154 5440 266 5500 ferre
290 5462 480 5519 posset,
538 5455 686 5523 quod
719 5454 984 5523 scriptum
1028 5454 1097 5508 ab
1126 5468 1192 5508 eo
1222 5463 1309 5509 est
1338 5453 1528 5509 homil.
1562 5454 1587 5507 i
1632 5454 1687 5508 in

153 5528 323 5603 ϐιηεε..
346 5558 490 5600 ιιιιιη.
543 5544 636 5607 15.
686 5543 778 5598 ubi
820 5544 1114 5610 hominem,
1147 5544 1239 5615 qui
1272 5545 1338 5599 de
1366 5544 1498 5597 limo
1527 5553 1685 5599 terra:

155 5624 277 5680 littus
293 5644 392 5697 est,
417 5650 751 5705 corporeum
785 5635 1059 5690 hominem
1108 5650 1229 5690 esse
1257 5636 1421 5699 dicit;
1454 5633 1548 5703 qui
1589 5649 1687 5687 au-

154 5721 232 5770 tem
260 5723 319 5776 ad
349 5725 639 5796 imaginem
676 5726 771 5780 Dei
810 5727 1059 5782 conditus
1087 5737 1191 5791 est,
1238 5726 1540 5797 spiritalem
1567 5740 1688 5781 esse

150 5819 244 5864 eum
264 5823 312 5869 et
340 5832 557 5873 cassum
582 5832 847 5888 corpore;
880 5818 1027 5872 illum
1059 5819 1385 5873 exteriorem
1412 5816 1684 5872 hominem

146 5911 259 5973 3556,
307 5908 444 5966 hunc
493 5909 837 5968 interiorem.
870 5929 889 5963 ι
927 5909 983 5966 Si
1014 5912 1107 5982 qui
1144 5924 1271 5967 vero
1320 5911 1459 5966 hunc
1491 5924 1684 5980 corpo-

1796 4714 1971 4776 cietn;
2017 4728 2037 4763 ι
2076 4726 2197 4780 qua:
2247 4725 2399 4766 more
2438 4726 2540 4766 suo
2584 4711 2846 4779 pervertit
2896 4710 3141 4765 Rufinus.
3182 4708 3374 4764 Parem

1796 4818 1959 4872 supra
2024 4804 2342 4859 memoratis
2393 4804 2865 4860 ratiocinationem
2923 4818 2955 4860 e
3009 4803 3146 4857 libro
3189 4818 3251 4856 ιιι
3300 4801 3377 4855 De

1794 4900 2022 4967 princip.
2055 4896 2283 4953 adducit
2310 4893 2680 4968 Hieronymus
2711 4895 2951 4964 ejusdem
2982 4895 3221 4965 epistolae
3251 4910 3373 4963 cap.

1794 4989 1850 5055 5,
1879 4989 2248 5045 necessarium
2276 4990 2491 5045 scilicet
2537 5003 2659 5045 esse
2687 4988 3031 5051 alterutrum,
3079 4995 3138 5039 ut
3168 4986 3248 5040 vel
3292 4985 3375 5039 in-

1797 5082 2043 5153 corporei
2077 5081 2290 5144 fiamus,
2334 5081 2378 5133 si
2406 5080 2516 5135 Deo
2544 5080 2750 5135 similes
2788 5093 2909 5134 esse
2952 5079 3255 5141 studemus,
3290 5076 3375 5132 vel

1798 5182 1857 5227 ut
1887 5173 2297 5229 similitudinem
2328 5172 2425 5229 Dei
2453 5187 2561 5227 non
2595 5186 2899 5241 speremus,
2938 5172 2981 5225 si
3027 5172 3217 5226 eadem
3245 5184 3371 5223 cor-

1798 5281 1931 5335 pora
1975 5280 2191 5334 semper
2227 5264 2461 5321 habituri
2500 5278 2689 5317 sumus
2722 5279 2735 5315 :
2766 5272 2822 5318 et
2870 5263 2923 5316 in
2980 5262 3141 5332 epist.
3187 5261 3276 5324 6i,
3306 5261 3375 5314 ad

1795 5357 2137 5425 Pammacb.,
2173 5372 2293 5428 cap.
2326 5356 2381 5423 5,
2430 5356 2631 5412 dixisse
2682 5354 2759 5408 ait
2805 5352 3092 5421 Origenem
3133 5352 3185 5405 in
3222 5350 3375 5405 libris

1794 5450 2183 5520 Περι-ἀρχῶν,
2212 5470 2230 5503 ι
2267 5448 2437 5506 solem
2476 5459 2531 5504 et
2566 5448 2776 5513 lunam,
2826 5456 2881 5500 et
2912 5446 3155 5501 omnium
3190 5455 3375 5499 astro-

1796 5558 1916 5597 rum
1946 5544 2173 5597 chorum
2223 5556 2346 5598 esse
2395 5541 2610 5596 animus
2652 5539 3059 5594 rationabilium
3101 5538 3373 5609 quondam

1797 5644 1852 5688 et
1880 5632 2301 5702 iucorporalium
2351 5642 2751 5687 creaturarum.
2788 5650 2807 5687 ι
2841 5630 3083 5699 Denique
3128 5628 3375 5699 Sophro-

1797 5727 1921 5781 nins
1957 5725 2556 5797 Hierosolymitanusin
2592 5725 2820 5794 epistola
2862 5726 2928 5779 ad
2959 5724 3207 5793 Sergium
3232 5720 3374 5776 Con-

1794 5817 2362 5889 stantinopolitanum,
2391 5835 2511 5890 qua:
2552 5818 2788 5873 habetur
2824 5818 2877 5872 i—n
2919 5817 3132 5871 actione
3175 5815 3231 5867 il
3286 5816 3374 5885 sy.-

1794 5912 1924 5968 nodi
1954 5927 2033 5981 vt,
2082 5909 2188 5968 alia
2238 5910 2463 5983 Origcni
2507 5910 2733 5969 crimina
2784 5910 3073 5983 objiciens,
3106 5923 3170 5965 co
3198 5908 3373 5979 ipsum
