3916 6552
474 441 574 499 9H

1750 443 1809 497 P.
1851 442 2167 499 DANIELIS
2205 442 2441 500 HUETII

3638 450 3747 509 θη

436 613 440 618 ,
472 559 668 615 liberat
699 574 714 614 :
753 558 890 612 Ἀλλ’
919 550 1371 629 οὐχ’ὲπειδήπερ,
1404 556 1600 627 inquit,
1625 560 1680 612 αἱ
1709 559 1818 613 τῶν
1843 557 2053 630 ἀνθρώ·
2079 565 2124 621 Α
2154 557 2397 631 αἰσθητῷ
2443 558 2618 630 τούτῳ
2659 559 2798 633 μετὰ
2843 561 2944 634 τῆν
2981 561 3237 617 ἐντεῦθεν
3271 561 3547 636 ἐκδημίαν
3596 563 3745 636 ἔχειν

470 668 589 706 πων
618 650 786 722 ψυχαὶ
816 651 951 705 Θεοῦ
981 652 1161 722 χάριτι
1193 651 1294 721 τὴν
1343 649 1547 722 φθορὰν
1575 651 1911 715 ἀπεώσαντο,
1952 651 2050 723 τὴν

470 742 619 814 πάσῃ
671 745 860 813 κτιστῇ
914 742 1073 811 φύσει
1126 741 1579 814 ἐμφωλεύουσαν·
1627 744 1716 797 διὰ
1758 745 1915 799 τοῦτο
1956 746 2050 798 καὶ

470 833 585 905 πρὸ
604 832 868 902 σωμάτων
910 833 1080 896 αὑτὰς
1134 833 1568 905 ὑποπτεύσομεν,
1601 834 1637 906 ἢ
1674 835 1779 904 πρὸ
1807 834 1907 904 τῆς
1954 833 2048 887 τοῦ

466 923 742 995 ὁρωμένου
765 923 967 994 κόσμου
994 923 1331 996 παραγωγῆς
1353 924 1447 977 καὶ
1469 923 1794 995 συμπήξεως
1812 924 1869 975 ὲν
1893 922 2049 992 ἀϊδίῳ

465 1015 571 1068 στιν)⁸
597 1014 707 1086 ζωῇ
754 1016 926 1068 τελεῖν
950 1016 1295 1088 ὲννοήσομεν,
1340 1016 1433 1070 καὶ
1470 1017 1581 1087 βίον
1630 1016 1773 1085 ἔχειν
1800 1016 2048 1085 οὐράνιον

465 1107 729 1178 φήσομεν,
765 1108 1004 1179 ἄσαρκόν
1049 1126 1109 1163 τε
1143 1111 1237 1163 καὶ
1267 1108 1554 1180 ἀσώματον
1578 1107 1756 1173 ζώσας
1784 1109 1928 1177 ζωὴν
1949 1107 2046 1178 τὴν

461 1196 628 1250 ἀΐδιον
650 1199 707 1252 ὲν
731 1198 943 1269 οὐρανῷ
973 1216 1102 1251 ποτε
1139 1198 1213 1270 μὴ
1240 1200 1561 1271 ὑπάρχοντι,
1595 1198 1670 1261 ὡς
1708 1198 1990 1270 Ὠριγένης
2018 1200 2047 1251 ὁ

464 1290 784 1362 παράφορος
827 1292 1096 1363 βούλεται,
1148 1293 1242 1346 καὶ
1280 1295 1329 1346 oi
1376 1293 1565 1347 τούτου
1614 1292 1928 1363 συμμύσται
1954 1293 2047 1347 καὶ

467 1380 771 1453 σύμφρονες
798 1384 1045 1455 Δίδυμος,
1100 1385 1194 1439 καὶ
1226 1384 1516 1455 Εὑὰγριος,
1551 1383 1645 1437 καὶ
1678 1386 1706 1437 ὁ
1738 1384 1922 1447 λοιπὸς
1951 1385 2046 1438 αὐ-

454 1474 568 1528 τῶν
608 1476 1012 1548 μυθομέριμνος
1042 1477 1247 1549 ὅμιλος.
1283 1496 1302 1529 σ
1351 1479 1456 1532 Sed
1508 1495 1613 1534 non
1668 1479 1871 1533 idcirco
1900 1476 2044 1548 quod

461 1567 743 1622 hominum
789 1569 985 1623 animae
1019 1570 1190 1638 gratia
1238 1569 1331 1624 Dei
1390 1569 1796 1639 corruptionem
1828 1570 2041 1639 repule-

460 1665 609 1725 runt,
638 1672 763 1727 qua:
813 1659 1069 1715 omnibus
1111 1662 1383 1716 creaturis
1429 1661 1753 1715 naturaliter
1804 1661 2041 1726 insidet;

461 1750 583 1806 ideo
619 1760 674 1805 et
701 1759 828 1806 ante
872 1768 1101 1822 corpora
1132 1769 1225 1809 eas
1272 1754 1440 1810 fuisse
1499 1754 1923 1822 suSpicabimur,
1960 1754 2042 1810 vel

460 1854 587 1899 ante
623 1843 785 1915 hujus
810 1845 1041 1901 visibilis
1068 1848 1253 1901 mundi
1280 1848 1661 1918 prolationem,
1694 1857 1859 1917 atque
1886 1863 2038 1903 com-

2152 650 2495 721 ἐκτιθέμενος
2517 652 2615 722 τὴν
2646 652 2845 725 ψυχὴν,
2870 652 3166 725 ἀσώματον
3206 654 3311 708 ὑπό
3358 673 3415 708 τι
3457 656 3746 711 Πλατωνι-

2152 740 2263 803 κῶς
2285 740 2644 809 ἀποφαίνεται
2666 744 2857 813 αὑτήν.
2877 743 3008 811 ρυω
3031 744 3110 798 sic
3131 747 3546 815 interpretanda
3575 758 3741 802 sunt:

2155 849 2174 882 ι
2211 830 2291 885 Ad
2327 831 2410 884 illa
2441 832 2525 885 vir
2580 842 2797 887 sanctus
2826 851 2843 884 ι
2878 833 3207 903 (Methodius
3244 836 3534 907 nimirum)
3567 855 3588 888 ι
3628 839 3742 893 haec

2149 922 2246 988 ait,
2282 942 2301 975 ι
2351 933 2696 994 (sequuntur
2744 924 2940 981 deinde
3001 927 3168 982 verba
3214 927 3331 997 ipsa
3381 927 3654 983 Methodii
3710 945 3741 984 a

2148 1013 2341 1069 Photio
2371 1013 2648 1081 αὐτολεξεὶ
2699 1017 2971 1087 descripta
2993 1058 3007 1081 ,
3042 1034 3145 1073 non
3172 1022 3239 1074 ab
3277 1036 3344 1075 eo
3372 1019 3739 1093 αὐτοπροσώ-

2150 1124 2267 1171 πως
2296 1108 2591 1177 recitata):
2631 1126 2648 1160 ι
2678 1108 2933 1179 Figuram
2964 1110 3126 1165 aliam
3157 1114 3505 1167 consimilem
3540 1113 3734 1168 sensili

2148 1200 2295 1265 huic,
2341 1209 2625 1271 postquam
2656 1202 2782 1257 hinc
2814 1203 3073 1269 excessit,
3110 1203 3317 1259 habere
3349 1206 3584 1259 tradens
3619 1205 3739 1259 ani-

2150 1308 2331 1362 mam,
2397 1295 2775 1364 incorpoream
2810 1309 2935 1351 esse
2979 1296 3163 1364 aliquo
3227 1304 3390 1366 pacto
3450 1295 3740 1351 Platonica

2149 1386 2318 1454 ipsam
2350 1386 2634 1442 afﬁrmata
2670 1386 2797 1442 llaec
2819 1389 2894 1441 ait
2922 1387 3228 1443 Methodius
3250 1388 3317 1443 de
3346 1388 3608 1459 Origene,
3630 1404 3736 1443 non

2147 1478 2373 1533 l’lmtins
2418 1479 2484 1533 de
2528 1478 2824 1541 Methodio,
2863 1478 2957 1547 qui
2993 1479 3189 1534 deinde
3236 1480 3458 1549 probat,
3509 1493 3582 1533 ex
3632 1479 3737 1534 hac

2146 1567 2397 1639 Origenis
2420 1570 2737 1640 opinatione
2770 1572 3029 1641 consequi
3072 1586 3302 1641 corpore
3338 1572 3589 1625 animam
3643 1587 3734 1627 ca-

2146 1675 2304 1726 rere;
2334 1663 2457 1729 quia
2487 1662 2532 1717 si
2567 1671 2691 1728 post
2734 1676 3021 1718 excessum
3071 1677 3102 1717 e
3150 1665 3261 1718 vita
3317 1678 3556 1733 corpore
3611 1672 3733 1718 tan-

2144 1769 2305 1823 quam
2338 1755 2592 1809 vehiculo
2623 1765 2678 1809 et
2728 1765 2879 1811 veste
2926 1755 3155 1827 indiget,
3188 1765 3378 1827 utpote
3421 1772 3551 1828 quae
3588 1757 3734 1812 nuda

2146 1848 2529 1915 comprehendi
2560 1861 2668 1901 non
2712 1848 2924 1917 possit,
2971 1850 3156 1917 utique
3185 1864 3451 1918 corporea
3508 1864 3619 1904 non
3651 1858 3738 1905 est

458 1940 709 2009 paginem
744 1940 796 1993 in
852 1940 1182 2010 sempiterna
1234 1917 1468 2010 quadam
1517 1945 1625 1999 vita
1656 1942 1861 2012 positas
1888 1940 2036 1997 arbi-
2070 1917 2113 1972 Β
2145 1938 2391 2009 (valeret
2417 1940 2561 1994 enim
2603 1940 2844 2010 alioquin
2884 1941 3071 1995 eadem
3118 1917 3529 2011 argumentatio
3554 1981 3571 2006 ,
3623 1956 3734 2011 qua

460 2032 743 2097 trahimur,
786 2031 1023 2086 vitatnve
1081 2034 1340 2089 habuisse
1388 2035 1666 2091 cmleSIem
1698 2048 2031 2095 asseremus.

459 2123 768 2177 incarneam
799 2134 899 2178 seu
935 2125 1307 2193 incorporeatn
1334 2127 1498 2180 vitam
1540 2128 1788 2181 viventes
1842 2140 2036 2197 perpe-

458 2225 604 2270 tuam
650 2218 702 2271 in
740 2219 882 2274 caelo
912 2219 1205 2287 aliquando
1237 2236 1345 2274 non
1392 2221 1699 2284 exsistenti,
1736 2220 1881 2274 sicut
1913 2216 2036 2274 Ori-

455 2323 621 2378 genes
644 2309 866 2367 insanus
896 2312 1201 2374 constituit,
1225 2322 1281 2368 et
1316 2310 1475 2380 hujus
1506 2321 1844 2382 symmystae,
1870 2318 2034 2379 atque

454 2410 752 2457 sectatores
778 2403 1059 2474 Didymus,
1089 2412 1142 2458 et
1171 2404 1435 2474 Evagrius
1455 2446 1470 2470 ,
1513 2413 1567 2457 et
1602 2403 1813 2473 reliqua
1845 2418 2031 2457 earum

452 2493 759 2551 tabularum
805 2499 1164 2568 excogitatrix
1222 2498 1512 2554 sodalitas.
1554 2516 1573 2550 ι
1605 2498 1686 2552 Ex
1738 2498 1824 2552 his
1866 2496 2034 2566 liquet

454 2599 655 2653 quanta
683 2590 847 2645 fuerit
882 2589 1134 2663 Origenis
1166 2592 1219 2646 in
1250 2602 1540 2663 utramque
1568 2602 1774 2662 partem
1811 2591 2034 2646 lluctua-

455 2680 531 2733 tio
570 2699 587 2735 :
620 2681 731 2753 (58)
758 2683 851 2738 sed
882 2682 934 2737 in
961 2697 1079 2738 eam
1114 2694 1291 2737 tamen
1325 2684 1496 2753 magis
1517 2683 1855 2754 propendere
1884 2684 2031 2738 visus

453 2777 557 2835 est,
594 2786 713 2840 qua:
760 2772 958 2826 anima:
996 2788 1192 2843 corpus
1238 2776 1483 2829 ascribit.
1534 2774 1695 2830 Certe
1724 2775 2033 2845 Stephanus

451 2861 700 2917 Gobarns
755 2862 1022 2919 'l‘ritheita
1075 2866 1217 2936 apud
1283 2865 1535 2921 Photium
1614 2867 1736 2923 cod.
1788 2881 2028 2930 ccxxx",

452 2953 702 3023 dOgmata
736 2954 1015 3024 pleraque,
1054 2956 1148 3010 sed
1179 2955 1295 3011 fere
1331 2964 1512 3011 tamen
1544 2956 1867 3025 Origeniana
1905 2972 2033 3026 pro-

452 3056 697 3111 pugnans
719 3055 775 3097 et
807 3044 1153 3115 impugnans.
1208 3047 1484 3102 tricesimo
1513 3046 1633 3104 loco
1667 3048 1796 3115 illud
1828 3063 2030 3118 expen-

450 3134 562 3189 dit:
588 3137 710 3189 Ὅτι
728 3137 957 3208 σώματά
989 3140 1095 3192 εἱσι
1123 3139 1285 3211 νοερὰ
1303 3141 1357 3194 αἱ
1382 3139 1487 3194 τῶν
1512 3140 1813 3211 ἀνθρώπων
1837 3140 2027 3211 ψυχαὶ,

448 3226 544 3280 καὶ
574 3226 1039 3299 διατετυπωμέναι
1068 3229 1209 3283 κατὰ
1252 3230 1313 3283 τὸ
1347 3230 1667 3300 φαινόμενον
1707 3230 1904 3294 ἔξωθεν
1930 3229 2026 3283 τοῦ

450 3318 698 3390 σώματος
731 3321 916 3393 σχῆμα
935 3339 951 3352 ·
1004 3322 1100 3374 καὶ
1148 3323 1212 3375 ὲκ
1240 3321 1334 3375 τοῦ
1371 3323 1748 3392 ἀντικειμένου
1778 3322 1858 3375 ὅτι
1885 3321 2030 3375 ἀσώ-

451 3413 619 3483 ματός
645 3415 793 3467 ἐστιν
822 3417 855 3485 ή
901 3414 1067 3485 ψυχὴ,
1102 3416 1193 3467 καὶ
1221 3417 1554 3485 σωματικοῖς
1595 3416 1695 3485 οὐχ
1741 3415 2027 3467 ὑπόκειται

445 3505 657 3567 τύποις.
696 3523 714 3556 ι
753 3506 964 3559 Anima:
997 3507 1277 3560 hominum
1309 3516 1437 3559 sunt
1465 3521 1695 3574 corpora
1723 3506 2028 3576 intelligibi-

447 3594 541 3659 lia,
571 3604 626 3650 et
647 3598 836 3651 eadem
886 3596 1064 3667 ﬁgura
1108 3607 1236 3652 sunt
1266 3614 1369 3667 qua
1407 3599 1579 3652 forma
1630 3598 1872 3652 exterior
1906 3613 2027 3653 cor-

447 3689 635 3757 poris;
671 3696 727 3743 et
774 3703 806 3743 e
846 3691 1156 3756 contrario,
1221 3691 1546 3760 incorporea
1593 3697 1678 3745 est
1721 3691 1922 3756 anima,
1971 3702 2026 3747 et

448 3780 785 3850 incorporeis
823 3795 930 3836 non
962 3782 1248 3850 subiicitur
1280 3781 1486 3852 ﬁguris.
1527 3800 1546 3833 ι

515 3871 633 3928 XV.
665 3872 836 3929 Porro
867 3874 1070 3929 animis
1090 3889 1315 3945 corpora
1335 3875 1598 3945 alllngens
1631 3874 1893 3945 Origenes
1922 3878 2024 3931 dn-

442 3979 562 4021 cem
584 3979 739 4020 suum
762 3979 826 4019 ac
850 3964 1169 4020 dictatorem
1194 3964 1475 4020 Platonem
1498 3965 1761 4029 deseruit,
1785 3967 1875 4037 qui
1904 3982 2024 4021 cor-

443 4071 763 4132 poraturam
825 4063 1045 4117 sustulit
1095 4064 1162 4117 ab
1196 4062 1393 4118 animis
1422 4082 1435 4117 :
1467 4073 1523 4118 at
1550 4064 1685 4118 alios
1742 4073 1922 4118 tamen
1954 4078 2021 4117 ex

443 4153 684 4222 antiquis
710 4155 1076 4224 philosophis,
1111 4170 1245 4224 quos
1276 4165 1618 4225 sequeretur,
1656 4156 1844 4211 habuit
1872 4171 2021 4210 com-

442 4245 645 4315 plures.
698 4245 901 4302 Horum
961 4248 1004 4301 si
1054 4249 1177 4317 quis
1212 4248 1409 4318 placita
1441 4251 1507 4304 de
1532 4250 1710 4303 anima
1739 4250 1874 4303 velit
1923 4265 2022 4304 co-

440 4354 729 4405 gnoscere,
760 4340 902 4410 legat
937 4340 1259 4395 Tertulliani
1300 4342 1500 4395 librum
1548 4341 1625 4395 De
1666 4343 1866 4407 anima,
1896 4357 2017 4410 cap.

439 4429 494 4494 5,
522 4430 556 4485 6
587 4439 641 4485 et
672 4432 726 4496 7,
755 4442 811 4486 et
864 4432 1168 4488 Nemesium
1221 4434 1361 4489 libro
1395 4432 1471 4486 De
1515 4424 1710 4487 natura
1745 4435 1971 4488 hominis
2002 4475 2016 4501 ,

441 4535 561 4591 cap.
592 4521 647 4588 2,
684 4531 737 4576 et
764 4521 1080 4578 Ciceronem
1119 4525 1211 4579 lib.
1269 4540 1322 4577 tv
1376 4524 1677 4577 Academic.
1728 4524 1799 4577 At
1840 4526 2016 4579 locum

2143 2015 2401 2085 adversus
2435 2030 2776 2084 Vincentium
2806 2028 3101 2097 Victorem,
3131 2033 3367 2086 animam
3400 2047 3735 2102 corpoream

2142 2138 2262 2178 esse
2295 2132 2620 2178 statuentem
2659 2138 2789 2178 usus
2818 2134 2901 2177 est
2932 2124 3270 2194 Augustinus
3306 2124 3402 2177 lib.
3444 2140 3461 2177 ι
3498 2123 3581 2178 De
3615 2122 3734 2177 ani-

2140 2231 2248 2281 ma,
2282 2216 2508 2286 cap.5:
2557 2234 2576 2268 I
2603 2216 2755 2283 Quod
2798 2232 2927 2273 vero
2984 2232 3103 2272 eam
3147 2233 3253 2273 non
3288 2220 3575 2287 spiritum,
3634 2220 3729 2273 sed

2142 2320 2340 2376 corpus
2361 2322 2483 2362 esse
2521 2307 2826 2371 contendit,
2856 2308 2980 2376 quid
3000 2308 3142 2362 aliud
3165 2308 3275 2363 vult
3297 2307 3542 2373 eﬂicere,
3569 2325 3735 2379 quam

2142 2412 2239 2453 nos
2262 2414 2366 2453 non
2403 2414 2471 2455 ex
2504 2401 2683 2454 anima
2737 2409 2793 2455 et
2848 2414 3095 2468 corpore.
3157 2402 3249 2455 sed
3294 2416 3363 2457 ex
3397 2402 3619 2457 duobus
3646 2402 3729 2457 vel

2140 2490 2304 2544 etiam
2339 2492 2516 2546 tribus
2546 2501 2801 2547 constare
2845 2495 3165 2563 corporibus
3189 2494 3215 2547 7
3249 2495 3386 2549 Cum
3438 2494 3590 2549 enim
3622 2496 3731 2564 spi-

2141 2579 2271 2647 ritu,
2303 2583 2483 2635 anima
2511 2590 2565 2636 et
2593 2596 2822 2651 corpore
2852 2587 3105 2637 c‘bnstare
3132 2599 3231 2639 nos
3281 2585 3436 2649 dicit,
3460 2595 3518 2639 et
3547 2586 3731 2640 omnia

2140 2671 2255 2726 haec
2286 2672 2388 2726 tria
2435 2688 2664 2742 corpora
2722 2687 2843 2730 esse
2874 2676 3090 2741 asserit,
3128 2675 3377 2747 profecto
3431 2693 3502 2732 ex
3554 2678 3734 2732 tribus

2139 2764 2460 2833 corporibus
2510 2781 2614 2821 nos
2650 2776 2806 2836 putat
2848 2781 2972 2822 esse
3008 2778 3342 2838 compactos.
3384 2769 3443 2823 lu
3474 2784 3583 2838 qua
3611 2769 3733 2838 opi-

2139 2854 2300 2911 niunc
2335 2864 2537 2924 quanta
2568 2871 2692 2910 eum
2723 2867 2981 2926 sequatur
3023 2860 3359 2923 absurditas,
3421 2860 3498 2915 illi
3546 2863 3732 2931 potius

2138 2962 2296 3017 quam
2332 2948 2426 3001 tibi
2457 2948 2943 3004 demonstrandum
2971 2950 3153 3019 puto.)
3198 2968 3217 3003 ι
3258 2950 3393 3005 Cum
3421 2967 3557 3022 ergo
3610 2954 3734 3008 ani-

2138 3062 2239 3099 mre
2265 3058 2465 3113 corpus
2494 3044 2851 3098 adventitium
2884 3039 3271 3115 superadderet
3311 3045 3604 3115 Origenes,
3638 3048 3730 3103 in-

2137 3153 2455 3206 corpoream
2492 3139 2558 3193 ab
2584 3152 2649 3192 eo
2688 3138 2859 3208 ipsam
2898 3141 3211 3194 necessario
3273 3140 3466 3195 haberi
3508 3140 3724 3197 Methoo

2137 3232 2257 3285 dius
2278 3230 2564 3287 conclusit.
2588 3230 3114 3302 Pergitdeinde:Si
3167 3233 3492 3303 incorporea
3542 3236 3723 3289 anima

2135 3332 2240 3387 est,
2276 3320 2656 3377 affectionibus
2686 3323 2943 3378 immunis
2971 3334 3078 3388 est,
3116 3340 3219 3379 nec
3250 3325 3414 3380 alieni
3469 3329 3723 3397 corporis

2135 3425 2188 3469 et
2226 3414 2516 3468 mutnatitii
2559 3414 2797 3469 motibus
2847 3416 3107 3472 obnoxia.
3160 3416 3261 3471 Sin
3336 3416 3720 3474 affectionibus

2134 3506 2378 3575 corporis
2411 3506 2753 3575 percellitur,
2778 3506 2971 3575 utique
3017 3508 3340 3577 incorporea
3375 3525 3485 3563 non
3511 3519 3616 3564 est.
3647 3511 3720 3563 At

2134 3613 2238 3651 una
2262 3612 2382 3651 cum
2416 3611 2647 3665 corpore
2678 3599 2818 3653 mala
2857 3598 2941 3653 vel
2972 3600 3112 3654 bona
3146 3600 3386 3668 patitur,
3440 3611 3500 3655 ut
3526 3616 3711 3656 eorum

2132 3691 2225 3760 qui
2256 3698 2377 3760 post
2402 3699 2631 3744 mortem
2660 3691 2917 3747 videndos
2960 3706 3022 3746 se
3053 3692 3441 3761 pmbnerunt,
3472 3694 3715 3748 testimo-

2134 3787 2221 3840 nia
2249 3789 2577 3841 continuant
2602 3803 2618 3841 :
2649 3784 2828 3839 anima
2866 3782 3029 3854 igitur
3049 3798 3317 3854 corporea
3338 3796 3445 3841 est.
3486 3787 3580 3843 Sic
3609 3787 3712 3842 ita-

2130 3894 2236 3948 que
2261 3879 2328 3932 ad
2362 3878 2659 3933 absurdum
2684 3886 2740 3932 et
2768 3876 3027 3931 ἀδύνατον
3056 3875 3348 3945 Origenem
3388 3878 3560 3948 adigit
3603 3876 3718 3931 hle-

2134 3971 2368 4036 thodius,
2390 3972 2640 4024 animam
2665 3985 2730 4024 ex
2773 3970 2890 4037 ejus
2938 3970 3101 4025 dictis
3132 3984 3460 4040 corpoream
3494 3985 3613 4024 esse
3657 3981 3713 4023 et

2130 4063 2508 4131 incorpoream
2535 4061 2938 4116 demonsuans.
2986 4059 3220 4116 Sensum
3270 4062 3509 4130 denique
3551 4078 3713 4115 suum

2132 4155 2247 4225 ipse
2268 4154 2463 4225 aperit,
2494 4153 2707 4207 animas
2739 4167 2972 4221 corpora
3004 4168 3124 4207 esse
3153 4152 3342 4207 dicens
3372 4151 3709 4222 intelligendi

2130 4246 2384 4302 facultate
2415 4245 2665 4315 praedita,
2700 4245 2959 4299 membris
2986 4246 3198 4299 ratione
3229 4246 3407 4300 solum
3457 4256 3710 4316 aspecta-

2128 4340 2325 4394 bilibus
2352 4338 2615 4392 instructa
2649 4377 2664 4399 ,
2700 4352 2805 4390 non
2840 4352 2961 4406 qua:
2999 4335 3300 4390 adventitio
3331 4352 3563 4406 corpore
3590 4337 3703 4391 sint

2128 4431 2337 4495 induta,
2369 4429 2462 4484 sed
2496 4444 2617 4498 qua:
2654 4438 2844 4482 natura
2879 4436 3072 4496 suapte
3110 4443 3343 4496 corpora
3397 4431 3526 4487 sint.
3560 4428 3705 4484 Yera

2129 4526 2243 4580 haec
2265 4531 2348 4577 est
2384 4531 2439 4576 et
2467 4520 2702 4591 genuina
2759 4519 2857 4573 loci
2907 4518 3071 4589 hujus
3100 4520 3396 4588 expositio,
3428 4535 3587 4589 qnam
3622 4521 3690 4574 id~

440 4616 730 4682 quemdam
771 4615 1031 4669 Methodii
1086 4618 1218 4671 satis
1266 4617 1579 4671 intricatum
1617 4626 1671 4670 et
1726 4618 2015 4671 obscurum
2049 4630 2093 4685 ι)
2123 4623 2272 4677 circo
2306 4624 2626 4689 persecutus
2661 4630 2801 4681 sum,
2826 4626 2884 4667 ut
2919 4630 2986 4669 ne
3008 4615 3076 4668 ah
3101 4615 3469 4671 infensissimo
3487 4617 3698 4685 quidem

439 4707 720 4775 praeterire
740 4722 844 4760 non
878 4708 1053 4776 decet,
1082 4723 1192 4778 quo
1214 4708 1466 4778 Origenis
1489 4709 1773 4762 decretum
1804 4708 1870 4762 de
1900 4708 2016 4760 ani-

443 4799 545 4853 mis
572 4801 851 4869 corporeis
882 4801 1073 4855 nititur
1097 4803 1433 4858 convellere.
1466 4801 1710 4855 Hahetur
1743 4800 1831 4856 ille
1873 4801 2015 4868 apud

440 4888 689 4946 Photium
729 4894 854 4949 cod.
888 4896 1283 4967 ccxxx1v(59).
1318 4894 1415 4948 Hic
1447 4910 1577 4965 ergo
1624 4895 1854 4963 primum
1887 4893 2019 4948 Orio

438 4985 590 5051 genis
611 4986 803 5041 recitat
830 4988 1017 5051 verba,
1040 4988 1237 5058 quibus
1268 4990 1365 5053 ait,
1386 4988 1429 5041 si
1460 4986 2017 5042 demonstrationibns

438 5093 667 5147 corpore
699 5080 934 5134 animam
960 5094 1026 5135 ex
1057 5097 1176 5136 sese
1210 5096 1402 5137 carere
1433 5082 1712 5150 probetur,
1741 5079 2013 5135 fatendum

436 5184 556 5223 esse
595 5172 832 5225 alienum
885 5188 1003 5227 eam
1057 5182 1111 5226 et
1162 5172 1455 5227 ascititium
1508 5186 1707 5240 corpus
1769 5172 2012 5230 induere.

437 5262 634 5329 prioris
669 5264 757 5317 cui
795 5265 849 5318 in
904 5265 1068 5319 terris
1124 5263 1417 5332 conjuncta
1457 5263 1636 5320 fuerat
1691 5264 1887 5318 simile.
1918 5261 2013 5317 llis

436 5351 691 5406 Methndii
721 5370 1007 5409 censuram
1036 5356 1309 5411 subnectit
1336 5356 1558 5410 Photius
1596 5372 1609 5408 :
1649 5356 1795 5427 Πρὸς
1814 5355 2007 5419 ταῦτα,

436 5443 631 5511 inquit,
666 5445 695 5497 ὁ
732 5443 886 5515 ἅγιος
917 5447 1042 5500 τάδε
1069 5447 1220 5515 φησί·
1251 5446 1445 5516 Σχῆμα
1474 5446 1602 5500 ἄλλο
1644 5438 1886 5514 ὁμοὲιδὲς
1931 5445 2010 5516 τῷ

504 5555 620 5627 (58)
652 5556 756 5612 Sed
779 5558 831 5610 in
867 5575 981 5611 eam
1008 5572 1181 5612 tamen
1206 5562 1374 5628 magis
1402 5562 1717 5627 propendere
1742 5562 1878 5612 risus
1907 5569 2004 5625 est,

432 5642 551 5691 qua:
574 5629 764 5697 animm
801 5644 987 5694 corpus
1045 5633 1283 5684 ascribit.
1327 5632 1537 5696 Corpus
1561 5632 1776 5697 quidem
1812 5630 2010 5681 anima:

436 5697 656 5769 ascribit
678 5696 955 5769 Origenes,
988 5710 1170 5767 utpote
1194 5716 1315 5769 qua:
1345 5701 1508 5761 nuda,
1535 5696 1731 5765 inquit,
1762 5715 2009 5766 compreo

436 5764 594 5838 luendi
624 5782 727 5838 non
766 5764 957 5838 possit,
1005 5764 1103 5822 nec
1160 5764 1225 5822 in'
1264 5770 1372 5822 ullo
1413 5764 1676 5838 corporeo
1710 5764 2012 5822 consistere

436 5831 576 5897 loco,
611 5836 741 5906 quin
768 5831 1013 5904 indigeat
1043 5854 1277 5906 corpore
1307 5838 1371 5891 ad
1411 5831 1662 5892 naturam
1708 5839 1806 5891 lnci
1868 5839 2013 5891 illius

435 5905 869 5968 accommodato;
898 5908 992 5959 sed
1010 5908 1079 5960 ita
1107 5905 1353 5975 ascribit,
1376 5918 1432 5962 ut
1448 5910 1519 5963 sit
1549 5908 1790 5964 exterius
1818 5910 2013 5963 animae

2122 4710 2433 4768 Adamantii
2466 4707 2779 4761 adversario
2814 4706 2948 4759 vitio
2991 4708 3175 4760 datum
3215 4706 3385 4762 fuisse
3424 4706 3589 4761 lector
3618 4706 3686 4759 in-

2125 4803 2351 4872 telligat,
2379 4799 2520 4869 quod
2549 4799 2618 4852 ab
2650 4797 2769 4852 aliis
2796 4798 2909 4853 fere
2938 4798 3213 4865 objectum
3245 4809 3354 4862 est,
3379 4799 3571 4853 animm
3598 4797 3692 4851 sci-

2123 4897 2252 4950 licet
2280 4909 2479 4961 corpus
2523 4908 2646 4946 eum
2694 4892 2995 4958 addidisse;
3038 4893 3132 4947 sed
3182 4893 3451 4946 veriorem
3488 4906 3518 4946 e
3562 4907 3690 4945 con-

2128 4986 2292 5042 trario
2322 4984 2647 5040 sententiam
2682 4984 3002 5054 suggillasse
3023 4984 3077 5037 in
3121 4985 3312 5039 eodem
3340 4983 3687 5048 Methodium,

2123 5094 2245 5134 cum
2281 5076 2536 5131 deteriori
2572 5076 2687 5144 ipse
2710 5077 3023 5131 adhaaserit.

2193 5170 2332 5226 XVI.
2374 5168 2741 5224 Proferendus
2773 5185 2988 5239 quoque
3020 5171 3110 5225 hic
3137 5183 3224 5226 est
3251 5177 3392 5228 alter
3437 5171 3683 5229 Methodii

2116 5265 2289 5330 locus,
2322 5278 2389 5317 ex
2423 5262 2563 5315 libro
2608 5260 2682 5315 De
2713 5263 3134 5317 resurrectionea
3164 5262 3358 5319 Photio
3384 5266 3681 5331 decerptus,

2116 5356 2257 5410 unde
2290 5354 2536 5424 proxime
2566 5353 2819 5408 laudatus
2844 5354 3027 5408 itidem
3065 5355 3267 5423 petitus
3297 5368 3423 5410 est:
3456 5356 3682 5423 Ἀνθρω-

2114 5465 2233 5511 πος,
2269 5447 2424 5516 φησὶ,
2455 5444 2671 5513 λέγεται
2717 5447 2859 5500 κατὰ
2915 5446 3075 5514 φύσιν
3129 5446 3466 5516 ἀληθέστατα
3498 5485 3514 5509 ,
3567 5444 3679 5497 οὒτε

2110 5561 2513 5622 indumentum,
2537 5574 2641 5612 nec
2667 5561 2864 5613 animre
2882 5569 3130 5612 naturam
3167 5560 3218 5611 in
3249 5570 3479 5625 corpore
3512 5555 3676 5625 ponit,

2110 5632 2418 5684 Platonicos
2461 5631 2561 5682 hac
2616 5629 2667 5682 in
2731 5646 2788 5683 re
2820 5638 3067 5688 secutus.
3105 5624 3556 5698 queinadinodum
3583 5624 3676 5677 ob-

2109 5701 2449 5755 servavimus
2480 5709 2675 5766 quaest.
2710 5706 2743 5754 ‘J
2774 5702 2836 5752 de
2862 5700 3082 5766 angelis,
3120 5715 3269 5752 lltltl).
3299 5699 3348 5752 5.

2183 5770 2293 5841 (59)
2327 5767 2427 5821 Hic
2449 5785 2567 5835 ergo
2591 5772 2818 5841 primum
2852 5769 3092 5836 Origenis
3125 5766 3538 5841 recitatnverba,
3569 5775 3668 5841 etc.

2115 5834 2248 5893 Vide
2272 5834 2778 5893 iniiinadverSiones
2801 5834 3017 5892 nostras
3051 5842 3101 5890 in
3141 5839 3282 5891 hunc
3322 5837 3571 5907 Origcnis
3595 5834 3668 5888 lo-

2113 5926 2261 5977 cum,
2287 5920 2435 5964 temo
2462 5922 2498 5974 ι,
2533 5907 2627 5964 lib.
2663 5907 2736 5964 De
2759 5919 3203 5981 τειιιτνεειηρθκ.
3236 5909 3327 5965 55.
