  <div class='ocr_page' id='page_1' title='image "/cluster/home/n/w/nwhite01/storage/ocr_20150623/17/hvd.32044051719607/468.png"; bbox 0 0 3916 6518; ppageno 0'>
   <div class='ocr_carea' id='block_1_1' title="bbox 174 348 2545 453">
    <p class='ocr_par' dir='ltr' id='par_1_1' title="bbox 174 348 2545 453">
     <span class='ocr_line' id='line_1_1' title="bbox 174 348 2545 453; baseline -0.004 -7"><span class='ocrx_word' id='word_1_1' title='bbox 174 389 254 448; x_wconf 70' lang='lat'><strong><em>923</em></strong></span> <span class='ocrx_word' id='word_1_2' title='bbox 596 348 597 351; x_wconf 4' lang='grc' dir='ltr'>γ</span> <span class='ocrx_word' id='word_1_3' title='bbox 955 386 1531 445; x_wconf 65' lang='lat' dir='ltr'><strong>ontcsmasonuu</strong></span> <span class='ocrx_word' id='word_1_4' title='bbox 1571 378 1701 442; x_wconf 81' lang='lat' dir='ltr'><strong>Lm;</strong></span> <span class='ocrx_word' id='word_1_5' title='bbox 1739 385 1804 453; x_wconf 85' lang='grc' dir='ltr'>ιι,</span> <span class='ocrx_word' id='word_1_6' title='bbox 1842 385 1994 441; x_wconf 70' lang='lat' dir='ltr'><strong>car.</strong></span> <span class='ocrx_word' id='word_1_7' title='bbox 2038 385 2102 451; x_wconf 92' lang='grc' dir='ltr'>ιι,</span> <span class='ocrx_word' id='word_1_8' title='bbox 2142 382 2418 453; x_wconf 64' lang='lat' dir='ltr'><strong>Quesr.</strong></span> <span class='ocrx_word' id='word_1_9' title='bbox 2456 382 2545 437; x_wconf 79' lang='lat' dir='ltr'><strong>V-l.</strong></span> 
     </span>
    </p>
   </div>
   <div class='ocr_carea' id='block_1_2' title="bbox 3270 379 3380 436">
    <p class='ocr_par' dir='ltr' id='par_1_2' title="bbox 3270 379 3380 436">
     <span class='ocr_line' id='line_1_2' title="bbox 3270 379 3380 436; baseline -0.018 -1"><span class='ocrx_word' id='word_1_10' title='bbox 3270 379 3380 436; x_wconf 64' lang='lat'><strong>9|&quot;</strong></span> 
     </span>
    </p>
   </div>
   <div class='ocr_carea' id='block_1_3' title="bbox 171 496 1686 578">
    <p class='ocr_par' dir='ltr' id='par_1_3' title="bbox 171 499 1686 578">
     <span class='ocr_line' id='line_1_3' title="bbox 171 499 1686 578; baseline 0.002 -24"><span class='ocrx_word' id='word_1_11' title='bbox 171 506 288 577; x_wconf 66' lang='grc' dir='ltr'><strong>ψυχὴ</strong></span> <span class='ocrx_word' id='word_1_12' title='bbox 306 503 469 574; x_wconf 70' lang='grc' dir='ltr'><strong>χωρὶς</strong></span> <span class='ocrx_word' id='word_1_13' title='bbox 503 519 788 574; x_wconf 80' lang='grc' dir='ltr'><strong>σωματος,</strong></span> <span class='ocrx_word' id='word_1_14' title='bbox 813 503 921 558; x_wconf 74' lang='grc' dir='ltr'><strong>οὔτ’</strong></span> <span class='ocrx_word' id='word_1_15' title='bbox 950 499 1016 557; x_wconf 78' lang='grc' dir='ltr'>αὖ</span> <span class='ocrx_word' id='word_1_16' title='bbox 1041 505 1202 558; x_wconf 79' lang='grc' dir='ltr'>πάλιν</span> <span class='ocrx_word' id='word_1_17' title='bbox 1239 506 1399 576; x_wconf 83' lang='grc' dir='ltr'>σῶμα</span> <span class='ocrx_word' id='word_1_18' title='bbox 1428 505 1596 578; x_wconf 80' lang='grc' dir='ltr'>χωρὶς</span> <span class='ocrx_word' id='word_1_19' title='bbox 1620 504 1686 575; x_wconf 66' lang='lat' dir='ltr'><strong>dm</strong></span> 
     </span>
    </p>
   </div>
   <div class='ocr_carea' id='block_1_4' title="bbox 1790 496 3382 578">
    <p class='ocr_par' dir='ltr' id='par_1_4' title="bbox 1790 496 3382 570">
     <span class='ocr_line' id='line_1_4' title="bbox 1790 496 3382 570; baseline -0.002 -14"><span class='ocrx_word' id='word_1_20' title='bbox 1790 558 1792 565; x_wconf 71' lang='grc'><strong>,</strong></span> <span class='ocrx_word' id='word_1_21' title='bbox 1822 515 2093 559; x_wconf 79' lang='lat' dir='ltr'><strong>resurrect.</strong></span> <span class='ocrx_word' id='word_1_22' title='bbox 2123 503 2319 565; x_wconf 78' lang='lat' dir='ltr'><strong>carnis,</strong></span> <span class='ocrx_word' id='word_1_23' title='bbox 2346 516 2464 570; x_wconf 85' lang='lat' dir='ltr'><strong>cap.</strong></span> <span class='ocrx_word' id='word_1_24' title='bbox 2499 497 2569 554; x_wconf 71' lang='grc' dir='ltr'><strong>ιο</strong></span> <span class='ocrx_word' id='word_1_25' title='bbox 2595 516 2610 553; x_wconf 87' lang='lat'><strong>:</strong></span> <span class='ocrx_word' id='word_1_26' title='bbox 2640 516 2657 551; x_wconf 77' lang='lat' dir='ltr'><strong>t</strong></span> <span class='ocrx_word' id='word_1_27' title='bbox 2688 497 2871 554; x_wconf 61' lang='lat' dir='ltr'><strong>Nacta</strong></span> <span class='ocrx_word' id='word_1_28' title='bbox 2895 497 3124 566; x_wconf 89' lang='lat' dir='ltr'><strong>denique</strong></span> <span class='ocrx_word' id='word_1_29' title='bbox 3147 496 3382 553; x_wconf 66' lang='lat' dir='ltr'><strong>haereses</strong></span> 
     </span>
    </p>
   </div>
   <div class='ocr_carea' id='block_1_5' title="bbox 172 592 1717 670">
    <p class='ocr_par' dir='ltr' id='par_1_5' title="bbox 172 592 1717 670">
     <span class='ocr_line' id='line_1_5' title="bbox 172 592 1717 670; baseline -0.01 -5"><span class='ocrx_word' id='word_1_30' title='bbox 172 598 274 670; x_wconf 74' lang='grc' dir='ltr'><strong>χῆς⁶</strong></span> <span class='ocrx_word' id='word_1_31' title='bbox 300 592 427 648; x_wconf 68' lang='grc' dir='ltr'><strong>ἀλλά</strong></span> <span class='ocrx_word' id='word_1_32' title='bbox 466 592 529 645; x_wconf 61' lang='grc' dir='ltr'><strong>τὸ</strong></span> <span class='ocrx_word' id='word_1_33' title='bbox 569 597 638 648; x_wconf 73' lang='grc' dir='ltr'><strong>ὲκ</strong></span> <span class='ocrx_word' id='word_1_34' title='bbox 693 596 1002 657; x_wconf 83' lang='grc' dir='ltr'><strong>συστάσεως</strong></span> <span class='ocrx_word' id='word_1_35' title='bbox 1024 595 1203 665; x_wconf 75' lang='grc' dir='ltr'>ψυχῆς</span> <span class='ocrx_word' id='word_1_36' title='bbox 1232 598 1324 650; x_wconf 77' lang='grc' dir='ltr'>καὶ</span> <span class='ocrx_word' id='word_1_37' title='bbox 1356 597 1605 668; x_wconf 80' lang='grc' dir='ltr'><strong>σώματος</strong></span> <span class='ocrx_word' id='word_1_38' title='bbox 1637 600 1717 662; x_wconf 73' lang='grc' dir='ltr'><strong>εἰς</strong></span> 
     </span>
    </p>
   </div>
   <div class='ocr_carea' id='block_1_6' title="bbox 174 688 1715 766">
    <p class='ocr_par' dir='ltr' id='par_1_6' title="bbox 174 688 1715 766">
     <span class='ocr_line' id='line_1_6' title="bbox 174 688 1715 766; baseline 0.003 -24"><span class='ocrx_word' id='word_1_39' title='bbox 174 691 273 759; x_wconf 68' lang='grc' dir='ltr'>μίαν</span> <span class='ocrx_word' id='word_1_40' title='bbox 288 690 377 759; x_wconf 80' lang='grc' dir='ltr'><strong>τὴν</strong></span> <span class='ocrx_word' id='word_1_41' title='bbox 399 688 493 741; x_wconf 79' lang='grc' dir='ltr'><strong>τοῦ</strong></span> <span class='ocrx_word' id='word_1_42' title='bbox 535 690 711 743; x_wconf 81' lang='grc' dir='ltr'><strong>καλοῦ</strong></span> <span class='ocrx_word' id='word_1_43' title='bbox 739 690 949 762; x_wconf 75' lang='grc' dir='ltr'><strong>μορφὴν</strong></span> <span class='ocrx_word' id='word_1_44' title='bbox 979 691 1230 745; x_wconf 84' lang='grc' dir='ltr'><strong>συντεθέν</strong></span> <span class='ocrx_word' id='word_1_45' title='bbox 1250 710 1263 724; x_wconf 87' lang='grc'><strong>·</strong></span> <span class='ocrx_word' id='word_1_46' title='bbox 1294 695 1322 747; x_wconf 99' lang='lat'><strong>6</strong></span> <span class='ocrx_word' id='word_1_47' title='bbox 1348 693 1393 746; x_wconf 84' lang='grc' dir='ltr'><strong>δ’</strong></span> <span class='ocrx_word' id='word_1_48' title='bbox 1435 693 1715 766; x_wconf 82' lang='grc' dir='ltr'><strong>Ὠριγὲνης</strong></span> 
     </span>
    </p>
   </div>
   <div class='ocr_carea' id='block_1_7' title="bbox 169 780 1711 855">
    <p class='ocr_par' dir='ltr' id='par_1_7' title="bbox 169 780 1711 855">
     <span class='ocr_line' id='line_1_7' title="bbox 169 780 1711 855; baseline 0.002 -20"><span class='ocrx_word' id='word_1_49' title='bbox 169 785 243 855; x_wconf 68' lang='grc' dir='ltr'><strong>τὴν</strong></span> <span class='ocrx_word' id='word_1_50' title='bbox 270 780 432 853; x_wconf 65' lang='grc' dir='ltr'>ψυχὴν</span> <span class='ocrx_word' id='word_1_51' title='bbox 493 782 672 854; x_wconf 79' lang='grc' dir='ltr'>μόνην</span> <span class='ocrx_word' id='word_1_52' title='bbox 721 782 904 851; x_wconf 73' lang='grc' dir='ltr'>ἔλεγεν</span> <span class='ocrx_word' id='word_1_53' title='bbox 933 783 1249 854; x_wconf 78' lang='grc' dir='ltr'><strong>ἄνθρωπον,</strong></span> <span class='ocrx_word' id='word_1_54' title='bbox 1272 784 1348 848; x_wconf 82' lang='grc' dir='ltr'><strong>ὡς</strong></span> <span class='ocrx_word' id='word_1_55' title='bbox 1395 786 1425 838; x_wconf 92' lang='lat'><strong>6</strong></span> <span class='ocrx_word' id='word_1_56' title='bbox 1467 785 1711 844; x_wconf 79' lang='grc' dir='ltr'><strong>Πλάτων.</strong></span> 
     </span>
    </p>
   </div>
   <div class='ocr_carea' id='block_1_8' title="bbox 172 873 1713 942">
    <p class='ocr_par' dir='ltr' id='par_1_8' title="bbox 172 873 1713 942">
     <span class='ocr_line' id='line_1_8' title="bbox 172 873 1713 942; baseline 0.003 -13"><span class='ocrx_word' id='word_1_57' title='bbox 172 873 368 936; x_wconf 72' lang='lat' dir='ltr'><strong>«Homo,</strong></span> <span class='ocrx_word' id='word_1_58' title='bbox 400 874 602 942; x_wconf 85' lang='lat' dir='ltr'><strong>inquit,</strong></span> <span class='ocrx_word' id='word_1_59' title='bbox 628 890 702 929; x_wconf 86' lang='lat' dir='ltr'><strong>ex</strong></span> <span class='ocrx_word' id='word_1_60' title='bbox 726 884 921 929; x_wconf 88' lang='lat' dir='ltr'><strong>natura</strong></span> <span class='ocrx_word' id='word_1_61' title='bbox 953 890 1048 929; x_wconf 86' lang='lat' dir='ltr'><strong>sua</strong></span> <span class='ocrx_word' id='word_1_62' title='bbox 1075 876 1360 930; x_wconf 80' lang='lat' dir='ltr'><strong>verissime</strong></span> <span class='ocrx_word' id='word_1_63' title='bbox 1393 878 1593 931; x_wconf 91' lang='lat' dir='ltr'><strong>dicitur</strong></span> <span class='ocrx_word' id='word_1_64' title='bbox 1615 892 1713 933; x_wconf 84' lang='lat' dir='ltr'><strong>ne-</strong></span> 
     </span>
    </p>
   </div>
   <div class='ocr_carea' id='block_1_9' title="bbox 168 964 1711 1039">
    <p class='ocr_par' dir='ltr' id='par_1_9' title="bbox 168 964 1711 1039">
     <span class='ocr_line' id='line_1_9' title="bbox 168 964 1711 1039; baseline 0.003 -20"><span class='ocrx_word' id='word_1_65' title='bbox 168 980 248 1035; x_wconf 88' lang='lat' dir='ltr'><strong>que</strong></span> <span class='ocrx_word' id='word_1_66' title='bbox 266 964 434 1018; x_wconf 90' lang='lat' dir='ltr'><strong>anima</strong></span> <span class='ocrx_word' id='word_1_67' title='bbox 470 965 593 1019; x_wconf 85' lang='lat' dir='ltr'><strong>sine</strong></span> <span class='ocrx_word' id='word_1_68' title='bbox 626 980 886 1035; x_wconf 89' lang='lat' dir='ltr'><strong>corpore,</strong></span> <span class='ocrx_word' id='word_1_69' title='bbox 918 980 1091 1033; x_wconf 88' lang='lat' dir='ltr'><strong>neque</strong></span> <span class='ocrx_word' id='word_1_70' title='bbox 1120 981 1337 1022; x_wconf 80' lang='lat' dir='ltr'><strong>rursum</strong></span> <span class='ocrx_word' id='word_1_71' title='bbox 1363 983 1564 1039; x_wconf 88' lang='lat' dir='ltr'><strong>corpus</strong></span> <span class='ocrx_word' id='word_1_72' title='bbox 1589 970 1711 1025; x_wconf 85' lang='lat' dir='ltr'><strong>sine</strong></span> 
     </span>
    </p>
   </div>
   <div class='ocr_carea' id='block_1_10' title="bbox 167 1055 1711 1131">
    <p class='ocr_par' dir='ltr' id='par_1_10' title="bbox 167 1055 1711 1131">
     <span class='ocr_line' id='line_1_10' title="bbox 167 1055 1711 1131; baseline 0.005 -20"><span class='ocrx_word' id='word_1_73' title='bbox 167 1058 343 1122; x_wconf 82' lang='lat' dir='ltr'><strong>anima;</strong></span> <span class='ocrx_word' id='word_1_74' title='bbox 384 1055 479 1111; x_wconf 90' lang='lat' dir='ltr'><strong>sed</strong></span> <span class='ocrx_word' id='word_1_75' title='bbox 506 1058 662 1126; x_wconf 85' lang='lat' dir='ltr'><strong>quod</strong></span> <span class='ocrx_word' id='word_1_76' title='bbox 714 1072 779 1112; x_wconf 81' lang='lat' dir='ltr'><strong>ex</strong></span> <span class='ocrx_word' id='word_1_77' title='bbox 809 1056 1098 1112; x_wconf 85' lang='lat' dir='ltr'><strong>coalitione</strong></span> <span class='ocrx_word' id='word_1_78' title='bbox 1130 1059 1328 1115; x_wconf 65' lang='lat' dir='ltr'><strong>anima:</strong></span> <span class='ocrx_word' id='word_1_79' title='bbox 1374 1070 1430 1115; x_wconf 90' lang='lat' dir='ltr'><strong>et</strong></span> <span class='ocrx_word' id='word_1_80' title='bbox 1462 1063 1711 1131; x_wconf 88' lang='lat' dir='ltr'><strong>corporis</strong></span> 
     </span>
    </p>
   </div>
   <div class='ocr_carea' id='block_1_11' title="bbox 166 1146 1707 1221">
    <p class='ocr_par' dir='ltr' id='par_1_11' title="bbox 166 1146 1707 1221">
     <span class='ocr_line' id='line_1_11' title="bbox 166 1146 1707 1221; baseline 0.003 -17"><span class='ocrx_word' id='word_1_81' title='bbox 166 1151 205 1205; x_wconf 87' lang='lat' dir='ltr'><strong>in</strong></span> <span class='ocrx_word' id='word_1_82' title='bbox 224 1162 363 1202; x_wconf 87' lang='lat' dir='ltr'><strong>unam</strong></span> <span class='ocrx_word' id='word_1_83' title='bbox 390 1147 615 1217; x_wconf 80' lang='lat' dir='ltr'><strong>pulchri</strong></span> <span class='ocrx_word' id='word_1_84' title='bbox 646 1146 879 1203; x_wconf 75' lang='lat' dir='ltr'><strong>formam</strong></span> <span class='ocrx_word' id='word_1_85' title='bbox 918 1148 1205 1205; x_wconf 80' lang='lat' dir='ltr'><strong>conﬂatur.</strong></span> <span class='ocrx_word' id='word_1_86' title='bbox 1236 1150 1498 1221; x_wconf 81' lang='lat' dir='ltr'><strong>Origenes</strong></span> <span class='ocrx_word' id='word_1_87' title='bbox 1528 1164 1707 1209; x_wconf 88' lang='lat' dir='ltr'><strong>autem</strong></span> 
     </span>
    </p>
   </div>
   <div class='ocr_carea' id='block_1_12' title="bbox 165 1238 1706 1313">
    <p class='ocr_par' dir='ltr' id='par_1_12' title="bbox 165 1238 1706 1313">
     <span class='ocr_line' id='line_1_12' title="bbox 165 1238 1706 1313; baseline 0.005 -19"><span class='ocrx_word' id='word_1_88' title='bbox 165 1241 356 1295; x_wconf 83' lang='lat' dir='ltr'><strong>animam</strong></span> <span class='ocrx_word' id='word_1_89' title='bbox 388 1238 590 1305; x_wconf 87' lang='lat' dir='ltr'><strong>solam,</strong></span> <span class='ocrx_word' id='word_1_90' title='bbox 617 1240 894 1296; x_wconf 86' lang='lat' dir='ltr'><strong>hominem</strong></span> <span class='ocrx_word' id='word_1_91' title='bbox 920 1256 1040 1297; x_wconf 88' lang='lat' dir='ltr'><strong>esse</strong></span> <span class='ocrx_word' id='word_1_92' title='bbox 1060 1242 1219 1309; x_wconf 89' lang='lat' dir='ltr'><strong>dixit,</strong></span> <span class='ocrx_word' id='word_1_93' title='bbox 1252 1246 1706 1313; x_wconf 82' lang='lat' dir='ltr'><strong>quemadmodum</strong></span> 
     </span>
    </p>
   </div>
   <div class='ocr_carea' id='block_1_13' title="bbox 163 1329 1707 1404">
    <p class='ocr_par' dir='ltr' id='par_1_13' title="bbox 163 1329 1707 1404">
     <span class='ocr_line' id='line_1_13' title="bbox 163 1329 1707 1404; baseline 0.004 -20"><span class='ocrx_word' id='word_1_94' title='bbox 163 1341 202 1385; x_wconf 86' lang='lat' dir='ltr'><strong>et</strong></span> <span class='ocrx_word' id='word_1_95' title='bbox 227 1329 376 1384; x_wconf 82' lang='lat' dir='ltr'><strong>Plato.</strong></span> <span class='ocrx_word' id='word_1_96' title='bbox 407 1347 426 1382; x_wconf 73' lang='grc' dir='ltr'><strong>ι</strong></span> <span class='ocrx_word' id='word_1_97' title='bbox 468 1330 699 1387; x_wconf 89' lang='lat' dir='ltr'><strong>Prostat</strong></span> <span class='ocrx_word' id='word_1_98' title='bbox 723 1331 813 1387; x_wconf 90' lang='lat' dir='ltr'><strong>hic</strong></span> <span class='ocrx_word' id='word_1_99' title='bbox 846 1348 1063 1403; x_wconf 91' lang='lat' dir='ltr'><strong>quoque</strong></span> <span class='ocrx_word' id='word_1_100' title='bbox 1103 1334 1257 1390; x_wconf 90' lang='lat' dir='ltr'><strong>locus</strong></span> <span class='ocrx_word' id='word_1_101' title='bbox 1278 1334 1538 1390; x_wconf 77' lang='lat' dir='ltr'><strong>Metltodii</strong></span> <span class='ocrx_word' id='word_1_102' title='bbox 1569 1336 1707 1404; x_wconf 89' lang='lat' dir='ltr'><strong>apud</strong></span> 
     </span>
    </p>
   </div>
   <div class='ocr_carea' id='block_1_14' title="bbox 164 1418 1707 1495">
    <p class='ocr_par' dir='ltr' id='par_1_14' title="bbox 164 1418 1707 1495">
     <span class='ocr_line' id='line_1_14' title="bbox 164 1418 1707 1495; baseline 0.005 -24"><span class='ocrx_word' id='word_1_103' title='bbox 164 1418 476 1489; x_wconf 79' lang='lat' dir='ltr'><strong>Epiphanium</strong></span> <span class='ocrx_word' id='word_1_104' title='bbox 515 1420 719 1477; x_wconf 70' lang='lat' dir='ltr'><strong>hmres.</strong></span> <span class='ocrx_word' id='word_1_105' title='bbox 767 1437 915 1486; x_wconf 80' lang='lat' dir='ltr'><strong>thv,</strong></span> <span class='ocrx_word' id='word_1_106' title='bbox 946 1437 1066 1491; x_wconf 85' lang='lat' dir='ltr'><strong>cap.</strong></span> <span class='ocrx_word' id='word_1_107' title='bbox 1106 1422 1196 1488; x_wconf 79' lang='lat' dir='ltr'><strong>t7,</strong></span> <span class='ocrx_word' id='word_1_108' title='bbox 1250 1425 1344 1479; x_wconf 89' lang='lat' dir='ltr'><strong>sed</strong></span> <span class='ocrx_word' id='word_1_109' title='bbox 1377 1424 1462 1479; x_wconf 86' lang='lat' dir='ltr'><strong>his</strong></span> <span class='ocrx_word' id='word_1_110' title='bbox 1495 1433 1707 1495; x_wconf 85' lang='lat' dir='ltr'><strong>postre-</strong></span> 
     </span>
    </p>
   </div>
   <div class='ocr_carea' id='block_1_15' title="bbox 162 1512 1706 1589">
    <p class='ocr_par' dir='ltr' id='par_1_15' title="bbox 162 1512 1706 1589">
     <span class='ocr_line' id='line_1_15' title="bbox 162 1512 1706 1589; baseline 0.005 -26"><span class='ocrx_word' id='word_1_111' title='bbox 162 1512 239 1565; x_wconf 89' lang='lat' dir='ltr'><strong>mis</strong></span> <span class='ocrx_word' id='word_1_112' title='bbox 282 1519 563 1566; x_wconf 84' lang='lat' dir='ltr'><strong>truncatus</strong></span> <span class='ocrx_word' id='word_1_113' title='bbox 616 1513 843 1569; x_wconf 83' lang='lat' dir='ltr'><strong>verbis:</strong></span> <span class='ocrx_word' id='word_1_114' title='bbox 886 1514 943 1569; x_wconf 86' lang='lat'><strong>&#39;0</strong></span> <span class='ocrx_word' id='word_1_115' title='bbox 970 1514 1015 1569; x_wconf 83' lang='grc' dir='ltr'><strong>δ’</strong></span> <span class='ocrx_word' id='word_1_116' title='bbox 1066 1514 1348 1587; x_wconf 81' lang='grc' dir='ltr'><strong>Ὠριγένης</strong></span> <span class='ocrx_word' id='word_1_117' title='bbox 1393 1516 1493 1589; x_wconf 78' lang='grc' dir='ltr'><strong>τὴν</strong></span> <span class='ocrx_word' id='word_1_118' title='bbox 1528 1516 1706 1587; x_wconf 76' lang='grc' dir='ltr'>ψυχὴν</span> 
     </span>
    </p>
   </div>
   <div class='ocr_carea' id='block_1_16' title="bbox 162 1597 1705 1676">
    <p class='ocr_par' dir='ltr' id='par_1_16' title="bbox 162 1597 1705 1676">
     <span class='ocr_line' id='line_1_16' title="bbox 162 1597 1705 1676; baseline 0.006 -22"><span class='ocrx_word' id='word_1_119' title='bbox 162 1602 291 1673; x_wconf 77' lang='grc' dir='ltr'>μόνην</span> <span class='ocrx_word' id='word_1_120' title='bbox 310 1602 492 1671; x_wconf 71' lang='grc' dir='ltr'>ἔλεγεν</span> <span class='ocrx_word' id='word_1_121' title='bbox 517 1604 835 1676; x_wconf 71' lang='grc' dir='ltr'><strong>ἄνθρωπον;</strong></span> <span class='ocrx_word' id='word_1_122' title='bbox 861 1605 937 1671; x_wconf 83' lang='grc' dir='ltr'><strong>ὡς</strong></span> <span class='ocrx_word' id='word_1_123' title='bbox 963 1608 993 1659; x_wconf 97' lang='lat'><strong>6</strong></span> <span class='ocrx_word' id='word_1_124' title='bbox 1020 1597 1267 1663; x_wconf 81' lang='grc' dir='ltr'><strong>Πλάτων.</strong></span> <span class='ocrx_word' id='word_1_125' title='bbox 1310 1609 1459 1664; x_wconf 85' lang='lat' dir='ltr'><strong>Eane</strong></span> <span class='ocrx_word' id='word_1_126' title='bbox 1487 1609 1554 1665; x_wconf 88' lang='lat' dir='ltr'><strong>de</strong></span> <span class='ocrx_word' id='word_1_127' title='bbox 1607 1624 1705 1664; x_wconf 86' lang='lat' dir='ltr'><strong>suo</strong></span> 
     </span>
    </p>
   </div>
   <div class='ocr_carea' id='block_1_17' title="bbox 161 1694 1702 1772">
    <p class='ocr_par' dir='ltr' id='par_1_17' title="bbox 161 1694 1702 1772">
     <span class='ocr_line' id='line_1_17' title="bbox 161 1694 1702 1772; baseline 0.006 -24"><span class='ocrx_word' id='word_1_128' title='bbox 161 1696 380 1749; x_wconf 78' lang='lat' dir='ltr'><strong>addiderit</strong></span> <span class='ocrx_word' id='word_1_129' title='bbox 414 1694 666 1761; x_wconf 80' lang='lat' dir='ltr'><strong>Photius,</strong></span> <span class='ocrx_word' id='word_1_130' title='bbox 707 1712 776 1752; x_wconf 90' lang='lat' dir='ltr'><strong>an</strong></span> <span class='ocrx_word' id='word_1_131' title='bbox 826 1697 1131 1755; x_wconf 86' lang='lat' dir='ltr'><strong>detraxerit</strong></span> <span class='ocrx_word' id='word_1_132' title='bbox 1180 1700 1560 1771; x_wconf 84' lang='lat' dir='ltr'><strong>Epiphanius,</strong></span> <span class='ocrx_word' id='word_1_133' title='bbox 1609 1702 1702 1772; x_wconf 89' lang='lat' dir='ltr'><strong>qui</strong></span> 
     </span>
    </p>
   </div>
   <div class='ocr_carea' id='block_1_18' title="bbox 161 1786 1700 1863">
    <p class='ocr_par' dir='ltr' id='par_1_18' title="bbox 161 1786 1700 1863">
     <span class='ocr_line' id='line_1_18' title="bbox 161 1786 1700 1863; baseline 0.006 -24"><span class='ocrx_word' id='word_1_134' title='bbox 161 1796 289 1841; x_wconf 84' lang='lat' dir='ltr'><strong>totam</strong></span> <span class='ocrx_word' id='word_1_135' title='bbox 324 1786 585 1843; x_wconf 73' lang='lat' dir='ltr'><strong>Methodii</strong></span> <span class='ocrx_word' id='word_1_136' title='bbox 624 1790 1057 1860; x_wconf 78' lang='lat' dir='ltr'><strong>diSputationem</strong></span> <span class='ocrx_word' id='word_1_137' title='bbox 1089 1792 1144 1846; x_wconf 92' lang='lat' dir='ltr'><strong>in</strong></span> <span class='ocrx_word' id='word_1_138' title='bbox 1172 1793 1445 1863; x_wconf 89' lang='lat' dir='ltr'><strong>epitomen</strong></span> <span class='ocrx_word' id='word_1_139' title='bbox 1480 1805 1700 1850; x_wconf 86' lang='lat' dir='ltr'><strong>contra-</strong></span> 
     </span>
    </p>
   </div>
   <div class='ocr_carea' id='block_1_19' title="bbox 1817 589 3389 663">
    <p class='ocr_par' dir='ltr' id='par_1_19' title="bbox 1817 589 3389 663">
     <span class='ocr_line' id='line_1_19' title="bbox 1817 589 3389 663; baseline -0.004 -13"><span class='ocrx_word' id='word_1_140' title='bbox 1817 596 1953 651; x_wconf 92' lang='lat' dir='ltr'><strong>duos</strong></span> <span class='ocrx_word' id='word_1_141' title='bbox 1975 596 2219 651; x_wconf 88' lang='lat' dir='ltr'><strong>homines</strong></span> <span class='ocrx_word' id='word_1_142' title='bbox 2251 595 2321 651; x_wconf 90' lang='lat' dir='ltr'><strong>ab</strong></span> <span class='ocrx_word' id='word_1_143' title='bbox 2352 591 2614 663; x_wconf 79' lang='lat' dir='ltr'><strong>Apostolo</strong></span> <span class='ocrx_word' id='word_1_144' title='bbox 2638 591 2838 657; x_wconf 89' lang='lat' dir='ltr'><strong>editos,</strong></span> <span class='ocrx_word' id='word_1_145' title='bbox 2863 591 3194 654; x_wconf 82' lang='lat' dir='ltr'><strong>interiorem,</strong></span> <span class='ocrx_word' id='word_1_146' title='bbox 3226 589 3281 643; x_wconf 88' lang='lat' dir='ltr'><strong>id</strong></span> <span class='ocrx_word' id='word_1_147' title='bbox 3303 600 3389 646; x_wconf 87' lang='lat' dir='ltr'><strong>est</strong></span> 
     </span>
    </p>
   </div>
   <div class='ocr_carea' id='block_1_20' title="bbox 1816 678 3385 754">
    <p class='ocr_par' dir='ltr' id='par_1_20' title="bbox 1816 678 3385 754">
     <span class='ocr_line' id='line_1_20' title="bbox 1816 678 3385 754; baseline -0.006 -14"><span class='ocrx_word' id='word_1_148' title='bbox 1816 686 2090 754; x_wconf 89' lang='lat' dir='ltr'><strong>animam;</strong></span> <span class='ocrx_word' id='word_1_149' title='bbox 2129 695 2180 741; x_wconf 90' lang='lat' dir='ltr'><strong>et</strong></span> <span class='ocrx_word' id='word_1_150' title='bbox 2231 684 2580 749; x_wconf 74' lang='lat' dir='ltr'><strong>exteriorem,</strong></span> <span class='ocrx_word' id='word_1_151' title='bbox 2621 682 2675 737; x_wconf 88' lang='lat' dir='ltr'><strong>id</strong></span> <span class='ocrx_word' id='word_1_152' title='bbox 2712 691 2798 737; x_wconf 90' lang='lat' dir='ltr'><strong>est</strong></span> <span class='ocrx_word' id='word_1_153' title='bbox 2843 696 3100 747; x_wconf 90' lang='lat' dir='ltr'><strong>carnem;</strong></span> <span class='ocrx_word' id='word_1_154' title='bbox 3156 678 3385 734; x_wconf 83' lang='lat' dir='ltr'><strong>salutem</strong></span> 
     </span>
    </p>
   </div>
   <div class='ocr_carea' id='block_1_21' title="bbox 1811 773 3383 848">
    <p class='ocr_par' dir='ltr' id='par_1_21' title="bbox 1811 773 3383 848">
     <span class='ocr_line' id='line_1_21' title="bbox 1811 773 3383 848; baseline -0.004 -16"><span class='ocrx_word' id='word_1_155' title='bbox 1811 778 2029 848; x_wconf 80' lang='lat' dir='ltr'><strong>quidem</strong></span> <span class='ocrx_word' id='word_1_156' title='bbox 2052 778 2267 844; x_wconf 65' lang='lat' dir='ltr'><strong>animae,</strong></span> <span class='ocrx_word' id='word_1_157' title='bbox 2297 777 2350 832; x_wconf 90' lang='lat' dir='ltr'><strong>id</strong></span> <span class='ocrx_word' id='word_1_158' title='bbox 2376 787 2459 832; x_wconf 92' lang='lat' dir='ltr'><strong>est</strong></span> <span class='ocrx_word' id='word_1_159' title='bbox 2481 776 2723 831; x_wconf 90' lang='lat' dir='ltr'><strong>interiori</strong></span> <span class='ocrx_word' id='word_1_160' title='bbox 2744 774 2948 831; x_wconf 85' lang='lat' dir='ltr'><strong>homini</strong></span> <span class='ocrx_word' id='word_1_161' title='bbox 2970 791 2985 839; x_wconf 88' lang='lat'><strong>;</strong></span> <span class='ocrx_word' id='word_1_162' title='bbox 3009 773 3233 827; x_wconf 82' lang='lat' dir='ltr'><strong>exitium</strong></span> <span class='ocrx_word' id='word_1_163' title='bbox 3252 786 3383 827; x_wconf 90' lang='lat' dir='ltr'><strong>vero</strong></span> 
     </span>
    </p>
   </div>
   <div class='ocr_carea' id='block_1_22' title="bbox 1813 863 3380 938">
    <p class='ocr_par' dir='ltr' id='par_1_22' title="bbox 1813 863 3380 938">
     <span class='ocr_line' id='line_1_22' title="bbox 1813 863 3380 938; baseline -0.006 -11"><span class='ocrx_word' id='word_1_164' title='bbox 1813 871 1986 938; x_wconf 89' lang='lat' dir='ltr'><strong>carni,</strong></span> <span class='ocrx_word' id='word_1_165' title='bbox 2015 871 2067 924; x_wconf 94' lang='lat' dir='ltr'><strong>id</strong></span> <span class='ocrx_word' id='word_1_166' title='bbox 2094 878 2180 925; x_wconf 91' lang='lat' dir='ltr'><strong>est</strong></span> <span class='ocrx_word' id='word_1_167' title='bbox 2196 867 2458 924; x_wconf 86' lang='lat' dir='ltr'><strong>exteriori</strong></span> <span class='ocrx_word' id='word_1_168' title='bbox 2484 866 2949 937; x_wconf 87' lang='lat' dir='ltr'><strong>adjudicaverunt,</strong></span> <span class='ocrx_word' id='word_1_169' title='bbox 2975 866 3101 935; x_wconf 85' lang='lat' dir='ltr'><strong>quia</strong></span> <span class='ocrx_word' id='word_1_170' title='bbox 3118 863 3380 933; x_wconf 89' lang='lat' dir='ltr'><strong>scriptum</strong></span> 
     </span>
    </p>
   </div>
   <div class='ocr_carea' id='block_1_23' title="bbox 1812 956 3380 1018">
    <p class='ocr_par' dir='ltr' id='par_1_23' title="bbox 1812 956 3380 1018">
     <span class='ocr_line' id='line_1_23' title="bbox 1812 956 3380 1018; baseline -0.008 -1"><span class='ocrx_word' id='word_1_171' title='bbox 1812 963 1883 1017; x_wconf 89' lang='lat' dir='ltr'><strong>sit</strong></span> <span class='ocrx_word' id='word_1_172' title='bbox 1902 962 2236 1018; x_wconf 87' lang='lat' dir='ltr'><strong>Corinthiis:</strong></span> <span class='ocrx_word' id='word_1_173' title='bbox 2278 958 2422 1013; x_wconf 84' lang='lat' dir='ltr'><strong>Nam</strong></span> <span class='ocrx_word' id='word_1_174' title='bbox 2463 957 2561 1013; x_wconf 77' lang='lat' dir='ltr'><strong>etsi</strong></span> <span class='ocrx_word' id='word_1_175' title='bbox 2595 958 2749 1012; x_wconf 78' lang='lat' dir='ltr'><strong>homo</strong></span> <span class='ocrx_word' id='word_1_176' title='bbox 2789 967 2966 1011; x_wconf 83' lang='lat' dir='ltr'><strong>noster</strong></span> <span class='ocrx_word' id='word_1_177' title='bbox 2987 956 3220 1010; x_wconf 76' lang='lat' dir='ltr'><strong>exterior</strong></span> <span class='ocrx_word' id='word_1_178' title='bbox 3260 970 3380 1008; x_wconf 75' lang='grc' dir='ltr'><strong>σοι·-</strong></span> 
     </span>
    </p>
   </div>
   <div class='ocr_carea' id='block_1_24' title="bbox 1814 1044 3382 1122">
    <p class='ocr_par' dir='ltr' id='par_1_24' title="bbox 1814 1044 3382 1122">
     <span class='ocr_line' id='line_1_24' title="bbox 1814 1044 3382 1122; baseline -0.004 -14"><span class='ocrx_word' id='word_1_179' title='bbox 1814 1060 2096 1122; x_wconf 84' lang='lat' dir='ltr'><strong>rumpitur,</strong></span> <span class='ocrx_word' id='word_1_180' title='bbox 2116 1054 2206 1109; x_wconf 76' lang='lat' dir='ltr'><strong>sed</strong></span> <span class='ocrx_word' id='word_1_181' title='bbox 2230 1054 2452 1108; x_wconf 81' lang='lat' dir='ltr'><strong>interior</strong></span> <span class='ocrx_word' id='word_1_182' title='bbox 2466 1060 2746 1105; x_wconf 80' lang='lat' dir='ltr'><strong>renovatur</strong></span> <span class='ocrx_word' id='word_1_183' title='bbox 2758 1049 2824 1104; x_wconf 74' lang='lat' dir='ltr'><strong>de</strong></span> <span class='ocrx_word' id='word_1_184' title='bbox 2845 1048 2929 1103; x_wconf 81' lang='lat' dir='ltr'><strong>die</strong></span> <span class='ocrx_word' id='word_1_185' title='bbox 2952 1056 3000 1102; x_wconf 78' lang='lat' dir='ltr'><strong>et</strong></span> <span class='ocrx_word' id='word_1_186' title='bbox 3017 1048 3102 1102; x_wconf 84' lang='lat' dir='ltr'><strong>die</strong></span> <span class='ocrx_word' id='word_1_187' title='bbox 3116 1048 3185 1101; x_wconf 81' lang='grc'><strong>⁸⁸.</strong></span> <span class='ocrx_word' id='word_1_188' title='bbox 3210 1044 3382 1101; x_wconf 82' lang='lat' dir='ltr'><strong>Porro</strong></span> 
     </span>
    </p>
   </div>
   <div class='ocr_carea' id='block_1_25' title="bbox 1812 1138 3378 1217">
    <p class='ocr_par' dir='ltr' id='par_1_25' title="bbox 1812 1138 3378 1217">
     <span class='ocr_line' id='line_1_25' title="bbox 1812 1138 3378 1217; baseline -0.008 -13"><span class='ocrx_word' id='word_1_189' title='bbox 1812 1163 1912 1204; x_wconf 88' lang='lat' dir='ltr'><strong>nec</strong></span> <span class='ocrx_word' id='word_1_190' title='bbox 1944 1148 2121 1202; x_wconf 88' lang='lat' dir='ltr'><strong>anima</strong></span> <span class='ocrx_word' id='word_1_191' title='bbox 2144 1161 2242 1217; x_wconf 89' lang='lat' dir='ltr'><strong>per</strong></span> <span class='ocrx_word' id='word_1_192' title='bbox 2264 1143 2608 1213; x_wconf 87' lang='lat' dir='ltr'><strong>semetipsatn</strong></span> <span class='ocrx_word' id='word_1_193' title='bbox 2632 1142 2815 1207; x_wconf 88' lang='lat' dir='ltr'><strong>homo,</strong></span> <span class='ocrx_word' id='word_1_194' title='bbox 2843 1155 2964 1209; x_wconf 68' lang='lat' dir='ltr'><strong>quae</strong></span> <span class='ocrx_word' id='word_1_195' title='bbox 2992 1138 3245 1208; x_wconf 82' lang='lat' dir='ltr'><strong>ﬁgmento</strong></span> <span class='ocrx_word' id='word_1_196' title='bbox 3264 1138 3378 1208; x_wconf 91' lang='lat' dir='ltr'><strong>jam</strong></span> 
     </span>
    </p>
   </div>
   <div class='ocr_carea' id='block_1_26' title="bbox 1812 1229 3380 1310">
    <p class='ocr_par' dir='ltr' id='par_1_26' title="bbox 1812 1229 3380 1310">
     <span class='ocr_line' id='line_1_26' title="bbox 1812 1229 3380 1310; baseline -0.006 -15"><span class='ocrx_word' id='word_1_197' title='bbox 1812 1241 2017 1295; x_wconf 87' lang='lat' dir='ltr'><strong>homini</strong></span> <span class='ocrx_word' id='word_1_198' title='bbox 2046 1238 2314 1310; x_wconf 85' lang='lat' dir='ltr'><strong>appellato</strong></span> <span class='ocrx_word' id='word_1_199' title='bbox 2341 1245 2528 1306; x_wconf 87' lang='lat' dir='ltr'><strong>postea</strong></span> <span class='ocrx_word' id='word_1_200' title='bbox 2553 1234 2758 1289; x_wconf 88' lang='lat' dir='ltr'><strong>inserta</strong></span> <span class='ocrx_word' id='word_1_201' title='bbox 2793 1240 2918 1295; x_wconf 83' lang='lat' dir='ltr'><strong>est;</strong></span> <span class='ocrx_word' id='word_1_202' title='bbox 2969 1244 3070 1287; x_wconf 87' lang='lat' dir='ltr'><strong>nec</strong></span> <span class='ocrx_word' id='word_1_203' title='bbox 3100 1246 3228 1286; x_wconf 89' lang='lat' dir='ltr'><strong>caro</strong></span> <span class='ocrx_word' id='word_1_204' title='bbox 3258 1229 3380 1285; x_wconf 87' lang='lat' dir='ltr'><strong>sine</strong></span> 
     </span>
    </p>
   </div>
   <div class='ocr_carea' id='block_1_27' title="bbox 1809 1322 3382 1398">
    <p class='ocr_par' dir='ltr' id='par_1_27' title="bbox 1809 1322 3382 1398">
     <span class='ocr_line' id='line_1_27' title="bbox 1809 1322 3382 1398; baseline -0.007 -11"><span class='ocrx_word' id='word_1_205' title='bbox 1809 1333 1987 1387; x_wconf 82' lang='lat' dir='ltr'><strong>anima</strong></span> <span class='ocrx_word' id='word_1_206' title='bbox 2018 1332 2199 1396; x_wconf 92' lang='lat' dir='ltr'><strong>homo,</strong></span> <span class='ocrx_word' id='word_1_207' title='bbox 2228 1344 2348 1398; x_wconf 64' lang='lat' dir='ltr'><strong>quae</strong></span> <span class='ocrx_word' id='word_1_208' title='bbox 2376 1335 2496 1398; x_wconf 90' lang='lat' dir='ltr'><strong>post</strong></span> <span class='ocrx_word' id='word_1_209' title='bbox 2523 1324 2771 1381; x_wconf 83' lang='lat' dir='ltr'><strong>exsilium</strong></span> <span class='ocrx_word' id='word_1_210' title='bbox 2804 1325 2999 1379; x_wconf 62' lang='lat' dir='ltr'><strong>animas</strong></span> <span class='ocrx_word' id='word_1_211' title='bbox 3036 1322 3269 1378; x_wconf 81' lang='lat' dir='ltr'><strong>cadaver</strong></span> <span class='ocrx_word' id='word_1_212' title='bbox 3297 1322 3382 1377; x_wconf 91' lang='lat' dir='ltr'><strong>in-</strong></span> 
     </span>
    </p>
   </div>
   <div class='ocr_carea' id='block_1_28' title="bbox 1807 1413 3379 1484">
    <p class='ocr_par' dir='ltr' id='par_1_28' title="bbox 1807 1413 3379 1484">
     <span class='ocr_line' id='line_1_28' title="bbox 1807 1413 3379 1484; baseline -0.007 -5"><span class='ocrx_word' id='word_1_213' title='bbox 1807 1424 2086 1479; x_wconf 84' lang='lat' dir='ltr'><strong>scribitur.</strong></span> <span class='ocrx_word' id='word_1_214' title='bbox 2128 1441 2147 1475; x_wconf 73' lang='grc' dir='ltr'><strong>ι</strong></span> <span class='ocrx_word' id='word_1_215' title='bbox 2173 1420 2268 1475; x_wconf 84' lang='lat' dir='ltr'><strong>His</strong></span> <span class='ocrx_word' id='word_1_216' title='bbox 2306 1418 2579 1475; x_wconf 72' lang='lat' dir='ltr'><strong>haereticis</strong></span> <span class='ocrx_word' id='word_1_217' title='bbox 2600 1430 2853 1472; x_wconf 87' lang='lat' dir='ltr'><strong>assensus</strong></span> <span class='ocrx_word' id='word_1_218' title='bbox 2886 1425 2970 1471; x_wconf 83' lang='lat' dir='ltr'><strong>est</strong></span> <span class='ocrx_word' id='word_1_219' title='bbox 3011 1413 3300 1484; x_wconf 75' lang='lat' dir='ltr'><strong>Origenes,</strong></span> <span class='ocrx_word' id='word_1_220' title='bbox 3322 1420 3379 1468; x_wconf 86' lang='lat' dir='ltr'><strong>et</strong></span> 
     </span>
    </p>
   </div>
   <div class='ocr_carea' id='block_1_29' title="bbox 1806 1504 3380 1585">
    <p class='ocr_par' dir='ltr' id='par_1_29' title="bbox 1806 1504 3380 1585">
     <span class='ocr_line' id='line_1_29' title="bbox 1806 1504 3380 1585; baseline -0.004 -18"><span class='ocrx_word' id='word_1_221' title='bbox 1806 1522 1930 1585; x_wconf 87' lang='lat' dir='ltr'><strong>post</strong></span> <span class='ocrx_word' id='word_1_222' title='bbox 1949 1513 2235 1582; x_wconf 88' lang='lat' dir='ltr'><strong>Origenem</strong></span> <span class='ocrx_word' id='word_1_223' title='bbox 2258 1510 2529 1566; x_wconf 85' lang='lat' dir='ltr'><strong>Arnobius</strong></span> <span class='ocrx_word' id='word_1_224' title='bbox 2557 1508 2650 1564; x_wconf 89' lang='lat' dir='ltr'><strong>lib.</strong></span> <span class='ocrx_word' id='word_1_225' title='bbox 2680 1524 2719 1562; x_wconf 86' lang='lat' dir='ltr'><strong>tt</strong></span> <span class='ocrx_word' id='word_1_226' title='bbox 2738 1507 2955 1562; x_wconf 74' lang='lat' dir='ltr'><strong>Aduers.</strong></span> <span class='ocrx_word' id='word_1_227' title='bbox 2976 1518 3113 1576; x_wconf 83' lang='lat' dir='ltr'><strong>gent.</strong></span> <span class='ocrx_word' id='word_1_228' title='bbox 3139 1522 3160 1562; x_wconf 90' lang='lat'><strong><em>:</em></strong></span> <span class='ocrx_word' id='word_1_229' title='bbox 3187 1524 3206 1558; x_wconf 78' lang='grc' dir='ltr'><strong>ι</strong></span> <span class='ocrx_word' id='word_1_230' title='bbox 3238 1504 3380 1573; x_wconf 85' lang='lat' dir='ltr'><strong>Quid</strong></span> 
     </span>
    </p>
   </div>
   <div class='ocr_carea' id='block_1_30' title="bbox 1806 1598 3377 1673">
    <p class='ocr_par' dir='ltr' id='par_1_30' title="bbox 1806 1598 3377 1673">
     <span class='ocr_line' id='line_1_30' title="bbox 1806 1598 3377 1673; baseline -0.008 -8"><span class='ocrx_word' id='word_1_231' title='bbox 1806 1609 1950 1666; x_wconf 90' lang='lat' dir='ltr'><strong>enim</strong></span> <span class='ocrx_word' id='word_1_232' title='bbox 1978 1621 2164 1662; x_wconf 88' lang='lat' dir='ltr'><strong>sumus</strong></span> <span class='ocrx_word' id='word_1_233' title='bbox 2197 1605 2469 1670; x_wconf 88' lang='lat' dir='ltr'><strong>homines,</strong></span> <span class='ocrx_word' id='word_1_234' title='bbox 2505 1602 2700 1673; x_wconf 86' lang='lat' dir='ltr'><strong>inquit,</strong></span> <span class='ocrx_word' id='word_1_235' title='bbox 2735 1601 2840 1656; x_wconf 87' lang='lat' dir='ltr'><strong>nisi</strong></span> <span class='ocrx_word' id='word_1_236' title='bbox 2889 1600 3086 1656; x_wconf 64' lang='lat' dir='ltr'><strong>anima:</strong></span> <span class='ocrx_word' id='word_1_237' title='bbox 3130 1598 3377 1667; x_wconf 81' lang='lat' dir='ltr'><strong>corpori-</strong></span> 
     </span>
    </p>
   </div>
   <div class='ocr_carea' id='block_1_31' title="bbox 1807 1692 3379 1765">
    <p class='ocr_par' dir='ltr' id='par_1_31' title="bbox 1807 1692 3379 1765">
     <span class='ocr_line' id='line_1_31' title="bbox 1807 1692 3379 1765; baseline -0.006 -9"><span class='ocrx_word' id='word_1_238' title='bbox 1807 1700 1908 1756; x_wconf 89' lang='lat' dir='ltr'><strong>bus</strong></span> <span class='ocrx_word' id='word_1_239' title='bbox 1935 1698 2168 1753; x_wconf 71' lang='lat' dir='ltr'><strong>clausze?</strong></span> <span class='ocrx_word' id='word_1_240' title='bbox 2196 1717 2216 1750; x_wconf 77' lang='grc' dir='ltr'><strong>ι</strong></span> <span class='ocrx_word' id='word_1_241' title='bbox 2248 1705 2304 1752; x_wconf 85' lang='lat' dir='ltr'><strong>et</strong></span> <span class='ocrx_word' id='word_1_242' title='bbox 2335 1695 2503 1749; x_wconf 88' lang='lat' dir='ltr'><strong>multo</strong></span> <span class='ocrx_word' id='word_1_243' title='bbox 2542 1703 2667 1765; x_wconf 89' lang='lat' dir='ltr'><strong>post</strong></span> <span class='ocrx_word' id='word_1_244' title='bbox 2702 1693 2854 1764; x_wconf 88' lang='lat' dir='ltr'><strong>Hugo</strong></span> <span class='ocrx_word' id='word_1_245' title='bbox 2874 1708 2904 1746; x_wconf 92' lang='lat' dir='ltr'><strong>a</strong></span> <span class='ocrx_word' id='word_1_246' title='bbox 2926 1692 3131 1748; x_wconf 82' lang='lat' dir='ltr'><strong>Sancto</strong></span> <span class='ocrx_word' id='word_1_247' title='bbox 3158 1692 3379 1746; x_wconf 80' lang='lat' dir='ltr'><strong>Victore</strong></span> 
     </span>
    </p>
   </div>
   <div class='ocr_carea' id='block_1_32' title="bbox 1808 1785 3376 1858">
    <p class='ocr_par' dir='ltr' id='par_1_32' title="bbox 1808 1785 3376 1858">
     <span class='ocr_line' id='line_1_32' title="bbox 1808 1785 3376 1858; baseline -0.004 -12"><span class='ocrx_word' id='word_1_248' title='bbox 1808 1791 1959 1848; x_wconf 77' lang='lat' dir='ltr'><strong>lib.&quot;</strong></span> <span class='ocrx_word' id='word_1_249' title='bbox 1994 1791 2073 1846; x_wconf 81' lang='lat' dir='ltr'><strong>De</strong></span> <span class='ocrx_word' id='word_1_250' title='bbox 2090 1798 2407 1845; x_wconf 65' lang='lat' dir='ltr'><strong>sacrauerat.</strong></span> <span class='ocrx_word' id='word_1_251' title='bbox 2432 1789 2578 1858; x_wconf 78' lang='lat' dir='ltr'><strong>ﬁdei,</strong></span> <span class='ocrx_word' id='word_1_252' title='bbox 2609 1797 2747 1857; x_wconf 86' lang='lat' dir='ltr'><strong>part.</strong></span> <span class='ocrx_word' id='word_1_253' title='bbox 2770 1802 2809 1849; x_wconf 87' lang='grc' dir='ltr'>ι,</span> <span class='ocrx_word' id='word_1_254' title='bbox 2835 1801 2959 1856; x_wconf 87' lang='lat' dir='ltr'><strong>cap.</strong></span> <span class='ocrx_word' id='word_1_255' title='bbox 2978 1785 3067 1850; x_wconf 72' lang='lat' dir='ltr'><strong>it,</strong></span> <span class='ocrx_word' id='word_1_256' title='bbox 3091 1799 3214 1838; x_wconf 90' lang='lat' dir='ltr'><strong>cum</strong></span> <span class='ocrx_word' id='word_1_257' title='bbox 3246 1800 3376 1854; x_wconf 88' lang='lat' dir='ltr'><strong>pro-</strong></span> 
     </span>
    </p>
   </div>
   <div class='ocr_carea' id='block_1_33' title="bbox 159 1858 3374 1959">
    <p class='ocr_par' dir='ltr' id='par_1_33' title="bbox 159 1858 3374 1959">
     <span class='ocr_line' id='line_1_33' title="bbox 159 1858 3374 1959; baseline 0 -29"><span class='ocrx_word' id='word_1_258' title='bbox 159 1880 229 1941; x_wconf 78' lang='lat' dir='ltr'><strong>xit,</strong></span> <span class='ocrx_word' id='word_1_259' title='bbox 259 1878 389 1933; x_wconf 89' lang='lat' dir='ltr'><strong>dictu</strong></span> <span class='ocrx_word' id='word_1_260' title='bbox 429 1879 598 1935; x_wconf 79' lang='lat' dir='ltr'><strong>facile</strong></span> <span class='ocrx_word' id='word_1_261' title='bbox 636 1858 747 1936; x_wconf 83' lang='lat' dir='ltr'><strong>non</strong></span> <span class='ocrx_word' id='word_1_262' title='bbox 799 1893 905 1938; x_wconf 87' lang='lat' dir='ltr'><strong>est.</strong></span> <span class='ocrx_word' id='word_1_263' title='bbox 940 1882 1096 1937; x_wconf 86' lang='lat' dir='ltr'><strong>Adde</strong></span> <span class='ocrx_word' id='word_1_264' title='bbox 1126 1858 1225 1954; x_wconf 81' lang='lat' dir='ltr'><strong>pro</strong></span> <span class='ocrx_word' id='word_1_265' title='bbox 1272 1900 1362 1949; x_wconf 88' lang='lat' dir='ltr'><strong>eo,</strong></span> <span class='ocrx_word' id='word_1_266' title='bbox 1392 1886 1421 1940; x_wconf 91' lang='lat'><strong>6</strong></span> <span class='ocrx_word' id='word_1_267' title='bbox 1464 1884 1511 1939; x_wconf 85' lang='grc' dir='ltr'><strong>δ’</strong></span> <span class='ocrx_word' id='word_1_268' title='bbox 1554 1886 1697 1959; x_wconf 83' lang='grc' dir='ltr'><strong>Ὠρι-</strong></span> <span class='ocrx_word' id='word_1_269' title='bbox 1728 1858 1772 1914; x_wconf 67' lang='grc' dir='ltr'><strong><em>Β</em></strong></span> <span class='ocrx_word' id='word_1_270' title='bbox 1800 1874 1934 1939; x_wconf 82' lang='lat' dir='ltr'><strong>hare</strong></span> <span class='ocrx_word' id='word_1_271' title='bbox 1960 1883 2121 1939; x_wconf 84' lang='lat' dir='ltr'><strong>vellet</strong></span> <span class='ocrx_word' id='word_1_272' title='bbox 2151 1890 2266 1937; x_wconf 89' lang='lat' dir='ltr'><strong>toto</strong></span> <span class='ocrx_word' id='word_1_273' title='bbox 2306 1880 2400 1935; x_wconf 89' lang='lat' dir='ltr'><strong>illo</strong></span> <span class='ocrx_word' id='word_1_274' title='bbox 2440 1879 2619 1934; x_wconf 86' lang='lat' dir='ltr'><strong>triduo</strong></span> <span class='ocrx_word' id='word_1_275' title='bbox 2652 1892 2761 1947; x_wconf 87' lang='lat' dir='ltr'><strong>quo</strong></span> <span class='ocrx_word' id='word_1_276' title='bbox 2796 1875 3051 1932; x_wconf 85' lang='lat' dir='ltr'><strong>Christus</strong></span> <span class='ocrx_word' id='word_1_277' title='bbox 3099 1876 3270 1946; x_wconf 78' lang='lat' dir='ltr'><strong>iacuit</strong></span> <span class='ocrx_word' id='word_1_278' title='bbox 3318 1875 3374 1930; x_wconf 93' lang='lat' dir='ltr'><strong>in</strong></span> 
     </span>
    </p>
   </div>
   <div class='ocr_carea' id='block_1_34' title="bbox 156 1968 3374 2049">
    <p class='ocr_par' dir='ltr' id='par_1_34' title="bbox 156 1968 3374 2049">
     <span class='ocr_line' id='line_1_34' title="bbox 156 1968 3374 2049; baseline -0.002 -22"><span class='ocrx_word' id='word_1_279' title='bbox 156 1970 295 2040; x_wconf 72' lang='grc' dir='ltr'><strong>γένης,</strong></span> <span class='ocrx_word' id='word_1_280' title='bbox 316 1978 657 2026; x_wconf 84' lang='lat' dir='ltr'><strong>contrariam</strong></span> <span class='ocrx_word' id='word_1_281' title='bbox 710 1973 1003 2031; x_wconf 89' lang='lat' dir='ltr'><strong>lectionem</strong></span> <span class='ocrx_word' id='word_1_282' title='bbox 1050 1976 1376 2033; x_wconf 89' lang='lat' dir='ltr'><strong>Photianum</strong></span> <span class='ocrx_word' id='word_1_283' title='bbox 1408 1981 1693 2049; x_wconf 86' lang='lat' dir='ltr'><strong>quemdam</strong></span> <span class='ocrx_word' id='word_1_284' title='bbox 1801 1974 2050 2046; x_wconf 84' lang='lat' dir='ltr'><strong>sepulcro</strong></span> <span class='ocrx_word' id='word_1_285' title='bbox 2078 1974 2312 2030; x_wconf 83' lang='lat' dir='ltr'><strong>Verbum</strong></span> <span class='ocrx_word' id='word_1_286' title='bbox 2348 1971 2621 2028; x_wconf 89' lang='lat' dir='ltr'><strong>hominem</strong></span> <span class='ocrx_word' id='word_1_287' title='bbox 2646 1971 2860 2025; x_wconf 78' lang='lat' dir='ltr'><strong>fuisse:</strong></span> <span class='ocrx_word' id='word_1_288' title='bbox 2918 1968 3023 2024; x_wconf 88' lang='lat' dir='ltr'><strong>hac</strong></span> <span class='ocrx_word' id='word_1_289' title='bbox 3067 1969 3210 2023; x_wconf 90' lang='lat' dir='ltr'><strong>enim</strong></span> <span class='ocrx_word' id='word_1_290' title='bbox 3283 1982 3374 2022; x_wconf 72' lang='grc' dir='ltr'><strong>ηρ</strong></span> 
     </span>
    </p>
   </div>
   <div class='ocr_carea' id='block_1_35' title="bbox 155 2059 3374 2144">
    <p class='ocr_par' dir='ltr' id='par_1_35' title="bbox 155 2059 3374 2144">
     <span class='ocr_line' id='line_1_35' title="bbox 155 2059 3374 2144; baseline -0.001 -29"><span class='ocrx_word' id='word_1_291' title='bbox 155 2063 343 2117; x_wconf 82' lang='lat' dir='ltr'><strong>codicem</strong></span> <span class='ocrx_word' id='word_1_292' title='bbox 366 2062 670 2130; x_wconf 88' lang='lat' dir='ltr'><strong>exhibere;</strong></span> <span class='ocrx_word' id='word_1_293' title='bbox 702 2080 821 2120; x_wconf 90' lang='lat' dir='ltr'><strong>eam</strong></span> <span class='ocrx_word' id='word_1_294' title='bbox 847 2066 1074 2134; x_wconf 88' lang='lat' dir='ltr'><strong>scilicet,</strong></span> <span class='ocrx_word' id='word_1_295' title='bbox 1108 2069 1216 2123; x_wconf 78' lang='grc' dir='ltr'><strong>οὐδ’</strong></span> <span class='ocrx_word' id='word_1_296' title='bbox 1259 2070 1558 2144; x_wconf 77' lang='grc' dir='ltr'><strong>Ὦριγένης.</strong></span> <span class='ocrx_word' id='word_1_297' title='bbox 1584 2071 1696 2128; x_wconf 84' lang='grc' dir='ltr'>Νεε</span> <span class='ocrx_word' id='word_1_298' title='bbox 1802 2067 1947 2122; x_wconf 82' lang='lat' dir='ltr'><strong>tione</strong></span> <span class='ocrx_word' id='word_1_299' title='bbox 1979 2068 2169 2129; x_wconf 88' lang='lat' dir='ltr'><strong>utitur.</strong></span> <span class='ocrx_word' id='word_1_300' title='bbox 2196 2064 2309 2121; x_wconf 84' lang='lat' dir='ltr'><strong>sola</strong></span> <span class='ocrx_word' id='word_1_301' title='bbox 2352 2065 2531 2118; x_wconf 86' lang='lat' dir='ltr'><strong>anima</strong></span> <span class='ocrx_word' id='word_1_302' title='bbox 2564 2071 2820 2118; x_wconf 71' lang='lat' dir='ltr'><strong>constare</strong></span> <span class='ocrx_word' id='word_1_303' title='bbox 2852 2059 3148 2125; x_wconf 86' lang='lat' dir='ltr'><strong>hominem,</strong></span> <span class='ocrx_word' id='word_1_304' title='bbox 3178 2059 3374 2114; x_wconf 63' lang='lat' dir='ltr'><strong>animae</strong></span> 
     </span>
    </p>
   </div>
   <div class='ocr_carea' id='block_1_36' title="bbox 155 2152 3372 2233">
    <p class='ocr_par' dir='ltr' id='par_1_36' title="bbox 155 2152 3372 2233">
     <span class='ocr_line' id='line_1_36' title="bbox 155 2152 3372 2233; baseline 0 -28"><span class='ocrx_word' id='word_1_305' title='bbox 155 2152 306 2207; x_wconf 84' lang='lat' dir='ltr'><strong>mirum</strong></span> <span class='ocrx_word' id='word_1_306' title='bbox 331 2152 469 2209; x_wconf 83' lang='lat' dir='ltr'><strong>foret</strong></span> <span class='ocrx_word' id='word_1_307' title='bbox 508 2169 541 2209; x_wconf 90' lang='lat' dir='ltr'><strong>a</strong></span> <span class='ocrx_word' id='word_1_308' title='bbox 600 2154 835 2212; x_wconf 85' lang='lat' dir='ltr'><strong>Platone</strong></span> <span class='ocrx_word' id='word_1_309' title='bbox 881 2159 1175 2228; x_wconf 85' lang='lat' dir='ltr'><strong>Origenem</strong></span> <span class='ocrx_word' id='word_1_310' title='bbox 1220 2163 1496 2230; x_wconf 85' lang='lat' dir='ltr'><strong>recedere,</strong></span> <span class='ocrx_word' id='word_1_311' title='bbox 1522 2171 1692 2233; x_wconf 85' lang='lat' dir='ltr'><strong>&#39;quem</strong></span> <span class='ocrx_word' id='word_1_312' title='bbox 1798 2168 1978 2215; x_wconf 87' lang='lat' dir='ltr'><strong>autem</strong></span> <span class='ocrx_word' id='word_1_313' title='bbox 2009 2158 2524 2225; x_wconf 84' lang='lat' dir='ltr'><strong>Christiacorpore</strong></span> <span class='ocrx_word' id='word_1_314' title='bbox 2557 2154 2840 2223; x_wconf 69' lang='lat' dir='ltr'><strong>disjeactte</strong></span> <span class='ocrx_word' id='word_1_315' title='bbox 2882 2152 3179 2209; x_wconf 74' lang='lat' dir='ltr'><strong>adhaesisse</strong></span> <span class='ocrx_word' id='word_1_316' title='bbox 3232 2152 3372 2209; x_wconf 90' lang='lat' dir='ltr'><strong>Ver-</strong></span> 
     </span>
    </p>
   </div>
   <div class='ocr_carea' id='block_1_37' title="bbox 152 2244 3369 2324">
    <p class='ocr_par' dir='ltr' id='par_1_37' title="bbox 152 2244 3369 2324">
     <span class='ocr_line' id='line_1_37' title="bbox 152 2244 3369 2324; baseline 0.002 -32"><span class='ocrx_word' id='word_1_317' title='bbox 152 2244 201 2295; x_wconf 84' lang='lat' dir='ltr'><strong>ab</strong></span> <span class='ocrx_word' id='word_1_318' title='bbox 217 2244 379 2297; x_wconf 85' lang='lat' dir='ltr'><strong>eodem</strong></span> <span class='ocrx_word' id='word_1_319' title='bbox 417 2248 729 2303; x_wconf 86' lang='lat' dir='ltr'><strong>recessisse</strong></span> <span class='ocrx_word' id='word_1_320' title='bbox 766 2263 892 2303; x_wconf 84' lang='lat' dir='ltr'><strong>mox</strong></span> <span class='ocrx_word' id='word_1_321' title='bbox 925 2250 1183 2319; x_wconf 75' lang='lat' dir='ltr'><strong>vidimus,</strong></span> <span class='ocrx_word' id='word_1_322' title='bbox 1217 2267 1339 2307; x_wconf 90' lang='lat' dir='ltr'><strong>cum</strong></span> <span class='ocrx_word' id='word_1_323' title='bbox 1370 2256 1437 2309; x_wconf 91' lang='lat' dir='ltr'><strong>de</strong></span> <span class='ocrx_word' id='word_1_324' title='bbox 1474 2255 1690 2324; x_wconf 86' lang='lat' dir='ltr'><strong>animis,</strong></span> <span class='ocrx_word' id='word_1_325' title='bbox 1800 2252 1947 2317; x_wconf 89' lang='lat' dir='ltr'><strong>bum,</strong></span> <span class='ocrx_word' id='word_1_326' title='bbox 1976 2250 2215 2306; x_wconf 86' lang='lat' dir='ltr'><strong>Verbum</strong></span> <span class='ocrx_word' id='word_1_327' title='bbox 2243 2250 2408 2320; x_wconf 62' lang='lat' dir='ltr'><strong>igitur</strong></span> <span class='ocrx_word' id='word_1_328' title='bbox 2436 2246 2604 2302; x_wconf 88' lang='lat' dir='ltr'><strong>nihilo</strong></span> <span class='ocrx_word' id='word_1_329' title='bbox 2634 2246 2811 2301; x_wconf 91' lang='lat' dir='ltr'><strong>minus</strong></span> <span class='ocrx_word' id='word_1_330' title='bbox 2844 2244 3011 2301; x_wconf 79' lang='lat' dir='ltr'><strong>fuisse</strong></span> <span class='ocrx_word' id='word_1_331' title='bbox 3053 2245 3327 2301; x_wconf 78' lang='lat' dir='ltr'><strong>heminem</strong></span> <span class='ocrx_word' id='word_1_332' title='bbox 3352 2284 3369 2310; x_wconf 89' lang='lat'><strong>,</strong></span> 
     </span>
    </p>
   </div>
   <div class='ocr_carea' id='block_1_38' title="bbox 149 2338 3373 2415">
    <p class='ocr_par' dir='ltr' id='par_1_38' title="bbox 149 2338 3373 2415">
     <span class='ocr_line' id='line_1_38' title="bbox 149 2338 3373 2415; baseline 0.002 -29"><span class='ocrx_word' id='word_1_333' title='bbox 149 2346 443 2402; x_wconf 79' lang='lat' dir='ltr'><strong>corporeaene</strong></span> <span class='ocrx_word' id='word_1_334' title='bbox 477 2350 551 2390; x_wconf 89' lang='lat' dir='ltr'><strong>an</strong></span> <span class='ocrx_word' id='word_1_335' title='bbox 591 2338 931 2407; x_wconf 64' lang='lat' dir='ltr'><strong>incorporea</strong></span> <span class='ocrx_word' id='word_1_336' title='bbox 954 2348 1154 2404; x_wconf 88' lang='lat' dir='ltr'><strong>essent,</strong></span> <span class='ocrx_word' id='word_1_337' title='bbox 1188 2354 1547 2411; x_wconf 57' lang='lat' dir='ltr'><strong>quaereretur.</strong></span> <span class='ocrx_word' id='word_1_338' title='bbox 1796 2359 1962 2415; x_wconf 85' lang='lat' dir='ltr'><strong>quam</strong></span> <span class='ocrx_word' id='word_1_339' title='bbox 1988 2344 2115 2398; x_wconf 90' lang='lat' dir='ltr'><strong>dum</strong></span> <span class='ocrx_word' id='word_1_340' title='bbox 2143 2342 2322 2397; x_wconf 87' lang='lat' dir='ltr'><strong>anima</strong></span> <span class='ocrx_word' id='word_1_341' title='bbox 2363 2340 2581 2410; x_wconf 87' lang='lat' dir='ltr'><strong>corpori</strong></span> <span class='ocrx_word' id='word_1_342' title='bbox 2630 2348 2780 2395; x_wconf 88' lang='lat' dir='ltr'><strong>esset</strong></span> <span class='ocrx_word' id='word_1_343' title='bbox 2807 2353 3070 2395; x_wconf 79' lang='lat' dir='ltr'><strong>connexa.</strong></span> <span class='ocrx_word' id='word_1_344' title='bbox 3131 2339 3373 2408; x_wconf 86' lang='lat' dir='ltr'><strong>Denique</strong></span> 
     </span>
    </p>
   </div>
   <div class='ocr_carea' id='block_1_39' title="bbox 197 2425 3378 2506">
    <p class='ocr_par' dir='ltr' id='par_1_39' title="bbox 197 2425 3378 2506">
     <span class='ocr_line' id='line_1_39' title="bbox 197 2425 3378 2506; baseline 0.002 -28"><span class='ocrx_word' id='word_1_345' title='bbox 197 2426 249 2479; x_wconf 81' lang='lat' dir='ltr'><strong>At</strong></span> <span class='ocrx_word' id='word_1_346' title='bbox 270 2425 543 2482; x_wconf 81' lang='lat' dir='ltr'><strong>fatendum</strong></span> <span class='ocrx_word' id='word_1_347' title='bbox 574 2437 759 2484; x_wconf 89' lang='lat' dir='ltr'><strong>tamen</strong></span> <span class='ocrx_word' id='word_1_348' title='bbox 785 2438 867 2484; x_wconf 90' lang='lat' dir='ltr'><strong>est</strong></span> <span class='ocrx_word' id='word_1_349' title='bbox 891 2430 1347 2501; x_wconf 86' lang='lat' dir='ltr'><strong>Origeniauorum</strong></span> <span class='ocrx_word' id='word_1_350' title='bbox 1379 2432 1689 2505; x_wconf 71' lang='lat' dir='ltr'><strong>dogniatum</strong></span> <span class='ocrx_word' id='word_1_351' title='bbox 1794 2437 2106 2506; x_wconf 81' lang='lat' dir='ltr'><strong>opiniOnem</strong></span> <span class='ocrx_word' id='word_1_352' title='bbox 2132 2436 2377 2490; x_wconf 83' lang='lat' dir='ltr'><strong>eamdem</strong></span> <span class='ocrx_word' id='word_1_353' title='bbox 2418 2434 2586 2487; x_wconf 89' lang='lat' dir='ltr'><strong>tuitus</strong></span> <span class='ocrx_word' id='word_1_354' title='bbox 2629 2443 2716 2487; x_wconf 90' lang='lat' dir='ltr'><strong>est</strong></span> <span class='ocrx_word' id='word_1_355' title='bbox 2774 2446 3097 2502; x_wconf 78' lang='lat' dir='ltr'><strong>proavorum</strong></span> <span class='ocrx_word' id='word_1_356' title='bbox 3162 2441 3378 2486; x_wconf 89' lang='lat' dir='ltr'><strong>nostro-</strong></span> 
     </span>
    </p>
   </div>
   <div class='ocr_carea' id='block_1_40' title="bbox 148 2516 3365 2596">
    <p class='ocr_par' dir='ltr' id='par_1_40' title="bbox 148 2516 3365 2596">
     <span class='ocr_line' id='line_1_40' title="bbox 148 2516 3365 2596; baseline 0.004 -28"><span class='ocrx_word' id='word_1_357' title='bbox 148 2516 476 2571; x_wconf 67' lang='lat' dir='ltr'><strong>tobaarentiam</strong></span> <span class='ocrx_word' id='word_1_358' title='bbox 506 2532 580 2572; x_wconf 87' lang='lat' dir='ltr'><strong>eo</strong></span> <span class='ocrx_word' id='word_1_359' title='bbox 613 2534 714 2574; x_wconf 89' lang='lat' dir='ltr'><strong>nos</strong></span> <span class='ocrx_word' id='word_1_360' title='bbox 738 2520 1086 2589; x_wconf 86' lang='lat' dir='ltr'><strong>compellere,</strong></span> <span class='ocrx_word' id='word_1_361' title='bbox 1118 2529 1176 2575; x_wconf 92' lang='lat' dir='ltr'><strong>ut</strong></span> <span class='ocrx_word' id='word_1_362' title='bbox 1201 2522 1377 2576; x_wconf 89' lang='lat' dir='ltr'><strong>anima</strong></span> <span class='ocrx_word' id='word_1_363' title='bbox 1405 2524 1519 2579; x_wconf 89' lang='lat' dir='ltr'><strong>sola</strong></span> <span class='ocrx_word' id='word_1_364' title='bbox 1555 2541 1689 2579; x_wconf 66' lang='lat' dir='ltr'><strong>cun»</strong></span> <span class='ocrx_word' id='word_1_365' title='bbox 1796 2546 1914 2584; x_wconf 86' lang='lat' dir='ltr'><strong>tum</strong></span> <span class='ocrx_word' id='word_1_366' title='bbox 1959 2529 2223 2584; x_wconf 87' lang='lat' dir='ltr'><strong>memoria</strong></span> <span class='ocrx_word' id='word_1_367' title='bbox 2261 2527 2588 2583; x_wconf 81' lang='lat' dir='ltr'><strong>Franciscus</strong></span> <span class='ocrx_word' id='word_1_368' title='bbox 2636 2526 2902 2596; x_wconf 83' lang='lat' dir='ltr'><strong>Georgius</strong></span> <span class='ocrx_word' id='word_1_369' title='bbox 2945 2536 3075 2581; x_wconf 91' lang='lat' dir='ltr'><strong>tom.</strong></span> <span class='ocrx_word' id='word_1_370' title='bbox 3103 2525 3158 2591; x_wconf 91' lang='lat' dir='ltr'><strong>l,</strong></span> <span class='ocrx_word' id='word_1_371' title='bbox 3187 2524 3365 2596; x_wconf 89' lang='lat' dir='ltr'><strong>probl.</strong></span> 
     </span>
    </p>
   </div>
   <div class='ocr_carea' id='block_1_41' title="bbox 146 2610 2002 2689">
    <p class='ocr_par' dir='ltr' id='par_1_41' title="bbox 146 2610 2002 2689">
     <span class='ocr_line' id='line_1_41' title="bbox 146 2610 2002 2689; baseline 0.01 -29"><span class='ocrx_word' id='word_1_372' title='bbox 146 2610 537 2667; x_wconf 79' lang='lat' dir='ltr'><strong>stareliominem</strong></span> <span class='ocrx_word' id='word_1_373' title='bbox 558 2616 846 2672; x_wconf 88' lang='lat' dir='ltr'><strong>censuisse</strong></span> <span class='ocrx_word' id='word_1_374' title='bbox 863 2619 1250 2676; x_wconf 84' lang='lat' dir='ltr'><strong>Adamantium</strong></span> <span class='ocrx_word' id='word_1_375' title='bbox 1269 2623 1531 2678; x_wconf 84' lang='lat' dir='ltr'><strong>dicamus.</strong></span> <span class='ocrx_word' id='word_1_376' title='bbox 1554 2624 1687 2680; x_wconf 81' lang='lat' dir='ltr'><strong>Nam</strong></span> <span class='ocrx_word' id='word_1_377' title='bbox 1791 2622 1881 2689; x_wconf 78' lang='grc'><strong>26,</strong></span> <span class='ocrx_word' id='word_1_378' title='bbox 1912 2622 2002 2677; x_wconf 71' lang='lat'><strong>27.</strong></span> 
     </span>
    </p>
   </div>
   <div class='ocr_carea' id='block_1_42' title="bbox 144 2699 3370 2785">
    <p class='ocr_par' dir='ltr' id='par_1_42' title="bbox 144 2699 3370 2785">
     <span class='ocr_line' id='line_1_42' title="bbox 144 2699 3370 2785; baseline 0.004 -35"><span class='ocrx_word' id='word_1_379' title='bbox 144 2699 359 2757; x_wconf 71' lang='lat' dir='ltr'><strong>sianimaa</strong></span> <span class='ocrx_word' id='word_1_380' title='bbox 387 2704 677 2762; x_wconf 80' lang='lat' dir='ltr'><strong>vinculum</strong></span> <span class='ocrx_word' id='word_1_381' title='bbox 733 2717 790 2763; x_wconf 91' lang='lat' dir='ltr'><strong>et</strong></span> <span class='ocrx_word' id='word_1_382' title='bbox 835 2723 1027 2766; x_wconf 89' lang='lat' dir='ltr'><strong>carcer</strong></span> <span class='ocrx_word' id='word_1_383' title='bbox 1064 2728 1262 2782; x_wconf 90' lang='lat' dir='ltr'><strong>corpus</strong></span> <span class='ocrx_word' id='word_1_384' title='bbox 1286 2722 1388 2779; x_wconf 91' lang='lat' dir='ltr'><strong>est,</strong></span> <span class='ocrx_word' id='word_1_385' title='bbox 1421 2715 1514 2785; x_wconf 89' lang='lat' dir='ltr'><strong>qui</strong></span> <span class='ocrx_word' id='word_1_386' title='bbox 1562 2730 1689 2785; x_wconf 83' lang='lat' dir='ltr'><strong>pars</strong></span> <span class='ocrx_word' id='word_1_387' title='bbox 1864 2710 2029 2766; x_wconf 76' lang='lat' dir='ltr'><strong>XVII.</strong></span> <span class='ocrx_word' id='word_1_388' title='bbox 2072 2710 2289 2768; x_wconf 87' lang='lat' dir='ltr'><strong>Credita</strong></span> <span class='ocrx_word' id='word_1_389' title='bbox 2346 2710 2436 2765; x_wconf 89' lang='lat' dir='ltr'><strong>illa</strong></span> <span class='ocrx_word' id='word_1_390' title='bbox 2477 2719 2534 2765; x_wconf 89' lang='lat' dir='ltr'><strong>et</strong></span> <span class='ocrx_word' id='word_1_391' title='bbox 2578 2718 2787 2765; x_wconf 90' lang='lat' dir='ltr'><strong>asserta</strong></span> <span class='ocrx_word' id='word_1_392' title='bbox 2837 2711 2909 2765; x_wconf 93' lang='lat' dir='ltr'><strong>ob</strong></span> <span class='ocrx_word' id='word_1_393' title='bbox 2961 2709 3194 2779; x_wconf 77' lang='lat' dir='ltr'><strong>Origene</strong></span> <span class='ocrx_word' id='word_1_394' title='bbox 3252 2708 3370 2762; x_wconf 88' lang='lat' dir='ltr'><strong>ani-</strong></span> 
     </span>
    </p>
   </div>
   <div class='ocr_carea' id='block_1_43' title="bbox 144 2792 1686 2878">
    <p class='ocr_par' dir='ltr' id='par_1_43' title="bbox 144 2792 1686 2878">
     <span class='ocr_line' id='line_1_43' title="bbox 144 2792 1686 2878; baseline 0.013 -35"><span class='ocrx_word' id='word_1_395' title='bbox 144 2792 364 2849; x_wconf 84' lang='lat' dir='ltr'><strong>hominem</strong></span> <span class='ocrx_word' id='word_1_396' title='bbox 397 2810 746 2869; x_wconf 89' lang='lat' dir='ltr'><strong>componens</strong></span> <span class='ocrx_word' id='word_1_397' title='bbox 772 2801 1074 2859; x_wconf 78' lang='lat' dir='ltr'><strong>existimari</strong></span> <span class='ocrx_word' id='word_1_398' title='bbox 1095 2806 1335 2875; x_wconf 78' lang='lat' dir='ltr'><strong>poterit?</strong></span> <span class='ocrx_word' id='word_1_399' title='bbox 1364 2806 1686 2878; x_wconf 85' lang='lat' dir='ltr'><strong>Quanquam</strong></span> 
     </span>
    </p>
   </div>
   <div class='ocr_carea' id='block_1_44' title="bbox 1790 2792 3369 2878">
    <p class='ocr_par' dir='ltr' id='par_1_44' title="bbox 1792 2800 3369 2875">
     <span class='ocr_line' id='line_1_44' title="bbox 1792 2800 3369 2875; baseline -0.004 -17"><span class='ocrx_word' id='word_1_400' title='bbox 1792 2819 2001 2858; x_wconf 87' lang='lat' dir='ltr'><strong>marum</strong></span> <span class='ocrx_word' id='word_1_401' title='bbox 2032 2802 2383 2875; x_wconf 79' lang='grc' dir='ltr'><strong>προΰπαρξις</strong></span> <span class='ocrx_word' id='word_1_402' title='bbox 2408 2802 2718 2858; x_wconf 88' lang='lat' dir='ltr'><strong>earumdem</strong></span> <span class='ocrx_word' id='word_1_403' title='bbox 2753 2816 2973 2871; x_wconf 90' lang='lat' dir='ltr'><strong>quoque</strong></span> <span class='ocrx_word' id='word_1_404' title='bbox 3018 2800 3369 2873; x_wconf 74' lang='grc' dir='ltr'><strong>μετενσωμάσ</strong></span> 
     </span>
    </p>
   </div>
   <div class='ocr_carea' id='block_1_45' title="bbox 143 2883 3363 2961">
    <p class='ocr_par' dir='ltr' id='par_1_45' title="bbox 143 2883 3363 2961">
     <span class='ocr_line' id='line_1_45' title="bbox 143 2883 3363 2961; baseline 0.004 -29"><span class='ocrx_word' id='word_1_405' title='bbox 143 2883 217 2935; x_wconf 76' lang='lat' dir='ltr'><strong>alia</strong></span> <span class='ocrx_word' id='word_1_406' title='bbox 239 2887 404 2941; x_wconf 87' lang='lat' dir='ltr'><strong>omnia</strong></span> <span class='ocrx_word' id='word_1_407' title='bbox 430 2891 595 2959; x_wconf 89' lang='lat' dir='ltr'><strong>sequi</strong></span> <span class='ocrx_word' id='word_1_408' title='bbox 622 2892 842 2946; x_wconf 87' lang='lat' dir='ltr'><strong>videtur</strong></span> <span class='ocrx_word' id='word_1_409' title='bbox 876 2894 1065 2950; x_wconf 89' lang='lat' dir='ltr'><strong>homil.</strong></span> <span class='ocrx_word' id='word_1_410' title='bbox 1091 2895 1233 2952; x_wconf 78' lang='lat' dir='ltr'><strong>29in</strong></span> <span class='ocrx_word' id='word_1_411' title='bbox 1262 2896 1393 2953; x_wconf 81' lang='lat' dir='ltr'><strong>Luc.</strong></span> <span class='ocrx_word' id='word_1_412' title='bbox 1421 2915 1544 2953; x_wconf 90' lang='lat' dir='ltr'><strong>cum</strong></span> <span class='ocrx_word' id='word_1_413' title='bbox 1574 2899 1682 2954; x_wconf 88' lang='lat' dir='ltr'><strong>ait:</strong></span> <span class='ocrx_word' id='word_1_414' title='bbox 1788 2912 1953 2949; x_wconf 84' lang='grc' dir='ltr'><strong>τωσιν</strong></span> <span class='ocrx_word' id='word_1_415' title='bbox 1979 2909 2080 2951; x_wconf 90' lang='lat' dir='ltr'><strong>cur</strong></span> <span class='ocrx_word' id='word_1_416' title='bbox 2105 2895 2439 2961; x_wconf 86' lang='lat' dir='ltr'><strong>admitteret,</strong></span> <span class='ocrx_word' id='word_1_417' title='bbox 2468 2908 2649 2949; x_wconf 71' lang='lat' dir='ltr'><strong>causa:</strong></span> <span class='ocrx_word' id='word_1_418' title='bbox 2687 2892 2810 2958; x_wconf 77' lang='lat' dir='ltr'><strong>fuit,</strong></span> <span class='ocrx_word' id='word_1_419' title='bbox 2852 2902 2907 2947; x_wconf 92' lang='lat' dir='ltr'><strong>ut</strong></span> <span class='ocrx_word' id='word_1_420' title='bbox 2935 2892 3171 2947; x_wconf 90' lang='lat' dir='ltr'><strong>diximus</strong></span> <span class='ocrx_word' id='word_1_421' title='bbox 3202 2910 3214 2945; x_wconf 93' lang='lat'><strong>:</strong></span> <span class='ocrx_word' id='word_1_422' title='bbox 3240 2906 3363 2945; x_wconf 88' lang='lat' dir='ltr'><strong>nam</strong></span> 
     </span>
    </p>
   </div>
   <div class='ocr_carea' id='block_1_46' title="bbox 144 2973 3367 3059">
    <p class='ocr_par' dir='ltr' id='par_1_46' title="bbox 144 2973 3367 3059">
     <span class='ocr_line' id='line_1_46' title="bbox 144 2973 3367 3059; baseline 0.003 -30"><span class='ocrx_word' id='word_1_423' title='bbox 144 2973 341 3032; x_wconf 75' lang='lat' dir='ltr'><strong>tOmnis</strong></span> <span class='ocrx_word' id='word_1_424' title='bbox 367 2978 536 3034; x_wconf 90' lang='lat' dir='ltr'><strong>homo</strong></span> <span class='ocrx_word' id='word_1_425' title='bbox 576 2982 749 3036; x_wconf 83' lang='lat' dir='ltr'><strong>morti</strong></span> <span class='ocrx_word' id='word_1_426' title='bbox 780 2982 1066 3054; x_wconf 74' lang='lat' dir='ltr'><strong>subiacet;</strong></span> <span class='ocrx_word' id='word_1_427' title='bbox 1123 2987 1227 3043; x_wconf 90' lang='lat' dir='ltr'><strong>iste</strong></span> <span class='ocrx_word' id='word_1_428' title='bbox 1263 3004 1406 3059; x_wconf 21' lang='lat' dir='ltr'><strong>(ergo</strong></span> <span class='ocrx_word' id='word_1_429' title='bbox 1438 2991 1530 3058; x_wconf 90' lang='lat' dir='ltr'><strong>qui</strong></span> <span class='ocrx_word' id='word_1_430' title='bbox 1587 3005 1687 3045; x_wconf 87' lang='lat' dir='ltr'><strong>ne-</strong></span> <span class='ocrx_word' id='word_1_431' title='bbox 1787 3003 1910 3041; x_wconf 89' lang='lat' dir='ltr'><strong>cum</strong></span> <span class='ocrx_word' id='word_1_432' title='bbox 1944 2987 2155 3042; x_wconf 87' lang='lat' dir='ltr'><strong>animas</strong></span> <span class='ocrx_word' id='word_1_433' title='bbox 2174 3002 2273 3055; x_wconf 88' lang='lat' dir='ltr'><strong>pro</strong></span> <span class='ocrx_word' id='word_1_434' title='bbox 2297 2996 2667 3056; x_wconf 81' lang='lat' dir='ltr'><strong>peccatorum,</strong></span> <span class='ocrx_word' id='word_1_435' title='bbox 2704 2986 3039 3039; x_wconf 90' lang='lat' dir='ltr'><strong>virtutumve</strong></span> <span class='ocrx_word' id='word_1_436' title='bbox 3062 2985 3275 3040; x_wconf 87' lang='lat' dir='ltr'><strong>ratione</strong></span> <span class='ocrx_word' id='word_1_437' title='bbox 3309 2994 3367 3039; x_wconf 90' lang='lat' dir='ltr'><strong>et</strong></span> 
     </span>
    </p>
   </div>
   <div class='ocr_carea' id='block_1_47' title="bbox 138 3073 3366 3148">
    <p class='ocr_par' dir='ltr' id='par_1_47' title="bbox 138 3073 3366 3148">
     <span class='ocr_line' id='line_1_47' title="bbox 138 3073 3366 3148; baseline 0.003 -27"><span class='ocrx_word' id='word_1_438' title='bbox 138 3082 359 3142; x_wconf 81' lang='lat' dir='ltr'><strong>quaquam</strong></span> <span class='ocrx_word' id='word_1_439' title='bbox 385 3073 649 3139; x_wconf 87' lang='lat' dir='ltr'><strong>moritur,</strong></span> <span class='ocrx_word' id='word_1_440' title='bbox 665 3074 781 3142; x_wconf 90' lang='lat' dir='ltr'><strong>jam</strong></span> <span class='ocrx_word' id='word_1_441' title='bbox 803 3090 907 3129; x_wconf 91' lang='lat' dir='ltr'><strong>non</strong></span> <span class='ocrx_word' id='word_1_442' title='bbox 932 3084 1015 3131; x_wconf 87' lang='lat' dir='ltr'><strong>est</strong></span> <span class='ocrx_word' id='word_1_443' title='bbox 1042 3078 1224 3144; x_wconf 91' lang='lat' dir='ltr'><strong>homo,</strong></span> <span class='ocrx_word' id='word_1_444' title='bbox 1255 3082 1348 3134; x_wconf 89' lang='lat' dir='ltr'><strong>sed</strong></span> <span class='ocrx_word' id='word_1_445' title='bbox 1366 3080 1508 3135; x_wconf 90' lang='lat' dir='ltr'><strong>Deus</strong></span> <span class='ocrx_word' id='word_1_446' title='bbox 1524 3091 1608 3137; x_wconf 90' lang='lat' dir='ltr'><strong>est</strong></span> <span class='ocrx_word' id='word_1_447' title='bbox 1628 3097 1675 3145; x_wconf 74' lang='lat' dir='ltr'><strong>;r</strong></span> <span class='ocrx_word' id='word_1_448' title='bbox 1788 3079 1970 3142; x_wconf 87' lang='lat' dir='ltr'><strong>modo,</strong></span> <span class='ocrx_word' id='word_1_449' title='bbox 2003 3077 2087 3132; x_wconf 85' lang='lat' dir='ltr'><strong>vel</strong></span> <span class='ocrx_word' id='word_1_450' title='bbox 2104 3077 2418 3148; x_wconf 72' lang='lat' dir='ltr'><strong>angelorum</strong></span> <span class='ocrx_word' id='word_1_451' title='bbox 2444 3078 2705 3147; x_wconf 89' lang='lat' dir='ltr'><strong>consequi</strong></span> <span class='ocrx_word' id='word_1_452' title='bbox 2736 3078 3075 3145; x_wconf 78' lang='lat' dir='ltr'><strong>dignitatem,</strong></span> <span class='ocrx_word' id='word_1_453' title='bbox 3106 3077 3187 3131; x_wconf 89' lang='lat' dir='ltr'><strong>vel</strong></span> <span class='ocrx_word' id='word_1_454' title='bbox 3214 3090 3366 3131; x_wconf 88' lang='lat' dir='ltr'><strong>cras-</strong></span> 
     </span>
    </p>
   </div>
   <div class='ocr_carea' id='block_1_48' title="bbox 137 3162 1686 3264">
    <p class='ocr_par' dir='ltr' id='par_1_48' title="bbox 137 3162 1679 3243">
     <span class='ocr_line' id='line_1_48' title="bbox 137 3162 1679 3243; baseline 0.008 -30"><span class='ocrx_word' id='word_1_455' title='bbox 137 3175 259 3226; x_wconf 88' lang='lat' dir='ltr'><strong>quetn</strong></span> <span class='ocrx_word' id='word_1_456' title='bbox 282 3162 456 3219; x_wconf 79' lang='lat' dir='ltr'><strong>locum</strong></span> <span class='ocrx_word' id='word_1_457' title='bbox 482 3165 778 3221; x_wconf 89' lang='lat' dir='ltr'><strong>attulimus</strong></span> <span class='ocrx_word' id='word_1_458' title='bbox 805 3183 994 3239; x_wconf 89' lang='lat' dir='ltr'><strong>supra,</strong></span> <span class='ocrx_word' id='word_1_459' title='bbox 1024 3184 1146 3225; x_wconf 91' lang='lat' dir='ltr'><strong>cum</strong></span> <span class='ocrx_word' id='word_1_460' title='bbox 1178 3172 1583 3243; x_wconf 84' lang='lat' dir='ltr'><strong>disputaremus</strong></span> <span class='ocrx_word' id='word_1_461' title='bbox 1612 3190 1679 3228; x_wconf 89' lang='lat' dir='ltr'><strong>an</strong></span> 
     </span>
    </p>
   </div>
   <div class='ocr_carea' id='block_1_49' title="bbox 1790 3162 3361 3264">
    <p class='ocr_par' dir='ltr' id='par_1_49' title="bbox 1790 3164 3361 3236">
     <span class='ocr_line' id='line_1_49' title="bbox 1790 3164 3361 3236; baseline -0.003 -13"><span class='ocrx_word' id='word_1_462' title='bbox 1790 3168 2021 3223; x_wconf 87' lang='lat' dir='ltr'><strong>sioribus</strong></span> <span class='ocrx_word' id='word_1_463' title='bbox 2042 3167 2349 3230; x_wconf 87' lang='lat' dir='ltr'><strong>hominum,</strong></span> <span class='ocrx_word' id='word_1_464' title='bbox 2386 3166 2763 3222; x_wconf 83' lang='lat' dir='ltr'><strong>daemonumve</strong></span> <span class='ocrx_word' id='word_1_465' title='bbox 2792 3164 3361 3236; x_wconf 88' lang='lat' dir='ltr'><strong>corporibusadnecti,</strong></span> 
     </span>
    </p>
   </div>
   <div class='ocr_carea' id='block_1_50' title="bbox 138 3255 3362 3333">
    <p class='ocr_par' dir='ltr' id='par_1_50' title="bbox 138 3255 3362 3333">
     <span class='ocr_line' id='line_1_50' title="bbox 138 3255 3362 3333; baseline 0.003 -29"><span class='ocrx_word' id='word_1_466' title='bbox 138 3255 385 3309; x_wconf 84' lang='lat' dir='ltr'><strong>crediderit</strong></span> <span class='ocrx_word' id='word_1_467' title='bbox 436 3257 727 3312; x_wconf 86' lang='lat' dir='ltr'><strong>Christum</strong></span> <span class='ocrx_word' id='word_1_468' title='bbox 778 3259 1054 3316; x_wconf 91' lang='lat' dir='ltr'><strong>hominem</strong></span> <span class='ocrx_word' id='word_1_469' title='bbox 1098 3275 1222 3318; x_wconf 89' lang='lat' dir='ltr'><strong>esse</strong></span> <span class='ocrx_word' id='word_1_470' title='bbox 1254 3263 1484 3319; x_wconf 89' lang='lat' dir='ltr'><strong>desiisse</strong></span> <span class='ocrx_word' id='word_1_471' title='bbox 1535 3275 1682 3333; x_wconf 87' lang='lat' dir='ltr'><strong>post-</strong></span> <span class='ocrx_word' id='word_1_472' title='bbox 1714 3255 1751 3264; x_wconf 77' lang='grc'><strong><em>“</em></strong></span> <span class='ocrx_word' id='word_1_473' title='bbox 1782 3274 1837 3318; x_wconf 90' lang='grc' dir='ltr'><strong>ει</strong></span> <span class='ocrx_word' id='word_1_474' title='bbox 1870 3269 2130 3333; x_wconf 87' lang='lat' dir='ltr'><strong>perpetua</strong></span> <span class='ocrx_word' id='word_1_475' title='bbox 2183 3268 2398 3314; x_wconf 88' lang='lat' dir='ltr'><strong>utentes</strong></span> <span class='ocrx_word' id='word_1_476' title='bbox 2446 3259 2655 3314; x_wconf 87' lang='lat' dir='ltr'><strong>arbitrii</strong></span> <span class='ocrx_word' id='word_1_477' title='bbox 2709 3259 2993 3324; x_wconf 88' lang='lat' dir='ltr'><strong>libertate,</strong></span> <span class='ocrx_word' id='word_1_478' title='bbox 3028 3259 3225 3313; x_wconf 87' lang='lat' dir='ltr'><strong>iterum</strong></span> <span class='ocrx_word' id='word_1_479' title='bbox 3261 3259 3362 3314; x_wconf 89' lang='lat' dir='ltr'><strong>ite-</strong></span> 
     </span>
    </p>
   </div>
   <div class='ocr_carea' id='block_1_51' title="bbox 136 3348 3364 3422">
    <p class='ocr_par' dir='ltr' id='par_1_51' title="bbox 136 3348 3364 3422">
     <span class='ocr_line' id='line_1_51' title="bbox 136 3348 3364 3422; baseline 0.002 -23"><span class='ocrx_word' id='word_1_480' title='bbox 136 3359 255 3409; x_wconf 86' lang='lat' dir='ltr'><strong>quam</strong></span> <span class='ocrx_word' id='word_1_481' title='bbox 281 3358 525 3403; x_wconf 86' lang='lat' dir='ltr'><strong>mortuus</strong></span> <span class='ocrx_word' id='word_1_482' title='bbox 558 3358 661 3404; x_wconf 90' lang='lat' dir='ltr'><strong>est.</strong></span> <span class='ocrx_word' id='word_1_483' title='bbox 703 3349 984 3405; x_wconf 87' lang='lat' dir='ltr'><strong>Christum</strong></span> <span class='ocrx_word' id='word_1_484' title='bbox 1029 3353 1101 3408; x_wconf 91' lang='lat' dir='ltr'><strong>ibi</strong></span> <span class='ocrx_word' id='word_1_485' title='bbox 1126 3353 1238 3422; x_wconf 84' lang='lat' dir='ltr'><strong>jam</strong></span> <span class='ocrx_word' id='word_1_486' title='bbox 1269 3356 1543 3411; x_wconf 89' lang='lat' dir='ltr'><strong>hominem</strong></span> <span class='ocrx_word' id='word_1_487' title='bbox 1571 3373 1678 3412; x_wconf 91' lang='lat' dir='ltr'><strong>non</strong></span> <span class='ocrx_word' id='word_1_488' title='bbox 1783 3367 2011 3422; x_wconf 88' lang='lat' dir='ltr'><strong>rumque</strong></span> <span class='ocrx_word' id='word_1_489' title='bbox 2044 3352 2127 3406; x_wconf 88' lang='lat' dir='ltr'><strong>vel</strong></span> <span class='ocrx_word' id='word_1_490' title='bbox 2151 3359 2298 3406; x_wconf 90' lang='lat' dir='ltr'><strong>recte</strong></span> <span class='ocrx_word' id='word_1_491' title='bbox 2333 3350 2415 3406; x_wconf 87' lang='lat' dir='ltr'><strong>vel</strong></span> <span class='ocrx_word' id='word_1_492' title='bbox 2445 3348 2585 3405; x_wconf 91' lang='lat' dir='ltr'><strong>male</strong></span> <span class='ocrx_word' id='word_1_493' title='bbox 2604 3364 2766 3418; x_wconf 80' lang='lat' dir='ltr'><strong>agere</strong></span> <span class='ocrx_word' id='word_1_494' title='bbox 2790 3364 2953 3418; x_wconf 86' lang='lat' dir='ltr'><strong>posse</strong></span> <span class='ocrx_word' id='word_1_495' title='bbox 2974 3350 3242 3415; x_wconf 88' lang='lat' dir='ltr'><strong>crederet,</strong></span> <span class='ocrx_word' id='word_1_496' title='bbox 3269 3362 3364 3405; x_wconf 81' lang='lat' dir='ltr'><strong>ne-</strong></span> 
     </span>
    </p>
   </div>
   <div class='ocr_carea' id='block_1_52' title="bbox 134 3434 3361 3523">
    <p class='ocr_par' dir='ltr' id='par_1_52' title="bbox 134 3434 3361 3523">
     <span class='ocr_line' id='line_1_52' title="bbox 134 3434 3361 3523; baseline 0.002 -33"><span class='ocrx_word' id='word_1_497' title='bbox 134 3446 221 3490; x_wconf 53' lang='lat' dir='ltr'><strong>case</strong></span> <span class='ocrx_word' id='word_1_498' title='bbox 243 3439 488 3505; x_wconf 78' lang='lat' dir='ltr'><strong>allirmat,</strong></span> <span class='ocrx_word' id='word_1_499' title='bbox 510 3444 641 3512; x_wconf 86' lang='lat' dir='ltr'><strong>quia</strong></span> <span class='ocrx_word' id='word_1_500' title='bbox 676 3444 838 3497; x_wconf 89' lang='lat' dir='ltr'><strong>morti</strong></span> <span class='ocrx_word' id='word_1_501' title='bbox 866 3444 979 3513; x_wconf 89' lang='lat' dir='ltr'><strong>jam</strong></span> <span class='ocrx_word' id='word_1_502' title='bbox 1007 3447 1238 3523; x_wconf 77' lang='lat' dir='ltr'><strong>amplius</strong></span> <span class='ocrx_word' id='word_1_503' title='bbox 1268 3449 1538 3505; x_wconf 77' lang='lat' dir='ltr'><strong>obnoxius</strong></span> <span class='ocrx_word' id='word_1_504' title='bbox 1571 3466 1678 3505; x_wconf 87' lang='lat' dir='ltr'><strong>non</strong></span> <span class='ocrx_word' id='word_1_505' title='bbox 1781 3446 2019 3501; x_wconf 85' lang='lat' dir='ltr'><strong>cessaria</strong></span> <span class='ocrx_word' id='word_1_506' title='bbox 2051 3434 2494 3516; x_wconf 86' lang='lat' dir='ltr'><strong>argumentorum</strong></span> <span class='ocrx_word' id='word_1_507' title='bbox 2519 3442 2909 3512; x_wconf 84' lang='lat' dir='ltr'><strong>consequentia</strong></span> <span class='ocrx_word' id='word_1_508' title='bbox 2949 3456 3015 3497; x_wconf 88' lang='lat' dir='ltr'><strong>eo</strong></span> <span class='ocrx_word' id='word_1_509' title='bbox 3044 3441 3361 3496; x_wconf 82' lang='lat' dir='ltr'><strong>adduceba-</strong></span> 
     </span>
    </p>
   </div>
   <div class='ocr_carea' id='block_1_53' title="bbox 134 3524 3359 3607">
    <p class='ocr_par' dir='ltr' id='par_1_53' title="bbox 134 3524 3359 3607">
     <span class='ocr_line' id='line_1_53' title="bbox 134 3524 3359 3607; baseline 0.002 -29"><span class='ocrx_word' id='word_1_510' title='bbox 134 3540 223 3582; x_wconf 77' lang='lat' dir='ltr'><strong>est:</strong></span> <span class='ocrx_word' id='word_1_511' title='bbox 252 3533 497 3604; x_wconf 76' lang='lat' dir='ltr'><strong>quisquis</strong></span> <span class='ocrx_word' id='word_1_512' title='bbox 527 3550 663 3604; x_wconf 86' lang='lat' dir='ltr'><strong>ergo</strong></span> <span class='ocrx_word' id='word_1_513' title='bbox 707 3536 846 3592; x_wconf 84' lang='lat' dir='ltr'><strong>tuori</strong></span> <span class='ocrx_word' id='word_1_514' title='bbox 878 3553 983 3592; x_wconf 92' lang='lat' dir='ltr'><strong>non</strong></span> <span class='ocrx_word' id='word_1_515' title='bbox 1019 3549 1241 3607; x_wconf 55' lang='lat' dir='ltr'><strong>potest,</strong></span> <span class='ocrx_word' id='word_1_516' title='bbox 1265 3541 1429 3597; x_wconf 87' lang='lat' dir='ltr'><strong>homo</strong></span> <span class='ocrx_word' id='word_1_517' title='bbox 1466 3557 1570 3597; x_wconf 86' lang='lat' dir='ltr'><strong>non</strong></span> <span class='ocrx_word' id='word_1_518' title='bbox 1598 3552 1682 3598; x_wconf 72' lang='lat' dir='ltr'><strong>est</strong></span> <span class='ocrx_word' id='word_1_519' title='bbox 1782 3524 1892 3600; x_wconf 78' lang='lat' dir='ltr'><strong>tur,</strong></span> <span class='ocrx_word' id='word_1_520' title='bbox 1918 3542 1979 3588; x_wconf 87' lang='lat' dir='ltr'><strong>ut</strong></span> <span class='ocrx_word' id='word_1_521' title='bbox 2011 3534 2224 3587; x_wconf 87' lang='lat' dir='ltr'><strong>animas</strong></span> <span class='ocrx_word' id='word_1_522' title='bbox 2250 3533 2529 3588; x_wconf 86' lang='lat' dir='ltr'><strong>hominum</strong></span> <span class='ocrx_word' id='word_1_523' title='bbox 2562 3532 2757 3586; x_wconf 90' lang='lat' dir='ltr'><strong>iterum</strong></span> <span class='ocrx_word' id='word_1_524' title='bbox 2804 3533 3113 3602; x_wconf 89' lang='lat' dir='ltr'><strong>iterumque</strong></span> <span class='ocrx_word' id='word_1_525' title='bbox 3174 3532 3359 3586; x_wconf 84' lang='lat' dir='ltr'><strong>subire</strong></span> 
     </span>
    </p>
   </div>
   <div class='ocr_carea' id='block_1_54' title="bbox 134 3620 3356 3705">
    <p class='ocr_par' dir='ltr' id='par_1_54' title="bbox 134 3620 3356 3705">
     <span class='ocr_line' id='line_1_54' title="bbox 134 3620 3356 3705; baseline 0.002 -32"><span class='ocrx_word' id='word_1_526' title='bbox 134 3638 181 3674; x_wconf 76' lang='lat' dir='ltr'><strong>ex</strong></span> <span class='ocrx_word' id='word_1_527' title='bbox 204 3620 433 3695; x_wconf 83' lang='lat' dir='ltr'><strong>Origenis</strong></span> <span class='ocrx_word' id='word_1_528' title='bbox 471 3629 794 3683; x_wconf 88' lang='lat' dir='ltr'><strong>sententia:</strong></span> <span class='ocrx_word' id='word_1_529' title='bbox 834 3638 891 3684; x_wconf 90' lang='lat' dir='ltr'><strong>at</strong></span> <span class='ocrx_word' id='word_1_530' title='bbox 921 3632 1103 3686; x_wconf 87' lang='lat' dir='ltr'><strong>anima</strong></span> <span class='ocrx_word' id='word_1_531' title='bbox 1156 3633 1394 3688; x_wconf 90' lang='lat' dir='ltr'><strong>humana</strong></span> <span class='ocrx_word' id='word_1_532' title='bbox 1450 3650 1679 3705; x_wconf 88' lang='lat' dir='ltr'><strong>corpore</strong></span> <span class='ocrx_word' id='word_1_533' title='bbox 1780 3641 1940 3698; x_wconf 83' lang='lat' dir='ltr'><strong>posse</strong></span> <span class='ocrx_word' id='word_1_534' title='bbox 1973 3625 2241 3680; x_wconf 80' lang='lat' dir='ltr'><strong>fateretur</strong></span> <span class='ocrx_word' id='word_1_535' title='bbox 2298 3625 2578 3680; x_wconf 89' lang='lat' dir='ltr'><strong>hominum</strong></span> <span class='ocrx_word' id='word_1_536' title='bbox 2634 3640 2863 3696; x_wconf 86' lang='lat' dir='ltr'><strong>corpora</strong></span> <span class='ocrx_word' id='word_1_537' title='bbox 2897 3625 2978 3679; x_wconf 89' lang='lat' dir='ltr'><strong>vel</strong></span> <span class='ocrx_word' id='word_1_538' title='bbox 3030 3626 3356 3680; x_wconf 58' lang='lat' dir='ltr'><strong>daemonum.</strong></span> 
     </span>
    </p>
   </div>
   <div class='ocr_carea' id='block_1_55' title="bbox 134 3715 3357 3796">
    <p class='ocr_par' dir='ltr' id='par_1_55' title="bbox 134 3715 3357 3796">
     <span class='ocr_line' id='line_1_55' title="bbox 134 3715 3357 3796; baseline 0.004 -34"><span class='ocrx_word' id='word_1_539' title='bbox 134 3715 331 3782; x_wconf 72' lang='lat' dir='ltr'><strong>sejuncla</strong></span> <span class='ocrx_word' id='word_1_540' title='bbox 365 3720 508 3773; x_wconf 71' lang='lat' dir='ltr'><strong>mori</strong></span> <span class='ocrx_word' id='word_1_541' title='bbox 556 3736 665 3774; x_wconf 82' lang='grc' dir='ltr'><strong>ηοη</strong></span> <span class='ocrx_word' id='word_1_542' title='bbox 692 3730 871 3790; x_wconf 69' lang='lat' dir='ltr'><strong>potest</strong></span> <span class='ocrx_word' id='word_1_543' title='bbox 897 3740 911 3776; x_wconf 81' lang='grc'>;</span> <span class='ocrx_word' id='word_1_544' title='bbox 942 3725 1124 3779; x_wconf 71' lang='lat' dir='ltr'><strong>anima</strong></span> <span class='ocrx_word' id='word_1_545' title='bbox 1167 3725 1331 3796; x_wconf 63' lang='lat' dir='ltr'><strong>igitur</strong></span> <span class='ocrx_word' id='word_1_546' title='bbox 1360 3741 1426 3781; x_wconf 63' lang='lat' dir='ltr'><strong>ex</strong></span> <span class='ocrx_word' id='word_1_547' title='bbox 1459 3728 1678 3783; x_wconf 65' lang='lat' dir='ltr'><strong>decrero</strong></span> <span class='ocrx_word' id='word_1_548' title='bbox 1777 3720 1953 3789; x_wconf 84' lang='lat' dir='ltr'><strong>Atque</strong></span> <span class='ocrx_word' id='word_1_549' title='bbox 1992 3719 2080 3773; x_wconf 87' lang='lat' dir='ltr'><strong>illa</strong></span> <span class='ocrx_word' id='word_1_550' title='bbox 2116 3729 2199 3775; x_wconf 86' lang='lat' dir='ltr'><strong>est</strong></span> <span class='ocrx_word' id='word_1_551' title='bbox 2222 3729 2329 3775; x_wconf 87' lang='lat' dir='ltr'><strong>tam</strong></span> <span class='ocrx_word' id='word_1_552' title='bbox 2362 3720 2677 3785; x_wconf 86' lang='lat' dir='ltr'><strong>decantata,</strong></span> <span class='ocrx_word' id='word_1_553' title='bbox 2716 3721 2875 3775; x_wconf 88' lang='lat' dir='ltr'><strong>toties</strong></span> <span class='ocrx_word' id='word_1_554' title='bbox 2907 3720 3129 3788; x_wconf 88' lang='lat' dir='ltr'><strong>explosa</strong></span> <span class='ocrx_word' id='word_1_555' title='bbox 3161 3718 3357 3790; x_wconf 85' lang='lat' dir='ltr'><strong>Orige-</strong></span> 
     </span>
    </p>
   </div>
   <div class='ocr_carea' id='block_1_56' title="bbox 133 3803 1686 3888">
    <p class='ocr_par' dir='ltr' id='par_1_56' title="bbox 133 3803 1674 3888">
     <span class='ocr_line' id='line_1_56' title="bbox 133 3803 1674 3888; baseline 0.009 -28"><span class='ocrx_word' id='word_1_556' title='bbox 133 3803 333 3877; x_wconf 82' lang='lat' dir='ltr'><strong>Origenis</strong></span> <span class='ocrx_word' id='word_1_557' title='bbox 360 3812 527 3867; x_wconf 88' lang='lat' dir='ltr'><strong>homo</strong></span> <span class='ocrx_word' id='word_1_558' title='bbox 553 3827 661 3867; x_wconf 92' lang='lat' dir='ltr'><strong>non</strong></span> <span class='ocrx_word' id='word_1_559' title='bbox 686 3822 790 3865; x_wconf 90' lang='lat' dir='ltr'><strong>est.</strong></span> <span class='ocrx_word' id='word_1_560' title='bbox 814 3813 969 3879; x_wconf 88' lang='lat' dir='ltr'><strong>Quod</strong></span> <span class='ocrx_word' id='word_1_561' title='bbox 1010 3817 1215 3886; x_wconf 85' lang='lat' dir='ltr'><strong>absque</strong></span> <span class='ocrx_word' id='word_1_562' title='bbox 1268 3817 1496 3888; x_wconf 82' lang='lat' dir='ltr'><strong>ambage</strong></span> <span class='ocrx_word' id='word_1_563' title='bbox 1521 3834 1674 3873; x_wconf 80' lang='lat' dir='ltr'><strong>assc-</strong></span> 
     </span>
    </p>
   </div>
   <div class='ocr_carea' id='block_1_57' title="bbox 1790 3803 3357 3888">
    <p class='ocr_par' dir='ltr' id='par_1_57' title="bbox 1790 3810 3357 3883">
     <span class='ocr_line' id='line_1_57' title="bbox 1790 3810 3357 3883; baseline 0.001 -18"><span class='ocrx_word' id='word_1_564' title='bbox 1790 3810 1862 3865; x_wconf 81' lang='lat' dir='ltr'><strong>nis</strong></span> <span class='ocrx_word' id='word_1_565' title='bbox 1891 3811 2401 3883; x_wconf 82' lang='grc' dir='ltr'><strong>μετενσωμάτωσις,</strong></span> <span class='ocrx_word' id='word_1_566' title='bbox 2444 3813 2601 3883; x_wconf 87' lang='lat' dir='ltr'><strong>quasi</strong></span> <span class='ocrx_word' id='word_1_567' title='bbox 2635 3812 2808 3878; x_wconf 88' lang='lat' dir='ltr'><strong>dicas,</strong></span> <span class='ocrx_word' id='word_1_568' title='bbox 2840 3814 3357 3880; x_wconf 76' lang='lat' dir='ltr'><strong>transicorporatio;</strong></span> 
     </span>
    </p>
   </div>
   <div class='ocr_carea' id='block_1_58' title="bbox 132 3896 1686 3979">
    <p class='ocr_par' dir='ltr' id='par_1_58' title="bbox 132 3896 1676 3979">
     <span class='ocr_line' id='line_1_58' title="bbox 132 3896 1676 3979; baseline 0.013 -32"><span class='ocrx_word' id='word_1_569' title='bbox 132 3896 197 3959; x_wconf 82' lang='lat' dir='ltr'><strong>rit,</strong></span> <span class='ocrx_word' id='word_1_570' title='bbox 228 3899 326 3955; x_wconf 61' lang='lat' dir='ltr'><strong>hac</strong></span> <span class='ocrx_word' id='word_1_571' title='bbox 357 3904 527 3957; x_wconf 88' lang='lat' dir='ltr'><strong>verba</strong></span> <span class='ocrx_word' id='word_1_572' title='bbox 555 3903 757 3972; x_wconf 87' lang='lat' dir='ltr'><strong>psalmi</strong></span> <span class='ocrx_word' id='word_1_573' title='bbox 786 3920 979 3969; x_wconf 76' lang='lat' dir='ltr'><strong>cxvm,</strong></span> <span class='ocrx_word' id='word_1_574' title='bbox 1010 3921 1152 3960; x_wconf 89' lang='lat' dir='ltr'><strong>vers.</strong></span> <span class='ocrx_word' id='word_1_575' title='bbox 1189 3908 1279 3975; x_wconf 82' lang='lat'><strong>50,</strong></span> <span class='ocrx_word' id='word_1_576' title='bbox 1310 3910 1676 3979; x_wconf 89' lang='lat' dir='ltr'><strong>interpretans</strong></span> 
     </span>
    </p>
   </div>
   <div class='ocr_carea' id='block_1_59' title="bbox 1790 3896 3358 3979">
    <p class='ocr_par' dir='ltr' id='par_1_59' title="bbox 1790 3904 3358 3977">
     <span class='ocr_line' id='line_1_59' title="bbox 1790 3904 3358 3977; baseline 0.003 -20"><span class='ocrx_word' id='word_1_577' title='bbox 1790 3920 1897 3975; x_wconf 67' lang='lat' dir='ltr'><strong>jus:</strong></span> <span class='ocrx_word' id='word_1_578' title='bbox 1918 3917 1969 3960; x_wconf 89' lang='lat' dir='ltr'><strong>et</strong></span> <span class='ocrx_word' id='word_1_579' title='bbox 1991 3904 2415 3977; x_wconf 77' lang='grc' dir='ltr'><strong>μετεμψύχωσις</strong></span> <span class='ocrx_word' id='word_1_580' title='bbox 2443 3905 2703 3975; x_wconf 86' lang='lat' dir='ltr'><strong>appellari</strong></span> <span class='ocrx_word' id='word_1_581' title='bbox 2726 3918 2924 3975; x_wconf 81' lang='lat' dir='ltr'><strong>patest,</strong></span> <span class='ocrx_word' id='word_1_582' title='bbox 2957 3906 3102 3975; x_wconf 91' lang='lat' dir='ltr'><strong>quod</strong></span> <span class='ocrx_word' id='word_1_583' title='bbox 3129 3906 3358 3961; x_wconf 86' lang='lat' dir='ltr'><strong>reddere</strong></span> 
     </span>
    </p>
   </div>
   <div class='ocr_carea' id='block_1_60' title="bbox 131 3986 3357 4066">
    <p class='ocr_par' dir='ltr' id='par_1_60' title="bbox 131 3986 3357 4066">
     <span class='ocr_line' id='line_1_60' title="bbox 131 3986 3357 4066; baseline 0.005 -30"><span class='ocrx_word' id='word_1_584' title='bbox 131 3986 166 4037; x_wconf 83' lang='lat' dir='ltr'><strong>in</strong></span> <span class='ocrx_word' id='word_1_585' title='bbox 184 3987 359 4045; x_wconf 85' lang='lat' dir='ltr'><strong>Catena</strong></span> <span class='ocrx_word' id='word_1_586' title='bbox 397 3993 770 4058; x_wconf 86' lang='lat' dir='ltr'><strong>Corderiana,</strong></span> <span class='ocrx_word' id='word_1_587' title='bbox 801 4011 926 4066; x_wconf 89' lang='lat' dir='ltr'><strong>pag.</strong></span> <span class='ocrx_word' id='word_1_588' title='bbox 952 3997 1097 4054; x_wconf 70' lang='lat'><strong>802:</strong></span> <span class='ocrx_word' id='word_1_589' title='bbox 1130 3997 1261 4053; x_wconf 62' lang='lat' dir='ltr'><strong>Haec</strong></span> <span class='ocrx_word' id='word_1_590' title='bbox 1292 4018 1371 4054; x_wconf 73' lang='lat' dir='ltr'><strong>me</strong></span> <span class='ocrx_word' id='word_1_591' title='bbox 1402 4003 1676 4058; x_wconf 69' lang='lat' dir='ltr'><strong>comatum</strong></span> <span class='ocrx_word' id='word_1_592' title='bbox 1775 4011 1966 4066; x_wconf 90' lang='lat' dir='ltr'><strong>queas,</strong></span> <span class='ocrx_word' id='word_1_593' title='bbox 2001 3997 2488 4050; x_wconf 80' lang='lat' dir='ltr'><strong>transinam‘matio.</strong></span> <span class='ocrx_word' id='word_1_594' title='bbox 2516 3996 2747 4050; x_wconf 88' lang='lat' dir='ltr'><strong>Pulchre</strong></span> <span class='ocrx_word' id='word_1_595' title='bbox 2773 3998 3041 4065; x_wconf 77' lang='lat' dir='ltr'><strong>dogmatis</strong></span> <span class='ocrx_word' id='word_1_596' title='bbox 3071 3996 3357 4066; x_wconf 85' lang='lat' dir='ltr'><strong>utriusque</strong></span> 
     </span>
    </p>
   </div>
   <div class='ocr_carea' id='block_1_61' title="bbox 128 4082 1686 4164">
    <p class='ocr_par' dir='ltr' id='par_1_61' title="bbox 128 4082 1674 4164">
     <span class='ocr_line' id='line_1_61' title="bbox 128 4082 1674 4164; baseline 0.014 -37"><span class='ocrx_word' id='word_1_597' title='bbox 128 4089 184 4129; x_wconf 76' lang='lat' dir='ltr'><strong>ut</strong></span> <span class='ocrx_word' id='word_1_598' title='bbox 208 4082 251 4134; x_wconf 88' lang='lat' dir='ltr'><strong>in</strong></span> <span class='ocrx_word' id='word_1_599' title='bbox 277 4084 579 4139; x_wconf 80' lang='lat' dir='ltr'><strong>humilitate</strong></span> <span class='ocrx_word' id='word_1_600' title='bbox 610 4103 751 4140; x_wconf 85' lang='lat' dir='ltr'><strong>mea.</strong></span> <span class='ocrx_word' id='word_1_601' title='bbox 773 4088 895 4159; x_wconf 82' lang='grc' dir='ltr'><strong>Ζωὴ</strong></span> <span class='ocrx_word' id='word_1_602' title='bbox 923 4090 954 4160; x_wconf 81' lang='grc' dir='ltr'>ἡ</span> <span class='ocrx_word' id='word_1_603' title='bbox 992 4090 1279 4159; x_wconf 78' lang='grc' dir='ltr'><strong>μέλλουσα,</strong></span> <span class='ocrx_word' id='word_1_604' title='bbox 1312 4094 1507 4164; x_wconf 79' lang='lat' dir='ltr'><strong>inquit,</strong></span> <span class='ocrx_word' id='word_1_605' title='bbox 1526 4094 1674 4149; x_wconf 83' lang='grc' dir='ltr'>ἔστιν</span> 
     </span>
    </p>
   </div>
   <div class='ocr_carea' id='block_1_62' title="bbox 1790 4082 3355 4164">
    <p class='ocr_par' dir='ltr' id='par_1_62' title="bbox 1790 4087 3355 4160">
     <span class='ocr_line' id='line_1_62' title="bbox 1790 4087 3355 4160; baseline 0.001 -18"><span class='ocrx_word' id='word_1_606' title='bbox 1790 4087 2169 4143; x_wconf 88' lang='lat' dir='ltr'><strong>:onnexionem</strong></span> <span class='ocrx_word' id='word_1_607' title='bbox 2202 4088 2339 4141; x_wconf 85' lang='lat' dir='ltr'><strong>vidit</strong></span> <span class='ocrx_word' id='word_1_608' title='bbox 2370 4089 2665 4158; x_wconf 86' lang='lat' dir='ltr'><strong>Gregorius</strong></span> <span class='ocrx_word' id='word_1_609' title='bbox 2707 4088 2985 4159; x_wconf 81' lang='lat' dir='ltr'><strong>Nyssenus</strong></span> <span class='ocrx_word' id='word_1_610' title='bbox 3017 4090 3158 4160; x_wconf 90' lang='lat' dir='ltr'><strong>apud</strong></span> <span class='ocrx_word' id='word_1_611' title='bbox 3188 4089 3355 4143; x_wconf 85' lang='lat' dir='ltr'><strong>Justi-</strong></span> 
     </span>
    </p>
   </div>
   <div class='ocr_carea' id='block_1_63' title="bbox 127 4170 1686 4257">
    <p class='ocr_par' dir='ltr' id='par_1_63' title="bbox 127 4170 1673 4257">
     <span class='ocr_line' id='line_1_63' title="bbox 127 4170 1673 4257; baseline 0.012 -33"><span class='ocrx_word' id='word_1_612' title='bbox 127 4170 417 4240; x_wconf 75' lang='grc' dir='ltr'>ἀνιζὼωσις,</span> <span class='ocrx_word' id='word_1_613' title='bbox 455 4177 595 4230; x_wconf 75' lang='grc' dir='ltr'><strong>καθὸ</strong></span> <span class='ocrx_word' id='word_1_614' title='bbox 623 4179 728 4251; x_wconf 77' lang='grc' dir='ltr'><strong>τὴν</strong></span> <span class='ocrx_word' id='word_1_615' title='bbox 770 4178 967 4252; x_wconf 67' lang='grc' dir='ltr'><strong>ψυχὴν,</strong></span> <span class='ocrx_word' id='word_1_616' title='bbox 1021 4184 1121 4236; x_wconf 72' lang='grc' dir='ltr'>οὐκ</span> <span class='ocrx_word' id='word_1_617' title='bbox 1158 4184 1293 4237; x_wconf 80' lang='grc' dir='ltr'><strong>ἰδίαν</strong></span> <span class='ocrx_word' id='word_1_618' title='bbox 1325 4185 1504 4257; x_wconf 76' lang='grc' dir='ltr'><strong>ζωὴν,</strong></span> <span class='ocrx_word' id='word_1_619' title='bbox 1551 4190 1673 4242; x_wconf 78' lang='grc' dir='ltr'>οὐδὲ</span> 
     </span>
    </p>
   </div>
   <div class='ocr_carea' id='block_1_64' title="bbox 1790 4170 3353 4257">
    <p class='ocr_par' dir='ltr' id='par_1_64' title="bbox 1790 4179 3353 4251">
     <span class='ocr_line' id='line_1_64' title="bbox 1790 4179 3353 4251; baseline 0.003 -19"><span class='ocrx_word' id='word_1_620' title='bbox 1790 4180 1995 4233; x_wconf 79' lang='lat' dir='ltr'><strong>tianum</strong></span> <span class='ocrx_word' id='word_1_621' title='bbox 2028 4179 2081 4233; x_wconf 92' lang='lat' dir='ltr'><strong>in</strong></span> <span class='ocrx_word' id='word_1_622' title='bbox 2110 4179 2341 4249; x_wconf 88' lang='lat' dir='ltr'><strong>epistola</strong></span> <span class='ocrx_word' id='word_1_623' title='bbox 2375 4180 2442 4235; x_wconf 90' lang='lat' dir='ltr'><strong>ad</strong></span> <span class='ocrx_word' id='word_1_624' title='bbox 2474 4180 2686 4235; x_wconf 82' lang='lat' dir='ltr'><strong>Menam</strong></span> <span class='ocrx_word' id='word_1_625' title='bbox 2731 4183 3099 4251; x_wconf 88' lang='lat' dir='ltr'><strong>patriarcham</strong></span> <span class='ocrx_word' id='word_1_626' title='bbox 3127 4221 3143 4247; x_wconf 93' lang='lat'><strong>,</strong></span> <span class='ocrx_word' id='word_1_627' title='bbox 3190 4192 3244 4237; x_wconf 91' lang='lat' dir='ltr'><strong>et</strong></span> <span class='ocrx_word' id='word_1_628' title='bbox 3298 4183 3353 4237; x_wconf 90' lang='lat' dir='ltr'><strong>in</strong></span> 
     </span>
    </p>
   </div>
   <div class='ocr_carea' id='block_1_65' title="bbox 126 4263 1686 4353">
    <p class='ocr_par' dir='ltr' id='par_1_65' title="bbox 126 4263 1668 4353">
     <span class='ocr_line' id='line_1_65' title="bbox 126 4263 1668 4353; baseline 0.012 -38"><span class='ocrx_word' id='word_1_629' title='bbox 126 4263 256 4337; x_wconf 72' lang='grc' dir='ltr'>ἀληθῆ</span> <span class='ocrx_word' id='word_1_630' title='bbox 282 4265 418 4321; x_wconf 76' lang='grc' dir='ltr'>εἶναι</span> <span class='ocrx_word' id='word_1_631' title='bbox 441 4270 819 4343; x_wconf 69' lang='grc' dir='ltr'><strong>μανθάνομεν,</strong></span> <span class='ocrx_word' id='word_1_632' title='bbox 837 4272 1109 4345; x_wconf 75' lang='grc' dir='ltr'><strong>εἴπεροὺκ</strong></span> <span class='ocrx_word' id='word_1_633' title='bbox 1135 4275 1415 4347; x_wconf 78' lang='grc' dir='ltr'><strong>ἄνθρωπος</strong></span> <span class='ocrx_word' id='word_1_634' title='bbox 1441 4281 1473 4350; x_wconf 82' lang='grc' dir='ltr'>ἡ</span> <span class='ocrx_word' id='word_1_635' title='bbox 1500 4279 1668 4353; x_wconf 70' lang='grc' dir='ltr'><strong>ψυχή·</strong></span> 
     </span>
    </p>
   </div>
   <div class='ocr_carea' id='block_1_66' title="bbox 1790 4263 3354 4353">
    <p class='ocr_par' dir='ltr' id='par_1_66' title="bbox 1790 4270 3354 4343">
     <span class='ocr_line' id='line_1_66' title="bbox 1790 4270 3354 4343; baseline 0.001 -16"><span class='ocrx_word' id='word_1_636' title='bbox 1790 4271 2006 4339; x_wconf 82' lang='lat' dir='ltr'><strong>)rigene</strong></span> <span class='ocrx_word' id='word_1_637' title='bbox 2031 4270 2402 4341; x_wconf 88' lang='lat' dir='ltr'><strong>reprehendit.</strong></span> <span class='ocrx_word' id='word_1_638' title='bbox 2436 4273 2902 4339; x_wconf 80' lang='lat' dir='ltr'><strong>Quemadmodum</strong></span> <span class='ocrx_word' id='word_1_639' title='bbox 2954 4282 3131 4328; x_wconf 90' lang='lat' dir='ltr'><strong>autem</strong></span> <span class='ocrx_word' id='word_1_640' title='bbox 3173 4273 3354 4343; x_wconf 88' lang='lat' dir='ltr'><strong>dupli-</strong></span> 
     </span>
    </p>
   </div>
   <div class='ocr_carea' id='block_1_67' title="bbox 124 4358 1686 4446">
    <p class='ocr_par' dir='ltr' id='par_1_67' title="bbox 124 4358 1667 4446">
     <span class='ocr_line' id='line_1_67' title="bbox 124 4358 1667 4446; baseline 0.011 -36"><span class='ocrx_word' id='word_1_641' title='bbox 124 4358 159 4407; x_wconf 80' lang='grc' dir='ltr'><strong>εἰ</strong></span> <span class='ocrx_word' id='word_1_642' title='bbox 182 4358 271 4431; x_wconf 75' lang='grc' dir='ltr'><strong>γὰρ</strong></span> <span class='ocrx_word' id='word_1_643' title='bbox 296 4363 355 4413; x_wconf 78' lang='grc' dir='ltr'><strong>ἐν</strong></span> <span class='ocrx_word' id='word_1_644' title='bbox 376 4366 439 4434; x_wconf 79' lang='grc' dir='ltr'><strong>τῇ</strong></span> <span class='ocrx_word' id='word_1_645' title='bbox 470 4363 595 4416; x_wconf 81' lang='grc' dir='ltr'><strong>καθ’</strong></span> <span class='ocrx_word' id='word_1_646' title='bbox 626 4365 830 4434; x_wconf 77' lang='grc' dir='ltr'><strong>ἑαυτὴν</strong></span> <span class='ocrx_word' id='word_1_647' title='bbox 854 4363 963 4437; x_wconf 77' lang='grc' dir='ltr'><strong>ζωῇ</strong></span> <span class='ocrx_word' id='word_1_648' title='bbox 988 4367 1048 4420; x_wconf 80' lang='grc' dir='ltr'>τὸ</span> <span class='ocrx_word' id='word_1_649' title='bbox 1064 4368 1263 4439; x_wconf 79' lang='grc' dir='ltr'><strong>ἀληθὲς</strong></span> <span class='ocrx_word' id='word_1_650' title='bbox 1289 4366 1403 4441; x_wconf 81' lang='grc' dir='ltr'>εἶχε</span> <span class='ocrx_word' id='word_1_651' title='bbox 1427 4372 1518 4425; x_wconf 79' lang='grc' dir='ltr'><strong>τοῦ</strong></span> <span class='ocrx_word' id='word_1_652' title='bbox 1548 4375 1667 4446; x_wconf 82' lang='grc' dir='ltr'><strong>ζῇν,</strong></span> 
     </span>
    </p>
   </div>
   <div class='ocr_carea' id='block_1_68' title="bbox 1790 4358 3350 4446">
    <p class='ocr_par' dir='ltr' id='par_1_68' title="bbox 1790 4358 3350 4433">
     <span class='ocr_line' id='line_1_68' title="bbox 1790 4358 3350 4433; baseline -0.001 -19"><span class='ocrx_word' id='word_1_653' title='bbox 1790 4361 1911 4416; x_wconf 87' lang='lat' dir='ltr'><strong>:iter</strong></span> <span class='ocrx_word' id='word_1_654' title='bbox 1940 4376 2043 4415; x_wconf 91' lang='lat' dir='ltr'><strong>vox</strong></span> <span class='ocrx_word' id='word_1_655' title='bbox 2079 4360 2205 4426; x_wconf 87' lang='lat' dir='ltr'><strong>ista,</strong></span> <span class='ocrx_word' id='word_1_656' title='bbox 2241 4360 2682 4433; x_wconf 72' lang='grc' dir='ltr'><strong>μετεμψύχωσις,</strong></span> <span class='ocrx_word' id='word_1_657' title='bbox 2715 4361 2874 4431; x_wconf 89' lang='lat' dir='ltr'><strong>vulgo</strong></span> <span class='ocrx_word' id='word_1_658' title='bbox 2907 4368 3226 4428; x_wconf 88' lang='lat' dir='ltr'><strong>usurpatur,</strong></span> <span class='ocrx_word' id='word_1_659' title='bbox 3264 4358 3350 4413; x_wconf 82' lang='lat' dir='ltr'><strong>vel</strong></span> 
     </span>
    </p>
   </div>
   <div class='ocr_carea' id='block_1_69' title="bbox 123 4450 1686 4527">
    <p class='ocr_par' dir='ltr' id='par_1_69' title="bbox 123 4450 1668 4527">
     <span class='ocr_line' id='line_1_69' title="bbox 123 4450 1668 4527; baseline 0.014 -28"><span class='ocrx_word' id='word_1_660' title='bbox 123 4450 195 4503; x_wconf 69' lang='grc' dir='ltr'><strong>οὒκ</strong></span> <span class='ocrx_word' id='word_1_661' title='bbox 210 4453 265 4506; x_wconf 74' lang='grc' dir='ltr'>ἂν</span> <span class='ocrx_word' id='word_1_662' title='bbox 278 4454 655 4519; x_wconf 75' lang='grc' dir='ltr'><strong>ἀναζωὼσεως</strong></span> <span class='ocrx_word' id='word_1_663' title='bbox 688 4458 717 4507; x_wconf 91' lang='lat'><strong>6</strong></span> <span class='ocrx_word' id='word_1_664' title='bbox 746 4456 1026 4527; x_wconf 76' lang='grc' dir='ltr'><strong>τεθνηκὼς</strong></span> <span class='ocrx_word' id='word_1_665' title='bbox 1045 4460 1214 4514; x_wconf 79' lang='grc' dir='ltr'><strong>ἐδεῖτο</strong></span> <span class='ocrx_word' id='word_1_666' title='bbox 1234 4479 1248 4492; x_wconf 86' lang='grc'><strong>·</strong></span> <span class='ocrx_word' id='word_1_667' title='bbox 1278 4463 1357 4515; x_wconf 72' lang='grc' dir='ltr'>διδ</span> <span class='ocrx_word' id='word_1_668' title='bbox 1381 4466 1476 4519; x_wconf 69' lang='grc' dir='ltr'><strong>καὶ</strong></span> <span class='ocrx_word' id='word_1_669' title='bbox 1504 4467 1533 4518; x_wconf 88' lang='lat'><strong>6</strong></span> <span class='ocrx_word' id='word_1_670' title='bbox 1563 4466 1668 4521; x_wconf 83' lang='grc' dir='ltr'><strong>Κύ-</strong></span> 
     </span>
    </p>
   </div>
   <div class='ocr_carea' id='block_1_70' title="bbox 1790 4450 3353 4527">
    <p class='ocr_par' dir='ltr' id='par_1_70' title="bbox 1790 4452 3353 4524">
     <span class='ocr_line' id='line_1_70' title="bbox 1790 4452 3353 4524; baseline 0.002 -20"><span class='ocrx_word' id='word_1_671' title='bbox 1790 4467 1869 4507; x_wconf 72' lang='grc' dir='ltr'>ιιο</span> <span class='ocrx_word' id='word_1_672' title='bbox 1902 4452 2135 4506; x_wconf 87' lang='lat' dir='ltr'><strong>transitu</strong></span> <span class='ocrx_word' id='word_1_673' title='bbox 2161 4454 2355 4507; x_wconf 65' lang='lat' dir='ltr'><strong>anima:</strong></span> <span class='ocrx_word' id='word_1_674' title='bbox 2376 4468 2441 4507; x_wconf 83' lang='lat' dir='ltr'><strong>ex</strong></span> <span class='ocrx_word' id='word_1_675' title='bbox 2462 4453 2700 4507; x_wconf 86' lang='lat' dir='ltr'><strong>humano</strong></span> <span class='ocrx_word' id='word_1_676' title='bbox 2726 4468 2955 4524; x_wconf 86' lang='lat' dir='ltr'><strong>corpore</strong></span> <span class='ocrx_word' id='word_1_677' title='bbox 2982 4454 3037 4507; x_wconf 93' lang='lat' dir='ltr'><strong>in</strong></span> <span class='ocrx_word' id='word_1_678' title='bbox 3056 4454 3353 4507; x_wconf 90' lang='lat' dir='ltr'><strong>humanum</strong></span> 
     </span>
    </p>
   </div>
   <div class='ocr_carea' id='block_1_71' title="bbox 126 4545 1686 4631">
    <p class='ocr_par' dir='ltr' id='par_1_71' title="bbox 126 4548 1667 4631">
     <span class='ocr_line' id='line_1_71' title="bbox 126 4548 1667 4631; baseline 0.014 -37"><span class='ocrx_word' id='word_1_679' title='bbox 126 4559 207 4609; x_wconf 70' lang='lat' dir='ltr'><strong>pta;</strong></span> <span class='ocrx_word' id='word_1_680' title='bbox 228 4550 344 4612; x_wconf 71' lang='grc' dir='ltr'>τοὺς</span> <span class='ocrx_word' id='word_1_681' title='bbox 370 4549 679 4612; x_wconf 78' lang='grc' dir='ltr'>τεθνεῶτας</span> <span class='ocrx_word' id='word_1_682' title='bbox 708 4549 829 4619; x_wconf 81' lang='grc' dir='ltr'>Θεῷ</span> <span class='ocrx_word' id='word_1_683' title='bbox 864 4549 960 4622; x_wconf 80' lang='grc' dir='ltr'><strong>ζῇν</strong></span> <span class='ocrx_word' id='word_1_684' title='bbox 978 4548 1151 4615; x_wconf 81' lang='grc' dir='ltr'><strong>εἶπεν,</strong></span> <span class='ocrx_word' id='word_1_685' title='bbox 1194 4556 1269 4619; x_wconf 81' lang='grc' dir='ltr'><strong>ὡς</strong></span> <span class='ocrx_word' id='word_1_686' title='bbox 1303 4554 1455 4610; x_wconf 71' lang='grc' dir='ltr'>οὔπω</span> <span class='ocrx_word' id='word_1_687' title='bbox 1487 4559 1546 4611; x_wconf 81' lang='grc' dir='ltr'>τὸ</span> <span class='ocrx_word' id='word_1_688' title='bbox 1569 4558 1667 4631; x_wconf 78' lang='grc' dir='ltr'><strong>ζῇν</strong></span> 
     </span>
    </p>
   </div>
   <div class='ocr_carea' id='block_1_72' title="bbox 1790 4545 3356 4631">
    <p class='ocr_par' dir='ltr' id='par_1_72' title="bbox 1790 4545 3356 4616">
     <span class='ocr_line' id='line_1_72' title="bbox 1790 4545 3356 4616; baseline 0.003 -17"><span class='ocrx_word' id='word_1_689' title='bbox 1790 4560 1997 4614; x_wconf 87' lang='lat' dir='ltr'><strong>:orpus;</strong></span> <span class='ocrx_word' id='word_1_690' title='bbox 2032 4545 2114 4599; x_wconf 89' lang='lat' dir='ltr'><strong>vel</strong></span> <span class='ocrx_word' id='word_1_691' title='bbox 2148 4560 2244 4614; x_wconf 92' lang='lat' dir='ltr'><strong>pro</strong></span> <span class='ocrx_word' id='word_1_692' title='bbox 2270 4546 2594 4616; x_wconf 88' lang='lat' dir='ltr'><strong>migratione</strong></span> <span class='ocrx_word' id='word_1_693' title='bbox 2624 4547 2822 4603; x_wconf 63' lang='lat' dir='ltr'><strong>animm</strong></span> <span class='ocrx_word' id='word_1_694' title='bbox 2848 4562 2913 4601; x_wconf 81' lang='lat' dir='ltr'><strong>ex</strong></span> <span class='ocrx_word' id='word_1_695' title='bbox 2964 4549 3203 4603; x_wconf 89' lang='lat' dir='ltr'><strong>humano</strong></span> <span class='ocrx_word' id='word_1_696' title='bbox 3232 4563 3356 4603; x_wconf 80' lang='lat' dir='ltr'><strong>cor-</strong></span> 
     </span>
    </p>
   </div>
   <div class='ocr_carea' id='block_1_73' title="bbox 1772 4637 3356 4711">
    <p class='ocr_par' dir='ltr' id='par_1_73' title="bbox 1772 4637 3356 4711">
     <span class='ocr_line' id='line_1_73' title="bbox 1772 4637 3356 4711; baseline 0.003 -21"><span class='ocrx_word' id='word_1_697' title='bbox 1772 4652 1900 4707; x_wconf 88' lang='lat' dir='ltr'><strong>pore</strong></span> <span class='ocrx_word' id='word_1_698' title='bbox 1933 4637 1983 4690; x_wconf 90' lang='lat' dir='ltr'><strong>in</strong></span> <span class='ocrx_word' id='word_1_699' title='bbox 2016 4637 2215 4708; x_wconf 65' lang='lat' dir='ltr'><strong>planta:</strong></span> <span class='ocrx_word' id='word_1_700' title='bbox 2241 4653 2442 4709; x_wconf 88' lang='lat' dir='ltr'><strong>corpus</strong></span> <span class='ocrx_word' id='word_1_701' title='bbox 2466 4639 2548 4693; x_wconf 87' lang='lat' dir='ltr'><strong>vel</strong></span> <span class='ocrx_word' id='word_1_702' title='bbox 2585 4642 2829 4710; x_wconf 89' lang='lat' dir='ltr'><strong>pecudis,</strong></span> <span class='ocrx_word' id='word_1_703' title='bbox 2857 4656 3017 4710; x_wconf 91' lang='lat' dir='ltr'><strong>quam</strong></span> <span class='ocrx_word' id='word_1_704' title='bbox 3042 4655 3356 4711; x_wconf 80' lang='lat' dir='ltr'><strong>propugna-</strong></span> 
     </span>
    </p>
   </div>
   <div class='ocr_carea' id='block_1_74' title="bbox 1769 4729 3353 4802">
    <p class='ocr_par' dir='ltr' id='par_1_74' title="bbox 1769 4729 3353 4802">
     <span class='ocr_line' id='line_1_74' title="bbox 1769 4729 3353 4802; baseline 0.004 -20"><span class='ocrx_word' id='word_1_705' title='bbox 1769 4729 2229 4800; x_wconf 84' lang='lat' dir='ltr'><strong>viththagoras,</strong></span> <span class='ocrx_word' id='word_1_706' title='bbox 2262 4746 2536 4802; x_wconf 89' lang='lat' dir='ltr'><strong>quamque</strong></span> <span class='ocrx_word' id='word_1_707' title='bbox 2571 4733 2833 4802; x_wconf 90' lang='lat' dir='ltr'><strong>peculiari</strong></span> <span class='ocrx_word' id='word_1_708' title='bbox 2892 4733 3075 4789; x_wconf 88' lang='lat' dir='ltr'><strong>libello</strong></span> <span class='ocrx_word' id='word_1_709' title='bbox 3132 4734 3353 4788; x_wconf 87' lang='lat' dir='ltr'><strong>lambli-</strong></span> 
     </span>
    </p>
   </div>
   <div class='ocr_carea' id='block_1_75' title="bbox 1770 4823 3350 4896">
    <p class='ocr_par' dir='ltr' id='par_1_75' title="bbox 1770 4823 3350 4896">
     <span class='ocr_line' id='line_1_75' title="bbox 1770 4823 3350 4896; baseline 0.003 -21"><span class='ocrx_word' id='word_1_710' title='bbox 1770 4823 1904 4877; x_wconf 88' lang='lat' dir='ltr'><strong>chus</strong></span> <span class='ocrx_word' id='word_1_711' title='bbox 1934 4824 2233 4877; x_wconf 82' lang='lat' dir='ltr'><strong>confutavit</strong></span> <span class='ocrx_word' id='word_1_712' title='bbox 2261 4838 2278 4877; x_wconf 93' lang='lat'><strong>:</strong></span> <span class='ocrx_word' id='word_1_713' title='bbox 2315 4825 2388 4879; x_wconf 88' lang='lat' dir='ltr'><strong>ita</strong></span> <span class='ocrx_word' id='word_1_714' title='bbox 2416 4826 2574 4895; x_wconf 85' lang='lat' dir='ltr'><strong>juxta</strong></span> <span class='ocrx_word' id='word_1_715' title='bbox 2629 4825 3014 4896; x_wconf 86' lang='lat' dir='ltr'><strong>Origenianam</strong></span> <span class='ocrx_word' id='word_1_716' title='bbox 3041 4827 3350 4882; x_wconf 86' lang='lat' dir='ltr'><strong>doctrinam</strong></span> 
     </span>
    </p>
   </div>
   <div class='ocr_carea' id='block_1_76' title="bbox 1770 4915 3351 4987">
    <p class='ocr_par' dir='ltr' id='par_1_76' title="bbox 1770 4915 3351 4987">
     <span class='ocr_line' id='line_1_76' title="bbox 1770 4915 3351 4987; baseline 0.004 -21"><span class='ocrx_word' id='word_1_717' title='bbox 1770 4915 2151 4984; x_wconf 86' lang='lat' dir='ltr'><strong>distinguenda</strong></span> <span class='ocrx_word' id='word_1_718' title='bbox 2184 4925 2268 4969; x_wconf 90' lang='lat' dir='ltr'><strong>est</strong></span> <span class='ocrx_word' id='word_1_719' title='bbox 2314 4916 2565 4987; x_wconf 84' lang='lat' dir='ltr'><strong>migratio</strong></span> <span class='ocrx_word' id='word_1_720' title='bbox 2620 4920 2819 4973; x_wconf 60' lang='lat' dir='ltr'><strong>animae</strong></span> <span class='ocrx_word' id='word_1_721' title='bbox 2852 4921 3063 4973; x_wconf 86' lang='lat' dir='ltr'><strong>ratione</strong></span> <span class='ocrx_word' id='word_1_722' title='bbox 3108 4919 3351 4987; x_wconf 67' lang='lat' dir='ltr'><strong>praedita:</strong></span> 
     </span>
    </p>
   </div>
   <div class='ocr_carea' id='block_1_77' title="bbox 1767 5007 3370 5080">
    <p class='ocr_par' dir='ltr' id='par_1_77' title="bbox 1767 5007 3370 5080">
     <span class='ocr_line' id='line_1_77' title="bbox 1767 5007 3370 5080; baseline 0.001 -18"><span class='ocrx_word' id='word_1_723' title='bbox 1767 5022 1797 5062; x_wconf 91' lang='lat' dir='ltr'><strong>e</strong></span> <span class='ocrx_word' id='word_1_724' title='bbox 1824 5007 2056 5072; x_wconf 66' lang='lat' dir='ltr'><strong>caelesti,</strong></span> <span class='ocrx_word' id='word_1_725' title='bbox 2080 5008 2164 5061; x_wconf 88' lang='lat' dir='ltr'><strong>vel</strong></span> <span class='ocrx_word' id='word_1_726' title='bbox 2190 5008 2445 5070; x_wconf 89' lang='lat' dir='ltr'><strong>humano,</strong></span> <span class='ocrx_word' id='word_1_727' title='bbox 2472 5008 2559 5062; x_wconf 91' lang='lat' dir='ltr'><strong>vel</strong></span> <span class='ocrx_word' id='word_1_728' title='bbox 2582 5008 2882 5066; x_wconf 63' lang='lat' dir='ltr'><strong>daemonica</strong></span> <span class='ocrx_word' id='word_1_729' title='bbox 2909 5024 3137 5077; x_wconf 89' lang='lat' dir='ltr'><strong>corpore</strong></span> <span class='ocrx_word' id='word_1_730' title='bbox 3162 5011 3215 5063; x_wconf 92' lang='lat' dir='ltr'><strong>in</strong></span> <span class='ocrx_word' id='word_1_731' title='bbox 3253 5020 3370 5080; x_wconf 83' lang='lat' dir='ltr'><strong>pe-.‘</strong></span> 
     </span>
    </p>
   </div>
   <div class='ocr_carea' id='block_1_78' title="bbox 1767 5099 3348 5172">
    <p class='ocr_par' dir='ltr' id='par_1_78' title="bbox 1767 5099 3348 5172">
     <span class='ocr_line' id='line_1_78' title="bbox 1767 5099 3348 5172; baseline 0.001 -18"><span class='ocrx_word' id='word_1_732' title='bbox 1767 5100 1920 5155; x_wconf 89' lang='lat' dir='ltr'><strong>cudis</strong></span> <span class='ocrx_word' id='word_1_733' title='bbox 1946 5114 2166 5169; x_wconf 92' lang='lat' dir='ltr'><strong>corpus,</strong></span> <span class='ocrx_word' id='word_1_734' title='bbox 2190 5110 2245 5152; x_wconf 90' lang='lat' dir='ltr'><strong>et</strong></span> <span class='ocrx_word' id='word_1_735' title='bbox 2274 5099 2515 5155; x_wconf 82' lang='lat' dir='ltr'><strong>vicissim</strong></span> <span class='ocrx_word' id='word_1_736' title='bbox 2543 5119 2557 5166; x_wconf 92' lang='lat'><strong>;</strong></span> <span class='ocrx_word' id='word_1_737' title='bbox 2609 5117 2639 5155; x_wconf 92' lang='lat' dir='ltr'><strong>a</strong></span> <span class='ocrx_word' id='word_1_738' title='bbox 2684 5101 3009 5172; x_wconf 82' lang='lat' dir='ltr'><strong>migratione</strong></span> <span class='ocrx_word' id='word_1_739' title='bbox 3034 5103 3232 5156; x_wconf 66' lang='lat' dir='ltr'><strong>anima:</strong></span> <span class='ocrx_word' id='word_1_740' title='bbox 3255 5118 3348 5156; x_wconf 87' lang='lat' dir='ltr'><strong>ra-</strong></span> 
     </span>
    </p>
   </div>
   <div class='ocr_carea' id='block_1_79' title="bbox 1768 5193 3347 5263">
    <p class='ocr_par' dir='ltr' id='par_1_79' title="bbox 1768 5193 3347 5263">
     <span class='ocr_line' id='line_1_79' title="bbox 1768 5193 3347 5263; baseline 0.002 -17"><span class='ocrx_word' id='word_1_741' title='bbox 1768 5193 1987 5248; x_wconf 89' lang='lat' dir='ltr'><strong>tionalis</strong></span> <span class='ocrx_word' id='word_1_742' title='bbox 2040 5207 2162 5263; x_wconf 75' lang='lat' dir='ltr'><strong>qua:</strong></span> <span class='ocrx_word' id='word_1_743' title='bbox 2208 5206 2437 5261; x_wconf 85' lang='lat' dir='ltr'><strong>corpora</strong></span> <span class='ocrx_word' id='word_1_744' title='bbox 2478 5193 2621 5248; x_wconf 90' lang='lat' dir='ltr'><strong>inter</strong></span> <span class='ocrx_word' id='word_1_745' title='bbox 2653 5194 2904 5249; x_wconf 69' lang='lat' dir='ltr'><strong>caelestia</strong></span> <span class='ocrx_word' id='word_1_746' title='bbox 2933 5234 2948 5258; x_wconf 91' lang='lat'><strong>,</strong></span> <span class='ocrx_word' id='word_1_747' title='bbox 2994 5194 3231 5250; x_wconf 88' lang='lat' dir='ltr'><strong>humana</strong></span> <span class='ocrx_word' id='word_1_748' title='bbox 3288 5202 3347 5251; x_wconf 84' lang='lat' dir='ltr'><strong>et</strong></span> 
     </span>
    </p>
   </div>
   <div class='ocr_carea' id='block_1_80' title="bbox 1765 5284 3341 5357">
    <p class='ocr_par' dir='ltr' id='par_1_80' title="bbox 1765 5284 3341 5357">
     <span class='ocr_line' id='line_1_80' title="bbox 1765 5284 3341 5357; baseline 0.002 -16"><span class='ocrx_word' id='word_1_749' title='bbox 1765 5287 2117 5351; x_wconf 81' lang='lat' dir='ltr'><strong>daemoniaca,</strong></span> <span class='ocrx_word' id='word_1_750' title='bbox 2138 5285 2273 5338; x_wconf 90' lang='lat' dir='ltr'><strong>citra</strong></span> <span class='ocrx_word' id='word_1_751' title='bbox 2301 5284 2557 5350; x_wconf 90' lang='lat' dir='ltr'><strong>belluina,</strong></span> <span class='ocrx_word' id='word_1_752' title='bbox 2577 5286 2750 5340; x_wconf 85' lang='lat' dir='ltr'><strong>aliave</strong></span> <span class='ocrx_word' id='word_1_753' title='bbox 2778 5287 3341 5357; x_wconf 78' lang='lat' dir='ltr'><strong>quzelibetperflcitur.</strong></span> 
     </span>
    </p>
   </div>
   <div class='ocr_carea' id='block_1_81' title="bbox 1763 5376 3343 5448">
    <p class='ocr_par' dir='ltr' id='par_1_81' title="bbox 1763 5376 3343 5448">
     <span class='ocr_line' id='line_1_81' title="bbox 1763 5376 3343 5448; baseline 0.001 -15"><span class='ocrx_word' id='word_1_754' title='bbox 1763 5380 1941 5447; x_wconf 78' lang='lat' dir='ltr'><strong>Atque</strong></span> <span class='ocrx_word' id='word_1_755' title='bbox 1969 5376 2110 5431; x_wconf 89' lang='lat' dir='ltr'><strong>hanc</strong></span> <span class='ocrx_word' id='word_1_756' title='bbox 2138 5376 2496 5447; x_wconf 87' lang='lat' dir='ltr'><strong>posteriorem</strong></span> <span class='ocrx_word' id='word_1_757' title='bbox 2536 5380 2729 5431; x_wconf 89' lang='lat' dir='ltr'><strong>tuitum</strong></span> <span class='ocrx_word' id='word_1_758' title='bbox 2753 5392 2874 5433; x_wconf 83' lang='lat' dir='ltr'><strong>esse</strong></span> <span class='ocrx_word' id='word_1_759' title='bbox 2899 5378 3217 5448; x_wconf 87' lang='lat' dir='ltr'><strong>Origeuem,</strong></span> <span class='ocrx_word' id='word_1_760' title='bbox 3252 5390 3343 5435; x_wconf 68' lang='grc' dir='ltr'><strong>υια</strong></span> 
     </span>
    </p>
   </div>
   <div class='ocr_carea' id='block_1_82' title="bbox 1764 5470 3338 5544">
    <p class='ocr_par' dir='ltr' id='par_1_82' title="bbox 1764 5470 3338 5544">
     <span class='ocr_line' id='line_1_82' title="bbox 1764 5470 3338 5544; baseline 0.006 -20"><span class='ocrx_word' id='word_1_761' title='bbox 1764 5482 1893 5541; x_wconf 90' lang='lat' dir='ltr'><strong>pote</strong></span> <span class='ocrx_word' id='word_1_762' title='bbox 1917 5487 1981 5525; x_wconf 90' lang='lat' dir='ltr'><strong>ex</strong></span> <span class='ocrx_word' id='word_1_763' title='bbox 2017 5470 2134 5541; x_wconf 88' lang='lat' dir='ltr'><strong>ejus</strong></span> <span class='ocrx_word' id='word_1_764' title='bbox 2158 5481 2335 5540; x_wconf 87' lang='lat' dir='ltr'><strong>aptam</strong></span> <span class='ocrx_word' id='word_1_765' title='bbox 2392 5470 2694 5539; x_wconf 85' lang='lat' dir='ltr'><strong>principiis,</strong></span> <span class='ocrx_word' id='word_1_766' title='bbox 2745 5473 2930 5539; x_wconf 89' lang='lat' dir='ltr'><strong>negari</strong></span> <span class='ocrx_word' id='word_1_767' title='bbox 2991 5488 3097 5527; x_wconf 89' lang='lat' dir='ltr'><strong>nou</strong></span> <span class='ocrx_word' id='word_1_768' title='bbox 3136 5483 3338 5544; x_wconf 87' lang='lat' dir='ltr'><strong>potest.</strong></span> 
     </span>
    </p>
   </div>
   <div class='ocr_carea' id='block_1_83' title="bbox 1769 5563 3336 5637">
    <p class='ocr_par' dir='ltr' id='par_1_83' title="bbox 1769 5563 3336 5637">
     <span class='ocr_line' id='line_1_83' title="bbox 1769 5563 3336 5637; baseline 0.001 -15"><span class='ocrx_word' id='word_1_769' title='bbox 1769 5565 1924 5623; x_wconf 87' lang='lat' dir='ltr'><strong>Unde</strong></span> <span class='ocrx_word' id='word_1_770' title='bbox 1950 5579 2249 5637; x_wconf 86' lang='lat' dir='ltr'><strong>anonymus</strong></span> <span class='ocrx_word' id='word_1_771' title='bbox 2306 5563 2481 5618; x_wconf 84' lang='lat' dir='ltr'><strong>Pltotii</strong></span> <span class='ocrx_word' id='word_1_772' title='bbox 2523 5566 2645 5620; x_wconf 89' lang='lat' dir='ltr'><strong>cod.</strong></span> <span class='ocrx_word' id='word_1_773' title='bbox 2683 5582 2850 5629; x_wconf 87' lang='lat' dir='ltr'><strong>cxvn,</strong></span> <span class='ocrx_word' id='word_1_774' title='bbox 2886 5566 3156 5635; x_wconf 89' lang='lat' dir='ltr'><strong>culpatum</strong></span> <span class='ocrx_word' id='word_1_775' title='bbox 3212 5584 3336 5623; x_wconf 84' lang='lat' dir='ltr'><strong>eum</strong></span> 
     </span>
    </p>
   </div>
   <div class='ocr_carea' id='block_1_84' title="bbox 1771 5658 3344 5733">
    <p class='ocr_par' dir='ltr' id='par_1_84' title="bbox 1771 5658 3344 5733">
     <span class='ocr_line' id='line_1_84' title="bbox 1771 5658 3344 5733; baseline 0.001 -17"><span class='ocrx_word' id='word_1_776' title='bbox 1771 5658 1956 5725; x_wconf 80' lang='lat' dir='ltr'><strong>refert,</strong></span> <span class='ocrx_word' id='word_1_777' title='bbox 1981 5660 2121 5729; x_wconf 85' lang='lat' dir='ltr'><strong>quod</strong></span> <span class='ocrx_word' id='word_1_778' title='bbox 2153 5659 2351 5713; x_wconf 79' lang='lat' dir='ltr'><strong>dixerit</strong></span> <span class='ocrx_word' id='word_1_779' title='bbox 2382 5674 2395 5712; x_wconf 89' lang='lat'><strong>:</strong></span> <span class='ocrx_word' id='word_1_780' title='bbox 2426 5658 2507 5711; x_wconf 84' lang='grc' dir='ltr'><strong>ὅτι</strong></span> <span class='ocrx_word' id='word_1_781' title='bbox 2537 5658 2570 5729; x_wconf 79' lang='grc' dir='ltr'>ἡ</span> <span class='ocrx_word' id='word_1_782' title='bbox 2597 5658 2691 5712; x_wconf 80' lang='grc' dir='ltr'><strong>τοῦ</strong></span> <span class='ocrx_word' id='word_1_783' title='bbox 2716 5659 2969 5732; x_wconf 84' lang='grc' dir='ltr'><strong>Σωτῆρος</strong></span> <span class='ocrx_word' id='word_1_784' title='bbox 2994 5658 3158 5731; x_wconf 78' lang='grc' dir='ltr'>ψυχὴ,</span> <span class='ocrx_word' id='word_1_785' title='bbox 3192 5661 3344 5733; x_wconf 79' lang='grc' dir='ltr'><strong>ήτοῦ</strong></span> 
     </span>
    </p>
   </div>
   <div class='ocr_carea' id='block_1_85' title="bbox 124 4634 1661 4721">
    <p class='ocr_par' dir='ltr' id='par_1_85' title="bbox 124 4634 1661 4721">
     <span class='ocr_line' id='line_1_85' title="bbox 124 4634 1661 4721; baseline 0.008 -30"><span class='ocrx_word' id='word_1_786' title='bbox 124 4634 317 4705; x_wconf 73' lang='grc' dir='ltr'><strong>ἔχοντας,</strong></span> <span class='ocrx_word' id='word_1_787' title='bbox 354 4641 490 4711; x_wconf 74' lang='grc' dir='ltr'><strong>πλὴν</strong></span> <span class='ocrx_word' id='word_1_788' title='bbox 506 4642 636 4694; x_wconf 86' lang='grc' dir='ltr'><strong>ὅσον</strong></span> <span class='ocrx_word' id='word_1_789' title='bbox 678 4642 737 4693; x_wconf 81' lang='grc' dir='ltr'>ὲν</span> <span class='ocrx_word' id='word_1_790' title='bbox 754 4642 983 4713; x_wconf 81' lang='grc' dir='ltr'><strong>δυνάμει</strong></span> <span class='ocrx_word' id='word_1_791' title='bbox 1012 4644 1145 4699; x_wconf 79' lang='grc' dir='ltr'>Θεοῦ</span> <span class='ocrx_word' id='word_1_792' title='bbox 1168 4646 1263 4699; x_wconf 75' lang='grc' dir='ltr'><strong>τοῦ</strong></span> <span class='ocrx_word' id='word_1_793' title='bbox 1293 4649 1661 4721; x_wconf 78' lang='grc' dir='ltr'><strong>ζωοποιήσαν-</strong></span> 
     </span>
    </p>
   </div>
   <div class='ocr_carea' id='block_1_86' title="bbox 119 4734 1660 4812">
    <p class='ocr_par' dir='ltr' id='par_1_86' title="bbox 119 4734 1660 4812">
     <span class='ocr_line' id='line_1_86' title="bbox 119 4734 1660 4812; baseline 0.009 -28"><span class='ocrx_word' id='word_1_794' title='bbox 119 4743 200 4791; x_wconf 69' lang='grc' dir='ltr'><strong>τος,</strong></span> <span class='ocrx_word' id='word_1_795' title='bbox 224 4735 309 4786; x_wconf 74' lang='grc' dir='ltr'>καὶ</span> <span class='ocrx_word' id='word_1_796' title='bbox 347 4734 688 4788; x_wconf 82' lang='grc' dir='ltr'><strong>ἀπολωλέναι</strong></span> <span class='ocrx_word' id='word_1_797' title='bbox 720 4735 887 4805; x_wconf 74' lang='grc' dir='ltr'>φησὶν</span> <span class='ocrx_word' id='word_1_798' title='bbox 922 4737 1139 4803; x_wconf 74' lang='grc' dir='ltr'><strong>αὐτοὺς,</strong></span> <span class='ocrx_word' id='word_1_799' title='bbox 1174 4741 1223 4792; x_wconf 82' lang='grc' dir='ltr'>εἰ</span> <span class='ocrx_word' id='word_1_800' title='bbox 1254 4739 1329 4812; x_wconf 80' lang='grc' dir='ltr'><strong>μὴ</strong></span> <span class='ocrx_word' id='word_1_801' title='bbox 1374 4740 1477 4812; x_wconf 81' lang='grc' dir='ltr'><strong>τῆς</strong></span> <span class='ocrx_word' id='word_1_802' title='bbox 1526 4744 1660 4799; x_wconf 76' lang='grc' dir='ltr'><strong>ἀνα-</strong></span> 
     </span>
    </p>
   </div>
   <div class='ocr_carea' id='block_1_87' title="bbox 123 4821 1663 4897">
    <p class='ocr_par' dir='ltr' id='par_1_87' title="bbox 123 4821 1663 4897">
     <span class='ocr_line' id='line_1_87' title="bbox 123 4821 1663 4897; baseline 0.011 -24"><span class='ocrx_word' id='word_1_803' title='bbox 123 4821 323 4889; x_wconf 67' lang='grc' dir='ltr'><strong>στάσεως</strong></span> <span class='ocrx_word' id='word_1_804' title='bbox 374 4826 611 4897; x_wconf 76' lang='grc' dir='ltr'><strong>τύχοιεν.</strong></span> <span class='ocrx_word' id='word_1_805' title='bbox 663 4826 1010 4883; x_wconf 87' lang='lat' dir='ltr'><strong>Concurrunt</strong></span> <span class='ocrx_word' id='word_1_806' title='bbox 1049 4829 1163 4885; x_wconf 67' lang='lat' dir='ltr'><strong>haec</strong></span> <span class='ocrx_word' id='word_1_807' title='bbox 1218 4833 1449 4887; x_wconf 82' lang='lat' dir='ltr'><strong>adversa</strong></span> <span class='ocrx_word' id='word_1_808' title='bbox 1483 4833 1663 4891; x_wconf 72' lang='lat' dir='ltr'><strong>fronte</strong></span> 
     </span>
    </p>
   </div>
   <div class='ocr_carea' id='block_1_88' title="bbox 118 4919 1658 4990">
    <p class='ocr_par' dir='ltr' id='par_1_88' title="bbox 118 4919 1658 4990">
     <span class='ocr_line' id='line_1_88' title="bbox 118 4919 1658 4990; baseline 0.01 -23"><span class='ocrx_word' id='word_1_809' title='bbox 118 4929 213 4970; x_wconf 81' lang='lat' dir='ltr'><strong>cum</strong></span> <span class='ocrx_word' id='word_1_810' title='bbox 248 4921 642 4990; x_wconf 88' lang='lat' dir='ltr'><strong>superioribus,</strong></span> <span class='ocrx_word' id='word_1_811' title='bbox 685 4919 1030 4976; x_wconf 88' lang='lat' dir='ltr'><strong>etalterutra</strong></span> <span class='ocrx_word' id='word_1_812' title='bbox 1070 4922 1227 4977; x_wconf 83' lang='lat' dir='ltr'><strong>cadat</strong></span> <span class='ocrx_word' id='word_1_813' title='bbox 1259 4925 1536 4987; x_wconf 83' lang='lat' dir='ltr'><strong>accusatio</strong></span> <span class='ocrx_word' id='word_1_814' title='bbox 1559 4943 1658 4981; x_wconf 83' lang='lat' dir='ltr'><strong>ne-</strong></span> 
     </span>
    </p>
   </div>
   <div class='ocr_carea' id='block_1_89' title="bbox 118 5017 424 5066">
    <p class='ocr_par' dir='ltr' id='par_1_89' title="bbox 118 5017 424 5066">
     <span class='ocr_line' id='line_1_89' title="bbox 118 5017 424 5066; baseline 0.029 -9"><span class='ocrx_word' id='word_1_815' title='bbox 118 5017 291 5063; x_wconf 83' lang='lat' dir='ltr'><strong>cessum</strong></span> <span class='ocrx_word' id='word_1_816' title='bbox 328 5020 424 5066; x_wconf 90' lang='lat' dir='ltr'><strong>est.</strong></span> 
     </span>
    </p>
   </div>
   <div class='ocr_carea' id='block_1_90' title="bbox 169 5103 1658 5168">
    <p class='ocr_par' dir='ltr' id='par_1_90' title="bbox 169 5103 1658 5168">
     <span class='ocr_line' id='line_1_90' title="bbox 169 5103 1658 5168; baseline 0.009 -13"><span class='ocrx_word' id='word_1_817' title='bbox 169 5103 343 5160; x_wconf 83' lang='lat' dir='ltr'><strong>Anima</strong></span> <span class='ocrx_word' id='word_1_818' title='bbox 380 5108 493 5163; x_wconf 87' lang='lat' dir='ltr'><strong>sola</strong></span> <span class='ocrx_word' id='word_1_819' title='bbox 540 5117 801 5163; x_wconf 83' lang='lat' dir='ltr'><strong>constare</strong></span> <span class='ocrx_word' id='word_1_820' title='bbox 839 5106 1112 5165; x_wconf 88' lang='lat' dir='ltr'><strong>hominem</strong></span> <span class='ocrx_word' id='word_1_821' title='bbox 1142 5113 1473 5167; x_wconf 91' lang='lat' dir='ltr'><strong>asseveravit</strong></span> <span class='ocrx_word' id='word_1_822' title='bbox 1504 5112 1658 5168; x_wconf 81' lang='lat' dir='ltr'><strong>Plato</strong></span> 
     </span>
    </p>
   </div>
   <div class='ocr_carea' id='block_1_91' title="bbox 117 5188 1653 5283">
    <p class='ocr_par' dir='ltr' id='par_1_91' title="bbox 117 5188 1653 5283">
     <span class='ocr_line' id='line_1_91' title="bbox 117 5188 1653 5283; baseline 0.01 -39"><span class='ocrx_word' id='word_1_823' title='bbox 192 5194 441 5277; x_wconf 56' lang='lat' dir='ltr'><strong>Alfibiade</strong></span> <span class='ocrx_word' id='word_1_824' title='bbox 482 5215 544 5264; x_wconf 83' lang='grc' dir='ltr'>ι,</span> <span class='ocrx_word' id='word_1_825' title='bbox 612 5214 777 5266; x_wconf 89' lang='lat' dir='ltr'><strong>quem</strong></span> <span class='ocrx_word' id='word_1_826' title='bbox 830 5210 1048 5255; x_wconf 91' lang='lat' dir='ltr'><strong>secutus</strong></span> <span class='ocrx_word' id='word_1_827' title='bbox 1095 5211 1191 5283; x_wconf 72' lang='lat' dir='ltr'><strong>est</strong></span> <span class='ocrx_word' id='word_1_828' title='bbox 1228 5201 1473 5258; x_wconf 89' lang='lat' dir='ltr'><strong>Plotinus</strong></span> <span class='ocrx_word' id='word_1_829' title='bbox 1512 5202 1653 5259; x_wconf 83' lang='lat' dir='ltr'><strong>Enn.</strong></span> 
     </span>
    </p>
   </div>
   <div class='ocr_carea' id='block_1_92' title="bbox 116 5272 1653 5359">
    <p class='ocr_par' dir='ltr' id='par_1_92' title="bbox 116 5272 1653 5359">
     <span class='ocr_line' id='line_1_92' title="bbox 116 5272 1653 5359; baseline 0.016 -35"><span class='ocrx_word' id='word_1_830' title='bbox 116 5272 381 5341; x_wconf 83' lang='lat' dir='ltr'><strong>lib.t.llanc</strong></span> <span class='ocrx_word' id='word_1_831' title='bbox 410 5287 773 5351; x_wconf 89' lang='lat' dir='ltr'><strong>sententiam,</strong></span> <span class='ocrx_word' id='word_1_832' title='bbox 794 5298 1007 5344; x_wconf 88' lang='lat' dir='ltr'><strong>veteres</strong></span> <span class='ocrx_word' id='word_1_833' title='bbox 1034 5275 1251 5348; x_wconf 74' lang='lat' dir='ltr'><strong>secutus</strong></span> <span class='ocrx_word' id='word_1_834' title='bbox 1278 5294 1653 5359; x_wconf 82' lang='lat' dir='ltr'><strong>Academicos,</strong></span> 
     </span>
    </p>
   </div>
   <div class='ocr_carea' id='block_1_93' title="bbox 117 5366 1655 5447">
    <p class='ocr_par' dir='ltr' id='par_1_93' title="bbox 117 5366 1655 5447">
     <span class='ocr_line' id='line_1_93' title="bbox 117 5366 1655 5447; baseline 0.014 -34"><span class='ocrx_word' id='word_1_835' title='bbox 117 5366 347 5429; x_wconf 82' lang='lat' dir='ltr'><strong>damnavit</strong></span> <span class='ocrx_word' id='word_1_836' title='bbox 378 5376 579 5444; x_wconf 90' lang='lat' dir='ltr'><strong>Varro,</strong></span> <span class='ocrx_word' id='word_1_837' title='bbox 642 5383 702 5428; x_wconf 93' lang='lat' dir='ltr'><strong>ut</strong></span> <span class='ocrx_word' id='word_1_838' title='bbox 743 5382 827 5429; x_wconf 87' lang='lat' dir='ltr'><strong>est</strong></span> <span class='ocrx_word' id='word_1_839' title='bbox 858 5377 998 5443; x_wconf 88' lang='lat' dir='ltr'><strong>apud</strong></span> <span class='ocrx_word' id='word_1_840' title='bbox 1042 5378 1399 5447; x_wconf 83' lang='lat' dir='ltr'><strong>Augustinum</strong></span> <span class='ocrx_word' id='word_1_841' title='bbox 1433 5380 1524 5435; x_wconf 89' lang='lat' dir='ltr'><strong>lib.</strong></span> <span class='ocrx_word' id='word_1_842' title='bbox 1561 5394 1655 5435; x_wconf 84' lang='lat' dir='ltr'><strong>xtx</strong></span> 
     </span>
    </p>
   </div>
   <div class='ocr_carea' id='block_1_94' title="bbox 114 5454 1654 5537">
    <p class='ocr_par' dir='ltr' id='par_1_94' title="bbox 114 5454 1654 5537">
     <span class='ocr_line' id='line_1_94' title="bbox 114 5454 1654 5537; baseline 0.012 -29"><span class='ocrx_word' id='word_1_843' title='bbox 114 5454 171 5509; x_wconf 83' lang='lat' dir='ltr'><strong>De</strong></span> <span class='ocrx_word' id='word_1_844' title='bbox 203 5464 324 5520; x_wconf 78' lang='lat' dir='ltr'><strong>civit.</strong></span> <span class='ocrx_word' id='word_1_845' title='bbox 357 5467 476 5534; x_wconf 82' lang='lat' dir='ltr'><strong>Dei,</strong></span> <span class='ocrx_word' id='word_1_846' title='bbox 502 5483 631 5537; x_wconf 89' lang='lat' dir='ltr'><strong>cap.</strong></span> <span class='ocrx_word' id='word_1_847' title='bbox 660 5468 715 5523; x_wconf 81' lang='lat'><strong>&#39;5.</strong></span> <span class='ocrx_word' id='word_1_848' title='bbox 744 5466 976 5523; x_wconf 89' lang='lat' dir='ltr'><strong>lnstituti</strong></span> <span class='ocrx_word' id='word_1_849' title='bbox 1013 5485 1143 5525; x_wconf 87' lang='lat' dir='ltr'><strong>vero</strong></span> <span class='ocrx_word' id='word_1_850' title='bbox 1168 5486 1197 5525; x_wconf 88' lang='lat' dir='ltr'><strong>a</strong></span> <span class='ocrx_word' id='word_1_851' title='bbox 1226 5470 1448 5526; x_wconf 88' lang='lat' dir='ltr'><strong>Platone</strong></span> <span class='ocrx_word' id='word_1_852' title='bbox 1482 5473 1654 5527; x_wconf 84' lang='lat' dir='ltr'><strong>haere-</strong></span> 
     </span>
    </p>
   </div>
   <div class='ocr_carea' id='block_1_95' title="bbox 114 5553 1658 5631">
    <p class='ocr_par' dir='ltr' id='par_1_95' title="bbox 114 5553 1658 5631">
     <span class='ocr_line' id='line_1_95' title="bbox 114 5553 1658 5631; baseline 0.01 -28"><span class='ocrx_word' id='word_1_853' title='bbox 114 5553 182 5605; x_wconf 80' lang='lat' dir='ltr'><strong>tici</strong></span> <span class='ocrx_word' id='word_1_854' title='bbox 210 5558 429 5627; x_wconf 85' lang='lat' dir='ltr'><strong>quidam,</strong></span> <span class='ocrx_word' id='word_1_855' title='bbox 475 5560 928 5629; x_wconf 88' lang='lat' dir='ltr'><strong>sententiamque</strong></span> <span class='ocrx_word' id='word_1_856' title='bbox 959 5562 1077 5631; x_wconf 83' lang='lat' dir='ltr'><strong>ejus</strong></span> <span class='ocrx_word' id='word_1_857' title='bbox 1125 5566 1403 5631; x_wconf 86' lang='lat' dir='ltr'><strong>assectati,</strong></span> <span class='ocrx_word' id='word_1_858' title='bbox 1444 5564 1658 5618; x_wconf 88' lang='lat' dir='ltr'><strong>Tertul-</strong></span> 
     </span>
    </p>
   </div>
   <div class='ocr_carea' id='block_1_96' title="bbox 114 5638 1661 5722">
    <p class='ocr_par' dir='ltr' id='par_1_96' title="bbox 114 5638 1661 5722">
     <span class='ocr_line' id='line_1_96' title="bbox 114 5638 1661 5722; baseline 0.013 -31"><span class='ocrx_word' id='word_1_859' title='bbox 114 5638 211 5699; x_wconf 82' lang='lat' dir='ltr'><strong>liani</strong></span> <span class='ocrx_word' id='word_1_860' title='bbox 237 5653 648 5722; x_wconf 84' lang='lat' dir='ltr'><strong>castigationem</strong></span> <span class='ocrx_word' id='word_1_861' title='bbox 688 5661 998 5709; x_wconf 88' lang='lat' dir='ltr'><strong>senserunt.</strong></span> <span class='ocrx_word' id='word_1_862' title='bbox 1025 5654 1117 5713; x_wconf 85' lang='lat' dir='ltr'><strong>Sic</strong></span> <span class='ocrx_word' id='word_1_863' title='bbox 1142 5656 1287 5713; x_wconf 90' lang='lat' dir='ltr'><strong>enim</strong></span> <span class='ocrx_word' id='word_1_864' title='bbox 1321 5656 1409 5712; x_wconf 87' lang='lat' dir='ltr'><strong>ille</strong></span> <span class='ocrx_word' id='word_1_865' title='bbox 1462 5656 1556 5713; x_wconf 87' lang='lat' dir='ltr'><strong>lib.</strong></span> <span class='ocrx_word' id='word_1_866' title='bbox 1589 5656 1661 5711; x_wconf 82' lang='lat' dir='ltr'><strong>De</strong></span> 
     </span>
    </p>
   </div>
   <div class='ocr_carea' id='block_1_97' title="bbox 140 5821 651 5902">
    <p class='ocr_par' dir='ltr' id='par_1_97' title="bbox 140 5821 651 5902">
     <span class='ocr_line' id='line_1_97' title="bbox 140 5821 651 5902; baseline 0 -15"><span class='ocrx_word' id='word_1_867' title='bbox 140 5821 251 5881; x_wconf 76' lang='grc'><strong>’⁸⁵11</strong></span> <span class='ocrx_word' id='word_1_868' title='bbox 287 5831 407 5888; x_wconf 85' lang='lat' dir='ltr'><strong>Cor.</strong></span> <span class='ocrx_word' id='word_1_869' title='bbox 446 5850 523 5902; x_wconf 84' lang='lat' dir='ltr'><strong>tv,</strong></span> <span class='ocrx_word' id='word_1_870' title='bbox 558 5832 651 5888; x_wconf 80' lang='grc'><strong>16.</strong></span> 
     </span>
    </p>
   </div>
  </div>
