3898 6526
578 386 680 445 915

1871 377 1947 433 Ps
1974 370 2285 431 DANIELIS
2318 370 2407 428 HU
2418 369 2555 427 ETII
3651 367 3729 421 ιιι

591 499 763 570 Ἀδὰμ
782 494 872 570 ἦν.
910 515 930 551 ι
966 495 1271 554 Servatoris
1309 495 1567 562 animam,
1596 493 1765 566 ipsam
1793 492 1982 549 Adami
2014 492 2134 548 ani-

2248 486 2422 549 ιῦσίας
2441 483 2632 554 αὐτῆς,
2691 482 2785 536 καὶ
2818 480 2946 555 περὶ
2985 479 3096 535 τῶν
3121 478 3301 551 ἀρχῶν
3350 477 3540 549 αὐτῆς,
3566 478 3647 531 οὐκ
3682 482 3730 533 ἂν

580 604 723 644 mam
752 590 917 644 fuisse
949 606 964 644 :
1007 608 1027 642 ι
1052 590 1203 658 quod-
1227 589 1297 643 ita
1330 586 1559 658 accipio,
1584 599 1708 655 quas
1740 583 1917 639 fuerat
1940 583 2133 638 Adami

579 683 760 735 anima
780 721 795 745 ,
830 694 950 735 eam
989 680 1042 734 in
1070 693 1271 747 corpus
1302 678 1604 733 Sevvatoris
1636 675 1819 730 multis
1872 683 1993 743 post
2036 688 2137 728 εει-ιο
2166 694 2174 701 ο

584 770 719 824 culis
749 769 1054 824 transiisse.
1091 769 1239 824 Unde
1280 777 1334 823 et
1372 766 1702 837 Theophilus
1738 764 2024 831 Origenem
2056 764 2139 819 di-

581 861 728 917 xisse
757 863 836 916 ait
862 862 1132 916 hominem
1163 860 1408 915 crebrius
1436 860 1610 923 mori;
1647 856 1788 927 quod
1846 871 1951 911 non
1983 856 2140 909 aliter

581 950 842 1021 intelligo,
882 965 1041 1020 quam
1077 950 1283 1004 animas
1324 961 1692 1017 smpenumero
1747 960 1779 1001 e
1824 946 2139 1015 corporibus

581 1042 636 1099 in
668 1052 895 1109 carpora
927 1040 1182 1106 transire,
1207 1050 1260 1094 et
1288 1036 1859 1109 μετενσωματοῦσθαι.

655 1132 835 1187 XVIII.
888 1131 1086 1186 Verum
1132 1130 1365 1199 priorem
1404 1120 1625 1198 quoque
1679 1125 2133 1199 μετεμψύχωσιν,

582 1237 701 1291 qua:
725 1221 1079 1293 Pythagorica
1100 1230 1205 1285 est,
1260 1220 1496 1274 tenuisse
1546 1218 1695 1272 illum
1727 1227 1943 1273 veteres
1985 1218 2139 1272 multi

583 1314 970 1369 vociferantur.
994 1313 1222 1369 Crimini
1267 1310 1318 1365 id
1347 1310 1446 1381 ipsi
1481 1310 1663 1364 datum
1713 1308 1880 1363 fuisse
1918 1318 2143 1362 narrant

580 1401 891 1474 Pamphilus
921 1405 973 1458 in
1000 1404 1276 1473 Apologia,
1310 1409 1364 1455 et
1393 1415 1534 1471 saepe
1561 1400 1811 1456 laudatus
1842 1414 2142 1471 anonymus

581 1495 788 1551 Photii.
819 1479 1377 1566 Hieronymusrcujus
1409 1494 1569 1549 verba
1601 1506 1763 1562 supra
1798 1490 2143 1547 recitavimus

580 1599 647 1639 ex
671 1585 828 1654 epist.
860 1583 948 1647 59,
981 1584 1045 1636 ad
1078 1583 1242 1645 Avit.,
1279 1598 1401 1652 cap.
1435 1583 1488 1647 1,
1514 1582 1550 1635 2
1573 1591 1629 1636 et
1649 1580 1703 1647 4,
1727 1589 1781 1636 et
1809 1581 1904 1634 lib.
1938 1595 1977 1634 ιι
2001 1580 2142 1648 Apo-

582 1674 689 1743 log.
719 1675 924 1727 advers.
948 1671 1151 1741 Ruﬁn.,
1192 1687 1312 1741 cap.
1344 1673 1401 1736 4,
1447 1671 1740 1742 Origenem
1789 1671 2010 1726 incessit
2055 1686 2144 1724 er-

582 1765 723 1819 i'o’ris
746 1764 982 1833 ejusdem
1039 1764 1292 1832 nomine,
1324 1779 1485 1833 quem
1527 1763 1664 1817 libro
1699 1778 1716 1816 ι
1757 1762 1895 1829 Περὶ
1942 1761 2142 1831 ἀρχῶν

582 1829 955 1909 ιιειιετιιιίοίι.
988 1854 1133 1909 Loca
1157 1829 1541 1924 ipsa—origenis
1567 1854 1853 1923 descripsit
1875 1829 2140 1908 Justinia-
2170 1829 2215 1889 Β

581 1959 684 1998 nus
705 1944 770 1998 ad
803 1944 1003 1999 calcem
1034 1945 1275 2015 epistolae
1303 1947 1369 1999 ad
1400 1945 1635 2008 Menam,
1673 1960 1793 2014 quae
1830 1959 1951 1999 cum
1978 1945 2030 1998 in
2063 1945 2146 2000 his

582 2033 735 2091 libris
769 2035 926 2090 hodie
954 2050 1062 2090 non
1102 2045 1474 2104 compareant,
1530 2035 1820 2091 verisimile
1853 2042 1934 2091 est
1971 2050 2001 2089 a
2029 2034 2144 2089 ltu-

586 2128 697 2180 iino
753 2124 919 2182 fuisse
973 2140 1284 2195 suppressa.
1325 2127 1577 2196 Pepercit
1635 2127 1839 2181 nomini
1895 2126 2145 2196 Origenis

579 2216 925 2285 Philastrius,
948 2233 1062 2273 rem
1080 2220 1247 2289 ipsam
1282 2221 1480 2289 tetigit,
1508 2231 1669 2292 atque
1696 2220 1799 2275 hoc
1824 2231 2144 2289 argumento

579 2309 903 2374 confutavit,
944 2313 1087 2382 quod
1132 2312 1309 2366 anima
1357 2322 1642 2382 postquam
1690 2326 1917 2382 corpore
1971 2312 2142 2369 soluta

580 2410 684 2466 est,
716 2402 769 2456 in
794 2401 973 2457 locum
998 2411 1261 2458 statutum
1298 2404 1596 2460 deducatur
1621 2405 1690 2460 ab
1719 2404 1930 2474 angelo,
1964 2414 2025 2461 ut
2049 2421 2146 2477 pro

579 2493 793 2548 meritis
827 2495 939 2549 suis
961 2504 1276 2551 exornetur.

653 2585 798 2640 XlX.
825 2586 992 2643 Recte
1014 2588 1227 2656 quidem
1254 2588 1586 2643 accusationi
1623 2603 1733 2643 suae
1758 2588 2029 2644 consuluit
2053 2588 2149 2643 Ju-

582 2675 873 2741 stinianus,
893 2692 1012 2732 cum
1035 2676 1285 2747 Ongenis
1306 2677 1469 2732 verba
1487 2678 1602 2747 ipsa
1621 2679 1929 2748 descripsit,
1952 2682 2147 2749 quibus

581 2763 880 2819 absurdum
915 2766 1043 2820 illud
1075 2776 1129 2822 et
1152 2768 1375 2836 impium
1410 2767 1602 2837 dogma
1630 2770 1974 2834 continetur;
2033 2780 2141 2825 tam

582 2853 961 2923 frequentibus
985 2857 1180 2926 quippe
1205 2866 1261 2911 et
1295 2858 1499 2926 apertis
1535 2859 1859 2914 testimoniis
1890 2860 2018 2915 alibi
2055 2876 2142 2915 re-

581 2946 825 3014 pudiavit
858 2946 1005 3002 illum
1038 2948 1413 3012 Adamantius,
1456 2958 1510 3003 et
1554 2949 1847 3017 damnavit,
1885 2952 1973 3006 vix
2011 2961 2067 3006 ut
2094 2953 2145 3006 in

581 3038 821 3092 animum
855 3039 1111 3095 inducere
1138 3042 1360 3110 possim.
1396 3042 1691 3107 hominem,
1730 3058 1834 3098 non
1882 3043 1992 3113 jam
2027 3043 2147 3100 dico

580 3144 797 3186 summa
854 3131 1133 3188 ﬂorentem
1157 3134 1458 3189 eruditione
1510 3143 1567 3188 et
1615 3134 1851 3204 ingenio,
1894 3137 1987 3191 sed
2040 3152 2144 3191 non

579 3228 881 3281 vaecordem
912 3227 1135 3283 omnino
1154 3236 1209 3282 et
1227 3226 1501 3292 insanum,
1527 3236 1637 3282 tam
1670 3232 2023 3298 repugnantia
2045 3231 2144 3287 sibi

580 3327 637 3372 et
665 3319 947 3373 contraria
989 3333 1095 3373 uno
1143 3322 1441 3390 eodemque
1490 3335 1587 3377 ore
1639 3324 2041 3391 pronuntiasse.
2090 3324 2145 3379 lu

581 3409 687 3464 hoc
709 3410 826 3479 ipso
847 3410 1068 3479 quippe,
1096 3411 1239 3480 quod
1268 3411 1451 3466 laudat
1478 3410 1840 3479 Justinianus,
1879 3430 2043 3485 opere
2075 3416 2149 3469 De

581 3498 876 3566 principiis,
914 3496 1008 3553 lib.
1037 3515 1077 3564 ι,
1100 3514 1218 3567 cap.
1252 3499 1461 3566 ultimo,
1506 3515 1654 3555 num.
1684 3500 1740 3565 4,
1773 3502 1848 3556 ita
1876 3502 2094 3557 disserit
2131 3520 2146 3557 :

588 3606 609 3638 σ
644 3588 736 3641 Illa
769 3603 901 3644 sane
934 3604 1032 3644 nos
1091 3604 1432 3661 nequaquam
1466 3590 1774 3658 recipienda
1811 3606 2098 3647 censemus
2131 3632 2148 3657 ,

584 3691 706 3743 quae
734 3686 787 3731 et
811 3693 840 3731 a
864 3678 1182 3747 quibusdam
1216 3676 1488 3746 superﬂuo
1531 3678 1615 3732 vel
1647 3680 1849 3748 requiri
1870 3681 1953 3736 vel
1978 3682 2147 3736 astrui

584 3768 786 3833 solent,
813 3768 865 3822 id
894 3779 998 3834 est,
1027 3770 1168 3838 quod
1194 3768 1389 3822 anima:
1420 3768 1473 3822 in
1515 3776 1720 3822 tantum
1753 3770 1834 3824 sui
1867 3770 2147 3826 decessum

581 3859 827 3925 veniant,
862 3870 916 3915 ut
946 3869 1151 3914 naturae
1210 3859 1492 3915 rationalis
1538 3874 1602 3914 ac
1648 3859 1928 3927 dignitatis
1973 3862 2150 3917 oblitae

581 3952 745 4006 etiam
775 3953 827 4006 in
882 3952 1123 4008 ordinem
1162 3952 1615 4007 irrationabilium
1654 3952 1964 4006 animalium
1991 3994 2007 4019 ,
2061 3954 2147 4008 vel

578 4042 899 4108 bestiarum,
917 4043 997 4097 vel
1018 4043 1281 4112 pecudum
1306 4042 1623 4098 devolvantu
1634 4057 1676 4096 r.
1693 4060 1711 4094 I
1732 4041 1953 4112 Reliqua
1972 4044 2150 4099 studio

579 4133 868 4188 brevitatis
897 4136 1283 4204 praetermitto,
1321 4152 1442 4206 quae
1469 4148 1649 4192 tamen
1681 4136 1747 4190 ad
1774 4149 1885 4191 rem
1918 4136 2147 4190 faciunt.

583 4229 650 4283 Et
677 4230 773 4285 lib.
820 4246 865 4284 ιι
914 4229 989 4284 De
1034 4232 1432 4297 resurrectione,
1488 4247 1651 4302 quem
1714 4231 1890 4287 locum
1931 4230 2151 4285 exhibet

580 4320 941 4390 Pamphilus:
984 4339 1003 4372 ι
1034 4322 1141 4377 Sed
1176 4322 1338 4389 sicut,
1376 4323 1573 4392 inquit,
1602 4338 1708 4379 non
1740 4332 1823 4378 est
1854 4322 2149 4392 putandum

583 4413 726 4481 quod
761 4413 1077 4467 animalium
1110 4428 1308 4484 corpus
1326 4423 1647 4481 accepturus
1672 4415 1743 4469 sit
1765 4422 2038 4484 peccator,
2058 4423 2151 4467 aut

2237 577 2381 632 οὓτω
2437 575 2671 646 διέσυρε
2697 573 2789 627 τὸν
2824 573 3088 628 ἀθάνατον
3134 573 3219 645 κείς
3266 569 3454 640 θνητὸν
3502 569 3731 639 ἐρχόμενον

2240 667 2420 737 σῶμα,
2466 665 2528 717 οὐ
2571 661 2711 717 κατὰ
2753 662 3039 724 Πλάτωνος
3088 657 3590 731 μετενσωμὰτωσιν,
3633 656 3732 709 ἀλλὰ

2237 757 2357 812 κατ’
2375 755 2539 826 ἄλλην
2560 752 2679 808 τινὰ
2704 751 3036 822 ὑψηλοτέραν
3059 748 3306 819 θεωρίαν.
3336 766 3355 799 ι
3381 747 3435 801 Si
3456 756 3611 801 mente
3626 761 3733 800 com-

2237 846 2609 918 prehendisset
2653 841 2888 915 (Celsus)
2921 856 3043 911 quae
3087 842 3264 895 futura
3302 840 3374 894 sit
3420 839 3592 893 animae
3623 836 3731 890 ina-

2238 948 2395 994 terna
2420 937 2526 992 vita
2561 936 2827 1001 conditio,
2848 945 2904 989 et
2927 935 3054 1004 quid
3093 934 3159 988 de
3188 933 3309 1001 ejus
3360 940 3543 985 natura
3583 928 3730 998 prisci.

2238 1028 2451 1098 piisque
2475 1026 2681 1082 sentire
2710 1033 2985 1095 Oporteat,
3012 1037 3120 1077 non
3146 1021 3219 1076 ita
3256 1019 3536 1074 ridiculum
3562 1017 3645 1085 ipsi
3680 1017 3732 1068 vi-

2239 1132 2357 1173 sum
2384 1115 2578 1172 fuisset
2632 1112 2998 1169 immortalem
3044 1112 3097 1166 in
3131 1108 3362 1165 mortale
3413 1121 3592 1177 corpus
3615 1108 3732 1159 adve-

2244 1208 2503 1272 nientem,
2535 1219 2641 1260 non
2667 1220 2697 1260 e
2731 1217 2961 1274 corpore
3016 1202 3068 1256 in
3116 1214 3320 1270 corpus
3347 1198 3731 1267 lransmigrando,

2243 1306 2301 1351 ut
2334 1297 2487 1351 Plato
2523 1296 2837 1365 explicaret,
2864 1293 2956 1349 sed
2980 1292 3080 1346 alia
3103 1305 3283 1359 eaque
3316 1290 3470 1355 longe
3497 1286 3730 1341 sublimion

2244 1387 2477 1443 ratione.
2508 1404 2527 1439 ι
2564 1385 2887 1455 Scriptionis
2908 1383 3143 1453 ejusdem
3172 1390 3363 1435 contra
3385 1378 3576 1434 Celsum
3599 1377 3670 1430 lib.
3694 1393 3731 1441 γ,

2244 1494 2394 1533 num.
2446 1476 2555 1541 49,
2620 1476 2964 1531 Christianos
3013 1475 3235 1545 rejicere
3275 1472 3439 1527 tradit
3489 1469 3733 1539 Πυθαγόρου

2246 1570 2337 1623 τὸν
2363 1569 2492 1638 περὶ
2523 1566 2698 1638 ψυχῆς
2718 1564 3306 1638 μετενσωματουμένης
3334 1558 3614 1633 μῦθον.ἃά
3632 1575 3732 1612 assc-

2244 1660 2520 1715 verantius
2550 1658 2641 1713 lib.
2675 1673 2792 1722 vm,
2820 1674 2968 1712 num.
2999 1657 3067 1712 '50
3098 1675 3111 1710 :
3150 1653 3417 1725 Οὐδαμῶς
3446 1652 3656 1723 μέντοιγε
3678 1650 3733 1701 λέ-

2247 1768 2418 1822 γομεν
2453 1748 2940 1821 μετενσωμάτωσιν
2971 1743 3105 1800 εἶναι
3136 1746 3337 1819 ψυχῆς,
3397 1743 3485 1798 καὶ
3516 1742 3731 1797 κατάπτω-

2245 1858 2329 1897 σιν
2374 1842 2541 1911 αὐτῆς
2577 1839 2738 1912 μέχρι
2782 1839 2890 1893 τῶν
2939 1837 3147 1905 ἀλόγων
3185 1836 3374 1900 ζώων·
3416 1835 3628 1904 δηλονότι
3662 1831 3733 1883 οὐδ’

2243 1935 2442 2004 ὁμοίως
2474 1932 2801 2004 Πυθαγόρᾳ,
2843 1930 2947 1985 κᾶν
2993 1927 3329 2000 ἀπεχώμεθά
3370 1944 3495 1979 ποτε
3524 1924 3733 1990 {thensa

2244 2024 2565 2097 χρησόμεθα
2601 2023 2779 2097 αὐτῶν
2806 2024 2926 2086 ταῖς
2960 2020 3137 2093 σαρξί.
3178 2040 3197 2073 ι
3230 2020 3420 2090 Neque
3468 2035 3582 2074 vero
3604 2034 3733 2073 cense.

2244 2131 2363 2169 mus
2390 2115 2628 2168 animam
2659 2129 2690 2168 θ
2720 2128 2947 2183 corpore
2973 2113 3025 2166 in
3056 2126 3255 2182 corpus
3287 2110 3516 2181 migrare
3537 2150 3553 2175 ,
3579 2118 3624 2163 et
3656 2123 3732 2162 eam

2243 2205 2309 2259 ad
2351 2206 2628 2261 brutarum
2651 2218 2820 2273 usque
2843 2203 3203 2257 animantium
3229 2202 3581 2256 conditionem
3610 2199 3731 2267 dejici.

2243 2293 2359 2349 Non
2395 2296 2576 2363 igitur,
2618 2294 2828 2350 etiamsi
2892 2292 3160 2347 interdum
3217 2290 3575 2345 animantibus
3614 2290 3733 2341 αὺδιις

2246 2401 2437 2441 nemus
2466 2425 2481 2451 ,
2522 2401 2708 2441 earum
2750 2398 2943 2439 carnes
2999 2398 3321 2438 aversamur
3364 2383 3545 2438 eadem
3588 2382 3735 2435 ratione

2246 2494 2353 2548 qua
2386 2478 2736 2548 Pythagoras.
2768 2496 2787 2530 ι
2823 2476 2886 2530 Et
2916 2476 3012 2531 lib.
3042 2492 3069 2529 ν
3097 2475 3149 2528 in
3174 2473 3349 2543 Epist.
3378 2478 3444 2527 ad
3466 2472 3616 2537 Rom.,
3633 2488 3731 2526 num.

2247 2570 2299 2635 1,
2332 2583 2453 2639 pag.
2486 2568 2589 2623 54.9
2628 2591 2640 2623 :
2681 2586 2699 2619 ι
2732 2567 2837 2623 Sed
2866 2567 2980 2621 haec
3009 2566 3277 2620 Basilides
3297 2581 3401 2619 non
3436 2566 3733 2618 advertensde

2247 2662 2363 2731 lege
2395 2660 2631 2716 naturali
2663 2659 2859 2714 debere
2884 2658 3129 2728 intelligi,
3162 2658 3229 2712 ad
3262 2658 3475 2727 ineptas
3511 2666 3559 2712 et
3599 2654 3736 2721 impias

2256 2754 2464 2809 fabulas
2496 2767 2799 2807 sermonem
2848 2751 3201 2818 apostolicum
3252 2750 3421 2803 traxit
3455 2748 3502 2803 in
3537 2762 3736 2818 μετενσω-

2252 2846 2545 2915 ματώσεως
2575 2845 2790 2914 dogma,
2822 2843 2875 2898 id
2895 2851 2997 2907 est,
3036 2844 3176 2912 quod
3209 2841 3409 2895 animae
3437 2842 3485 2894 in
3514 2840 3600 2893 alia
3625 2847 3735 2903 atque

2247 2938 2351 2991 alia
2383 2951 2611 3006 corpora
2643 2935 3112 2999 transfundantur,
3144 2949 3207 2989 ex
3241 2934 3354 2989 hoc
3388 2930 3602 3002 Apostoli
3636 2930 3735 2983 dicto

2248 3037 2476 3084 conatur
2506 3037 2773 3082 astruere.
2813 3025 2959 3080 Dixit
2991 3027 3159 3088 enim,
3211 3025 3415 3093 inquit,
3439 3019 3675 3091 Apostolus
3690 3017 3733 3079 ",

2250 3122 2374 3190 quia
2404 3135 2503 3190 ego
2531 3120 2776 3174 vivebam
2804 3119 2923 3174 sine
2953 3117 3065 3187 lege
3100 3116 3430 3185 aliquando;
3461 3132 3479 3167 ι
3508 3122 3553 3168 et
3576 3123 3733 3170 caatera.

2249 3226 2371 3282 quae
2407 3210 2595 3265 lectori
2643 3210 2884 3279 diligenti
2916 3208 3240 3265 consulenda
3298 3206 3551 3274 relinquo.
3590 3200 3734 3257 Paulini

2256 3301 2410 3370 hujus
2441 3300 2541 3357 loci
2570 3315 2787 3369 pravam
2815 3299 3350 3369 interpretationem,
3374 3307 3429 3352 et
3448 3291 3737 3367 Pythagorica

2260 3390 2806 3463 μετενσωματώσεως
2849 3390 3319 3446 conﬁrmationem
3363 3384 3734 3442 accommodatam

2249 3486 2469 3540 damnat
2488 3486 2682 3538 iterum
2702 3484 2795 3539 lib.
2819 3499 2869 3536 vi
2892 3484 2945 3535 in
2966 3481 3135 3551 Epist.
3153 3481 3221 3533 ad
3238 3478 3419 3545 Rom.,
3441 3494 3573 3532 num.
3594 3473 3635 3539 8,
3655 3486 3735 3542 pag.

2250 3576 2375 3631 58⁸5.
2400 3576 2544 3630 Idem
2571 3576 2710 3630 libro
2738 3575 2809 3629 De
2840 3573 3136 3629 Proverbiis
3173 3570 3492 3632 Salomonis,
3515 3583 3617 3637 pag.
3645 3566 3679 3627 l,
3703 3573 3737 3613 el

2252 3677 2382 3722 tom.
2406 3683 2479 3721 vit
2507 3668 2560 3720 in
2585 3666 2805 3732 Mattli.,
2841 3681 2962 3735 pag.
2992 3664 3090 3719 441
3124 3665 3270 3734 (qua:
3302 3660 3588 3717 testimonia
3612 3656 3737 3724 jaceat

2250 3760 2304 3813 in
2343 3759 2599 3827 Apologia
2629 3757 2945 3829 Pamphili),
2977 3766 3031 3810 et
3061 3766 3254 3810 tom..x
3306 3754 3361 3806 in
3412 3751 3608 3813 Mallia,
3634 3762 3733 3801 num.

2248 3849 2340 3913 ἓν,
2371 3865 2492 3918 pag.
2524 3849 2650 3915 468,
2673 3858 2728 3902 et
2760 3858 2890 3903 tom.
2935 3862 3010 3913 si,
3045 3861 3197 3900 num.
3231 3844 3325 3908 l9,
3357 3858 3477 3915 pag.
3507 3838 3612 3902 506,
3640 3835 3736 3890 Scri-

2249 3942 2426 4010 pturis
2450 3942 2657 3996 sanctis
2687 3948 2743 3994 et
2763 3938 3153 3994 ecclesiasticae
3182 3940 3309 3995 lidei
3345 3935 3731 3993 contrariamessc

2250 4034 2448 4089 asserit
2478 4034 2987 4104 μετενσωμάτωσιν.
3024 4031 3163 4087 Fuse
3194 4046 3416 4102 quoque
3447 4029 3495 4083 id
3522 4034 3735 4095 argumeno

2251 4135 2362 4180 tum
2386 4128 2732 4196 prosequitur
2764 4136 2897 4182 tom.
2946 4141 2998 4180 γι
3030 4126 3082 4178 in
3115 4125 3308 4192 Joan.,
3339 4139 3483 4180 num.
3514 4122 3563 4185 'l,
3589 4113 3735 4182 disqui'

2255 4236 2379 4275 rens
2419 4237 2485 4274 au
2523 4220 2575 4274 in
2601 4218 2830 4275 Joannis
2858 4234 3055 4290 corpus
3089 4218 3217 4273 Elia:
3246 4219 3429 4273 anima
3464 4207 3735 4284 migraverit;

2250 4326 2422 4380 eoque
2453 4311 2616 4365 etiam
2648 4311 2923 4381 copiosius
2957 4318 3089 4364 tom.
3122 4325 3221 4363 χιιι
3250 4311 3309 4362 in
3334 4306 3542 4369 Merlin,
3572 4295 3734 4355 num.l.

2252 4419 2374 4473 pag.
2406 4402 2531 4468 567,
2559 4401 2664 4456 568
2728 4411 2783 4457 et
2829 4402 3201 4471 sequentibus,
3248 4400 3493 4453 eamdem
3542 4388 3735 4447 ventilatis

581 4502 891 4565 volucrum,
929 4502 1315 4571 autpiscium;
1350 4505 1429 4558 sic
1453 4517 1626 4572 neque
1666 4502 1820 4567 solis,
1860 4512 1957 4556 aut
1986 4503 2144 4569 quat,

2252 4495 2624 4563 quaestionem,
2654 4495 2753 4548 hac
2776 4495 2985 4548 ratione
3002 4491 3490 4564 pscevswpdtvwatv
3517 4486 3734 4555 oppuglli'w

2404 4585 2415 4597 .
2869 4585 2881 4596 .
2932 4594 2940 4597 _
3017 4586 3047 4597 ._
3317 4582 3328 4594 .
3390 4596 3393 4597 ,
3450 4580 3554 4597 μμ
3584 4577 3734 4597 --ηραν

584 4600 682 4645 aut
704 4591 983 4646 stellarum
1016 4592 1245 4646 formam
1290 4594 1620 4664 Sperandum
1656 4601 1742 4649 est
1766 4593 2014 4662 accipere
2056 4609 2148 4649 eos

583 4681 679 4749 qui
708 4692 994 4748 resurgent
1020 4683 1073 4737 in
1105 4682 1321 4752 gloria:
1373 4685 1469 4739 sed
1517 4684 1750 4753 exempli
1789 4699 1951 4740 causa
2007 4686 2149 4740 dicta

584 4786 705 4824 esse
731 4771 841 4825 lucc
875 4772 944 4825 ab
976 4770 1231 4839 Apostolo
1255 4772 1593 4827 sentiendum
1624 4782 1807 4840 est,ut
1841 4774 2153 4845 designetur

585 4876 682 4932 per
707 4863 840 4929 haec,
868 4864 1010 4931 quod
1044 4863 1134 4916 alii
1167 4877 1264 4931 pro
1314 4864 1522 4918 meritis
1559 4864 1671 4918 suis
1714 4865 2155 4920 honorabiliores

583 4963 639 5008 et
667 4952 925 5009 clariores
954 4964 1137 5019 erunt,
1182 4956 1421 5010 beatiora
1446 4971 1663 5027 quoque
1698 4956 2000 5011 habitacula
2028 4972 2147 5012 sor-

581 5045 777 5100 titnri:
830 5045 1059 5122 aliorum
1117 5060 1246 5101 vero
1298 5046 1705 5117 indignissimus
1749 5057 1803 5103 et
1840 5047 2149 5117 abjectissi-

582 5153 706 5191 ntus
746 5152 843 5206 pro
890 5149 1162 5206 gestorum
1197 5137 1402 5193 scelere
1444 5140 1548 5193 erit
1593 5147 1789 5203 status,
1832 5140 1924 5211 qui
1981 5140 2149 5195 etiam

584 5230 753 5283 mutis
808 5229 1136 5284 animalibus
1188 5230 1382 5298 dignus
1412 5230 1484 5285 sit
1512 5230 1843 5300 comparari.
1878 5248 1897 5282 ι
1931 5229 2060 5296 Quae
2105 5232 2149 5286 si

584 5321 705 5390 quis
734 5335 762 5374 a
790 5319 984 5377 Rulino
1008 5321 1090 5376 vel
1115 5336 1371 5391 perversa
1395 5322 1479 5376 vel
1502 5321 1705 5377 inserta
1727 5333 1998 5389 causetur,
2022 5321 2151 5391 quid

584 5414 845 5469 adversus
876 5414 1007 5469 illud
1052 5415 1287 5485 excipiet
1315 5430 1346 5471 e
1380 5415 1475 5470 lib.
1502 5432 1552 5469 tv
1591 5426 1773 5470 contra
1811 5416 1973 5478 Cels.,
1999 5433 2149 5470 num.

584 5506 689 5559 17:
718 5496 781 5558 El
808 5504 865 5557 δὲ
904 5501 972 5576 ἦν
1017 5507 1271 5579 ἐννοήσας
1301 5507 1556 5579 (Κέλσος)
1607 5506 1659 5561 τί
1691 5507 1971 5563 ἀκολουθεῖ
2006 5506 2150 5580 ψυχῇ

585 5596 643 5647 ἐν
670 5595 871 5665 αἰωνίῳ
906 5595 1145 5667 ἐσομένη
1172 5595 1305 5667 ζωῇ,
1325 5596 1417 5649 καὶ
1446 5596 1495 5649 τί
1526 5595 1630 5667 χρὴ
1661 5597 1876 5666 φρονεῖν
1902 5594 2029 5665 περὶ
2057 5594 2154 5667 τῆς

657 5772 700 5801 ⁸⁸
732 5774 884 5827 Rom.
915 5791 1008 5839 vti,
1032 5775 1091 5829 9.

2253 4585 2511 4639 mundum
2556 4600 2823 4655 nusquam
2869 4585 3238 4647 interiturum,
3282 4582 3329 4635 si
3378 4580 3557 4634 anima:
3583 4577 3737 4644 ριοριετ

2248 4686 2467 4745 peccata
2493 4690 2723 4744 corpora
2758 4674 2986 4730 subeant
3014 4692 3026 4728 :
3069 4675 3117 4727 id
3152 4673 3299 4727 enim
3335 4672 3379 4726 si
3405 4673 3486 4732 sit,
3516 4682 3616 4723 cum
3642 4674 3735 4715 Sem-

2251 4782 2347 4836 per
2370 4781 2465 4835 pro
2490 4767 2703 4821 arbitrii
2727 4768 2807 4821 sui
2839 4765 3093 4820 libertate
3117 4778 3346 4833 peccare
3371 4760 3562 4832 possint
3585 4753 3732 4808 animm.

2252 4872 2464 4924 semper
2496 4872 2719 4927 corpora
2754 4858 3068 4922 subituras;
3111 4870 3329 4924 semper
3366 4853 3518 4923 igitur
3551 4845 3731 4927 adfuturi

2254 4962 2523 5017 corpora;
2559 4926 2818 5002 mundum
2843 4962 2974 5017 ergo
3010 4960 3284 5016 nunquam
3315 4945 3619 5014 periturum:
3641 4926 3734 5001 qut?J

2259 5040 2302 5093 si
2329 5039 2718 5109 prodeuntibus
2754 5039 2967 5095 saeculis
2992 5038 3188 5092 animze
3225 5035 3453 5090 subinde
3482 5031 3728 5097 aliqum)”

2258 5142 2379 5187 cato
2410 5133 2700 5194 immunes.
2722 5132 3000 5202 corporeis
3021 5129 3247 5184 vinculis
3265 5126 3493 5197 amplius
3510 5118 3732 5183 nonest!!!»

2254 5232 2378 5291 post
2426 5222 2737 5276 diuturnum
2784 5235 3053 5275 annorum
3112 5216 3479 5279 curriculum,
3526 5204 3735 5264 imminuto

2264 5314 2438 5385 magis
2472 5314 2750 5383 magisque
2801 5314 3100 5367 animarum
3134 5323 3384 5373 numero,
3428 5304 3489 5359 ad
3515 5300 3734 5370 parum“

2255 5417 2461 5457 animas
2490 5403 2764 5457 redactum
2794 5402 2859 5457 iri
2889 5402 3180 5466 mundum;
3207 5400 3402 5467 quibus
3430 5386 3732 5466 perfectionem

2257 5495 2582 5561 consecutis,
2621 5494 2917 5550 desiturum
2956 5492 3192 5556 tandem,
3225 5504 3333 5559 pra:
3367 5486 3633 5541 animarum
3651 5481 3735 5540 φιτ

2262 5602 2487 5658 corpora
2515 5587 2744 5643 subeant
2768 5584 2984 5656 inopia;
3021 5583 3161 5655 quod
3194 5581 3485 5650 refragatur
3511 5570 3733 5637 Scriplm
