  <div class='ocr_page' id='page_1' title='image "/cluster/home/n/w/nwhite01/storage/ocr_20150623/17/hvd.32044051719607/470.png"; bbox 0 0 3898 6518; ppageno 0'>
   <div class='ocr_carea' id='block_1_1' title="bbox 182 382 284 442">
    <p class='ocr_par' dir='ltr' id='par_1_1' title="bbox 182 382 284 442">
     <span class='ocr_line' id='line_1_1' title="bbox 182 382 284 442; baseline -0.01 0"><span class='ocrx_word' id='word_1_1' title='bbox 182 382 284 442; x_wconf 75' lang='grc'><strong>917</strong></span> 
     </span>
    </p>
   </div>
   <div class='ocr_carea' id='block_1_2' title="bbox 987 358 2567 442">
    <p class='ocr_par' dir='ltr' id='par_1_2' title="bbox 987 358 2567 442">
     <span class='ocr_line' id='line_1_2' title="bbox 987 358 2567 442; baseline -0.009 -9"><span class='ocrx_word' id='word_1_2' title='bbox 987 373 1561 433; x_wconf 72' lang='lat' dir='ltr'><strong>OBICENIANORUM</strong></span> <span class='ocrx_word' id='word_1_3' title='bbox 1593 372 1723 429; x_wconf 85' lang='lat' dir='ltr'><strong>LIB.</strong></span> <span class='ocrx_word' id='word_1_4' title='bbox 1763 373 1830 442; x_wconf 82' lang='grc'><strong>11,</strong></span> <span class='ocrx_word' id='word_1_5' title='bbox 1869 371 2018 429; x_wconf 82' lang='lat' dir='ltr'><strong>CAP.</strong></span> <span class='ocrx_word' id='word_1_6' title='bbox 2057 369 2124 437; x_wconf 82' lang='lat' dir='ltr'><strong>ll,</strong></span> <span class='ocrx_word' id='word_1_7' title='bbox 2163 363 2439 435; x_wconf 52' lang='grc' dir='ltr'><strong>(ξυλεῖ.</strong></span> <span class='ocrx_word' id='word_1_8' title='bbox 2479 358 2567 418; x_wconf 70' lang='grc' dir='ltr'><strong>Ἦ.</strong></span> 
     </span>
    </p>
   </div>
   <div class='ocr_carea' id='block_1_3' title="bbox 3300 357 3424 414">
    <p class='ocr_par' dir='ltr' id='par_1_3' title="bbox 3300 357 3424 414">
     <span class='ocr_line' id='line_1_3' title="bbox 3300 357 3424 414; baseline -0.056 0"><span class='ocrx_word' id='word_1_9' title='bbox 3300 357 3424 414; x_wconf 67' lang='grc' dir='ltr'><strong>9η.</strong></span> 
     </span>
    </p>
   </div>
   <div class='ocr_carea' id='block_1_4' title="bbox 186 471 3410 569">
    <p class='ocr_par' dir='ltr' id='par_1_4' title="bbox 186 471 3410 569">
     <span class='ocr_line' id='line_1_4' title="bbox 186 471 3410 569; baseline -0.009 -11"><span class='ocrx_word' id='word_1_10' title='bbox 186 500 393 559; x_wconf 99' lang='lat' dir='ltr'><strong>docenti</strong></span> <span class='ocrx_word' id='word_1_11' title='bbox 417 496 682 569; x_wconf 89' lang='lat' dir='ltr'><strong>plurimos</strong></span> <span class='ocrx_word' id='word_1_12' title='bbox 710 496 765 551; x_wconf 92' lang='lat' dir='ltr'><strong>in</strong></span> <span class='ocrx_word' id='word_1_13' title='bbox 813 495 1015 552; x_wconf 91' lang='lat' dir='ltr'><strong>mundo</strong></span> <span class='ocrx_word' id='word_1_14' title='bbox 1063 495 1274 551; x_wconf 79' lang='lat' dir='ltr'><strong>futuros</strong></span> <span class='ocrx_word' id='word_1_15' title='bbox 1297 503 1574 556; x_wconf 75' lang='lat' dir='ltr'><strong>mortales,</strong></span> <span class='ocrx_word' id='word_1_16' title='bbox 1619 507 1743 547; x_wconf 86' lang='lat' dir='ltr'><strong>cum</strong></span> <span class='ocrx_word' id='word_1_17' title='bbox 1772 496 1820 556; x_wconf 72' lang='grc' dir='ltr'><strong>Α</strong></span> <span class='ocrx_word' id='word_1_18' title='bbox 1849 507 1973 547; x_wconf 81' lang='lat' dir='ltr'><strong>mox</strong></span> <span class='ocrx_word' id='word_1_19' title='bbox 2000 512 2013 547; x_wconf 87' lang='lat'><strong>:</strong></span> <span class='ocrx_word' id='word_1_20' title='bbox 2047 508 2069 546; x_wconf 74' lang='grc' dir='ltr'>ι</span> <span class='ocrx_word' id='word_1_21' title='bbox 2095 485 2418 544; x_wconf 81' lang='lat' dir='ltr'><strong>lamblichus</strong></span> <span class='ocrx_word' id='word_1_22' title='bbox 2448 493 2579 537; x_wconf 85' lang='lat' dir='ltr'><strong>vero</strong></span> <span class='ocrx_word' id='word_1_23' title='bbox 2624 477 2713 534; x_wconf 87' lang='lat' dir='ltr'><strong>bis</strong></span> <span class='ocrx_word' id='word_1_24' title='bbox 2759 471 3088 532; x_wconf 89' lang='lat' dir='ltr'><strong>contrariam</strong></span> <span class='ocrx_word' id='word_1_25' title='bbox 3118 473 3410 532; x_wconf 72' lang='lat' dir='ltr'><strong>decurrens</strong></span> 
     </span>
    </p>
   </div>
   <div class='ocr_carea' id='block_1_5' title="bbox 183 586 1746 651">
    <p class='ocr_par' dir='ltr' id='par_1_5' title="bbox 183 586 1746 651">
     <span class='ocr_line' id='line_1_5' title="bbox 183 586 1746 651; baseline -0.006 -1"><span class='ocrx_word' id='word_1_26' title='bbox 183 594 348 651; x_wconf 80' lang='lat' dir='ltr'><strong>Filius</strong></span> <span class='ocrx_word' id='word_1_27' title='bbox 379 591 615 647; x_wconf 84' lang='lat' dir='ltr'><strong>hominis</strong></span> <span class='ocrx_word' id='word_1_28' title='bbox 645 589 916 644; x_wconf 85' lang='lat' dir='ltr'><strong>adveniet.</strong></span> <span class='ocrx_word' id='word_1_29' title='bbox 950 587 1072 642; x_wconf 89' lang='lat' dir='ltr'><strong>Pari</strong></span> <span class='ocrx_word' id='word_1_30' title='bbox 1115 589 1289 643; x_wconf 85' lang='lat' dir='ltr'><strong>utitur</strong></span> <span class='ocrx_word' id='word_1_31' title='bbox 1329 586 1746 642; x_wconf 77' lang='lat' dir='ltr'><strong>ratiocinatione</strong></span> 
     </span>
    </p>
   </div>
   <div class='ocr_carea' id='block_1_6' title="bbox 183 676 1746 750">
    <p class='ocr_par' dir='ltr' id='par_1_6' title="bbox 183 676 1746 750">
     <span class='ocr_line' id='line_1_6' title="bbox 183 676 1746 750; baseline -0.006 -12"><span class='ocrx_word' id='word_1_32' title='bbox 183 685 275 740; x_wconf 89' lang='lat' dir='ltr'><strong>lib.</strong></span> <span class='ocrx_word' id='word_1_33' title='bbox 300 700 338 740; x_wconf 88' lang='lat' dir='ltr'><strong>tt</strong></span> <span class='ocrx_word' id='word_1_34' title='bbox 370 685 424 736; x_wconf 87' lang='lat' dir='ltr'><strong>in</strong></span> <span class='ocrx_word' id='word_1_35' title='bbox 455 681 667 736; x_wconf 84' lang='lat' dir='ltr'><strong>Cantic.</strong></span> <span class='ocrx_word' id='word_1_36' title='bbox 708 681 994 746; x_wconf 81' lang='lat' dir='ltr'><strong>eantieor.,</strong></span> <span class='ocrx_word' id='word_1_37' title='bbox 1027 693 1150 750; x_wconf 86' lang='lat' dir='ltr'><strong>pag.</strong></span> <span class='ocrx_word' id='word_1_38' title='bbox 1208 679 1299 734; x_wconf 86' lang='lat'><strong>58.</strong></span> <span class='ocrx_word' id='word_1_39' title='bbox 1362 676 1517 732; x_wconf 82' lang='lat' dir='ltr'><strong>Nunc</strong></span> <span class='ocrx_word' id='word_1_40' title='bbox 1557 691 1746 746; x_wconf 79' lang='lat' dir='ltr'><strong>aequus</strong></span> 
     </span>
    </p>
   </div>
   <div class='ocr_carea' id='block_1_7' title="bbox 181 767 1749 839">
    <p class='ocr_par' dir='ltr' id='par_1_7' title="bbox 181 767 1749 839">
     <span class='ocr_line' id='line_1_7' title="bbox 181 767 1749 839; baseline -0.008 -7"><span class='ocrx_word' id='word_1_41' title='bbox 181 779 349 832; x_wconf 88' lang='lat' dir='ltr'><strong>lector</strong></span> <span class='ocrx_word' id='word_1_42' title='bbox 365 774 665 838; x_wconf 80' lang='lat' dir='ltr'><strong>existimet,</strong></span> <span class='ocrx_word' id='word_1_43' title='bbox 697 779 774 825; x_wconf 88' lang='lat' dir='ltr'><strong>tot</strong></span> <span class='ocrx_word' id='word_1_44' title='bbox 802 779 1017 839; x_wconf 89' lang='lat' dir='ltr'><strong>tamque</strong></span> <span class='ocrx_word' id='word_1_45' title='bbox 1037 770 1200 824; x_wconf 83' lang='lat' dir='ltr'><strong>claris</strong></span> <span class='ocrx_word' id='word_1_46' title='bbox 1226 767 1548 824; x_wconf 88' lang='lat' dir='ltr'><strong>testimoniis</strong></span> <span class='ocrx_word' id='word_1_47' title='bbox 1567 783 1749 839; x_wconf 85' lang='grc' dir='ltr'>μετεν-</span> 
     </span>
    </p>
   </div>
   <div class='ocr_carea' id='block_1_8' title="bbox 181 858 1743 936">
    <p class='ocr_par' dir='ltr' id='par_1_8' title="bbox 181 858 1743 936">
     <span class='ocr_line' id='line_1_8' title="bbox 181 858 1743 936; baseline -0.005 -15"><span class='ocrx_word' id='word_1_48' title='bbox 181 865 506 936; x_wconf 79' lang='grc' dir='ltr'>σωμάτωσιν</span> <span class='ocrx_word' id='word_1_49' title='bbox 533 861 908 917; x_wconf 86' lang='lat' dir='ltr'><strong>obterentibus</strong></span> <span class='ocrx_word' id='word_1_50' title='bbox 935 861 1108 929; x_wconf 81' lang='lat' dir='ltr'><strong>major</strong></span> <span class='ocrx_word' id='word_1_51' title='bbox 1134 876 1203 916; x_wconf 89' lang='lat' dir='ltr'><strong>ne</strong></span> <span class='ocrx_word' id='word_1_52' title='bbox 1226 858 1534 915; x_wconf 86' lang='lat' dir='ltr'><strong>adhibenda</strong></span> <span class='ocrx_word' id='word_1_53' title='bbox 1567 859 1641 914; x_wconf 91' lang='lat' dir='ltr'><strong>sit</strong></span> <span class='ocrx_word' id='word_1_54' title='bbox 1674 859 1743 912; x_wconf 87' lang='lat' dir='ltr'><strong>li-</strong></span> 
     </span>
    </p>
   </div>
   <div class='ocr_carea' id='block_1_9' title="bbox 183 951 1747 1025">
    <p class='ocr_par' dir='ltr' id='par_1_9' title="bbox 183 951 1747 1025">
     <span class='ocr_line' id='line_1_9' title="bbox 183 951 1747 1025; baseline -0.003 -13"><span class='ocrx_word' id='word_1_55' title='bbox 183 959 297 1021; x_wconf 86' lang='lat' dir='ltr'><strong>des,</strong></span> <span class='ocrx_word' id='word_1_56' title='bbox 338 972 404 1010; x_wconf 91' lang='lat' dir='ltr'><strong>an</strong></span> <span class='ocrx_word' id='word_1_57' title='bbox 445 956 511 1010; x_wconf 83' lang='lat' dir='ltr'><strong>iis</strong></span> <span class='ocrx_word' id='word_1_58' title='bbox 535 969 656 1024; x_wconf 66' lang='lat' dir='ltr'><strong>qua:</strong></span> <span class='ocrx_word' id='word_1_59' title='bbox 683 952 920 1022; x_wconf 85' lang='lat' dir='ltr'><strong>allegant</strong></span> <span class='ocrx_word' id='word_1_60' title='bbox 943 952 1305 1025; x_wconf 79' lang='lat' dir='ltr'><strong>Hieronymus</strong></span> <span class='ocrx_word' id='word_1_61' title='bbox 1325 961 1384 1008; x_wconf 90' lang='lat' dir='ltr'><strong>et</strong></span> <span class='ocrx_word' id='word_1_62' title='bbox 1407 951 1747 1008; x_wconf 80' lang='lat' dir='ltr'><strong>Justinianus</strong></span> 
     </span>
    </p>
   </div>
   <div class='ocr_carea' id='block_1_10' title="bbox 181 1048 851 1105">
    <p class='ocr_par' dir='ltr' id='par_1_10' title="bbox 181 1048 851 1105">
     <span class='ocr_line' id='line_1_10' title="bbox 181 1048 851 1105; baseline -0.003 -1"><span class='ocrx_word' id='word_1_63' title='bbox 181 1050 422 1104; x_wconf 88' lang='lat' dir='ltr'><strong>eamdem</strong></span> <span class='ocrx_word' id='word_1_64' title='bbox 458 1048 851 1105; x_wconf 85' lang='lat' dir='ltr'><strong>astruentibus.</strong></span> 
     </span>
    </p>
   </div>
   <div class='ocr_carea' id='block_1_11' title="bbox 251 1141 1748 1214">
    <p class='ocr_par' dir='ltr' id='par_1_11' title="bbox 251 1141 1748 1214">
     <span class='ocr_line' id='line_1_11' title="bbox 251 1141 1748 1214; baseline 0 -18"><span class='ocrx_word' id='word_1_65' title='bbox 251 1141 634 1198; x_wconf 81' lang='lat' dir='ltr'><strong>Verumtamen</strong></span> <span class='ocrx_word' id='word_1_66' title='bbox 687 1143 811 1198; x_wconf 89' lang='lat' dir='ltr'><strong>aliis</strong></span> <span class='ocrx_word' id='word_1_67' title='bbox 859 1156 1081 1214; x_wconf 85' lang='lat' dir='ltr'><strong>quoque</strong></span> <span class='ocrx_word' id='word_1_68' title='bbox 1125 1143 1394 1214; x_wconf 74' lang='lat' dir='ltr'><strong>praesidiis</strong></span> <span class='ocrx_word' id='word_1_69' title='bbox 1437 1141 1748 1197; x_wconf 83' lang='lat' dir='ltr'><strong>Adamantii</strong></span> 
     </span>
    </p>
   </div>
   <div class='ocr_carea' id='block_1_12' title="bbox 181 1235 1749 1307">
    <p class='ocr_par' dir='ltr' id='par_1_12' title="bbox 181 1235 1749 1307">
     <span class='ocr_line' id='line_1_12' title="bbox 181 1235 1749 1307; baseline 0 -17"><span class='ocrx_word' id='word_1_70' title='bbox 181 1251 397 1290; x_wconf 82' lang='lat' dir='ltr'><strong>causam</strong></span> <span class='ocrx_word' id='word_1_71' title='bbox 431 1235 624 1291; x_wconf 77' lang='lat' dir='ltr'><strong>fulcire</strong></span> <span class='ocrx_word' id='word_1_72' title='bbox 672 1250 983 1307; x_wconf 83' lang='lat' dir='ltr'><strong>possumus,</strong></span> <span class='ocrx_word' id='word_1_73' title='bbox 1011 1236 1160 1291; x_wconf 81' lang='lat' dir='ltr'><strong>velut</strong></span> <span class='ocrx_word' id='word_1_74' title='bbox 1187 1251 1249 1291; x_wconf 90' lang='lat' dir='ltr'><strong>ea</strong></span> <span class='ocrx_word' id='word_1_75' title='bbox 1278 1245 1403 1292; x_wconf 92' lang='lat' dir='ltr'><strong>sunt</strong></span> <span class='ocrx_word' id='word_1_76' title='bbox 1437 1251 1558 1306; x_wconf 75' lang='lat' dir='ltr'><strong>qua:</strong></span> <span class='ocrx_word' id='word_1_77' title='bbox 1592 1235 1749 1306; x_wconf 87' lang='lat' dir='ltr'><strong>nobis</strong></span> 
     </span>
    </p>
   </div>
   <div class='ocr_carea' id='block_1_13' title="bbox 183 1325 1748 1399">
    <p class='ocr_par' dir='ltr' id='par_1_13' title="bbox 183 1325 1748 1399">
     <span class='ocr_line' id='line_1_13' title="bbox 183 1325 1748 1399; baseline 0.001 -19"><span class='ocrx_word' id='word_1_78' title='bbox 183 1325 493 1397; x_wconf 79' lang='lat' dir='ltr'><strong>Pamphilus</strong></span> <span class='ocrx_word' id='word_1_79' title='bbox 537 1327 955 1395; x_wconf 84' lang='lat' dir='ltr'><strong>subministrat,</strong></span> <span class='ocrx_word' id='word_1_80' title='bbox 988 1330 1153 1384; x_wconf 85' lang='lat' dir='ltr'><strong>verba</strong></span> <span class='ocrx_word' id='word_1_81' title='bbox 1192 1329 1310 1384; x_wconf 60' lang='lat' dir='ltr'><strong>haec</strong></span> <span class='ocrx_word' id='word_1_82' title='bbox 1348 1328 1568 1399; x_wconf 79' lang='lat' dir='ltr'><strong>Origeni</strong></span> <span class='ocrx_word' id='word_1_83' title='bbox 1609 1327 1748 1382; x_wconf 80' lang='lat' dir='ltr'><strong>falso</strong></span> 
     </span>
    </p>
   </div>
   <div class='ocr_carea' id='block_1_14' title="bbox 180 1415 1748 1488">
    <p class='ocr_par' dir='ltr' id='par_1_14' title="bbox 180 1415 1748 1488">
     <span class='ocr_line' id='line_1_14' title="bbox 180 1415 1748 1488; baseline 0.003 -18"><span class='ocrx_word' id='word_1_84' title='bbox 180 1418 410 1487; x_wconf 86' lang='lat' dir='ltr'><strong>ascripta</strong></span> <span class='ocrx_word' id='word_1_85' title='bbox 445 1415 611 1472; x_wconf 79' lang='lat' dir='ltr'><strong>fuisse</strong></span> <span class='ocrx_word' id='word_1_86' title='bbox 643 1417 854 1484; x_wconf 83' lang='lat' dir='ltr'><strong>dicens,</strong></span> <span class='ocrx_word' id='word_1_87' title='bbox 897 1434 1017 1488; x_wconf 62' lang='lat' dir='ltr'><strong>quae</strong></span> <span class='ocrx_word' id='word_1_88' title='bbox 1058 1435 1165 1474; x_wconf 89' lang='lat' dir='ltr'><strong>non</strong></span> <span class='ocrx_word' id='word_1_89' title='bbox 1200 1434 1270 1475; x_wconf 86' lang='lat' dir='ltr'><strong>ex</strong></span> <span class='ocrx_word' id='word_1_90' title='bbox 1307 1434 1404 1475; x_wconf 89' lang='lat' dir='ltr'><strong>sua</strong></span> <span class='ocrx_word' id='word_1_91' title='bbox 1433 1420 1528 1475; x_wconf 87' lang='lat' dir='ltr'><strong>sed</strong></span> <span class='ocrx_word' id='word_1_92' title='bbox 1563 1434 1631 1476; x_wconf 81' lang='lat' dir='ltr'><strong>ex</strong></span> <span class='ocrx_word' id='word_1_93' title='bbox 1653 1420 1748 1475; x_wconf 59' lang='lat' dir='ltr'><strong>ad-</strong></span> 
     </span>
    </p>
   </div>
   <div class='ocr_carea' id='block_1_15' title="bbox 179 1509 1750 1580">
    <p class='ocr_par' dir='ltr' id='par_1_15' title="bbox 179 1509 1750 1580">
     <span class='ocr_line' id='line_1_15' title="bbox 179 1509 1750 1580; baseline 0.005 -22"><span class='ocrx_word' id='word_1_94' title='bbox 179 1509 404 1564; x_wconf 85' lang='lat' dir='ltr'><strong>versarii</strong></span> <span class='ocrx_word' id='word_1_95' title='bbox 445 1523 676 1579; x_wconf 82' lang='lat' dir='ltr'><strong>persona</strong></span> <span class='ocrx_word' id='word_1_96' title='bbox 699 1512 1026 1580; x_wconf 85' lang='lat' dir='ltr'><strong>protulerat,</strong></span> <span class='ocrx_word' id='word_1_97' title='bbox 1066 1519 1123 1566; x_wconf 79' lang='lat' dir='ltr'><strong>et</strong></span> <span class='ocrx_word' id='word_1_98' title='bbox 1145 1510 1584 1566; x_wconf 88' lang='lat' dir='ltr'><strong>dissertationem</strong></span> <span class='ocrx_word' id='word_1_99' title='bbox 1614 1525 1750 1580; x_wconf 66' lang='lat' dir='ltr'><strong>pra:-</strong></span> 
     </span>
    </p>
   </div>
   <div class='ocr_carea' id='block_1_16' title="bbox 179 1600 1750 1672">
    <p class='ocr_par' dir='ltr' id='par_1_16' title="bbox 179 1600 1750 1672">
     <span class='ocr_line' id='line_1_16' title="bbox 179 1600 1750 1672; baseline 0.001 -18"><span class='ocrx_word' id='word_1_100' title='bbox 179 1611 321 1656; x_wconf 83' lang='lat' dir='ltr'><strong>terea</strong></span> <span class='ocrx_word' id='word_1_101' title='bbox 354 1615 503 1656; x_wconf 82' lang='lat' dir='ltr'><strong>suam</strong></span> <span class='ocrx_word' id='word_1_102' title='bbox 534 1601 618 1656; x_wconf 86' lang='lat' dir='ltr'><strong>bis</strong></span> <span class='ocrx_word' id='word_1_103' title='bbox 638 1601 824 1657; x_wconf 83' lang='lat' dir='ltr'><strong>verbis</strong></span> <span class='ocrx_word' id='word_1_104' title='bbox 854 1601 1184 1656; x_wconf 84' lang='lat' dir='ltr'><strong>conclusisse</strong></span> <span class='ocrx_word' id='word_1_105' title='bbox 1211 1618 1228 1657; x_wconf 92' lang='lat'><strong>:</strong></span> <span class='ocrx_word' id='word_1_106' title='bbox 1256 1619 1278 1653; x_wconf 73' lang='grc' dir='ltr'><strong>ι</strong></span> <span class='ocrx_word' id='word_1_107' title='bbox 1303 1600 1408 1656; x_wconf 87' lang='lat' dir='ltr'><strong>Sed</strong></span> <span class='ocrx_word' id='word_1_108' title='bbox 1434 1602 1549 1657; x_wconf 68' lang='lat' dir='ltr'><strong>haec</strong></span> <span class='ocrx_word' id='word_1_109' title='bbox 1577 1617 1750 1672; x_wconf 86' lang='lat' dir='ltr'><strong>quan-</strong></span> 
     </span>
    </p>
   </div>
   <div class='ocr_carea' id='block_1_17' title="bbox 177 1690 1748 1762">
    <p class='ocr_par' dir='ltr' id='par_1_17' title="bbox 177 1690 1748 1762">
     <span class='ocr_line' id='line_1_17' title="bbox 177 1690 1748 1762; baseline 0.003 -18"><span class='ocrx_word' id='word_1_110' title='bbox 177 1701 285 1744; x_wconf 86' lang='lat' dir='ltr'><strong>tum</strong></span> <span class='ocrx_word' id='word_1_111' title='bbox 311 1690 379 1746; x_wconf 93' lang='lat' dir='ltr'><strong>ad</strong></span> <span class='ocrx_word' id='word_1_112' title='bbox 408 1707 506 1746; x_wconf 92' lang='lat' dir='ltr'><strong>nos</strong></span> <span class='ocrx_word' id='word_1_113' title='bbox 531 1694 790 1762; x_wconf 83' lang='lat' dir='ltr'><strong>pertinet,</strong></span> <span class='ocrx_word' id='word_1_114' title='bbox 816 1707 922 1748; x_wconf 90' lang='lat' dir='ltr'><strong>non</strong></span> <span class='ocrx_word' id='word_1_115' title='bbox 951 1693 1061 1748; x_wconf 90' lang='lat' dir='ltr'><strong>sint</strong></span> <span class='ocrx_word' id='word_1_116' title='bbox 1089 1692 1367 1762; x_wconf 77' lang='lat' dir='ltr'><strong>dogmata,</strong></span> <span class='ocrx_word' id='word_1_117' title='bbox 1402 1694 1497 1748; x_wconf 89' lang='lat' dir='ltr'><strong>sed</strong></span> <span class='ocrx_word' id='word_1_118' title='bbox 1536 1694 1748 1749; x_wconf 87' lang='lat' dir='ltr'><strong>discus-</strong></span> 
     </span>
    </p>
   </div>
   <div class='ocr_carea' id='block_1_18' title="bbox 179 1785 1745 1859">
    <p class='ocr_par' dir='ltr' id='par_1_18' title="bbox 179 1785 1745 1859">
     <span class='ocr_line' id='line_1_18' title="bbox 179 1785 1745 1859; baseline 0.003 -20"><span class='ocrx_word' id='word_1_119' title='bbox 179 1785 346 1839; x_wconf 81' lang='lat' dir='ltr'><strong>sionis</strong></span> <span class='ocrx_word' id='word_1_120' title='bbox 369 1787 539 1854; x_wconf 87' lang='lat' dir='ltr'><strong>gratia</strong></span> <span class='ocrx_word' id='word_1_121' title='bbox 571 1787 714 1841; x_wconf 89' lang='lat' dir='ltr'><strong>dicta</strong></span> <span class='ocrx_word' id='word_1_122' title='bbox 741 1788 890 1854; x_wconf 91' lang='lat' dir='ltr'><strong>sint,</strong></span> <span class='ocrx_word' id='word_1_123' title='bbox 925 1796 983 1842; x_wconf 87' lang='lat' dir='ltr'><strong>et</strong></span> <span class='ocrx_word' id='word_1_124' title='bbox 1011 1787 1354 1859; x_wconf 88' lang='lat' dir='ltr'><strong>abjiciantnr.</strong></span> <span class='ocrx_word' id='word_1_125' title='bbox 1402 1787 1507 1844; x_wconf 90' lang='lat' dir='ltr'><strong>Pro</strong></span> <span class='ocrx_word' id='word_1_126' title='bbox 1548 1804 1614 1844; x_wconf 90' lang='lat' dir='ltr'><strong>eo</strong></span> <span class='ocrx_word' id='word_1_127' title='bbox 1646 1804 1745 1844; x_wconf 89' lang='lat' dir='ltr'><strong>au-</strong></span> 
     </span>
    </p>
   </div>
   <div class='ocr_carea' id='block_1_19' title="bbox 1847 566 3410 650">
    <p class='ocr_par' dir='ltr' id='par_1_19' title="bbox 1847 566 3410 650">
     <span class='ocr_line' id='line_1_19' title="bbox 1847 566 3410 650; baseline -0.012 -13"><span class='ocrx_word' id='word_1_128' title='bbox 1847 584 2014 646; x_wconf 90' lang='lat' dir='ltr'><strong>viam,</strong></span> <span class='ocrx_word' id='word_1_129' title='bbox 2048 593 2150 650; x_wconf 90' lang='lat' dir='ltr'><strong>pro</strong></span> <span class='ocrx_word' id='word_1_130' title='bbox 2180 574 2494 631; x_wconf 83' lang='lat' dir='ltr'><strong>animalium</strong></span> <span class='ocrx_word' id='word_1_131' title='bbox 2525 571 2730 642; x_wconf 88' lang='lat' dir='ltr'><strong>specie,</strong></span> <span class='ocrx_word' id='word_1_132' title='bbox 2775 567 2971 622; x_wconf 82' lang='lat' dir='ltr'><strong>animae</strong></span> <span class='ocrx_word' id='word_1_133' title='bbox 3009 566 3244 650; x_wconf 76' lang='lat' dir='ltr'><strong>speciem</strong></span> <span class='ocrx_word' id='word_1_134' title='bbox 3289 580 3410 620; x_wconf 82' lang='lat' dir='ltr'><strong>esse</strong></span> 
     </span>
    </p>
   </div>
   <div class='ocr_carea' id='block_1_20' title="bbox 1846 636 3418 738">
    <p class='ocr_par' dir='ltr' id='par_1_20' title="bbox 1846 636 3418 738">
     <span class='ocr_line' id='line_1_20' title="bbox 1846 636 3418 738; baseline -0.01 -12"><span class='ocrx_word' id='word_1_135' title='bbox 1846 636 2015 734; x_wconf 68' lang='lat' dir='ltr'><strong>dicit,</strong></span> <span class='ocrx_word' id='word_1_136' title='bbox 2049 636 2275 738; x_wconf 49' lang='lat' dir='ltr'><strong>.species</strong></span> <span class='ocrx_word' id='word_1_137' title='bbox 2336 636 2590 718; x_wconf 82' lang='lat' dir='ltr'><strong>nimirum</strong></span> <span class='ocrx_word' id='word_1_138' title='bbox 2644 657 2974 716; x_wconf 79' lang='lat' dir='ltr'><strong>diﬂ‘erentes.</strong></span> <span class='ocrx_word' id='word_1_139' title='bbox 3009 636 3113 711; x_wconf 51' lang='lat' dir='ltr'><strong>.Ab</strong></span> <span class='ocrx_word' id='word_1_140' title='bbox 3167 672 3232 712; x_wconf 91' lang='lat' dir='ltr'><strong>eo</strong></span> <span class='ocrx_word' id='word_1_141' title='bbox 3282 671 3418 726; x_wconf 23' lang='lat' dir='ltr'><strong>ergo.</strong></span> 
     </span>
    </p>
   </div>
   <div class='ocr_carea' id='block_1_21' title="bbox 1847 748 3410 834">
    <p class='ocr_par' dir='ltr' id='par_1_21' title="bbox 1847 748 3410 834">
     <span class='ocr_line' id='line_1_21' title="bbox 1847 748 3410 834; baseline -0.01 -17"><span class='ocrx_word' id='word_1_142' title='bbox 1847 763 2085 834; x_wconf 87' lang='lat' dir='ltr'><strong>scriptus</strong></span> <span class='ocrx_word' id='word_1_143' title='bbox 2118 766 2203 812; x_wconf 89' lang='lat' dir='ltr'><strong>est</strong></span> <span class='ocrx_word' id='word_1_144' title='bbox 2228 756 2364 810; x_wconf 90' lang='lat' dir='ltr'><strong>liber</strong></span> <span class='ocrx_word' id='word_1_145' title='bbox 2393 751 2682 823; x_wconf 78' lang='lat' dir='ltr'><strong>singularis</strong></span> <span class='ocrx_word' id='word_1_146' title='bbox 2725 752 2800 806; x_wconf 92' lang='lat' dir='ltr'><strong>ita</strong></span> <span class='ocrx_word' id='word_1_147' title='bbox 2825 751 3122 820; x_wconf 89' lang='lat' dir='ltr'><strong>inscriptus</strong></span> <span class='ocrx_word' id='word_1_148' title='bbox 3151 769 3165 804; x_wconf 91' lang='lat'><strong>:</strong></span> <span class='ocrx_word' id='word_1_149' title='bbox 3207 748 3410 819; x_wconf 82' lang='lat' dir='ltr'><strong>Migra-</strong></span> 
     </span>
    </p>
   </div>
   <div class='ocr_carea' id='block_1_22' title="bbox 1846 841 3412 914">
    <p class='ocr_par' dir='ltr' id='par_1_22' title="bbox 1846 841 3412 914">
     <span class='ocr_line' id='line_1_22' title="bbox 1846 841 3412 914; baseline -0.01 -5"><span class='ocrx_word' id='word_1_150' title='bbox 1846 855 2012 909; x_wconf 85' lang='lat' dir='ltr'><strong>tiones</strong></span> <span class='ocrx_word' id='word_1_151' title='bbox 2050 851 2346 905; x_wconf 86' lang='lat' dir='ltr'><strong>animarum</strong></span> <span class='ocrx_word' id='word_1_152' title='bbox 2386 863 2488 900; x_wconf 88' lang='lat' dir='ltr'><strong>non</strong></span> <span class='ocrx_word' id='word_1_153' title='bbox 2535 845 2652 914; x_wconf 78' lang='lat' dir='ltr'><strong>ﬁeri</strong></span> <span class='ocrx_word' id='word_1_154' title='bbox 2700 859 2765 898; x_wconf 80' lang='lat' dir='ltr'><strong>ea:</strong></span> <span class='ocrx_word' id='word_1_155' title='bbox 2809 842 3108 897; x_wconf 83' lang='lat' dir='ltr'><strong>hominibus</strong></span> <span class='ocrx_word' id='word_1_156' title='bbox 3139 841 3195 895; x_wconf 90' lang='lat' dir='ltr'><strong>in</strong></span> <span class='ocrx_word' id='word_1_157' title='bbox 3239 842 3412 906; x_wconf 83' lang='lat' dir='ltr'><strong>bruta,</strong></span> 
     </span>
    </p>
   </div>
   <div class='ocr_carea' id='block_1_23' title="bbox 1848 931 3418 1014">
    <p class='ocr_par' dir='ltr' id='par_1_23' title="bbox 1848 931 3418 1014">
     <span class='ocr_line' id='line_1_23' title="bbox 1848 931 3418 1014; baseline -0.009 -16"><span class='ocrx_word' id='word_1_158' title='bbox 1848 959 2008 1014; x_wconf 69' lang='lat' dir='ltr'><strong>neque</strong></span> <span class='ocrx_word' id='word_1_159' title='bbox 2038 958 2070 995; x_wconf 93' lang='lat' dir='ltr'><strong>a</strong></span> <span class='ocrx_word' id='word_1_160' title='bbox 2097 940 2261 995; x_wconf 76' lang='lat' dir='ltr'><strong>brutis</strong></span> <span class='ocrx_word' id='word_1_161' title='bbox 2291 935 2611 991; x_wconf 75' lang='lat' dir='ltr'><strong>animalibus</strong></span> <span class='ocrx_word' id='word_1_162' title='bbox 2642 936 2700 988; x_wconf 83' lang='lat' dir='ltr'><strong>in</strong></span> <span class='ocrx_word' id='word_1_163' title='bbox 2726 933 2991 999; x_wconf 76' lang='lat' dir='ltr'><strong>homines;</strong></span> <span class='ocrx_word' id='word_1_164' title='bbox 3018 933 3108 988; x_wconf 86' lang='lat' dir='ltr'><strong>sed</strong></span> <span class='ocrx_word' id='word_1_165' title='bbox 3131 931 3195 986; x_wconf 83' lang='lat' dir='ltr'><strong>ab</strong></span> <span class='ocrx_word' id='word_1_166' title='bbox 3219 933 3418 986; x_wconf 80' lang='lat' dir='ltr'><strong>anima-</strong></span> 
     </span>
    </p>
   </div>
   <div class='ocr_carea' id='block_1_24' title="bbox 1758 1022 3422 1096">
    <p class='ocr_par' dir='ltr' id='par_1_24' title="bbox 1758 1022 3422 1096">
     <span class='ocr_line' id='line_1_24' title="bbox 1758 1022 3422 1096; baseline -0.008 -5"><span class='ocrx_word' id='word_1_167' title='bbox 1758 1050 1776 1068; x_wconf 79' lang='grc'><strong>⁸</strong></span> <span class='ocrx_word' id='word_1_168' title='bbox 1845 1036 1985 1090; x_wconf 82' lang='lat' dir='ltr'><strong>libus</strong></span> <span class='ocrx_word' id='word_1_169' title='bbox 2029 1035 2084 1088; x_wconf 84' lang='lat' dir='ltr'><strong>in</strong></span> <span class='ocrx_word' id='word_1_170' title='bbox 2135 1030 2388 1086; x_wconf 76' lang='lat' dir='ltr'><strong>animalia</strong></span> <span class='ocrx_word' id='word_1_171' title='bbox 2413 1068 2430 1096; x_wconf 93' lang='lat'><strong>,</strong></span> <span class='ocrx_word' id='word_1_172' title='bbox 2461 1039 2510 1082; x_wconf 79' lang='lat' dir='ltr'><strong>et</strong></span> <span class='ocrx_word' id='word_1_173' title='bbox 2545 1027 2609 1080; x_wconf 85' lang='lat' dir='ltr'><strong>ab</strong></span> <span class='ocrx_word' id='word_1_174' title='bbox 2653 1026 2950 1080; x_wconf 80' lang='lat' dir='ltr'><strong>hominibus</strong></span> <span class='ocrx_word' id='word_1_175' title='bbox 2976 1025 3032 1078; x_wconf 88' lang='lat' dir='ltr'><strong>in</strong></span> <span class='ocrx_word' id='word_1_176' title='bbox 3053 1023 3307 1078; x_wconf 75' lang='lat' dir='ltr'><strong>homines.</strong></span> <span class='ocrx_word' id='word_1_177' title='bbox 3337 1022 3422 1078; x_wconf 82' lang='lat' dir='ltr'><strong>Ae</strong></span> 
     </span>
    </p>
   </div>
   <div class='ocr_carea' id='block_1_25' title="bbox 1848 1115 3416 1194">
    <p class='ocr_par' dir='ltr' id='par_1_25' title="bbox 1848 1115 3416 1194">
     <span class='ocr_line' id='line_1_25' title="bbox 1848 1115 3416 1194; baseline -0.01 -11"><span class='ocrx_word' id='word_1_178' title='bbox 1848 1127 1980 1182; x_wconf 88' lang='lat' dir='ltr'><strong>mihi</strong></span> <span class='ocrx_word' id='word_1_179' title='bbox 2012 1126 2224 1180; x_wconf 86' lang='lat' dir='ltr'><strong>videtur</strong></span> <span class='ocrx_word' id='word_1_180' title='bbox 2247 1121 2336 1176; x_wconf 82' lang='lat' dir='ltr'><strong>ille</strong></span> <span class='ocrx_word' id='word_1_181' title='bbox 2364 1135 2481 1194; x_wconf 20' lang='lat' dir='ltr'><strong>prae.</strong></span> <span class='ocrx_word' id='word_1_182' title='bbox 2505 1118 2730 1187; x_wconf 87' lang='lat' dir='ltr'><strong>reliquis</strong></span> <span class='ocrx_word' id='word_1_183' title='bbox 2760 1115 2966 1185; x_wconf 87' lang='lat' dir='ltr'><strong>optime</strong></span> <span class='ocrx_word' id='word_1_184' title='bbox 2995 1124 3278 1170; x_wconf 83' lang='lat' dir='ltr'><strong>assecutus</strong></span> <span class='ocrx_word' id='word_1_185' title='bbox 3305 1129 3416 1167; x_wconf 88' lang='lat' dir='ltr'><strong>non</strong></span> 
     </span>
    </p>
   </div>
   <div class='ocr_carea' id='block_1_26' title="bbox 1847 1206 3416 1278">
    <p class='ocr_par' dir='ltr' id='par_1_26' title="bbox 1847 1206 3416 1278">
     <span class='ocr_line' id='line_1_26' title="bbox 1847 1206 3416 1278; baseline -0.014 0"><span class='ocrx_word' id='word_1_186' title='bbox 1847 1220 2090 1278; x_wconf 84' lang='lat' dir='ltr'><strong>Platonis</strong></span> <span class='ocrx_word' id='word_1_187' title='bbox 2114 1217 2438 1274; x_wconf 83' lang='lat' dir='ltr'><strong>sententiam</strong></span> <span class='ocrx_word' id='word_1_188' title='bbox 2466 1212 2648 1277; x_wconf 90' lang='lat' dir='ltr'><strong>modo,</strong></span> <span class='ocrx_word' id='word_1_189' title='bbox 2675 1209 2768 1265; x_wconf 90' lang='lat' dir='ltr'><strong>sed</strong></span> <span class='ocrx_word' id='word_1_190' title='bbox 2798 1218 2852 1264; x_wconf 90' lang='lat' dir='ltr'><strong>et</strong></span> <span class='ocrx_word' id='word_1_191' title='bbox 2872 1209 3041 1278; x_wconf 88' lang='lat' dir='ltr'><strong>ipsam</strong></span> <span class='ocrx_word' id='word_1_192' title='bbox 3071 1206 3416 1276; x_wconf 63' lang='lat' dir='ltr'><strong>veritatem.»</strong></span> 
     </span>
    </p>
   </div>
   <div class='ocr_carea' id='block_1_27' title="bbox 1919 1296 3422 1374">
    <p class='ocr_par' dir='ltr' id='par_1_27' title="bbox 1919 1296 3422 1374">
     <span class='ocr_line' id='line_1_27' title="bbox 1919 1296 3422 1374; baseline -0.013 -6"><span class='ocrx_word' id='word_1_193' title='bbox 1919 1312 2037 1368; x_wconf 80' lang='lat' dir='ltr'><strong>XX.</strong></span> <span class='ocrx_word' id='word_1_194' title='bbox 2066 1310 2384 1366; x_wconf 80' lang='lat' dir='ltr'><strong>Animarum</strong></span> <span class='ocrx_word' id='word_1_195' title='bbox 2420 1307 2604 1374; x_wconf 89' lang='lat' dir='ltr'><strong>itaque</strong></span> <span class='ocrx_word' id='word_1_196' title='bbox 2627 1298 2971 1374; x_wconf 83' lang='grc' dir='ltr'>προΰπαρξιν</span> <span class='ocrx_word' id='word_1_197' title='bbox 3002 1313 3124 1354; x_wconf 90' lang='lat' dir='ltr'><strong>cum</strong></span> <span class='ocrx_word' id='word_1_198' title='bbox 3152 1313 3180 1352; x_wconf 90' lang='lat' dir='ltr'><strong>a</strong></span> <span class='ocrx_word' id='word_1_199' title='bbox 3198 1296 3422 1352; x_wconf 83' lang='lat' dir='ltr'><strong>Platone</strong></span> 
     </span>
    </p>
   </div>
   <div class='ocr_carea' id='block_1_28' title="bbox 1851 1388 3424 1476">
    <p class='ocr_par' dir='ltr' id='par_1_28' title="bbox 1851 1388 3424 1476">
     <span class='ocr_line' id='line_1_28' title="bbox 1851 1388 3424 1476; baseline -0.014 -13"><span class='ocrx_word' id='word_1_200' title='bbox 1851 1406 2155 1476; x_wconf 88' lang='lat' dir='ltr'><strong>accepisset</strong></span> <span class='ocrx_word' id='word_1_201' title='bbox 2185 1401 2484 1473; x_wconf 78' lang='lat' dir='ltr'><strong>Origenes,</strong></span> <span class='ocrx_word' id='word_1_202' title='bbox 2539 1398 2779 1467; x_wconf 81' lang='lat' dir='ltr'><strong>ipsarum</strong></span> <span class='ocrx_word' id='word_1_203' title='bbox 2813 1405 3031 1463; x_wconf 78' lang='lat' dir='ltr'><strong>quoque</strong></span> <span class='ocrx_word' id='word_1_204' title='bbox 3075 1388 3424 1460; x_wconf 76' lang='grc' dir='ltr'>μετενσωμά-</span> 
     </span>
    </p>
   </div>
   <div class='ocr_carea' id='block_1_29' title="bbox 1847 1487 3420 1560">
    <p class='ocr_par' dir='ltr' id='par_1_29' title="bbox 1847 1487 3420 1560">
     <span class='ocr_line' id='line_1_29' title="bbox 1847 1487 3420 1560; baseline -0.012 -6"><span class='ocrx_word' id='word_1_205' title='bbox 1847 1515 2014 1554; x_wconf 84' lang='grc' dir='ltr'>τωσιν</span> <span class='ocrx_word' id='word_1_206' title='bbox 2046 1497 2114 1553; x_wconf 92' lang='lat' dir='ltr'><strong>ab</strong></span> <span class='ocrx_word' id='word_1_207' title='bbox 2147 1497 2336 1552; x_wconf 83' lang='lat' dir='ltr'><strong>eodem</strong></span> <span class='ocrx_word' id='word_1_208' title='bbox 2361 1493 2592 1560; x_wconf 90' lang='lat' dir='ltr'><strong>accepit.</strong></span> <span class='ocrx_word' id='word_1_209' title='bbox 2621 1488 2703 1544; x_wconf 85' lang='lat' dir='ltr'><strong>Ab</strong></span> <span class='ocrx_word' id='word_1_210' title='bbox 2740 1487 2992 1543; x_wconf 87' lang='lat' dir='ltr'><strong>humanis</strong></span> <span class='ocrx_word' id='word_1_211' title='bbox 3017 1493 3196 1539; x_wconf 87' lang='lat' dir='ltr'><strong>autem</strong></span> <span class='ocrx_word' id='word_1_212' title='bbox 3225 1496 3420 1552; x_wconf 79' lang='lat' dir='ltr'><strong>corpo-</strong></span> 
     </span>
    </p>
   </div>
   <div class='ocr_carea' id='block_1_30' title="bbox 1850 1573 3422 1655">
    <p class='ocr_par' dir='ltr' id='par_1_30' title="bbox 1850 1573 3422 1655">
     <span class='ocr_line' id='line_1_30' title="bbox 1850 1573 3422 1655; baseline -0.013 -7"><span class='ocrx_word' id='word_1_213' title='bbox 1850 1593 2001 1648; x_wconf 86' lang='lat' dir='ltr'><strong>ribus</strong></span> <span class='ocrx_word' id='word_1_214' title='bbox 2025 1591 2078 1646; x_wconf 92' lang='lat' dir='ltr'><strong>iu</strong></span> <span class='ocrx_word' id='word_1_215' title='bbox 2103 1589 2338 1645; x_wconf 87' lang='lat' dir='ltr'><strong>humana</strong></span> <span class='ocrx_word' id='word_1_216' title='bbox 2363 1599 2594 1655; x_wconf 89' lang='lat' dir='ltr'><strong>corpora</strong></span> <span class='ocrx_word' id='word_1_217' title='bbox 2627 1581 2864 1637; x_wconf 90' lang='lat' dir='ltr'><strong>transire</strong></span> <span class='ocrx_word' id='word_1_218' title='bbox 2887 1579 3098 1634; x_wconf 89' lang='lat' dir='ltr'><strong>animas</strong></span> <span class='ocrx_word' id='word_1_219' title='bbox 3133 1573 3422 1630; x_wconf 77' lang='lat' dir='ltr'><strong>afﬁrmavit</strong></span> 
     </span>
    </p>
   </div>
   <div class='ocr_carea' id='block_1_31' title="bbox 1849 1668 3422 1750">
    <p class='ocr_par' dir='ltr' id='par_1_31' title="bbox 1849 1668 3422 1750">
     <span class='ocr_line' id='line_1_31' title="bbox 1849 1668 3422 1750; baseline -0.013 -9"><span class='ocrx_word' id='word_1_220' title='bbox 1849 1685 2038 1750; x_wconf 85' lang='lat' dir='ltr'><strong>Plato;</strong></span> <span class='ocrx_word' id='word_1_221' title='bbox 2087 1698 2117 1738; x_wconf 85' lang='lat' dir='ltr'><strong>a</strong></span> <span class='ocrx_word' id='word_1_222' title='bbox 2173 1680 2488 1738; x_wconf 71' lang='lat' dir='ltr'><strong>ctelestibus</strong></span> <span class='ocrx_word' id='word_1_223' title='bbox 2537 1690 2668 1733; x_wconf 84' lang='lat' dir='ltr'><strong>vero</strong></span> <span class='ocrx_word' id='word_1_224' title='bbox 2712 1673 2767 1728; x_wconf 88' lang='lat' dir='ltr'><strong>in</strong></span> <span class='ocrx_word' id='word_1_225' title='bbox 2809 1670 3082 1736; x_wconf 88' lang='lat' dir='ltr'><strong>humana,</strong></span> <span class='ocrx_word' id='word_1_226' title='bbox 3127 1671 3194 1724; x_wconf 90' lang='lat' dir='ltr'><strong>ab</strong></span> <span class='ocrx_word' id='word_1_227' title='bbox 3233 1669 3321 1723; x_wconf 89' lang='lat' dir='ltr'><strong>his</strong></span> <span class='ocrx_word' id='word_1_228' title='bbox 3366 1668 3422 1722; x_wconf 84' lang='lat' dir='ltr'><strong>in</strong></span> 
     </span>
    </p>
   </div>
   <div class='ocr_carea' id='block_1_32' title="bbox 1852 1762 3426 1844">
    <p class='ocr_par' dir='ltr' id='par_1_32' title="bbox 1852 1762 3426 1844">
     <span class='ocr_line' id='line_1_32' title="bbox 1852 1762 3426 1844; baseline -0.013 -11"><span class='ocrx_word' id='word_1_229' title='bbox 1852 1776 2152 1833; x_wconf 54' lang='lat' dir='ltr'><strong>daemonica</strong></span> <span class='ocrx_word' id='word_1_230' title='bbox 2202 1773 2434 1844; x_wconf 90' lang='lat' dir='ltr'><strong>migrare</strong></span> <span class='ocrx_word' id='word_1_231' title='bbox 2481 1769 2692 1824; x_wconf 89' lang='lat' dir='ltr'><strong>animas</strong></span> <span class='ocrx_word' id='word_1_232' title='bbox 2745 1765 2884 1820; x_wconf 84' lang='lat' dir='ltr'><strong>dixit</strong></span> <span class='ocrx_word' id='word_1_233' title='bbox 2921 1762 3232 1833; x_wconf 89' lang='lat' dir='ltr'><strong>Origenes:</strong></span> <span class='ocrx_word' id='word_1_234' title='bbox 3266 1769 3321 1814; x_wconf 90' lang='lat' dir='ltr'><strong>et</strong></span> <span class='ocrx_word' id='word_1_235' title='bbox 3367 1767 3426 1812; x_wconf 87' lang='lat' dir='ltr'><strong>ut</strong></span> 
     </span>
    </p>
   </div>
   <div class='ocr_carea' id='block_1_33' title="bbox 178 1853 3430 1948">
    <p class='ocr_par' dir='ltr' id='par_1_33' title="bbox 178 1853 3430 1948">
     <span class='ocr_line' id='line_1_33' title="bbox 178 1853 3430 1948; baseline -0.01 -9"><span class='ocrx_word' id='word_1_236' title='bbox 178 1883 280 1929; x_wconf 70' lang='lat' dir='ltr'><strong>lem</strong></span> <span class='ocrx_word' id='word_1_237' title='bbox 312 1877 430 1930; x_wconf 74' lang='lat'><strong>$010</strong></span> <span class='ocrx_word' id='word_1_238' title='bbox 457 1877 600 1931; x_wconf 77' lang='lat' dir='ltr'><strong>dicta</strong></span> <span class='ocrx_word' id='word_1_239' title='bbox 630 1886 776 1941; x_wconf 85' lang='lat' dir='ltr'><strong>sunt,</strong></span> <span class='ocrx_word' id='word_1_240' title='bbox 813 1893 880 1932; x_wconf 90' lang='lat' dir='ltr'><strong>ne</strong></span> <span class='ocrx_word' id='word_1_241' title='bbox 914 1879 1160 1933; x_wconf 81' lang='lat' dir='ltr'><strong>videatur</strong></span> <span class='ocrx_word' id='word_1_242' title='bbox 1187 1878 1417 1948; x_wconf 77' lang='lat' dir='ltr'><strong>qmnstio</strong></span> <span class='ocrx_word' id='word_1_243' title='bbox 1447 1890 1609 1942; x_wconf 80' lang='lat' dir='ltr'><strong>mota,</strong></span> <span class='ocrx_word' id='word_1_244' title='bbox 1644 1897 1748 1936; x_wconf 80' lang='lat' dir='ltr'><strong>non</strong></span> <span class='ocrx_word' id='word_1_245' title='bbox 1779 1853 1822 1908; x_wconf 76' lang='grc' dir='ltr'><strong>Β</strong></span> <span class='ocrx_word' id='word_1_246' title='bbox 1853 1870 2131 1926; x_wconf 84' lang='lat' dir='ltr'><strong>hominum</strong></span> <span class='ocrx_word' id='word_1_247' title='bbox 2158 1866 2371 1921; x_wconf 89' lang='lat' dir='ltr'><strong>animas</strong></span> <span class='ocrx_word' id='word_1_248' title='bbox 2396 1872 2620 1918; x_wconf 89' lang='lat' dir='ltr'><strong>eatenus</strong></span> <span class='ocrx_word' id='word_1_249' title='bbox 2644 1860 2856 1913; x_wconf 88' lang='lat' dir='ltr'><strong>animas</strong></span> <span class='ocrx_word' id='word_1_250' title='bbox 2889 1856 3157 1924; x_wconf 81' lang='lat' dir='ltr'><strong>pecudum</strong></span> <span class='ocrx_word' id='word_1_251' title='bbox 3195 1853 3310 1908; x_wconf 86' lang='lat' dir='ltr'><strong>iieri</strong></span> <span class='ocrx_word' id='word_1_252' title='bbox 3345 1853 3430 1906; x_wconf 88' lang='lat' dir='ltr'><strong>di-</strong></span> 
     </span>
    </p>
   </div>
   <div class='ocr_carea' id='block_1_34' title="bbox 178 1968 1759 2044">
    <p class='ocr_par' dir='ltr' id='par_1_34' title="bbox 178 1968 1759 2044">
     <span class='ocr_line' id='line_1_34' title="bbox 178 1968 1759 2044; baseline 0.003 -22"><span class='ocrx_word' id='word_1_253' title='bbox 178 1981 290 2022; x_wconf 79' lang='lat' dir='ltr'><strong>esse</strong></span> <span class='ocrx_word' id='word_1_254' title='bbox 331 1968 600 2025; x_wconf 87' lang='lat' dir='ltr'><strong>discussa.</strong></span> <span class='ocrx_word' id='word_1_255' title='bbox 633 1988 654 2022; x_wconf 70' lang='grc' dir='ltr'>ι</span> <span class='ocrx_word' id='word_1_256' title='bbox 690 1969 820 2034; x_wconf 73' lang='lat' dir='ltr'><strong>Qum</strong></span> <span class='ocrx_word' id='word_1_257' title='bbox 863 1975 1059 2039; x_wconf 83' lang='lat' dir='ltr'><strong>repetit</strong></span> <span class='ocrx_word' id='word_1_258' title='bbox 1096 1971 1262 2026; x_wconf 90' lang='lat' dir='ltr'><strong>etiam</strong></span> <span class='ocrx_word' id='word_1_259' title='bbox 1295 1969 1653 2044; x_wconf 81' lang='lat' dir='ltr'><strong>Hieronymus</strong></span> <span class='ocrx_word' id='word_1_260' title='bbox 1696 1985 1759 2028; x_wconf 80' lang='lat' dir='ltr'><strong>et</strong></span> 
     </span>
    </p>
   </div>
   <div class='ocr_carea' id='block_1_35' title="bbox 177 2058 1748 2129">
    <p class='ocr_par' dir='ltr' id='par_1_35' title="bbox 177 2058 1748 2129">
     <span class='ocr_line' id='line_1_35' title="bbox 177 2058 1748 2129; baseline 0.003 -18"><span class='ocrx_word' id='word_1_261' title='bbox 177 2058 418 2126; x_wconf 82' lang='lat' dir='ltr'><strong>agnoscit</strong></span> <span class='ocrx_word' id='word_1_262' title='bbox 451 2058 609 2127; x_wconf 87' lang='lat' dir='ltr'><strong>epist.</strong></span> <span class='ocrx_word' id='word_1_263' title='bbox 644 2059 743 2121; x_wconf 82' lang='lat'><strong>59,</strong></span> <span class='ocrx_word' id='word_1_264' title='bbox 777 2059 842 2114; x_wconf 89' lang='lat' dir='ltr'><strong>ad</strong></span> <span class='ocrx_word' id='word_1_265' title='bbox 899 2060 1044 2114; x_wconf 83' lang='lat' dir='ltr'><strong>Avit.</strong></span> <span class='ocrx_word' id='word_1_266' title='bbox 1069 2103 1083 2126; x_wconf 92' lang='lat'><strong>,</strong></span> <span class='ocrx_word' id='word_1_267' title='bbox 1112 2075 1233 2129; x_wconf 90' lang='lat' dir='ltr'><strong>cap.</strong></span> <span class='ocrx_word' id='word_1_268' title='bbox 1264 2061 1316 2114; x_wconf 88' lang='lat' dir='ltr'><strong>l.</strong></span> <span class='ocrx_word' id='word_1_269' title='bbox 1365 2059 1594 2116; x_wconf 89' lang='lat' dir='ltr'><strong>Prodest</strong></span> <span class='ocrx_word' id='word_1_270' title='bbox 1619 2060 1748 2116; x_wconf 90' lang='lat' dir='ltr'><strong>illud</strong></span> 
     </span>
    </p>
   </div>
   <div class='ocr_carea' id='block_1_36' title="bbox 179 2150 1749 2222">
    <p class='ocr_par' dir='ltr' id='par_1_36' title="bbox 179 2150 1749 2222">
     <span class='ocr_line' id='line_1_36' title="bbox 179 2150 1749 2222; baseline 0.001 -18"><span class='ocrx_word' id='word_1_271' title='bbox 179 2150 399 2218; x_wconf 84' lang='lat' dir='ltr'><strong>insuper</strong></span> <span class='ocrx_word' id='word_1_272' title='bbox 437 2153 506 2206; x_wconf 91' lang='lat' dir='ltr'><strong>ad</strong></span> <span class='ocrx_word' id='word_1_273' title='bbox 549 2151 918 2207; x_wconf 81' lang='lat' dir='ltr'><strong>defensionem</strong></span> <span class='ocrx_word' id='word_1_274' title='bbox 959 2151 1250 2222; x_wconf 84' lang='lat' dir='ltr'><strong>Origenis,</strong></span> <span class='ocrx_word' id='word_1_275' title='bbox 1300 2153 1444 2221; x_wconf 88' lang='lat' dir='ltr'><strong>quod</strong></span> <span class='ocrx_word' id='word_1_276' title='bbox 1489 2152 1749 2221; x_wconf 87' lang='lat' dir='ltr'><strong>scriptum</strong></span> 
     </span>
    </p>
   </div>
   <div class='ocr_carea' id='block_1_37' title="bbox 178 2241 1749 2315">
    <p class='ocr_par' dir='ltr' id='par_1_37' title="bbox 178 2241 1749 2315">
     <span class='ocr_line' id='line_1_37' title="bbox 178 2241 1749 2315; baseline 0.003 -21"><span class='ocrx_word' id='word_1_277' title='bbox 178 2241 243 2294; x_wconf 83' lang='lat' dir='ltr'><strong>ab</strong></span> <span class='ocrx_word' id='word_1_278' title='bbox 283 2257 353 2295; x_wconf 85' lang='lat' dir='ltr'><strong>eo</strong></span> <span class='ocrx_word' id='word_1_279' title='bbox 393 2249 476 2296; x_wconf 86' lang='lat' dir='ltr'><strong>est</strong></span> <span class='ocrx_word' id='word_1_280' title='bbox 515 2253 643 2298; x_wconf 92' lang='lat' dir='ltr'><strong>tom.</strong></span> <span class='ocrx_word' id='word_1_281' title='bbox 674 2260 726 2298; x_wconf 76' lang='grc' dir='ltr'>χι</span> <span class='ocrx_word' id='word_1_282' title='bbox 768 2244 823 2297; x_wconf 90' lang='lat' dir='ltr'><strong>in</strong></span> <span class='ocrx_word' id='word_1_283' title='bbox 852 2242 1048 2297; x_wconf 80' lang='lat' dir='ltr'><strong>Matth.</strong></span> <span class='ocrx_word' id='word_1_284' title='bbox 1076 2284 1091 2308; x_wconf 95' lang='lat'><strong>,</strong></span> <span class='ocrx_word' id='word_1_285' title='bbox 1140 2260 1290 2298; x_wconf 91' lang='lat' dir='ltr'><strong>num.</strong></span> <span class='ocrx_word' id='word_1_286' title='bbox 1320 2245 1420 2312; x_wconf 81' lang='lat' dir='ltr'><strong>l7,</strong></span> <span class='ocrx_word' id='word_1_287' title='bbox 1469 2259 1594 2315; x_wconf 86' lang='lat' dir='ltr'><strong>pag.</strong></span> <span class='ocrx_word' id='word_1_288' title='bbox 1622 2243 1749 2312; x_wconf 84' lang='lat'><strong>506,</strong></span> 
     </span>
    </p>
   </div>
   <div class='ocr_carea' id='block_1_38' title="bbox 176 2334 1751 2408">
    <p class='ocr_par' dir='ltr' id='par_1_38' title="bbox 176 2334 1751 2408">
     <span class='ocr_line' id='line_1_38' title="bbox 176 2334 1751 2408; baseline 0.002 -21"><span class='ocrx_word' id='word_1_289' title='bbox 176 2334 564 2390; x_wconf 86' lang='lat' dir='ltr'><strong>admittendam</strong></span> <span class='ocrx_word' id='word_1_290' title='bbox 591 2337 1106 2408; x_wconf 83' lang='grc' dir='ltr'>μετενσωμάτωσιν,</span> <span class='ocrx_word' id='word_1_291' title='bbox 1135 2337 1179 2391; x_wconf 90' lang='lat' dir='ltr'><strong>si</strong></span> <span class='ocrx_word' id='word_1_292' title='bbox 1205 2352 1301 2406; x_wconf 83' lang='lat' dir='ltr'><strong>per</strong></span> <span class='ocrx_word' id='word_1_293' title='bbox 1320 2353 1442 2392; x_wconf 89' lang='lat' dir='ltr'><strong>eam</strong></span> <span class='ocrx_word' id='word_1_294' title='bbox 1472 2338 1650 2390; x_wconf 84' lang='lat' dir='ltr'><strong>anima</strong></span> <span class='ocrx_word' id='word_1_295' title='bbox 1677 2337 1751 2391; x_wconf 83' lang='lat' dir='ltr'><strong>ita</strong></span> 
     </span>
    </p>
   </div>
   <div class='ocr_carea' id='block_1_39' title="bbox 177 2425 1753 2500">
    <p class='ocr_par' dir='ltr' id='par_1_39' title="bbox 177 2425 1753 2500">
     <span class='ocr_line' id='line_1_39' title="bbox 177 2425 1753 2500; baseline 0.003 -20"><span class='ocrx_word' id='word_1_296' title='bbox 177 2425 511 2496; x_wconf 84' lang='lat' dir='ltr'><strong>intelligatur</strong></span> <span class='ocrx_word' id='word_1_297' title='bbox 549 2428 744 2482; x_wconf 88' lang='lat' dir='ltr'><strong>mutari</strong></span> <span class='ocrx_word' id='word_1_298' title='bbox 793 2437 848 2484; x_wconf 89' lang='lat' dir='ltr'><strong>et</strong></span> <span class='ocrx_word' id='word_1_299' title='bbox 897 2429 1178 2496; x_wconf 87' lang='lat' dir='ltr'><strong>converti,</strong></span> <span class='ocrx_word' id='word_1_300' title='bbox 1225 2439 1287 2483; x_wconf 94' lang='lat' dir='ltr'><strong>ut</strong></span> <span class='ocrx_word' id='word_1_301' title='bbox 1318 2427 1403 2485; x_wconf 85' lang='lat' dir='ltr'><strong>vel</strong></span> <span class='ocrx_word' id='word_1_302' title='bbox 1449 2428 1753 2500; x_wconf 86' lang='lat' dir='ltr'><strong>depravatis</strong></span> 
     </span>
    </p>
   </div>
   <div class='ocr_carea' id='block_1_40' title="bbox 179 2521 1752 2593">
    <p class='ocr_par' dir='ltr' id='par_1_40' title="bbox 179 2521 1752 2593">
     <span class='ocr_line' id='line_1_40' title="bbox 179 2521 1752 2593; baseline 0.004 -20"><span class='ocrx_word' id='word_1_303' title='bbox 179 2521 449 2589; x_wconf 81' lang='lat' dir='ltr'><strong>moribus,</strong></span> <span class='ocrx_word' id='word_1_304' title='bbox 499 2531 554 2576; x_wconf 93' lang='lat' dir='ltr'><strong>et</strong></span> <span class='ocrx_word' id='word_1_305' title='bbox 591 2523 908 2589; x_wconf 88' lang='lat' dir='ltr'><strong>voluntate,</strong></span> <span class='ocrx_word' id='word_1_306' title='bbox 945 2537 1050 2577; x_wconf 93' lang='lat' dir='ltr'><strong>non</strong></span> <span class='ocrx_word' id='word_1_307' title='bbox 1092 2533 1288 2576; x_wconf 87' lang='lat' dir='ltr'><strong>natura</strong></span> <span class='ocrx_word' id='word_1_308' title='bbox 1323 2523 1513 2593; x_wconf 88' lang='lat' dir='ltr'><strong>pecudi</strong></span> <span class='ocrx_word' id='word_1_309' title='bbox 1561 2522 1752 2580; x_wconf 87' lang='lat' dir='ltr'><strong>similis</strong></span> 
     </span>
    </p>
   </div>
   <div class='ocr_carea' id='block_1_41' title="bbox 175 2612 1753 2683">
    <p class='ocr_par' dir='ltr' id='par_1_41' title="bbox 175 2612 1753 2683">
     <span class='ocr_line' id='line_1_41' title="bbox 175 2612 1753 2683; baseline 0.001 -17"><span class='ocrx_word' id='word_1_310' title='bbox 175 2613 400 2678; x_wconf 84' lang='lat' dir='ltr'><strong>evadat,</strong></span> <span class='ocrx_word' id='word_1_311' title='bbox 455 2612 538 2666; x_wconf 88' lang='lat' dir='ltr'><strong>vel</strong></span> <span class='ocrx_word' id='word_1_312' title='bbox 573 2613 863 2668; x_wconf 89' lang='lat' dir='ltr'><strong>virtutibus</strong></span> <span class='ocrx_word' id='word_1_313' title='bbox 903 2629 968 2668; x_wconf 92' lang='lat' dir='ltr'><strong>ac</strong></span> <span class='ocrx_word' id='word_1_314' title='bbox 1011 2614 1213 2683; x_wconf 86' lang='lat' dir='ltr'><strong>pietate</strong></span> <span class='ocrx_word' id='word_1_315' title='bbox 1257 2629 1472 2668; x_wconf 85' lang='lat' dir='ltr'><strong>rursum</strong></span> <span class='ocrx_word' id='word_1_316' title='bbox 1523 2613 1753 2668; x_wconf 87' lang='lat' dir='ltr'><strong>rationis</strong></span> 
     </span>
    </p>
   </div>
   <div class='ocr_carea' id='block_1_42' title="bbox 176 2707 1752 2780">
    <p class='ocr_par' dir='ltr' id='par_1_42' title="bbox 176 2707 1752 2780">
     <span class='ocr_line' id='line_1_42' title="bbox 176 2707 1752 2780; baseline 0.001 -17"><span class='ocrx_word' id='word_1_317' title='bbox 176 2724 397 2780; x_wconf 69' lang='lat' dir='ltr'><strong>compos</strong></span> <span class='ocrx_word' id='word_1_318' title='bbox 433 2709 547 2765; x_wconf 83' lang='lat' dir='ltr'><strong>ﬁeri</strong></span> <span class='ocrx_word' id='word_1_319' title='bbox 580 2711 850 2765; x_wconf 87' lang='lat' dir='ltr'><strong>videatur.</strong></span> <span class='ocrx_word' id='word_1_320' title='bbox 889 2711 1088 2766; x_wconf 83' lang='lat' dir='ltr'><strong>Eadem</strong></span> <span class='ocrx_word' id='word_1_321' title='bbox 1143 2709 1282 2765; x_wconf 86' lang='lat' dir='ltr'><strong>inest</strong></span> <span class='ocrx_word' id='word_1_322' title='bbox 1314 2709 1583 2764; x_wconf 78' lang='lat' dir='ltr'><strong>sententia</strong></span> <span class='ocrx_word' id='word_1_323' title='bbox 1634 2707 1752 2764; x_wconf 92' lang='lat' dir='ltr'><strong>loco</strong></span> 
     </span>
    </p>
   </div>
   <div class='ocr_carea' id='block_1_43' title="bbox 177 2800 1754 2885">
    <p class='ocr_par' dir='ltr' id='par_1_43' title="bbox 177 2800 1754 2885">
     <span class='ocr_line' id='line_1_43' title="bbox 177 2800 1754 2885; baseline 0 -31"><span class='ocrx_word' id='word_1_324' title='bbox 177 2801 391 2885; x_wconf 33' lang='lat' dir='ltr'><strong>alteris:</strong></span> <span class='ocrx_word' id='word_1_325' title='bbox 422 2801 558 2856; x_wconf 89' lang='lat' dir='ltr'><strong>libro</strong></span> <span class='ocrx_word' id='word_1_326' title='bbox 609 2800 682 2855; x_wconf 88' lang='lat' dir='ltr'><strong>De</strong></span> <span class='ocrx_word' id='word_1_327' title='bbox 716 2800 1014 2857; x_wconf 81' lang='lat' dir='ltr'><strong>Proverbiis</strong></span> <span class='ocrx_word' id='word_1_328' title='bbox 1039 2801 1367 2865; x_wconf 80' lang='lat' dir='ltr'><strong>Salomonis,</strong></span> <span class='ocrx_word' id='word_1_329' title='bbox 1406 2815 1566 2870; x_wconf 90' lang='lat' dir='ltr'><strong>quem</strong></span> <span class='ocrx_word' id='word_1_330' title='bbox 1592 2801 1754 2855; x_wconf 89' lang='lat' dir='ltr'><strong>Pam-</strong></span> 
     </span>
    </p>
   </div>
   <div class='ocr_carea' id='block_1_44' title="bbox 177 2892 1753 2962">
    <p class='ocr_par' dir='ltr' id='par_1_44' title="bbox 177 2892 1753 2962">
     <span class='ocr_line' id='line_1_44' title="bbox 177 2892 1753 2962; baseline 0.001 -17"><span class='ocrx_word' id='word_1_331' title='bbox 177 2892 350 2962; x_wconf 83' lang='lat' dir='ltr'><strong>philus</strong></span> <span class='ocrx_word' id='word_1_332' title='bbox 403 2892 673 2962; x_wconf 77' lang='lat' dir='ltr'><strong>Apologia:</strong></span> <span class='ocrx_word' id='word_1_333' title='bbox 726 2908 838 2948; x_wconf 75' lang='lat' dir='ltr'><strong>sua:</strong></span> <span class='ocrx_word' id='word_1_334' title='bbox 893 2894 1143 2948; x_wconf 88' lang='lat' dir='ltr'><strong>intexuit.</strong></span> <span class='ocrx_word' id='word_1_335' title='bbox 1195 2892 1249 2947; x_wconf 92' lang='lat' dir='ltr'><strong>ld</strong></span> <span class='ocrx_word' id='word_1_336' title='bbox 1289 2903 1488 2962; x_wconf 75' lang='lat' dir='ltr'><strong>puncta</strong></span> <span class='ocrx_word' id='word_1_337' title='bbox 1541 2907 1640 2947; x_wconf 90' lang='lat' dir='ltr'><strong>suo</strong></span> <span class='ocrx_word' id='word_1_338' title='bbox 1699 2901 1753 2946; x_wconf 90' lang='lat' dir='ltr'><strong>et</strong></span> 
     </span>
    </p>
   </div>
   <div class='ocr_carea' id='block_1_45' title="bbox 178 2981 1753 3050">
    <p class='ocr_par' dir='ltr' id='par_1_45' title="bbox 178 2981 1753 3050">
     <span class='ocr_line' id='line_1_45' title="bbox 178 2981 1753 3050; baseline 0.001 -16"><span class='ocrx_word' id='word_1_339' title='bbox 178 2997 399 3038; x_wconf 76' lang='lat' dir='ltr'><strong>assensu</strong></span> <span class='ocrx_word' id='word_1_340' title='bbox 457 2982 774 3050; x_wconf 87' lang='lat' dir='ltr'><strong>comprobat</strong></span> <span class='ocrx_word' id='word_1_341' title='bbox 831 2981 1158 3038; x_wconf 88' lang='lat' dir='ltr'><strong>Pbilastrius</strong></span> <span class='ocrx_word' id='word_1_342' title='bbox 1202 2983 1398 3039; x_wconf 56' lang='lat' dir='ltr'><strong>haeres.</strong></span> <span class='ocrx_word' id='word_1_343' title='bbox 1439 2981 1562 3036; x_wconf 74' lang='grc'><strong>120.</strong></span> <span class='ocrx_word' id='word_1_344' title='bbox 1599 2981 1753 3048; x_wconf 84' lang='lat' dir='ltr'><strong>Quod</strong></span> 
     </span>
    </p>
   </div>
   <div class='ocr_carea' id='block_1_46' title="bbox 177 3072 1752 3146">
    <p class='ocr_par' dir='ltr' id='par_1_46' title="bbox 177 3072 1752 3146">
     <span class='ocr_line' id='line_1_46' title="bbox 177 3072 1752 3146; baseline 0 -20"><span class='ocrx_word' id='word_1_345' title='bbox 177 3074 345 3141; x_wconf 86' lang='lat' dir='ltr'><strong>ipsum</strong></span> <span class='ocrx_word' id='word_1_346' title='bbox 402 3075 673 3145; x_wconf 82' lang='lat' dir='ltr'><strong>prolixius</strong></span> <span class='ocrx_word' id='word_1_347' title='bbox 722 3087 780 3130; x_wconf 90' lang='lat' dir='ltr'><strong>et</strong></span> <span class='ocrx_word' id='word_1_348' title='bbox 826 3075 1128 3146; x_wconf 88' lang='lat' dir='ltr'><strong>elegantius</strong></span> <span class='ocrx_word' id='word_1_349' title='bbox 1173 3073 1431 3128; x_wconf 85' lang='lat' dir='ltr'><strong>edisserit</strong></span> <span class='ocrx_word' id='word_1_350' title='bbox 1457 3072 1752 3142; x_wconf 80' lang='lat' dir='ltr'><strong>Gregorius</strong></span> 
     </span>
    </p>
   </div>
   <div class='ocr_carea' id='block_1_47' title="bbox 1849 1944 3424 2029">
    <p class='ocr_par' dir='ltr' id='par_1_47' title="bbox 1849 1944 3424 2029">
     <span class='ocr_line' id='line_1_47' title="bbox 1849 1944 3424 2029; baseline -0.011 -13"><span class='ocrx_word' id='word_1_351' title='bbox 1849 1963 1929 2018; x_wconf 78' lang='lat' dir='ltr'><strong>xit</strong></span> <span class='ocrx_word' id='word_1_352' title='bbox 1959 1959 2130 2024; x_wconf 84' lang='lat' dir='ltr'><strong>Plato,</strong></span> <span class='ocrx_word' id='word_1_353' title='bbox 2172 1969 2437 2029; x_wconf 82' lang='lat' dir='ltr'><strong>quatenus</strong></span> <span class='ocrx_word' id='word_1_354' title='bbox 2475 1951 2732 2023; x_wconf 74' lang='lat' dir='ltr'><strong>nequitiae</strong></span> <span class='ocrx_word' id='word_1_355' title='bbox 2776 1949 3008 2004; x_wconf 65' lang='lat' dir='ltr'><strong>addicta:</strong></span> <span class='ocrx_word' id='word_1_356' title='bbox 3045 1946 3311 2017; x_wconf 89' lang='lat' dir='ltr'><strong>pecudum</strong></span> <span class='ocrx_word' id='word_1_357' title='bbox 3346 1944 3424 2000; x_wconf 82' lang='lat' dir='ltr'><strong>si-</strong></span> 
     </span>
    </p>
   </div>
   <div class='ocr_carea' id='block_1_48' title="bbox 1851 2039 3424 2116">
    <p class='ocr_par' dir='ltr' id='par_1_48' title="bbox 1851 2039 3424 2116">
     <span class='ocr_line' id='line_1_48' title="bbox 1851 2039 3424 2116; baseline -0.012 -6"><span class='ocrx_word' id='word_1_358' title='bbox 1851 2055 2007 2110; x_wconf 88' lang='lat' dir='ltr'><strong>miles</strong></span> <span class='ocrx_word' id='word_1_359' title='bbox 2047 2053 2219 2116; x_wconf 79' lang='lat' dir='ltr'><strong>ﬁunt,</strong></span> <span class='ocrx_word' id='word_1_360' title='bbox 2272 2051 2344 2104; x_wconf 90' lang='lat' dir='ltr'><strong>ita</strong></span> <span class='ocrx_word' id='word_1_361' title='bbox 2398 2048 2450 2103; x_wconf 90' lang='lat' dir='ltr'><strong>id</strong></span> <span class='ocrx_word' id='word_1_362' title='bbox 2500 2047 2677 2116; x_wconf 88' lang='lat' dir='ltr'><strong>ipsunt</strong></span> <span class='ocrx_word' id='word_1_363' title='bbox 2717 2041 2984 2112; x_wconf 82' lang='lat' dir='ltr'><strong>Origenes</strong></span> <span class='ocrx_word' id='word_1_364' title='bbox 3032 2039 3424 2110; x_wconf 87' lang='lat' dir='ltr'><strong>pronuntiavit.</strong></span> 
     </span>
    </p>
   </div>
   <div class='ocr_carea' id='block_1_49' title="bbox 1851 2132 3427 2211">
    <p class='ocr_par' dir='ltr' id='par_1_49' title="bbox 1851 2132 3427 2211">
     <span class='ocr_line' id='line_1_49' title="bbox 1851 2132 3427 2211; baseline -0.011 -8"><span class='ocrx_word' id='word_1_365' title='bbox 1851 2148 2152 2204; x_wconf 85' lang='lat' dir='ltr'><strong>Praeiverat</strong></span> <span class='ocrx_word' id='word_1_366' title='bbox 2182 2143 2393 2198; x_wconf 90' lang='lat' dir='ltr'><strong>Platoni</strong></span> <span class='ocrx_word' id='word_1_367' title='bbox 2442 2139 2802 2211; x_wconf 82' lang='lat' dir='ltr'><strong>Pythagoras,</strong></span> <span class='ocrx_word' id='word_1_368' title='bbox 2836 2135 2930 2191; x_wconf 90' lang='lat' dir='ltr'><strong>sed</strong></span> <span class='ocrx_word' id='word_1_369' title='bbox 2977 2149 3083 2190; x_wconf 92' lang='lat' dir='ltr'><strong>non</strong></span> <span class='ocrx_word' id='word_1_370' title='bbox 3119 2132 3427 2187; x_wconf 87' lang='lat' dir='ltr'><strong>animorum</strong></span> 
     </span>
    </p>
   </div>
   <div class='ocr_carea' id='block_1_50' title="bbox 1852 2229 3435 2302">
    <p class='ocr_par' dir='ltr' id='par_1_50' title="bbox 1852 2229 3435 2302">
     <span class='ocr_line' id='line_1_50' title="bbox 1852 2229 3435 2302; baseline -0.013 -4"><span class='ocrx_word' id='word_1_371' title='bbox 1852 2244 2027 2299; x_wconf 89' lang='lat' dir='ltr'><strong>solum</strong></span> <span class='ocrx_word' id='word_1_372' title='bbox 2070 2256 2137 2296; x_wconf 82' lang='lat' dir='ltr'><strong>ex</strong></span> <span class='ocrx_word' id='word_1_373' title='bbox 2185 2236 2437 2293; x_wconf 85' lang='lat' dir='ltr'><strong>humanis</strong></span> <span class='ocrx_word' id='word_1_374' title='bbox 2480 2233 2802 2302; x_wconf 88' lang='lat' dir='ltr'><strong>corporibus</strong></span> <span class='ocrx_word' id='word_1_375' title='bbox 2841 2230 2894 2284; x_wconf 93' lang='lat' dir='ltr'><strong>in</strong></span> <span class='ocrx_word' id='word_1_376' title='bbox 2944 2229 3202 2291; x_wconf 90' lang='lat' dir='ltr'><strong>humana,</strong></span> <span class='ocrx_word' id='word_1_377' title='bbox 3239 2240 3435 2279; x_wconf 86' lang='lat' dir='ltr'><strong>verum</strong></span> 
     </span>
    </p>
   </div>
   <div class='ocr_carea' id='block_1_51' title="bbox 1852 2316 3436 2389">
    <p class='ocr_par' dir='ltr' id='par_1_51' title="bbox 1852 2316 3436 2389">
     <span class='ocr_line' id='line_1_51' title="bbox 1852 2316 3436 2389; baseline -0.011 -2"><span class='ocrx_word' id='word_1_378' title='bbox 1852 2333 2016 2389; x_wconf 89' lang='lat' dir='ltr'><strong>etiam</strong></span> <span class='ocrx_word' id='word_1_379' title='bbox 2046 2346 2112 2385; x_wconf 78' lang='lat' dir='ltr'><strong>ex</strong></span> <span class='ocrx_word' id='word_1_380' title='bbox 2147 2329 2230 2384; x_wconf 91' lang='lat' dir='ltr'><strong>his</strong></span> <span class='ocrx_word' id='word_1_381' title='bbox 2270 2328 2323 2383; x_wconf 89' lang='lat' dir='ltr'><strong>in</strong></span> <span class='ocrx_word' id='word_1_382' title='bbox 2367 2325 2536 2381; x_wconf 81' lang='lat' dir='ltr'><strong>ferina</strong></span> <span class='ocrx_word' id='word_1_383' title='bbox 2587 2337 2750 2378; x_wconf 85' lang='lat' dir='ltr'><strong>veras</strong></span> <span class='ocrx_word' id='word_1_384' title='bbox 2791 2321 3213 2376; x_wconf 87' lang='lat' dir='ltr'><strong>commeationes</strong></span> <span class='ocrx_word' id='word_1_385' title='bbox 3262 2316 3436 2370; x_wconf 85' lang='lat' dir='ltr'><strong>admi-</strong></span> 
     </span>
    </p>
   </div>
   <div class='ocr_carea' id='block_1_52' title="bbox 1852 2407 3436 2490">
    <p class='ocr_par' dir='ltr' id='par_1_52' title="bbox 1852 2407 3436 2490">
     <span class='ocr_line' id='line_1_52' title="bbox 1852 2407 3436 2490; baseline -0.012 -10"><span class='ocrx_word' id='word_1_386' title='bbox 1852 2434 2022 2480; x_wconf 83' lang='lat' dir='ltr'><strong>serat.</strong></span> <span class='ocrx_word' id='word_1_387' title='bbox 2050 2421 2210 2477; x_wconf 85' lang='lat' dir='ltr'><strong>Aliud</strong></span> <span class='ocrx_word' id='word_1_388' title='bbox 2239 2433 2454 2490; x_wconf 91' lang='lat' dir='ltr'><strong>quoque</strong></span> <span class='ocrx_word' id='word_1_389' title='bbox 2485 2415 2902 2488; x_wconf 78' lang='lat' dir='ltr'><strong>Pythagoricam</strong></span> <span class='ocrx_word' id='word_1_390' title='bbox 2938 2411 3080 2466; x_wconf 89' lang='lat' dir='ltr'><strong>inter</strong></span> <span class='ocrx_word' id='word_1_391' title='bbox 3109 2419 3164 2465; x_wconf 91' lang='lat' dir='ltr'><strong>et</strong></span> <span class='ocrx_word' id='word_1_392' title='bbox 3190 2407 3436 2462; x_wconf 88' lang='lat' dir='ltr'><strong>Platoni-</strong></span> 
     </span>
    </p>
   </div>
   <div class='ocr_carea' id='block_1_53' title="bbox 1853 2499 3433 2571">
    <p class='ocr_par' dir='ltr' id='par_1_53' title="bbox 1853 2499 3433 2571">
     <span class='ocr_line' id='line_1_53' title="bbox 1853 2499 3433 2571; baseline -0.012 0"><span class='ocrx_word' id='word_1_393' title='bbox 1853 2532 1973 2571; x_wconf 91' lang='lat' dir='ltr'><strong>cam</strong></span> <span class='ocrx_word' id='word_1_394' title='bbox 2036 2513 2340 2569; x_wconf 88' lang='lat' dir='ltr'><strong>doctrinam</strong></span> <span class='ocrx_word' id='word_1_395' title='bbox 2405 2507 2782 2564; x_wconf 89' lang='lat' dir='ltr'><strong>intercessisse</strong></span> <span class='ocrx_word' id='word_1_396' title='bbox 2842 2504 3135 2560; x_wconf 88' lang='lat' dir='ltr'><strong>discrimen</strong></span> <span class='ocrx_word' id='word_1_397' title='bbox 3199 2499 3433 2554; x_wconf 81' lang='lat' dir='ltr'><strong>aﬂirmat</strong></span> 
     </span>
    </p>
   </div>
   <div class='ocr_carea' id='block_1_54' title="bbox 1852 2593 3288 2673">
    <p class='ocr_par' dir='ltr' id='par_1_54' title="bbox 1852 2593 3288 2673">
     <span class='ocr_line' id='line_1_54' title="bbox 1852 2593 3288 2673; baseline -0.013 -7"><span class='ocrx_word' id='word_1_398' title='bbox 1852 2608 2074 2666; x_wconf 89' lang='lat' dir='ltr'><strong>Servius</strong></span> <span class='ocrx_word' id='word_1_399' title='bbox 2110 2607 2162 2660; x_wconf 93' lang='lat' dir='ltr'><strong>in</strong></span> <span class='ocrx_word' id='word_1_400' title='bbox 2195 2604 2327 2660; x_wconf 86' lang='lat' dir='ltr'><strong>illud</strong></span> <span class='ocrx_word' id='word_1_401' title='bbox 2357 2603 2546 2673; x_wconf 76' lang='lat' dir='ltr'><strong>Virgil.</strong></span> <span class='ocrx_word' id='word_1_402' title='bbox 2589 2600 2721 2655; x_wconf 66' lang='lat' dir='ltr'><strong>zEn.</strong></span> <span class='ocrx_word' id='word_1_403' title='bbox 2754 2615 2838 2663; x_wconf 86' lang='grc' dir='ltr'>ιιι,</span> <span class='ocrx_word' id='word_1_404' title='bbox 2879 2611 3022 2652; x_wconf 90' lang='lat' dir='ltr'><strong>vers.</strong></span> <span class='ocrx_word' id='word_1_405' title='bbox 3054 2595 3148 2661; x_wconf 86' lang='lat'><strong>67,</strong></span> <span class='ocrx_word' id='word_1_406' title='bbox 3175 2593 3244 2649; x_wconf 88' lang='lat'><strong>68</strong></span> <span class='ocrx_word' id='word_1_407' title='bbox 3274 2611 3288 2647; x_wconf 91' lang='lat'><strong>:</strong></span> 
     </span>
    </p>
   </div>
   <div class='ocr_carea' id='block_1_55' title="bbox 2033 2690 2972 2762">
    <p class='ocr_par' dir='ltr' id='par_1_55' title="bbox 2033 2690 2972 2762">
     <span class='ocr_line' id='line_1_55' title="bbox 2033 2690 2972 2762; baseline -0.012 -8"><span class='ocrx_word' id='word_1_408' title='bbox 2033 2739 2050 2754; x_wconf 95' lang='lat'><strong>.</strong></span> <span class='ocrx_word' id='word_1_409' title='bbox 2096 2739 2112 2754; x_wconf 94' lang='lat'><strong>.</strong></span> <span class='ocrx_word' id='word_1_410' title='bbox 2157 2737 2171 2752; x_wconf 95' lang='lat'><strong>.</strong></span> <span class='ocrx_word' id='word_1_411' title='bbox 2210 2737 2225 2752; x_wconf 91' lang='lat'><strong>.</strong></span> <span class='ocrx_word' id='word_1_412' title='bbox 2265 2736 2282 2752; x_wconf 90' lang='lat'><strong>.</strong></span> <span class='ocrx_word' id='word_1_413' title='bbox 2319 2739 2337 2756; x_wconf 97' lang='lat'><strong>.</strong></span> <span class='ocrx_word' id='word_1_414' title='bbox 2370 2696 2702 2762; x_wconf 83' lang='lat' dir='ltr'><strong>animamque</strong></span> <span class='ocrx_word' id='word_1_415' title='bbox 2734 2690 2972 2762; x_wconf 78' lang='lat' dir='ltr'><strong>sepulcro</strong></span> 
     </span>
    </p>
   </div>
   <div class='ocr_carea' id='block_1_56' title="bbox 2027 2789 2336 2846">
    <p class='ocr_par' dir='ltr' id='par_1_56' title="bbox 2027 2789 2336 2846">
     <span class='ocr_line' id='line_1_56' title="bbox 2027 2789 2336 2846; baseline -0.019 0"><span class='ocrx_word' id='word_1_416' title='bbox 2027 2789 2336 2846; x_wconf 82' lang='lat' dir='ltr'><strong>Condimus.</strong></span> 
     </span>
    </p>
   </div>
   <div class='ocr_carea' id='block_1_57' title="bbox 1859 2867 3438 2950">
    <p class='ocr_par' dir='ltr' id='par_1_57' title="bbox 1859 2867 3438 2950">
     <span class='ocr_line' id='line_1_57' title="bbox 1859 2867 3438 2950; baseline -0.01 -12"><span class='ocrx_word' id='word_1_417' title='bbox 1859 2904 1878 2938; x_wconf 78' lang='grc' dir='ltr'>ι</span> <span class='ocrx_word' id='word_1_418' title='bbox 1907 2883 2082 2949; x_wconf 86' lang='lat' dir='ltr'><strong>Plato,</strong></span> <span class='ocrx_word' id='word_1_419' title='bbox 2116 2880 2311 2950; x_wconf 90' lang='lat' dir='ltr'><strong>inquit,</strong></span> <span class='ocrx_word' id='word_1_420' title='bbox 2345 2885 2660 2948; x_wconf 84' lang='lat' dir='ltr'><strong>perpetuam</strong></span> <span class='ocrx_word' id='word_1_421' title='bbox 2700 2874 2833 2928; x_wconf 87' lang='lat' dir='ltr'><strong>dicit</strong></span> <span class='ocrx_word' id='word_1_422' title='bbox 2877 2871 3137 2935; x_wconf 85' lang='lat' dir='ltr'><strong>animam,</strong></span> <span class='ocrx_word' id='word_1_423' title='bbox 3173 2879 3230 2924; x_wconf 89' lang='lat' dir='ltr'><strong>et</strong></span> <span class='ocrx_word' id='word_1_424' title='bbox 3251 2867 3320 2923; x_wconf 87' lang='lat' dir='ltr'><strong>ad</strong></span> <span class='ocrx_word' id='word_1_425' title='bbox 3349 2867 3438 2922; x_wconf 82' lang='lat' dir='ltr'><strong>di-</strong></span> 
     </span>
    </p>
   </div>
   <div class='ocr_carea' id='block_1_58' title="bbox 1857 2959 3434 3041">
    <p class='ocr_par' dir='ltr' id='par_1_58' title="bbox 1857 2959 3434 3041">
     <span class='ocr_line' id='line_1_58' title="bbox 1857 2959 3434 3041; baseline -0.01 -11"><span class='ocrx_word' id='word_1_426' title='bbox 1857 2991 2013 3031; x_wconf 86' lang='lat' dir='ltr'><strong>versa</strong></span> <span class='ocrx_word' id='word_1_427' title='bbox 2044 2986 2271 3041; x_wconf 89' lang='lat' dir='ltr'><strong>corpora</strong></span> <span class='ocrx_word' id='word_1_428' title='bbox 2307 2967 2595 3023; x_wconf 83' lang='lat' dir='ltr'><strong>transitum</strong></span> <span class='ocrx_word' id='word_1_429' title='bbox 2648 2967 2828 3020; x_wconf 80' lang='lat' dir='ltr'><strong>facere</strong></span> <span class='ocrx_word' id='word_1_430' title='bbox 2861 2965 3046 3018; x_wconf 85' lang='lat' dir='ltr'><strong>statim</strong></span> <span class='ocrx_word' id='word_1_431' title='bbox 3098 2976 3196 3031; x_wconf 87' lang='lat' dir='ltr'><strong>pro</strong></span> <span class='ocrx_word' id='word_1_432' title='bbox 3223 2959 3434 3014; x_wconf 84' lang='lat' dir='ltr'><strong>meritis</strong></span> 
     </span>
    </p>
   </div>
   <div class='ocr_carea' id='block_1_59' title="bbox 1853 3051 3429 3133">
    <p class='ocr_par' dir='ltr' id='par_1_59' title="bbox 1853 3051 3429 3133">
     <span class='ocr_line' id='line_1_59' title="bbox 1853 3051 3429 3133; baseline -0.01 -12"><span class='ocrx_word' id='word_1_433' title='bbox 1853 3067 1978 3121; x_wconf 72' lang='lat' dir='ltr'><strong>vita:</strong></span> <span class='ocrx_word' id='word_1_434' title='bbox 2020 3063 2240 3133; x_wconf 86' lang='lat' dir='ltr'><strong>prioris.</strong></span> <span class='ocrx_word' id='word_1_435' title='bbox 2281 3059 2617 3130; x_wconf 84' lang='lat' dir='ltr'><strong>Pythagoras</strong></span> <span class='ocrx_word' id='word_1_436' title='bbox 2655 3071 2784 3111; x_wconf 89' lang='lat' dir='ltr'><strong>vero</strong></span> <span class='ocrx_word' id='word_1_437' title='bbox 2827 3070 2933 3108; x_wconf 91' lang='lat' dir='ltr'><strong>non</strong></span> <span class='ocrx_word' id='word_1_438' title='bbox 2984 3051 3429 3126; x_wconf 74' lang='grc' dir='ltr'>μετεμψύχωσιν,</span> 
     </span>
    </p>
   </div>
   <div class='ocr_carea' id='block_1_60' title="bbox 178 3145 3431 3251">
    <p class='ocr_par' dir='ltr' id='par_1_60' title="bbox 178 3145 3431 3251">
     <span class='ocr_line' id='line_1_60' title="bbox 178 3145 3431 3251; baseline -0.006 -33"><span class='ocrx_word' id='word_1_439' title='bbox 178 3164 452 3236; x_wconf 76' lang='lat' dir='ltr'><strong>Nysscnus</strong></span> <span class='ocrx_word' id='word_1_440' title='bbox 499 3167 552 3221; x_wconf 92' lang='lat' dir='ltr'><strong>in</strong></span> <span class='ocrx_word' id='word_1_441' title='bbox 597 3145 1021 3221; x_wconf 86' lang='lat' dir='ltr'><strong>commemorata</strong></span> <span class='ocrx_word' id='word_1_442' title='bbox 1060 3164 1312 3234; x_wconf 85' lang='lat' dir='ltr'><strong>superius</strong></span> <span class='ocrx_word' id='word_1_443' title='bbox 1362 3165 1748 3232; x_wconf 67' lang='lat' dir='ltr'><strong>disputatione,</strong></span> <span class='ocrx_word' id='word_1_444' title='bbox 1779 3191 1824 3251; x_wconf 64' lang='grc' dir='ltr'>Ο</span> <span class='ocrx_word' id='word_1_445' title='bbox 1857 3159 1950 3213; x_wconf 90' lang='lat' dir='ltr'><strong>sed</strong></span> <span class='ocrx_word' id='word_1_446' title='bbox 1982 3152 2401 3223; x_wconf 79' lang='grc' dir='ltr'><strong>παλιγγενεσίαν</strong></span> <span class='ocrx_word' id='word_1_447' title='bbox 2437 3164 2560 3206; x_wconf 88' lang='lat' dir='ltr'><strong>esse</strong></span> <span class='ocrx_word' id='word_1_448' title='bbox 2595 3149 2766 3213; x_wconf 88' lang='lat' dir='ltr'><strong>dicit,</strong></span> <span class='ocrx_word' id='word_1_449' title='bbox 2808 3148 2911 3202; x_wconf 86' lang='lat' dir='ltr'><strong>hoc</strong></span> <span class='ocrx_word' id='word_1_450' title='bbox 2951 3155 3037 3200; x_wconf 92' lang='lat' dir='ltr'><strong>est</strong></span> <span class='ocrx_word' id='word_1_451' title='bbox 3081 3146 3253 3199; x_wconf 78' lang='lat' dir='ltr'><strong>redire</strong></span> <span class='ocrx_word' id='word_1_452' title='bbox 3277 3183 3294 3209; x_wconf 92' lang='lat'><strong>,</strong></span> <span class='ocrx_word' id='word_1_453' title='bbox 3335 3145 3431 3198; x_wconf 81' lang='lat' dir='ltr'><strong>sed</strong></span> 
     </span>
    </p>
   </div>
   <div class='ocr_carea' id='block_1_61' title="bbox 176 3253 1748 3326">
    <p class='ocr_par' dir='ltr' id='par_1_61' title="bbox 176 3253 1748 3326">
     <span class='ocr_line' id='line_1_61' title="bbox 176 3253 1748 3326; baseline -0.001 -18"><span class='ocrx_word' id='word_1_454' title='bbox 176 3272 330 3323; x_wconf 88' lang='lat' dir='ltr'><strong>quam</strong></span> <span class='ocrx_word' id='word_1_455' title='bbox 363 3257 610 3326; x_wconf 69' lang='lat' dir='ltr'><strong>epistola:</strong></span> <span class='ocrx_word' id='word_1_456' title='bbox 639 3273 750 3312; x_wconf 72' lang='lat' dir='ltr'><strong>sua:</strong></span> <span class='ocrx_word' id='word_1_457' title='bbox 787 3259 854 3310; x_wconf 89' lang='lat' dir='ltr'><strong>ad</strong></span> <span class='ocrx_word' id='word_1_458' title='bbox 885 3255 1096 3310; x_wconf 83' lang='lat' dir='ltr'><strong>Menam</strong></span> <span class='ocrx_word' id='word_1_459' title='bbox 1126 3253 1462 3309; x_wconf 79' lang='lat' dir='ltr'><strong>Justinianus</strong></span> <span class='ocrx_word' id='word_1_460' title='bbox 1503 3255 1748 3308; x_wconf 89' lang='lat' dir='ltr'><strong>inseruit.</strong></span> 
     </span>
    </p>
   </div>
   <div class='ocr_carea' id='block_1_62' title="bbox 175 3344 1751 3414">
    <p class='ocr_par' dir='ltr' id='par_1_62' title="bbox 175 3344 1751 3414">
     <span class='ocr_line' id='line_1_62' title="bbox 175 3344 1751 3414; baseline -0.001 -12"><span class='ocrx_word' id='word_1_461' title='bbox 175 3347 280 3403; x_wconf 75' lang='lat' dir='ltr'><strong>Nec</strong></span> <span class='ocrx_word' id='word_1_462' title='bbox 317 3349 484 3403; x_wconf 88' lang='lat' dir='ltr'><strong>aliter</strong></span> <span class='ocrx_word' id='word_1_463' title='bbox 523 3349 590 3404; x_wconf 90' lang='lat' dir='ltr'><strong>de</strong></span> <span class='ocrx_word' id='word_1_464' title='bbox 636 3351 739 3404; x_wconf 87' lang='lat' dir='ltr'><strong>hac</strong></span> <span class='ocrx_word' id='word_1_465' title='bbox 780 3345 1246 3410; x_wconf 86' lang='lat' dir='ltr'><strong>metensomatosi,</strong></span> <span class='ocrx_word' id='word_1_466' title='bbox 1295 3360 1401 3414; x_wconf 89' lang='lat' dir='ltr'><strong>qua</strong></span> <span class='ocrx_word' id='word_1_467' title='bbox 1450 3347 1645 3399; x_wconf 79' lang='lat' dir='ltr'><strong>animae</strong></span> <span class='ocrx_word' id='word_1_468' title='bbox 1696 3344 1751 3400; x_wconf 91' lang='lat' dir='ltr'><strong>in</strong></span> 
     </span>
    </p>
   </div>
   <div class='ocr_carea' id='block_1_63' title="bbox 177 3436 1752 3512">
    <p class='ocr_par' dir='ltr' id='par_1_63' title="bbox 177 3436 1752 3512">
     <span class='ocr_line' id='line_1_63' title="bbox 177 3436 1752 3512; baseline -0.003 -16"><span class='ocrx_word' id='word_1_469' title='bbox 177 3443 480 3497; x_wconf 87' lang='lat' dir='ltr'><strong>belluarum</strong></span> <span class='ocrx_word' id='word_1_470' title='bbox 523 3457 751 3512; x_wconf 88' lang='lat' dir='ltr'><strong>corpora</strong></span> <span class='ocrx_word' id='word_1_471' title='bbox 781 3441 1014 3495; x_wconf 86' lang='lat' dir='ltr'><strong>transire</strong></span> <span class='ocrx_word' id='word_1_472' title='bbox 1046 3439 1322 3505; x_wconf 90' lang='lat' dir='ltr'><strong>dicuntur,</strong></span> <span class='ocrx_word' id='word_1_473' title='bbox 1364 3439 1600 3493; x_wconf 84' lang='lat' dir='ltr'><strong>sensisse</strong></span> <span class='ocrx_word' id='word_1_474' title='bbox 1625 3436 1752 3494; x_wconf 82' lang='lat' dir='ltr'><strong>Ori-</strong></span> 
     </span>
    </p>
   </div>
   <div class='ocr_carea' id='block_1_64' title="bbox 173 3530 1754 3604">
    <p class='ocr_par' dir='ltr' id='par_1_64' title="bbox 173 3530 1754 3604">
     <span class='ocr_line' id='line_1_64' title="bbox 173 3530 1754 3604; baseline -0.001 -16"><span class='ocrx_word' id='word_1_475' title='bbox 173 3549 358 3604; x_wconf 86' lang='lat' dir='ltr'><strong>genem</strong></span> <span class='ocrx_word' id='word_1_476' title='bbox 388 3549 456 3589; x_wconf 89' lang='lat' dir='ltr'><strong>eo</strong></span> <span class='ocrx_word' id='word_1_477' title='bbox 497 3534 634 3588; x_wconf 91' lang='lat' dir='ltr'><strong>mihi</strong></span> <span class='ocrx_word' id='word_1_478' title='bbox 683 3536 740 3588; x_wconf 88' lang='lat' dir='ltr'><strong>lit</strong></span> <span class='ocrx_word' id='word_1_479' title='bbox 769 3533 1142 3599; x_wconf 76' lang='lat' dir='ltr'><strong>verisimilius,</strong></span> <span class='ocrx_word' id='word_1_480' title='bbox 1176 3533 1318 3603; x_wconf 89' lang='lat' dir='ltr'><strong>quod</strong></span> <span class='ocrx_word' id='word_1_481' title='bbox 1353 3531 1465 3586; x_wconf 72' lang='lat' dir='ltr'><strong>bazc</strong></span> <span class='ocrx_word' id='word_1_482' title='bbox 1505 3533 1620 3602; x_wconf 88' lang='lat' dir='ltr'><strong>ipsa</strong></span> <span class='ocrx_word' id='word_1_483' title='bbox 1652 3530 1754 3586; x_wconf 81' lang='lat' dir='ltr'><strong>fuit</strong></span> 
     </span>
    </p>
   </div>
   <div class='ocr_carea' id='block_1_65' title="bbox 176 3624 1754 3697">
    <p class='ocr_par' dir='ltr' id='par_1_65' title="bbox 176 3624 1754 3697">
     <span class='ocr_line' id='line_1_65' title="bbox 176 3624 1754 3697; baseline 0 -19"><span class='ocrx_word' id='word_1_484' title='bbox 176 3624 573 3681; x_wconf 81' lang='lat' dir='ltr'><strong>Platonicorum</strong></span> <span class='ocrx_word' id='word_1_485' title='bbox 603 3626 984 3680; x_wconf 89' lang='lat' dir='ltr'><strong>nonnullorum</strong></span> <span class='ocrx_word' id='word_1_486' title='bbox 1010 3626 1520 3697; x_wconf 79' lang='lat' dir='ltr'><strong>metempsychosis.</strong></span> <span class='ocrx_word' id='word_1_487' title='bbox 1552 3627 1754 3679; x_wconf 77' lang='lat' dir='ltr'><strong>Aucte-</strong></span> 
     </span>
    </p>
   </div>
   <div class='ocr_carea' id='block_1_66' title="bbox 175 3717 1752 3790">
    <p class='ocr_par' dir='ltr' id='par_1_66' title="bbox 175 3717 1752 3790">
     <span class='ocr_line' id='line_1_66' title="bbox 175 3717 1752 3790; baseline -0.001 -17"><span class='ocrx_word' id='word_1_488' title='bbox 175 3737 280 3774; x_wconf 86' lang='lat' dir='ltr'><strong>rem</strong></span> <span class='ocrx_word' id='word_1_489' title='bbox 325 3721 525 3774; x_wconf 87' lang='lat' dir='ltr'><strong>damus</strong></span> <span class='ocrx_word' id='word_1_490' title='bbox 553 3718 865 3774; x_wconf 84' lang='lat' dir='ltr'><strong>Netnesium</strong></span> <span class='ocrx_word' id='word_1_491' title='bbox 886 3759 900 3782; x_wconf 95' lang='lat'><strong>,</strong></span> <span class='ocrx_word' id='word_1_492' title='bbox 941 3735 1060 3786; x_wconf 88' lang='lat' dir='ltr'><strong>cap.</strong></span> <span class='ocrx_word' id='word_1_493' title='bbox 1087 3719 1123 3770; x_wconf 74' lang='lat'><strong>2</strong></span> <span class='ocrx_word' id='word_1_494' title='bbox 1153 3735 1167 3772; x_wconf 86' lang='lat'><strong>:</strong></span> <span class='ocrx_word' id='word_1_495' title='bbox 1193 3717 1453 3782; x_wconf 86' lang='grc' dir='ltr'><strong>Εἰπόντος</strong></span> <span class='ocrx_word' id='word_1_496' title='bbox 1478 3717 1618 3790; x_wconf 86' lang='grc' dir='ltr'>γὰρ,</span> <span class='ocrx_word' id='word_1_497' title='bbox 1665 3719 1752 3772; x_wconf 87' lang='lat' dir='ltr'><strong>in-</strong></span> 
     </span>
    </p>
   </div>
   <div class='ocr_carea' id='block_1_67' title="bbox 175 3809 1754 3882">
    <p class='ocr_par' dir='ltr' id='par_1_67' title="bbox 175 3809 1754 3882">
     <span class='ocr_line' id='line_1_67' title="bbox 175 3809 1754 3882; baseline 0 -18"><span class='ocrx_word' id='word_1_498' title='bbox 175 3815 305 3880; x_wconf 90' lang='lat' dir='ltr'><strong>quit,</strong></span> <span class='ocrx_word' id='word_1_499' title='bbox 353 3811 643 3874; x_wconf 83' lang='grc' dir='ltr'>Πλάτωνος</span> <span class='ocrx_word' id='word_1_500' title='bbox 671 3810 770 3874; x_wconf 82' lang='grc' dir='ltr'>τὰς</span> <span class='ocrx_word' id='word_1_501' title='bbox 805 3811 906 3881; x_wconf 74' lang='grc' dir='ltr'><strong>μὲν</strong></span> <span class='ocrx_word' id='word_1_502' title='bbox 936 3809 1194 3881; x_wconf 81' lang='grc' dir='ltr'>θυμικάς,</span> <span class='ocrx_word' id='word_1_503' title='bbox 1234 3810 1328 3863; x_wconf 73' lang='grc' dir='ltr'><strong>καὶ</strong></span> <span class='ocrx_word' id='word_1_504' title='bbox 1357 3809 1631 3882; x_wconf 79' lang='grc' dir='ltr'><strong>ὀργίλους,</strong></span> <span class='ocrx_word' id='word_1_505' title='bbox 1660 3811 1754 3864; x_wconf 69' lang='grc' dir='ltr'>καὶ</span> 
     </span>
    </p>
   </div>
   <div class='ocr_carea' id='block_1_68' title="bbox 173 3900 1754 3974">
    <p class='ocr_par' dir='ltr' id='par_1_68' title="bbox 173 3900 1754 3974">
     <span class='ocr_line' id='line_1_68' title="bbox 173 3900 1754 3974; baseline -0.002 -17"><span class='ocrx_word' id='word_1_506' title='bbox 173 3902 520 3974; x_wconf 80' lang='grc' dir='ltr'>ἁρπακτικὰς</span> <span class='ocrx_word' id='word_1_507' title='bbox 539 3900 736 3972; x_wconf 75' lang='grc' dir='ltr'>ψυχὰς,</span> <span class='ocrx_word' id='word_1_508' title='bbox 780 3901 958 3954; x_wconf 82' lang='grc' dir='ltr'><strong>λύκων</strong></span> <span class='ocrx_word' id='word_1_509' title='bbox 987 3902 1082 3953; x_wconf 66' lang='grc' dir='ltr'><strong>καλ⁵</strong></span> <span class='ocrx_word' id='word_1_510' title='bbox 1109 3901 1336 3954; x_wconf 85' lang='grc' dir='ltr'><strong>λεόντων</strong></span> <span class='ocrx_word' id='word_1_511' title='bbox 1368 3900 1598 3971; x_wconf 83' lang='grc' dir='ltr'>σώματα</span> <span class='ocrx_word' id='word_1_512' title='bbox 1623 3917 1754 3972; x_wconf 85' lang='grc' dir='ltr'>μετ-</span> 
     </span>
    </p>
   </div>
   <div class='ocr_carea' id='block_1_69' title="bbox 175 3991 1758 4064">
    <p class='ocr_par' dir='ltr' id='par_1_69' title="bbox 175 3991 1758 4064">
     <span class='ocr_line' id='line_1_69' title="bbox 175 3991 1758 4064; baseline 0.002 -20"><span class='ocrx_word' id='word_1_513' title='bbox 175 3991 575 4063; x_wconf 76' lang='grc' dir='ltr'>αμφιέννυσθαι</span> <span class='ocrx_word' id='word_1_514' title='bbox 596 4011 610 4024; x_wconf 84' lang='grc'><strong>·</strong></span> <span class='ocrx_word' id='word_1_515' title='bbox 635 3992 736 4055; x_wconf 80' lang='grc' dir='ltr'>τὰς</span> <span class='ocrx_word' id='word_1_516' title='bbox 759 3992 814 4045; x_wconf 81' lang='grc' dir='ltr'>δὲ</span> <span class='ocrx_word' id='word_1_517' title='bbox 844 3994 972 4064; x_wconf 75' lang='grc' dir='ltr'>περὶ</span> <span class='ocrx_word' id='word_1_518' title='bbox 1015 3994 1112 4064; x_wconf 81' lang='grc' dir='ltr'>τὴν</span> <span class='ocrx_word' id='word_1_519' title='bbox 1143 3993 1438 4046; x_wconf 78' lang='grc' dir='ltr'>ἀκολασίαν</span> <span class='ocrx_word' id='word_1_520' title='bbox 1458 3993 1758 4064; x_wconf 79' lang='grc' dir='ltr'>ἡσχολημέ-</span> 
     </span>
    </p>
   </div>
   <div class='ocr_carea' id='block_1_70' title="bbox 174 4084 1753 4156">
    <p class='ocr_par' dir='ltr' id='par_1_70' title="bbox 174 4084 1753 4156">
     <span class='ocr_line' id='line_1_70' title="bbox 174 4084 1753 4156; baseline 0.001 -18"><span class='ocrx_word' id='word_1_521' title='bbox 174 4103 298 4151; x_wconf 83' lang='grc' dir='ltr'>νας,</span> <span class='ocrx_word' id='word_1_522' title='bbox 329 4086 472 4140; x_wconf 69' lang='grc' dir='ltr'>ινων</span> <span class='ocrx_word' id='word_1_523' title='bbox 511 4086 605 4138; x_wconf 70' lang='grc' dir='ltr'><strong>καὶ</strong></span> <span class='ocrx_word' id='word_1_524' title='bbox 635 4085 744 4138; x_wconf 84' lang='grc' dir='ltr'><strong>τῶν</strong></span> <span class='ocrx_word' id='word_1_525' title='bbox 782 4086 1037 4139; x_wconf 82' lang='grc' dir='ltr'>τοιούτων</span> <span class='ocrx_word' id='word_1_526' title='bbox 1071 4084 1474 4156; x_wconf 79' lang='grc' dir='ltr'>ἀναλαμϐάνειν</span> <span class='ocrx_word' id='word_1_527' title='bbox 1506 4085 1753 4156; x_wconf 83' lang='grc' dir='ltr'>σώματα,</span> 
     </span>
    </p>
   </div>
   <div class='ocr_carea' id='block_1_71' title="bbox 174 4178 1753 4250">
    <p class='ocr_par' dir='ltr' id='par_1_71' title="bbox 174 4178 1753 4250">
     <span class='ocr_line' id='line_1_71' title="bbox 174 4178 1753 4250; baseline 0.001 -18"><span class='ocrx_word' id='word_1_528' title='bbox 174 4181 222 4232; x_wconf 78' lang='lat' dir='ltr'><strong>oi</strong></span> <span class='ocrx_word' id='word_1_529' title='bbox 256 4181 350 4250; x_wconf 80' lang='grc' dir='ltr'><strong>μὲν</strong></span> <span class='ocrx_word' id='word_1_530' title='bbox 377 4179 584 4250; x_wconf 85' lang='grc' dir='ltr'>κυρίως</span> <span class='ocrx_word' id='word_1_531' title='bbox 608 4179 848 4249; x_wconf 67' lang='grc' dir='ltr'>ἥκουσαν</span> <span class='ocrx_word' id='word_1_532' title='bbox 870 4181 995 4243; x_wconf 79' lang='grc' dir='ltr'>τοὺς</span> <span class='ocrx_word' id='word_1_533' title='bbox 1022 4179 1242 4242; x_wconf 82' lang='grc' dir='ltr'>λέοντας</span> <span class='ocrx_word' id='word_1_534' title='bbox 1273 4179 1517 4241; x_wconf 76' lang='grc' dir='ltr'>καὶτοὺς</span> <span class='ocrx_word' id='word_1_535' title='bbox 1538 4178 1753 4242; x_wconf 78' lang='grc' dir='ltr'>λύκους,</span> 
     </span>
    </p>
   </div>
   <div class='ocr_carea' id='block_1_72' title="bbox 177 4270 1758 4342">
    <p class='ocr_par' dir='ltr' id='par_1_72' title="bbox 177 4270 1758 4342">
     <span class='ocr_line' id='line_1_72' title="bbox 177 4270 1758 4342; baseline -0.001 -17"><span class='ocrx_word' id='word_1_536' title='bbox 177 4273 264 4325; x_wconf 76' lang='grc' dir='ltr'><strong>καὶ</strong></span> <span class='ocrx_word' id='word_1_537' title='bbox 292 4273 422 4335; x_wconf 73' lang='grc' dir='ltr'>τοὺς</span> <span class='ocrx_word' id='word_1_538' title='bbox 449 4271 604 4334; x_wconf 74' lang='grc' dir='ltr'>ὅνους</span> <span class='ocrx_word' id='word_1_539' title='bbox 623 4285 636 4299; x_wconf 77' lang='grc'><strong><em>⁸</em></strong></span> <span class='ocrx_word' id='word_1_540' title='bbox 663 4271 714 4323; x_wconf 91' lang='grc' dir='ltr'>οἱ</span> <span class='ocrx_word' id='word_1_541' title='bbox 750 4272 809 4324; x_wconf 82' lang='grc' dir='ltr'>δὲ</span> <span class='ocrx_word' id='word_1_542' title='bbox 842 4270 1119 4342; x_wconf 79' lang='grc' dir='ltr'><strong>τροπικῶς</strong></span> <span class='ocrx_word' id='word_1_543' title='bbox 1154 4270 1314 4324; x_wconf 77' lang='grc' dir='ltr'>αὑτὸν</span> <span class='ocrx_word' id='word_1_544' title='bbox 1349 4271 1628 4341; x_wconf 78' lang='grc' dir='ltr'>εἰρηκέναι</span> <span class='ocrx_word' id='word_1_545' title='bbox 1651 4271 1758 4323; x_wconf 83' lang='grc' dir='ltr'>διέ-</span> 
     </span>
    </p>
   </div>
   <div class='ocr_carea' id='block_1_73' title="bbox 177 4361 1759 4434">
    <p class='ocr_par' dir='ltr' id='par_1_73' title="bbox 177 4361 1759 4434">
     <span class='ocr_line' id='line_1_73' title="bbox 177 4361 1759 4434; baseline 0 -18"><span class='ocrx_word' id='word_1_546' title='bbox 177 4379 409 4430; x_wconf 83' lang='grc' dir='ltr'>γνωσαν,</span> <span class='ocrx_word' id='word_1_547' title='bbox 451 4363 524 4415; x_wconf 82' lang='grc' dir='ltr'>τὰ</span> <span class='ocrx_word' id='word_1_548' title='bbox 555 4361 660 4433; x_wconf 70' lang='grc' dir='ltr'><strong>ἢθη</strong></span> <span class='ocrx_word' id='word_1_549' title='bbox 707 4363 794 4415; x_wconf 79' lang='grc' dir='ltr'>διὰ</span> <span class='ocrx_word' id='word_1_550' title='bbox 833 4362 946 4416; x_wconf 81' lang='grc' dir='ltr'><strong>τῶν</strong></span> <span class='ocrx_word' id='word_1_551' title='bbox 983 4361 1138 4427; x_wconf 81' lang='grc' dir='ltr'>ζώων</span> <span class='ocrx_word' id='word_1_552' title='bbox 1177 4363 1649 4434; x_wconf 79' lang='grc' dir='ltr'>παρεμφαίνοντα.</span> <span class='ocrx_word' id='word_1_553' title='bbox 1696 4364 1759 4416; x_wconf 75' lang='lat' dir='ltr'><strong>Et</strong></span> 
     </span>
    </p>
   </div>
   <div class='ocr_carea' id='block_1_74' title="bbox 178 4451 1753 4526">
    <p class='ocr_par' dir='ltr' id='par_1_74' title="bbox 178 4451 1753 4526">
     <span class='ocr_line' id='line_1_74' title="bbox 178 4451 1753 4526; baseline 0.002 -23"><span class='ocrx_word' id='word_1_554' title='bbox 178 4467 295 4507; x_wconf 89' lang='lat' dir='ltr'><strong>mox</strong></span> <span class='ocrx_word' id='word_1_555' title='bbox 331 4472 347 4508; x_wconf 90' lang='lat'><strong>:</strong></span> <span class='ocrx_word' id='word_1_556' title='bbox 395 4451 700 4524; x_wconf 79' lang='grc' dir='ltr'>Ἰάμϐλιχος</span> <span class='ocrx_word' id='word_1_557' title='bbox 737 4455 792 4506; x_wconf 79' lang='grc' dir='ltr'><strong>δὲ</strong></span> <span class='ocrx_word' id='word_1_558' title='bbox 834 4453 934 4524; x_wconf 85' lang='grc' dir='ltr'>τὴν</span> <span class='ocrx_word' id='word_1_559' title='bbox 983 4454 1234 4508; x_wconf 79' lang='grc' dir='ltr'>ἐναντίαν</span> <span class='ocrx_word' id='word_1_560' title='bbox 1259 4454 1470 4518; x_wconf 77' lang='grc' dir='ltr'><strong>τούτοις</strong></span> <span class='ocrx_word' id='word_1_561' title='bbox 1509 4453 1753 4526; x_wconf 81' lang='grc' dir='ltr'>δραμὼν,</span> 
     </span>
    </p>
   </div>
   <div class='ocr_carea' id='block_1_75' title="bbox 1857 3234 3436 3321">
    <p class='ocr_par' dir='ltr' id='par_1_75' title="bbox 1857 3234 3436 3321">
     <span class='ocr_line' id='line_1_75' title="bbox 1857 3234 3436 3321; baseline -0.011 -15"><span class='ocrx_word' id='word_1_562' title='bbox 1857 3259 1980 3321; x_wconf 92' lang='lat' dir='ltr'><strong>post</strong></span> <span class='ocrx_word' id='word_1_563' title='bbox 2013 3261 2244 3318; x_wconf 87' lang='lat' dir='ltr'><strong>tempus.</strong></span> <span class='ocrx_word' id='word_1_564' title='bbox 2282 3263 2300 3296; x_wconf 75' lang='grc' dir='ltr'>ι</span> <span class='ocrx_word' id='word_1_565' title='bbox 2339 3241 2396 3297; x_wconf 91' lang='lat' dir='ltr'><strong>ln</strong></span> <span class='ocrx_word' id='word_1_566' title='bbox 2439 3256 2548 3311; x_wconf 90' lang='lat' dir='ltr'><strong>quo</strong></span> <span class='ocrx_word' id='word_1_567' title='bbox 2592 3238 2873 3294; x_wconf 85' lang='lat' dir='ltr'><strong>Platonem</strong></span> <span class='ocrx_word' id='word_1_568' title='bbox 2924 3250 3160 3307; x_wconf 90' lang='lat' dir='ltr'><strong>quoque,</strong></span> <span class='ocrx_word' id='word_1_569' title='bbox 3208 3234 3436 3290; x_wconf 87' lang='lat' dir='ltr'><strong>dimisso</strong></span> 
     </span>
    </p>
   </div>
   <div class='ocr_carea' id='block_1_76' title="bbox 1855 3325 3436 3414">
    <p class='ocr_par' dir='ltr' id='par_1_76' title="bbox 1855 3325 3436 3414">
     <span class='ocr_line' id='line_1_76' title="bbox 1855 3325 3436 3414; baseline -0.012 -16"><span class='ocrx_word' id='word_1_570' title='bbox 1855 3343 2184 3414; x_wconf 84' lang='lat' dir='ltr'><strong>Pythagora,</strong></span> <span class='ocrx_word' id='word_1_571' title='bbox 2209 3334 2563 3392; x_wconf 84' lang='lat' dir='ltr'><strong>Adamantius</strong></span> <span class='ocrx_word' id='word_1_572' title='bbox 2589 3331 2856 3400; x_wconf 88' lang='lat' dir='ltr'><strong>sequitur.</strong></span> <span class='ocrx_word' id='word_1_573' title='bbox 2879 3328 2949 3383; x_wconf 77' lang='lat' dir='ltr'><strong>At</strong></span> <span class='ocrx_word' id='word_1_574' title='bbox 2970 3325 3436 3398; x_wconf 85' lang='lat' dir='ltr'><strong>PaganinusGau—</strong></span> 
     </span>
    </p>
   </div>
   <div class='ocr_carea' id='block_1_77' title="bbox 1854 3421 3436 3501">
    <p class='ocr_par' dir='ltr' id='par_1_77' title="bbox 1854 3421 3436 3501">
     <span class='ocr_line' id='line_1_77' title="bbox 1854 3421 3436 3501; baseline -0.011 -11"><span class='ocrx_word' id='word_1_575' title='bbox 1854 3436 2074 3490; x_wconf 87' lang='lat' dir='ltr'><strong>dentius</strong></span> <span class='ocrx_word' id='word_1_576' title='bbox 2105 3447 2226 3501; x_wconf 88' lang='lat' dir='ltr'><strong>cap.</strong></span> <span class='ocrx_word' id='word_1_577' title='bbox 2258 3430 2322 3486; x_wconf 76' lang='grc'><strong>51</strong></span> <span class='ocrx_word' id='word_1_578' title='bbox 2364 3429 2416 3483; x_wconf 91' lang='lat' dir='ltr'><strong>in</strong></span> <span class='ocrx_word' id='word_1_579' title='bbox 2466 3425 2646 3480; x_wconf 85' lang='lat' dir='ltr'><strong>libello</strong></span> <span class='ocrx_word' id='word_1_580' title='bbox 2687 3422 2766 3477; x_wconf 91' lang='lat' dir='ltr'><strong>De</strong></span> <span class='ocrx_word' id='word_1_581' title='bbox 2797 3423 3188 3492; x_wconf 80' lang='lat' dir='ltr'><strong>comparatione</strong></span> <span class='ocrx_word' id='word_1_582' title='bbox 3215 3421 3436 3492; x_wconf 85' lang='lat' dir='ltr'><strong>dogma-</strong></span> 
     </span>
    </p>
   </div>
   <div class='ocr_carea' id='block_1_78' title="bbox 1854 3511 3438 3593">
    <p class='ocr_par' dir='ltr' id='par_1_78' title="bbox 1854 3511 3438 3593">
     <span class='ocr_line' id='line_1_78' title="bbox 1854 3511 3438 3593; baseline -0.008 -14"><span class='ocrx_word' id='word_1_583' title='bbox 1854 3536 1967 3580; x_wconf 84' lang='lat' dir='ltr'><strong>tum</strong></span> <span class='ocrx_word' id='word_1_584' title='bbox 1992 3523 2236 3593; x_wconf 79' lang='lat' dir='ltr'><strong>Origenis</strong></span> <span class='ocrx_word' id='word_1_585' title='bbox 2261 3537 2380 3576; x_wconf 87' lang='lat' dir='ltr'><strong>cum</strong></span> <span class='ocrx_word' id='word_1_586' title='bbox 2409 3517 2743 3588; x_wconf 80' lang='lat' dir='ltr'><strong>philosophia</strong></span> <span class='ocrx_word' id='word_1_587' title='bbox 2779 3514 3020 3569; x_wconf 83' lang='lat' dir='ltr'><strong>Platonis</strong></span> <span class='ocrx_word' id='word_1_588' title='bbox 3044 3554 3062 3578; x_wconf 90' lang='lat'><strong>,</strong></span> <span class='ocrx_word' id='word_1_589' title='bbox 3093 3514 3159 3569; x_wconf 89' lang='lat' dir='ltr'><strong>de</strong></span> <span class='ocrx_word' id='word_1_590' title='bbox 3183 3511 3438 3582; x_wconf 87' lang='lat' dir='ltr'><strong>Origenis</strong></span> 
     </span>
    </p>
   </div>
   <div class='ocr_carea' id='block_1_79' title="bbox 1855 3606 3438 3691">
    <p class='ocr_par' dir='ltr' id='par_1_79' title="bbox 1855 3606 3438 3691">
     <span class='ocr_line' id='line_1_79' title="bbox 1855 3606 3438 3691; baseline -0.011 -16"><span class='ocrx_word' id='word_1_591' title='bbox 1855 3618 2309 3691; x_wconf 83' lang='lat' dir='ltr'><strong>metempsychosi</strong></span> <span class='ocrx_word' id='word_1_592' title='bbox 2353 3615 2658 3676; x_wconf 89' lang='lat' dir='ltr'><strong>disserens,</strong></span> <span class='ocrx_word' id='word_1_593' title='bbox 2701 3613 2755 3665; x_wconf 94' lang='lat' dir='ltr'><strong>in</strong></span> <span class='ocrx_word' id='word_1_594' title='bbox 2790 3624 2855 3665; x_wconf 88' lang='lat' dir='ltr'><strong>eo</strong></span> <span class='ocrx_word' id='word_1_595' title='bbox 2900 3608 3120 3662; x_wconf 88' lang='lat' dir='ltr'><strong>dill&#39;erre</strong></span> <span class='ocrx_word' id='word_1_596' title='bbox 3178 3606 3255 3659; x_wconf 88' lang='lat' dir='ltr'><strong>ait</strong></span> <span class='ocrx_word' id='word_1_597' title='bbox 3311 3607 3438 3674; x_wconf 86' lang='lat' dir='ltr'><strong>opi-</strong></span> 
     </span>
    </p>
   </div>
   <div class='ocr_carea' id='block_1_80' title="bbox 1855 3699 3436 3784">
    <p class='ocr_par' dir='ltr' id='par_1_80' title="bbox 1855 3699 3436 3784">
     <span class='ocr_line' id='line_1_80' title="bbox 1855 3699 3436 3784; baseline -0.013 -12"><span class='ocrx_word' id='word_1_598' title='bbox 1855 3717 2074 3772; x_wconf 86' lang='lat' dir='ltr'><strong>nionem</strong></span> <span class='ocrx_word' id='word_1_599' title='bbox 2122 3713 2292 3784; x_wconf 87' lang='lat' dir='ltr'><strong>ipsius</strong></span> <span class='ocrx_word' id='word_1_600' title='bbox 2331 3726 2361 3764; x_wconf 87' lang='lat' dir='ltr'><strong>a</strong></span> <span class='ocrx_word' id='word_1_601' title='bbox 2411 3705 2795 3778; x_wconf 81' lang='lat' dir='ltr'><strong>Pythagorica,</strong></span> <span class='ocrx_word' id='word_1_602' title='bbox 2845 3701 2988 3772; x_wconf 91' lang='lat' dir='ltr'><strong>quod</strong></span> <span class='ocrx_word' id='word_1_603' title='bbox 3026 3700 3114 3755; x_wconf 90' lang='lat' dir='ltr'><strong>ille</strong></span> <span class='ocrx_word' id='word_1_604' title='bbox 3160 3714 3348 3770; x_wconf 69' lang='lat' dir='ltr'><strong>pinnas</strong></span> <span class='ocrx_word' id='word_1_605' title='bbox 3383 3699 3436 3752; x_wconf 90' lang='lat' dir='ltr'><strong>in</strong></span> 
     </span>
    </p>
   </div>
   <div class='ocr_carea' id='block_1_81' title="bbox 1856 3792 3438 3864">
    <p class='ocr_par' dir='ltr' id='par_1_81' title="bbox 1856 3792 3438 3864">
     <span class='ocr_line' id='line_1_81' title="bbox 1856 3792 3438 3864; baseline -0.013 -1"><span class='ocrx_word' id='word_1_606' title='bbox 1856 3806 2233 3864; x_wconf 83' lang='lat' dir='ltr'><strong>subterraneis</strong></span> <span class='ocrx_word' id='word_1_607' title='bbox 2272 3801 2409 3858; x_wconf 89' lang='lat' dir='ltr'><strong>locis</strong></span> <span class='ocrx_word' id='word_1_608' title='bbox 2461 3798 2686 3854; x_wconf 88' lang='lat' dir='ltr'><strong>luendas</strong></span> <span class='ocrx_word' id='word_1_609' title='bbox 2741 3795 2814 3851; x_wconf 92' lang='lat' dir='ltr'><strong>ob</strong></span> <span class='ocrx_word' id='word_1_610' title='bbox 2861 3792 3070 3848; x_wconf 89' lang='lat' dir='ltr'><strong>scelera</strong></span> <span class='ocrx_word' id='word_1_611' title='bbox 3130 3799 3438 3861; x_wconf 85' lang='lat' dir='ltr'><strong>agnoscat;</strong></span> 
     </span>
    </p>
   </div>
   <div class='ocr_carea' id='block_1_82' title="bbox 1856 3891 3434 3971">
    <p class='ocr_par' dir='ltr' id='par_1_82' title="bbox 1856 3891 3434 3971">
     <span class='ocr_line' id='line_1_82' title="bbox 1856 3891 3434 3971; baseline -0.013 -13"><span class='ocrx_word' id='word_1_612' title='bbox 1856 3901 2193 3971; x_wconf 83' lang='lat' dir='ltr'><strong>Pythagoras</strong></span> <span class='ocrx_word' id='word_1_613' title='bbox 2228 3911 2356 3951; x_wconf 89' lang='lat' dir='ltr'><strong>vero</strong></span> <span class='ocrx_word' id='word_1_614' title='bbox 2392 3893 2616 3957; x_wconf 83' lang='lat' dir='ltr'><strong>inferos,</strong></span> <span class='ocrx_word' id='word_1_615' title='bbox 2646 3891 3054 3956; x_wconf 78' lang='lat' dir='ltr'><strong>inferorumque</strong></span> <span class='ocrx_word' id='word_1_616' title='bbox 3089 3899 3278 3953; x_wconf 68' lang='lat' dir='ltr'><strong>poenas</strong></span> <span class='ocrx_word' id='word_1_617' title='bbox 3309 3897 3434 3938; x_wconf 80' lang='lat' dir='ltr'><strong>sus-</strong></span> 
     </span>
    </p>
   </div>
   <div class='ocr_carea' id='block_1_83' title="bbox 1859 3974 3436 4058">
    <p class='ocr_par' dir='ltr' id='par_1_83' title="bbox 1859 3974 3436 4058">
     <span class='ocr_line' id='line_1_83' title="bbox 1859 3974 3436 4058; baseline -0.014 -11"><span class='ocrx_word' id='word_1_618' title='bbox 1859 3991 2067 4054; x_wconf 91' lang='lat' dir='ltr'><strong>tulerit,</strong></span> <span class='ocrx_word' id='word_1_619' title='bbox 2102 3989 2243 4058; x_wconf 89' lang='lat' dir='ltr'><strong>quod</strong></span> <span class='ocrx_word' id='word_1_620' title='bbox 2303 3985 2499 4040; x_wconf 80' lang='lat' dir='ltr'><strong>falsum</strong></span> <span class='ocrx_word' id='word_1_621' title='bbox 2534 3992 2663 4038; x_wconf 85' lang='lat' dir='ltr'><strong>est:</strong></span> <span class='ocrx_word' id='word_1_622' title='bbox 2713 3980 2875 4034; x_wconf 84' lang='grc' dir='ltr'>Ἀλλά</span> <span class='ocrx_word' id='word_1_623' title='bbox 2918 3977 3015 4031; x_wconf 72' lang='grc' dir='ltr'><strong>καὶ</strong></span> <span class='ocrx_word' id='word_1_624' title='bbox 3054 3975 3217 4037; x_wconf 80' lang='grc' dir='ltr'>αὐτὸς</span> <span class='ocrx_word' id='word_1_625' title='bbox 3259 3975 3320 4026; x_wconf 84' lang='grc' dir='ltr'>ὲν</span> <span class='ocrx_word' id='word_1_626' title='bbox 3369 3974 3436 4044; x_wconf 77' lang='grc' dir='ltr'>τῇ</span> 
     </span>
    </p>
   </div>
   <div class='ocr_carea' id='block_1_84' title="bbox 1857 4063 3441 4156">
    <p class='ocr_par' dir='ltr' id='par_1_84' title="bbox 1857 4063 3441 4156">
     <span class='ocr_line' id='line_1_84' title="bbox 1857 4063 3441 4156; baseline -0.015 -17"><span class='ocrx_word' id='word_1_627' title='bbox 1857 4084 2042 4156; x_wconf 76' lang='grc' dir='ltr'>γραφῇ</span> <span class='ocrx_word' id='word_1_628' title='bbox 2071 4098 2203 4152; x_wconf 86' lang='grc' dir='ltr'>φησι</span> <span class='ocrx_word' id='word_1_629' title='bbox 2231 4079 2298 4132; x_wconf 84' lang='grc' dir='ltr'>δι’</span> <span class='ocrx_word' id='word_1_630' title='bbox 2334 4077 2474 4130; x_wconf 79' lang='grc' dir='ltr'>ἑπτὰ</span> <span class='ocrx_word' id='word_1_631' title='bbox 2503 4076 2598 4128; x_wconf 76' lang='grc' dir='ltr'><strong>καὶ</strong></span> <span class='ocrx_word' id='word_1_632' title='bbox 2637 4071 2926 4126; x_wconf 83' lang='grc' dir='ltr'>διακοσίων</span> <span class='ocrx_word' id='word_1_633' title='bbox 2971 4067 3135 4122; x_wconf 82' lang='grc' dir='ltr'>ὲτέων</span> <span class='ocrx_word' id='word_1_634' title='bbox 3173 4064 3234 4130; x_wconf 83' lang='grc' dir='ltr'><strong>ὲξ</strong></span> <span class='ocrx_word' id='word_1_635' title='bbox 3276 4063 3441 4118; x_wconf 70' lang='grc' dir='ltr'>ἀΐδεω</span> 
     </span>
    </p>
   </div>
   <div class='ocr_carea' id='block_1_85' title="bbox 1860 4156 3440 4249">
    <p class='ocr_par' dir='ltr' id='par_1_85' title="bbox 1860 4156 3440 4249">
     <span class='ocr_line' id='line_1_85' title="bbox 1860 4156 3440 4249; baseline -0.015 -18"><span class='ocrx_word' id='word_1_636' title='bbox 1860 4171 2340 4249; x_wconf 77' lang='grc' dir='ltr'>παραγεγενῆσθαι</span> <span class='ocrx_word' id='word_1_637' title='bbox 2381 4170 2438 4233; x_wconf 82' lang='grc' dir='ltr'>ὲς</span> <span class='ocrx_word' id='word_1_638' title='bbox 2477 4166 2816 4239; x_wconf 81' lang='grc' dir='ltr'>ἀνθρώπους.</span> <span class='ocrx_word' id='word_1_639' title='bbox 2856 4181 2874 4214; x_wconf 82' lang='lat' dir='ltr'><strong>t</strong></span> <span class='ocrx_word' id='word_1_640' title='bbox 2900 4162 2970 4214; x_wconf 85' lang='lat' dir='ltr'><strong>At</strong></span> <span class='ocrx_word' id='word_1_641' title='bbox 3005 4160 3123 4229; x_wconf 88' lang='lat' dir='ltr'><strong>ipse</strong></span> <span class='ocrx_word' id='word_1_642' title='bbox 3170 4157 3361 4218; x_wconf 78' lang='lat' dir='ltr'><strong>etiam,</strong></span> <span class='ocrx_word' id='word_1_643' title='bbox 3386 4156 3440 4209; x_wconf 89' lang='lat' dir='ltr'><strong>in</strong></span> 
     </span>
    </p>
   </div>
   <div class='ocr_carea' id='block_1_86' title="bbox 1857 4257 3442 4337">
    <p class='ocr_par' dir='ltr' id='par_1_86' title="bbox 1857 4257 3442 4337">
     <span class='ocr_line' id='line_1_86' title="bbox 1857 4257 3442 4337; baseline -0.015 -13"><span class='ocrx_word' id='word_1_644' title='bbox 1857 4268 2080 4337; x_wconf 83' lang='lat' dir='ltr'><strong>scriptis</strong></span> <span class='ocrx_word' id='word_1_645' title='bbox 2127 4267 2204 4319; x_wconf 90' lang='lat' dir='ltr'><strong>ait</strong></span> <span class='ocrx_word' id='word_1_646' title='bbox 2242 4271 2364 4334; x_wconf 90' lang='lat' dir='ltr'><strong>post</strong></span> <span class='ocrx_word' id='word_1_647' title='bbox 2405 4271 2610 4330; x_wconf 90' lang='lat' dir='ltr'><strong>septem</strong></span> <span class='ocrx_word' id='word_1_648' title='bbox 2658 4267 2713 4312; x_wconf 91' lang='lat' dir='ltr'><strong>et</strong></span> <span class='ocrx_word' id='word_1_649' title='bbox 2755 4257 3020 4312; x_wconf 89' lang='lat' dir='ltr'><strong>ducentos</strong></span> <span class='ocrx_word' id='word_1_650' title='bbox 3064 4263 3237 4303; x_wconf 90' lang='lat' dir='ltr'><strong>annos</strong></span> <span class='ocrx_word' id='word_1_651' title='bbox 3271 4262 3442 4308; x_wconf 81' lang='lat' dir='ltr'><strong>seex</strong></span> 
     </span>
    </p>
   </div>
   <div class='ocr_carea' id='block_1_87' title="bbox 1861 4337 3441 4416">
    <p class='ocr_par' dir='ltr' id='par_1_87' title="bbox 1861 4337 3441 4416">
     <span class='ocr_line' id='line_1_87' title="bbox 1861 4337 3441 4416; baseline -0.014 -4"><span class='ocrx_word' id='word_1_652' title='bbox 1861 4357 2052 4412; x_wconf 79' lang='lat' dir='ltr'><strong>inferis</strong></span> <span class='ocrx_word' id='word_1_653' title='bbox 2081 4357 2148 4410; x_wconf 89' lang='lat' dir='ltr'><strong>ad</strong></span> <span class='ocrx_word' id='word_1_654' title='bbox 2176 4355 2422 4409; x_wconf 88' lang='lat' dir='ltr'><strong>homines</strong></span> <span class='ocrx_word' id='word_1_655' title='bbox 2457 4349 2664 4414; x_wconf 83' lang='lat' dir='ltr'><strong>venire,</strong></span> <span class='ocrx_word' id='word_1_656' title='bbox 2699 4365 2718 4399; x_wconf 75' lang='grc' dir='ltr'>ι</span> <span class='ocrx_word' id='word_1_657' title='bbox 2756 4345 2931 4416; x_wconf 91' lang='lat' dir='ltr'><strong>inquit</strong></span> <span class='ocrx_word' id='word_1_658' title='bbox 2953 4340 3206 4398; x_wconf 85' lang='lat' dir='ltr'><strong>Laertius</strong></span> <span class='ocrx_word' id='word_1_659' title='bbox 3237 4339 3290 4392; x_wconf 91' lang='lat' dir='ltr'><strong>in</strong></span> <span class='ocrx_word' id='word_1_660' title='bbox 3327 4337 3441 4408; x_wconf 82' lang='lat' dir='ltr'><strong>Py-</strong></span> 
     </span>
    </p>
   </div>
   <div class='ocr_carea' id='block_1_88' title="bbox 1861 4434 3444 4524">
    <p class='ocr_par' dir='ltr' id='par_1_88' title="bbox 1861 4434 3444 4524">
     <span class='ocr_line' id='line_1_88' title="bbox 1861 4434 3444 4524; baseline -0.015 -15"><span class='ocrx_word' id='word_1_661' title='bbox 1861 4455 2105 4524; x_wconf 84' lang='lat' dir='ltr'><strong>thagora.</strong></span> <span class='ocrx_word' id='word_1_662' title='bbox 2141 4450 2223 4506; x_wconf 85' lang='lat' dir='ltr'><strong>Ab</strong></span> <span class='ocrx_word' id='word_1_663' title='bbox 2253 4447 2528 4519; x_wconf 65' lang='lat' dir='ltr'><strong>Egyptiis</strong></span> <span class='ocrx_word' id='word_1_664' title='bbox 2571 4454 2755 4498; x_wconf 89' lang='lat' dir='ltr'><strong>autem</strong></span> <span class='ocrx_word' id='word_1_665' title='bbox 2793 4437 3076 4511; x_wconf 84' lang='lat' dir='ltr'><strong>magistris</strong></span> <span class='ocrx_word' id='word_1_666' title='bbox 3103 4449 3305 4492; x_wconf 86' lang='lat' dir='ltr'><strong>vesana</strong></span> <span class='ocrx_word' id='word_1_667' title='bbox 3339 4434 3444 4488; x_wconf 87' lang='lat' dir='ltr'><strong>hac</strong></span> 
     </span>
    </p>
   </div>
   <div class='ocr_carea' id='block_1_89' title="bbox 174 4527 1768 4616">
    <p class='ocr_par' dir='ltr' id='par_1_89' title="bbox 174 4537 1754 4614">
     <span class='ocr_line' id='line_1_89' title="bbox 174 4537 1754 4614; baseline 0.001 -19"><span class='ocrx_word' id='word_1_668' title='bbox 174 4545 289 4596; x_wconf 82' lang='grc' dir='ltr'>κατ’</span> <span class='ocrx_word' id='word_1_669' title='bbox 317 4538 462 4605; x_wconf 80' lang='grc' dir='ltr'>εἶδος</span> <span class='ocrx_word' id='word_1_670' title='bbox 487 4541 641 4606; x_wconf 83' lang='grc' dir='ltr'>ζώων</span> <span class='ocrx_word' id='word_1_671' title='bbox 680 4541 858 4613; x_wconf 75' lang='grc' dir='ltr'>ψυχῆς</span> <span class='ocrx_word' id='word_1_672' title='bbox 890 4537 1030 4604; x_wconf 81' lang='grc' dir='ltr'>εἶδος</span> <span class='ocrx_word' id='word_1_673' title='bbox 1070 4537 1210 4596; x_wconf 80' lang='grc' dir='ltr'>εἶναι</span> <span class='ocrx_word' id='word_1_674' title='bbox 1246 4541 1415 4610; x_wconf 84' lang='grc' dir='ltr'>λέγει,</span> <span class='ocrx_word' id='word_1_675' title='bbox 1449 4543 1616 4614; x_wconf 74' lang='grc' dir='ltr'>ἤγουν</span> <span class='ocrx_word' id='word_1_676' title='bbox 1641 4545 1754 4614; x_wconf 78' lang='grc' dir='ltr'>εἴδη</span> 
     </span>
    </p>
   </div>
   <div class='ocr_carea' id='block_1_90' title="bbox 1857 4527 3444 4616">
    <p class='ocr_par' dir='ltr' id='par_1_90' title="bbox 1863 4527 3444 4616">
     <span class='ocr_line' id='line_1_90' title="bbox 1863 4527 3444 4616; baseline -0.015 -14"><span class='ocrx_word' id='word_1_677' title='bbox 1863 4543 2397 4616; x_wconf 87' lang='lat' dir='ltr'><strong>metempsychoseos</strong></span> <span class='ocrx_word' id='word_1_678' title='bbox 2418 4539 2669 4608; x_wconf 82' lang='lat' dir='ltr'><strong>doctrina</strong></span> <span class='ocrx_word' id='word_1_679' title='bbox 2701 4534 2892 4590; x_wconf 88' lang='lat' dir='ltr'><strong>imbuti</strong></span> <span class='ocrx_word' id='word_1_680' title='bbox 2926 4533 3147 4588; x_wconf 79' lang='lat' dir='ltr'><strong>fuerant</strong></span> <span class='ocrx_word' id='word_1_681' title='bbox 3169 4527 3444 4600; x_wconf 83' lang='lat' dir='ltr'><strong>Pythago-</strong></span> 
     </span>
    </p>
   </div>
   <div class='ocr_carea' id='block_1_91' title="bbox 174 4633 1754 4707">
    <p class='ocr_par' dir='ltr' id='par_1_91' title="bbox 174 4633 1754 4707">
     <span class='ocr_line' id='line_1_91' title="bbox 174 4633 1754 4707; baseline 0.001 -19"><span class='ocrx_word' id='word_1_682' title='bbox 174 4633 434 4706; x_wconf 75' lang='grc' dir='ltr'>διάφοραο</span> <span class='ocrx_word' id='word_1_683' title='bbox 476 4635 787 4705; x_wconf 81' lang='grc' dir='ltr'>γέγραπται</span> <span class='ocrx_word' id='word_1_684' title='bbox 821 4633 952 4702; x_wconf 82' lang='grc' dir='ltr'>γοῦν</span> <span class='ocrx_word' id='word_1_685' title='bbox 997 4634 1146 4705; x_wconf 81' lang='grc' dir='ltr'>αὐτῷ</span> <span class='ocrx_word' id='word_1_686' title='bbox 1180 4635 1492 4706; x_wconf 75' lang='grc' dir='ltr'>μονόὸιϐλον</span> <span class='ocrx_word' id='word_1_687' title='bbox 1522 4636 1754 4707; x_wconf 77' lang='grc' dir='ltr'>ἐπίγρα-</span> 
     </span>
    </p>
   </div>
   <div class='ocr_carea' id='block_1_92' title="bbox 177 4725 1754 4797">
    <p class='ocr_par' dir='ltr' id='par_1_92' title="bbox 177 4725 1754 4797">
     <span class='ocr_line' id='line_1_92' title="bbox 177 4725 1754 4797; baseline 0 -16"><span class='ocrx_word' id='word_1_688' title='bbox 177 4744 291 4797; x_wconf 74' lang='grc' dir='ltr'>φον,</span> <span class='ocrx_word' id='word_1_689' title='bbox 329 4729 462 4780; x_wconf 79' lang='grc' dir='ltr'><strong>Ὀτι</strong></span> <span class='ocrx_word' id='word_1_690' title='bbox 491 4729 601 4781; x_wconf 80' lang='grc' dir='ltr'>οὐκ</span> <span class='ocrx_word' id='word_1_691' title='bbox 629 4725 727 4779; x_wconf 79' lang='grc' dir='ltr'><strong>ἀπ’</strong></span> <span class='ocrx_word' id='word_1_692' title='bbox 763 4725 1090 4794; x_wconf 76' lang='grc' dir='ltr'>ἀνθρώπων</span> <span class='ocrx_word' id='word_1_693' title='bbox 1119 4729 1205 4793; x_wconf 83' lang='grc' dir='ltr'><strong>είς</strong></span> <span class='ocrx_word' id='word_1_694' title='bbox 1230 4727 1437 4797; x_wconf 80' lang='grc' dir='ltr'>ἄλογα,</span> <span class='ocrx_word' id='word_1_695' title='bbox 1467 4728 1608 4782; x_wconf 78' lang='grc' dir='ltr'>οὐδὲ</span> <span class='ocrx_word' id='word_1_696' title='bbox 1637 4727 1754 4782; x_wconf 78' lang='grc' dir='ltr'><strong>ἀπὸ</strong></span> 
     </span>
    </p>
   </div>
   <div class='ocr_carea' id='block_1_93' title="bbox 175 4817 1758 4890">
    <p class='ocr_par' dir='ltr' id='par_1_93' title="bbox 175 4817 1758 4890">
     <span class='ocr_line' id='line_1_93' title="bbox 175 4817 1758 4890; baseline -0.001 -16"><span class='ocrx_word' id='word_1_697' title='bbox 175 4818 327 4880; x_wconf 71' lang='grc' dir='ltr'><strong>ζώων</strong></span> <span class='ocrx_word' id='word_1_698' title='bbox 358 4821 598 4890; x_wconf 74' lang='grc' dir='ltr'>ἀλόγων</span> <span class='ocrx_word' id='word_1_699' title='bbox 621 4821 708 4884; x_wconf 84' lang='grc' dir='ltr'><strong>είς</strong></span> <span class='ocrx_word' id='word_1_700' title='bbox 737 4817 1089 4886; x_wconf 76' lang='grc' dir='ltr'><strong>ἀνθρώπους</strong></span> <span class='ocrx_word' id='word_1_701' title='bbox 1116 4820 1758 4888; x_wconf 80' lang='grc' dir='ltr'>αἱ¹μετενσωματώσεις</span> 
     </span>
    </p>
   </div>
   <div class='ocr_carea' id='block_1_94' title="bbox 176 4909 1756 4980">
    <p class='ocr_par' dir='ltr' id='par_1_94' title="bbox 176 4909 1756 4980">
     <span class='ocr_line' id='line_1_94' title="bbox 176 4909 1756 4980; baseline -0.008 -16"><span class='ocrx_word' id='word_1_702' title='bbox 176 4913 460 4980; x_wconf 73' lang='grc' dir='ltr'>γίνονται,</span> <span class='ocrx_word' id='word_1_703' title='bbox 509 4911 671 4965; x_wconf 65' lang='grc' dir='ltr'>ἀλλὰ</span> <span class='ocrx_word' id='word_1_704' title='bbox 722 4910 842 4964; x_wconf 80' lang='grc' dir='ltr'><strong>ἀπὸ</strong></span> <span class='ocrx_word' id='word_1_705' title='bbox 874 4909 1030 4971; x_wconf 76' lang='grc' dir='ltr'><strong>ζώων</strong></span> <span class='ocrx_word' id='word_1_706' title='bbox 1057 4914 1143 4977; x_wconf 77' lang='grc' dir='ltr'><strong>είς</strong></span> <span class='ocrx_word' id='word_1_707' title='bbox 1179 4910 1311 4975; x_wconf 79' lang='grc' dir='ltr'>ζῶα,</span> <span class='ocrx_word' id='word_1_708' title='bbox 1349 4914 1446 4966; x_wconf 77' lang='grc' dir='ltr'>καὶ</span> <span class='ocrx_word' id='word_1_709' title='bbox 1499 4915 1613 4966; x_wconf 74' lang='grc' dir='ltr'><strong>ἀπὸ</strong></span> <span class='ocrx_word' id='word_1_710' title='bbox 1649 4914 1756 4966; x_wconf 77' lang='grc' dir='ltr'><strong>ἀν-</strong></span> 
     </span>
    </p>
   </div>
   <div class='ocr_carea' id='block_1_95' title="bbox 178 4998 1759 5075">
    <p class='ocr_par' dir='ltr' id='par_1_95' title="bbox 178 4998 1759 5075">
     <span class='ocr_line' id='line_1_95' title="bbox 178 4998 1759 5075; baseline -0.001 -17"><span class='ocrx_word' id='word_1_711' title='bbox 178 5005 422 5072; x_wconf 75' lang='grc' dir='ltr'><strong>θρώπων</strong></span> <span class='ocrx_word' id='word_1_712' title='bbox 458 5007 544 5070; x_wconf 84' lang='grc' dir='ltr'>εὶς</span> <span class='ocrx_word' id='word_1_713' title='bbox 588 5001 958 5070; x_wconf 77' lang='grc' dir='ltr'><strong>ἀνθρώπους.</strong></span> <span class='ocrx_word' id='word_1_714' title='bbox 995 5004 1104 5055; x_wconf 84' lang='grc' dir='ltr'>Καί</span> <span class='ocrx_word' id='word_1_715' title='bbox 1139 5021 1228 5074; x_wconf 84' lang='grc' dir='ltr'><strong>μοι</strong></span> <span class='ocrx_word' id='word_1_716' title='bbox 1257 5003 1406 5056; x_wconf 86' lang='grc' dir='ltr'>δοκεῖ</span> <span class='ocrx_word' id='word_1_717' title='bbox 1440 5004 1638 5075; x_wconf 80' lang='grc' dir='ltr'>μᾶλλον</span> <span class='ocrx_word' id='word_1_718' title='bbox 1667 4998 1759 5056; x_wconf 71' lang='grc' dir='ltr'>οὖ-</span> 
     </span>
    </p>
   </div>
   <div class='ocr_carea' id='block_1_96' title="bbox 175 5095 1763 5168">
    <p class='ocr_par' dir='ltr' id='par_1_96' title="bbox 175 5095 1763 5168">
     <span class='ocr_line' id='line_1_96' title="bbox 175 5095 1763 5168; baseline 0 -19"><span class='ocrx_word' id='word_1_719' title='bbox 175 5113 264 5160; x_wconf 82' lang='grc' dir='ltr'><strong>τος</strong></span> <span class='ocrx_word' id='word_1_720' title='bbox 286 5097 455 5150; x_wconf 71' lang='grc' dir='ltr'>ἕνεκα</span> <span class='ocrx_word' id='word_1_721' title='bbox 473 5097 666 5152; x_wconf 85' lang='grc' dir='ltr'>τούτου</span> <span class='ocrx_word' id='word_1_722' title='bbox 698 5099 880 5164; x_wconf 79' lang='grc' dir='ltr'>καλῶς</span> <span class='ocrx_word' id='word_1_723' title='bbox 908 5095 1338 5168; x_wconf 76' lang='grc' dir='ltr'>κατεστοχᾶσθαι</span> <span class='ocrx_word' id='word_1_724' title='bbox 1377 5096 1450 5168; x_wconf 83' lang='grc' dir='ltr'><strong>μὴ</strong></span> <span class='ocrx_word' id='word_1_725' title='bbox 1484 5097 1640 5167; x_wconf 81' lang='grc' dir='ltr'>μόνον</span> <span class='ocrx_word' id='word_1_726' title='bbox 1665 5099 1763 5168; x_wconf 85' lang='grc' dir='ltr'>τῆς</span> 
     </span>
    </p>
   </div>
   <div class='ocr_carea' id='block_1_97' title="bbox 176 5191 1761 5266">
    <p class='ocr_par' dir='ltr' id='par_1_97' title="bbox 176 5191 1761 5266">
     <span class='ocr_line' id='line_1_97' title="bbox 176 5191 1761 5266; baseline -0.001 -22"><span class='ocrx_word' id='word_1_727' title='bbox 176 5191 461 5258; x_wconf 77' lang='grc' dir='ltr'>Πλάτωνος</span> <span class='ocrx_word' id='word_1_728' title='bbox 504 5192 766 5266; x_wconf 80' lang='grc' dir='ltr'>γνώμης,</span> <span class='ocrx_word' id='word_1_729' title='bbox 817 5193 952 5247; x_wconf 85' lang='grc' dir='ltr'>ἀλλὰ</span> <span class='ocrx_word' id='word_1_730' title='bbox 1002 5191 1098 5245; x_wconf 76' lang='grc' dir='ltr'>καὶ</span> <span class='ocrx_word' id='word_1_731' title='bbox 1139 5192 1238 5262; x_wconf 84' lang='grc' dir='ltr'><strong>τῆς</strong></span> <span class='ocrx_word' id='word_1_732' title='bbox 1269 5191 1529 5263; x_wconf 85' lang='grc' dir='ltr'>ἀληθείας</span> <span class='ocrx_word' id='word_1_733' title='bbox 1572 5191 1761 5262; x_wconf 78' lang='grc' dir='ltr'>αὐτῆς.</span> 
     </span>
    </p>
   </div>
   <div class='ocr_carea' id='block_1_98' title="bbox 182 5281 1763 5348">
    <p class='ocr_par' dir='ltr' id='par_1_98' title="bbox 182 5281 1763 5348">
     <span class='ocr_line' id='line_1_98' title="bbox 182 5281 1763 5348; baseline 0.001 -14"><span class='ocrx_word' id='word_1_734' title='bbox 182 5300 202 5334; x_wconf 72' lang='grc' dir='ltr'>ι</span> <span class='ocrx_word' id='word_1_735' title='bbox 228 5285 362 5338; x_wconf 82' lang='lat' dir='ltr'><strong>Cum</strong></span> <span class='ocrx_word' id='word_1_736' title='bbox 397 5285 542 5338; x_wconf 86' lang='lat' dir='ltr'><strong>enim</strong></span> <span class='ocrx_word' id='word_1_737' title='bbox 572 5286 772 5340; x_wconf 83' lang='lat' dir='ltr'><strong>dixerit</strong></span> <span class='ocrx_word' id='word_1_738' title='bbox 811 5284 965 5338; x_wconf 90' lang='lat' dir='ltr'><strong>Plato</strong></span> <span class='ocrx_word' id='word_1_739' title='bbox 1020 5284 1350 5348; x_wconf 81' lang='lat' dir='ltr'><strong>iracundas,</strong></span> <span class='ocrx_word' id='word_1_740' title='bbox 1397 5293 1453 5338; x_wconf 87' lang='lat' dir='ltr'><strong>et</strong></span> <span class='ocrx_word' id='word_1_741' title='bbox 1504 5281 1763 5347; x_wconf 67' lang='lat' dir='ltr'><strong>furiosus,</strong></span> 
     </span>
    </p>
   </div>
   <div class='ocr_carea' id='block_1_99' title="bbox 178 5373 1765 5445">
    <p class='ocr_par' dir='ltr' id='par_1_99' title="bbox 178 5373 1765 5445">
     <span class='ocr_line' id='line_1_99' title="bbox 178 5373 1765 5445; baseline 0.001 -19"><span class='ocrx_word' id='word_1_742' title='bbox 178 5386 229 5427; x_wconf 91' lang='lat' dir='ltr'><strong>et</strong></span> <span class='ocrx_word' id='word_1_743' title='bbox 258 5391 486 5444; x_wconf 86' lang='lat' dir='ltr'><strong>rapaces</strong></span> <span class='ocrx_word' id='word_1_744' title='bbox 520 5378 754 5441; x_wconf 84' lang='lat' dir='ltr'><strong>animas,</strong></span> <span class='ocrx_word' id='word_1_745' title='bbox 801 5377 1050 5445; x_wconf 88' lang='lat' dir='ltr'><strong>luporum</strong></span> <span class='ocrx_word' id='word_1_746' title='bbox 1081 5387 1136 5432; x_wconf 87' lang='lat' dir='ltr'><strong>et</strong></span> <span class='ocrx_word' id='word_1_747' title='bbox 1167 5375 1382 5432; x_wconf 90' lang='lat' dir='ltr'><strong>leonum</strong></span> <span class='ocrx_word' id='word_1_748' title='bbox 1416 5387 1647 5444; x_wconf 88' lang='lat' dir='ltr'><strong>corpora</strong></span> <span class='ocrx_word' id='word_1_749' title='bbox 1680 5373 1765 5427; x_wconf 88' lang='lat' dir='ltr'><strong>in-</strong></span> 
     </span>
    </p>
   </div>
   <div class='ocr_carea' id='block_1_100' title="bbox 178 5464 1762 5537">
    <p class='ocr_par' dir='ltr' id='par_1_100' title="bbox 178 5464 1762 5537">
     <span class='ocr_line' id='line_1_100' title="bbox 178 5464 1762 5537; baseline -0.002 -17"><span class='ocrx_word' id='word_1_750' title='bbox 178 5467 366 5530; x_wconf 79' lang='lat' dir='ltr'><strong>duere,</strong></span> <span class='ocrx_word' id='word_1_751' title='bbox 415 5482 535 5537; x_wconf 65' lang='lat' dir='ltr'><strong>quae</strong></span> <span class='ocrx_word' id='word_1_752' title='bbox 567 5482 698 5524; x_wconf 89' lang='lat' dir='ltr'><strong>vero</strong></span> <span class='ocrx_word' id='word_1_753' title='bbox 753 5469 1183 5536; x_wconf 88' lang='lat' dir='ltr'><strong>intemperanter</strong></span> <span class='ocrx_word' id='word_1_754' title='bbox 1235 5466 1518 5532; x_wconf 77' lang='lat' dir='ltr'><strong>vixissent,</strong></span> <span class='ocrx_word' id='word_1_755' title='bbox 1576 5464 1762 5519; x_wconf 90' lang='lat' dir='ltr'><strong>asino-</strong></span> 
     </span>
    </p>
   </div>
   <div class='ocr_carea' id='block_1_101' title="bbox 179 5560 1760 5630">
    <p class='ocr_par' dir='ltr' id='par_1_101' title="bbox 179 5560 1760 5630">
     <span class='ocr_line' id='line_1_101' title="bbox 179 5560 1760 5630; baseline 0 -20"><span class='ocrx_word' id='word_1_756' title='bbox 179 5572 318 5626; x_wconf 89' lang='lat' dir='ltr'><strong>rum,</strong></span> <span class='ocrx_word' id='word_1_757' title='bbox 379 5567 476 5614; x_wconf 88' lang='lat' dir='ltr'><strong>ant</strong></span> <span class='ocrx_word' id='word_1_758' title='bbox 539 5561 772 5616; x_wconf 88' lang='lat' dir='ltr'><strong>aliorum</strong></span> <span class='ocrx_word' id='word_1_759' title='bbox 828 5560 1096 5628; x_wconf 86' lang='lat' dir='ltr'><strong>ejusmodi</strong></span> <span class='ocrx_word' id='word_1_760' title='bbox 1151 5573 1382 5630; x_wconf 87' lang='lat' dir='ltr'><strong>corpora</strong></span> <span class='ocrx_word' id='word_1_761' title='bbox 1447 5570 1760 5620; x_wconf 78' lang='lat' dir='ltr'><strong>assumere;</strong></span> 
     </span>
    </p>
   </div>
   <div class='ocr_carea' id='block_1_102' title="bbox 179 5649 1766 5724">
    <p class='ocr_par' dir='ltr' id='par_1_102' title="bbox 179 5649 1766 5724">
     <span class='ocr_line' id='line_1_102' title="bbox 179 5649 1766 5724; baseline -0.002 -19"><span class='ocrx_word' id='word_1_762' title='bbox 179 5652 429 5706; x_wconf 91' lang='lat' dir='ltr'><strong>nonnulli</strong></span> <span class='ocrx_word' id='word_1_763' title='bbox 458 5653 675 5724; x_wconf 86' lang='lat' dir='ltr'><strong>proprie</strong></span> <span class='ocrx_word' id='word_1_764' title='bbox 710 5652 1098 5708; x_wconf 86' lang='lat' dir='ltr'><strong>intellexerunt</strong></span> <span class='ocrx_word' id='word_1_765' title='bbox 1142 5651 1352 5715; x_wconf 87' lang='lat' dir='ltr'><strong>leones,</strong></span> <span class='ocrx_word' id='word_1_766' title='bbox 1403 5660 1459 5706; x_wconf 87' lang='lat' dir='ltr'><strong>et</strong></span> <span class='ocrx_word' id='word_1_767' title='bbox 1485 5649 1664 5719; x_wconf 88' lang='lat' dir='ltr'><strong>lupos,</strong></span> <span class='ocrx_word' id='word_1_768' title='bbox 1709 5654 1766 5702; x_wconf 90' lang='lat' dir='ltr'><strong>et</strong></span> 
     </span>
    </p>
   </div>
   <div class='ocr_carea' id='block_1_103' title="bbox 180 5740 1764 5818">
    <p class='ocr_par' dir='ltr' id='par_1_103' title="bbox 180 5740 1764 5818">
     <span class='ocr_line' id='line_1_103' title="bbox 180 5740 1764 5818; baseline -0.001 -22"><span class='ocrx_word' id='word_1_769' title='bbox 180 5745 363 5800; x_wconf 89' lang='lat' dir='ltr'><strong>asinos</strong></span> <span class='ocrx_word' id='word_1_770' title='bbox 399 5764 414 5800; x_wconf 91' lang='lat'><strong>:</strong></span> <span class='ocrx_word' id='word_1_771' title='bbox 463 5745 551 5800; x_wconf 88' lang='lat' dir='ltr'><strong>alii</strong></span> <span class='ocrx_word' id='word_1_772' title='bbox 597 5761 736 5803; x_wconf 85' lang='lat' dir='ltr'><strong>vero</strong></span> <span class='ocrx_word' id='word_1_773' title='bbox 780 5746 1010 5818; x_wconf 83' lang='lat' dir='ltr'><strong>ﬁgurate</strong></span> <span class='ocrx_word' id='word_1_774' title='bbox 1047 5745 1162 5800; x_wconf 68' lang='lat' dir='ltr'><strong>hare</strong></span> <span class='ocrx_word' id='word_1_775' title='bbox 1212 5745 1389 5815; x_wconf 88' lang='lat' dir='ltr'><strong>ipsum</strong></span> <span class='ocrx_word' id='word_1_776' title='bbox 1428 5742 1632 5797; x_wconf 79' lang='lat' dir='ltr'><strong>dixisse</strong></span> <span class='ocrx_word' id='word_1_777' title='bbox 1673 5740 1764 5810; x_wconf 81' lang='lat' dir='ltr'><strong>ju-</strong></span> 
     </span>
    </p>
   </div>
   <div class='ocr_carea' id='block_1_104' title="bbox 181 5831 1764 5922">
    <p class='ocr_par' dir='ltr' id='par_1_104' title="bbox 181 5831 1764 5922">
     <span class='ocr_line' id='line_1_104' title="bbox 181 5831 1764 5922; baseline -0.001 -31"><span class='ocrx_word' id='word_1_778' title='bbox 181 5835 460 5906; x_wconf 79' lang='lat' dir='ltr'><strong>dicarunt,</strong></span> <span class='ocrx_word' id='word_1_779' title='bbox 516 5853 694 5898; x_wconf 82' lang='lat' dir='ltr'><strong>mores</strong></span> <span class='ocrx_word' id='word_1_780' title='bbox 750 5853 874 5922; x_wconf 46' lang='lat' dir='ltr'><strong>per-</strong></span> <span class='ocrx_word' id='word_1_781' title='bbox 909 5837 1165 5917; x_wconf 80' lang='lat' dir='ltr'><strong>animalia</strong></span> <span class='ocrx_word' id='word_1_782' title='bbox 1203 5836 1580 5916; x_wconf 80' lang='lat' dir='ltr'><strong>indicantem.</strong></span> <span class='ocrx_word' id='word_1_783' title='bbox 1620 5851 1640 5887; x_wconf 77' lang='grc' dir='ltr'>ι</span> <span class='ocrx_word' id='word_1_784' title='bbox 1694 5831 1764 5890; x_wconf 80' lang='lat' dir='ltr'><strong>Et</strong></span> 
     </span>
    </p>
   </div>
   <div class='ocr_carea' id='block_1_105' title="bbox 1864 4624 3448 4700">
    <p class='ocr_par' dir='ltr' id='par_1_105' title="bbox 1864 4624 3448 4700">
     <span class='ocr_line' id='line_1_105' title="bbox 1864 4624 3448 4700; baseline -0.015 -6"><span class='ocrx_word' id='word_1_785' title='bbox 1864 4655 1956 4695; x_wconf 86' lang='lat' dir='ltr'><strong>ras</strong></span> <span class='ocrx_word' id='word_1_786' title='bbox 1983 4647 2038 4692; x_wconf 92' lang='lat' dir='ltr'><strong>et</strong></span> <span class='ocrx_word' id='word_1_787' title='bbox 2066 4635 2255 4700; x_wconf 81' lang='lat' dir='ltr'><strong>Plato;</strong></span> <span class='ocrx_word' id='word_1_788' title='bbox 2288 4634 2414 4688; x_wconf 92' lang='lat' dir='ltr'><strong>hinc</strong></span> <span class='ocrx_word' id='word_1_789' title='bbox 2444 4632 2586 4686; x_wconf 87' lang='lat' dir='ltr'><strong>enim</strong></span> <span class='ocrx_word' id='word_1_790' title='bbox 2633 4641 2883 4684; x_wconf 89' lang='lat' dir='ltr'><strong>manasse</strong></span> <span class='ocrx_word' id='word_1_791' title='bbox 2917 4624 3064 4680; x_wconf 89' lang='lat' dir='ltr'><strong>illam</strong></span> <span class='ocrx_word' id='word_1_792' title='bbox 3113 4631 3448 4678; x_wconf 81' lang='lat' dir='ltr'><strong>commemo-</strong></span> 
     </span>
    </p>
   </div>
   <div class='ocr_carea' id='block_1_106' title="bbox 1865 4713 3445 4789">
    <p class='ocr_par' dir='ltr' id='par_1_106' title="bbox 1865 4713 3445 4789">
     <span class='ocr_line' id='line_1_106' title="bbox 1865 4713 3445 4789; baseline -0.011 -3"><span class='ocrx_word' id='word_1_793' title='bbox 1865 4743 1951 4786; x_wconf 87' lang='lat' dir='ltr'><strong>rat</strong></span> <span class='ocrx_word' id='word_1_794' title='bbox 1976 4731 2172 4784; x_wconf 90' lang='lat' dir='ltr'><strong>ibidem</strong></span> <span class='ocrx_word' id='word_1_795' title='bbox 2197 4726 2448 4789; x_wconf 88' lang='lat' dir='ltr'><strong>Servius,</strong></span> <span class='ocrx_word' id='word_1_796' title='bbox 2479 4732 2534 4778; x_wconf 85' lang='lat' dir='ltr'><strong>et</strong></span> <span class='ocrx_word' id='word_1_797' title='bbox 2558 4722 2810 4780; x_wconf 87' lang='lat' dir='ltr'><strong>Clemens</strong></span> <span class='ocrx_word' id='word_1_798' title='bbox 2834 4715 3238 4774; x_wconf 85' lang='lat' dir='ltr'><strong>Alexandrinus</strong></span> <span class='ocrx_word' id='word_1_799' title='bbox 3265 4713 3361 4768; x_wconf 89' lang='lat' dir='ltr'><strong>lib.</strong></span> <span class='ocrx_word' id='word_1_800' title='bbox 3387 4726 3445 4768; x_wconf 74' lang='lat' dir='ltr'><strong>Vt</strong></span> 
     </span>
    </p>
   </div>
   <div class='ocr_carea' id='block_1_107' title="bbox 1865 4804 3447 4883">
    <p class='ocr_par' dir='ltr' id='par_1_107' title="bbox 1865 4804 3447 4883">
     <span class='ocr_line' id='line_1_107' title="bbox 1865 4804 3447 4883; baseline -0.013 -5"><span class='ocrx_word' id='word_1_801' title='bbox 1865 4826 2124 4878; x_wconf 87' lang='lat' dir='ltr'><strong>Stromat.</strong></span> <span class='ocrx_word' id='word_1_802' title='bbox 2187 4817 2340 4873; x_wconf 85' lang='lat' dir='ltr'><strong>Hanc</strong></span> <span class='ocrx_word' id='word_1_803' title='bbox 2396 4815 2664 4883; x_wconf 83' lang='lat' dir='ltr'><strong>hodieque</strong></span> <span class='ocrx_word' id='word_1_804' title='bbox 2719 4808 3150 4882; x_wconf 88' lang='lat' dir='ltr'><strong>pertinacissime</strong></span> <span class='ocrx_word' id='word_1_805' title='bbox 3210 4804 3447 4859; x_wconf 88' lang='lat' dir='ltr'><strong>retinent</strong></span> 
     </span>
    </p>
   </div>
   <div class='ocr_carea' id='block_1_108' title="bbox 1863 4894 3443 4968">
    <p class='ocr_par' dir='ltr' id='par_1_108' title="bbox 1863 4894 3443 4968">
     <span class='ocr_line' id='line_1_108' title="bbox 1863 4894 3443 4968; baseline -0.012 -2"><span class='ocrx_word' id='word_1_806' title='bbox 1863 4909 2174 4966; x_wconf 83' lang='lat' dir='ltr'><strong>Americani</strong></span> <span class='ocrx_word' id='word_1_807' title='bbox 2232 4906 2498 4968; x_wconf 90' lang='lat' dir='ltr'><strong>nonnulli,</strong></span> <span class='ocrx_word' id='word_1_808' title='bbox 2565 4905 2802 4958; x_wconf 89' lang='lat' dir='ltr'><strong>retinent</strong></span> <span class='ocrx_word' id='word_1_809' title='bbox 2857 4900 3120 4954; x_wconf 82' lang='lat' dir='ltr'><strong>Sinenses</strong></span> <span class='ocrx_word' id='word_1_810' title='bbox 3176 4894 3443 4966; x_wconf 88' lang='lat' dir='ltr'><strong>plerique,</strong></span> 
     </span>
    </p>
   </div>
   <div class='ocr_carea' id='block_1_109' title="bbox 1863 4985 3445 5067">
    <p class='ocr_par' dir='ltr' id='par_1_109' title="bbox 1863 4985 3445 5067">
     <span class='ocr_line' id='line_1_109' title="bbox 1863 4985 3445 5067; baseline -0.012 -11"><span class='ocrx_word' id='word_1_811' title='bbox 1863 5011 1921 5056; x_wconf 90' lang='lat' dir='ltr'><strong>et</strong></span> <span class='ocrx_word' id='word_1_812' title='bbox 1947 5016 2013 5056; x_wconf 85' lang='lat' dir='ltr'><strong>ex</strong></span> <span class='ocrx_word' id='word_1_813' title='bbox 2040 4998 2186 5053; x_wconf 87' lang='lat' dir='ltr'><strong>Indis</strong></span> <span class='ocrx_word' id='word_1_814' title='bbox 2212 5007 2475 5067; x_wconf 86' lang='lat' dir='ltr'><strong>quotquot</strong></span> <span class='ocrx_word' id='word_1_815' title='bbox 2500 4991 2879 5049; x_wconf 84' lang='lat' dir='ltr'><strong>Muhammedo</strong></span> <span class='ocrx_word' id='word_1_816' title='bbox 2909 5003 3106 5044; x_wconf 90' lang='lat' dir='ltr'><strong>nomen</strong></span> <span class='ocrx_word' id='word_1_817' title='bbox 3133 5001 3241 5041; x_wconf 88' lang='lat' dir='ltr'><strong>non</strong></span> <span class='ocrx_word' id='word_1_818' title='bbox 3275 4985 3445 5039; x_wconf 89' lang='lat' dir='ltr'><strong>dede-</strong></span> 
     </span>
    </p>
   </div>
   <div class='ocr_carea' id='block_1_110' title="bbox 1863 5078 3444 5158">
    <p class='ocr_par' dir='ltr' id='par_1_110' title="bbox 1863 5078 3444 5158">
     <span class='ocr_line' id='line_1_110' title="bbox 1863 5078 3444 5158; baseline -0.01 -12"><span class='ocrx_word' id='word_1_819' title='bbox 1863 5103 2023 5156; x_wconf 89' lang='lat' dir='ltr'><strong>runt;</strong></span> <span class='ocrx_word' id='word_1_820' title='bbox 2061 5091 2246 5158; x_wconf 89' lang='lat' dir='ltr'><strong>itaque</strong></span> <span class='ocrx_word' id='word_1_821' title='bbox 2285 5088 2354 5142; x_wconf 85' lang='lat' dir='ltr'><strong>ab</strong></span> <span class='ocrx_word' id='word_1_822' title='bbox 2393 5087 2763 5142; x_wconf 88' lang='lat' dir='ltr'><strong>auimatorum</strong></span> <span class='ocrx_word' id='word_1_823' title='bbox 2806 5097 2904 5138; x_wconf 88' lang='lat' dir='ltr'><strong>esu</strong></span> <span class='ocrx_word' id='word_1_824' title='bbox 2946 5088 3105 5135; x_wconf 89' lang='lat' dir='ltr'><strong>caute</strong></span> <span class='ocrx_word' id='word_1_825' title='bbox 3147 5078 3444 5133; x_wconf 87' lang='lat' dir='ltr'><strong>abstinent.</strong></span> 
     </span>
    </p>
   </div>
   <div class='ocr_carea' id='block_1_111' title="bbox 1862 5168 3447 5248">
    <p class='ocr_par' dir='ltr' id='par_1_111' title="bbox 1862 5168 3447 5248">
     <span class='ocr_line' id='line_1_111' title="bbox 1862 5168 3447 5248; baseline -0.01 -10"><span class='ocrx_word' id='word_1_826' title='bbox 1862 5185 1943 5239; x_wconf 85' lang='lat' dir='ltr'><strong>An</strong></span> <span class='ocrx_word' id='word_1_827' title='bbox 1983 5185 2050 5238; x_wconf 92' lang='lat' dir='ltr'><strong>ab</strong></span> <span class='ocrx_word' id='word_1_828' title='bbox 2091 5183 2235 5238; x_wconf 90' lang='lat' dir='ltr'><strong>Indis</strong></span> <span class='ocrx_word' id='word_1_829' title='bbox 2256 5197 2385 5236; x_wconf 87' lang='lat' dir='ltr'><strong>vero</strong></span> <span class='ocrx_word' id='word_1_830' title='bbox 2413 5180 2480 5234; x_wconf 92' lang='lat' dir='ltr'><strong>ad</strong></span> <span class='ocrx_word' id='word_1_831' title='bbox 2501 5178 2786 5248; x_wconf 62' lang='lat' dir='ltr'><strong>[Egyptios</strong></span> <span class='ocrx_word' id='word_1_832' title='bbox 2828 5173 3129 5236; x_wconf 88' lang='lat' dir='ltr'><strong>transierit,</strong></span> <span class='ocrx_word' id='word_1_833' title='bbox 3165 5187 3232 5225; x_wconf 91' lang='lat' dir='ltr'><strong>an</strong></span> <span class='ocrx_word' id='word_1_834' title='bbox 3261 5171 3330 5224; x_wconf 89' lang='lat' dir='ltr'><strong>ab</strong></span> <span class='ocrx_word' id='word_1_835' title='bbox 3358 5168 3447 5222; x_wconf 88' lang='lat' dir='ltr'><strong>his</strong></span> 
     </span>
    </p>
   </div>
   <div class='ocr_carea' id='block_1_112' title="bbox 1865 5265 3443 5342">
    <p class='ocr_par' dir='ltr' id='par_1_112' title="bbox 1865 5265 3443 5342">
     <span class='ocr_line' id='line_1_112' title="bbox 1865 5265 3443 5342; baseline -0.01 -10"><span class='ocrx_word' id='word_1_836' title='bbox 1865 5279 1934 5332; x_wconf 89' lang='lat' dir='ltr'><strong>ad</strong></span> <span class='ocrx_word' id='word_1_837' title='bbox 1961 5276 2114 5342; x_wconf 89' lang='lat' dir='ltr'><strong>illos,</strong></span> <span class='ocrx_word' id='word_1_838' title='bbox 2150 5290 2237 5330; x_wconf 90' lang='lat' dir='ltr'><strong>res</strong></span> <span class='ocrx_word' id='word_1_839' title='bbox 2270 5282 2354 5329; x_wconf 88' lang='lat' dir='ltr'><strong>est</strong></span> <span class='ocrx_word' id='word_1_840' title='bbox 2384 5289 2488 5329; x_wconf 92' lang='lat' dir='ltr'><strong>non</strong></span> <span class='ocrx_word' id='word_1_841' title='bbox 2536 5285 2717 5342; x_wconf 68' lang='lat' dir='ltr'><strong>parvae</strong></span> <span class='ocrx_word' id='word_1_842' title='bbox 2748 5265 3165 5338; x_wconf 89' lang='lat' dir='ltr'><strong>disquisitionis.</strong></span> <span class='ocrx_word' id='word_1_843' title='bbox 3200 5265 3297 5318; x_wconf 86' lang='lat' dir='ltr'><strong>His</strong></span> <span class='ocrx_word' id='word_1_844' title='bbox 3322 5269 3443 5317; x_wconf 88' lang='lat' dir='ltr'><strong>sata</strong></span> 
     </span>
    </p>
   </div>
   <div class='ocr_carea' id='block_1_113' title="bbox 1868 5357 3442 5429">
    <p class='ocr_par' dir='ltr' id='par_1_113' title="bbox 1868 5357 3442 5429">
     <span class='ocr_line' id='line_1_113' title="bbox 1868 5357 3442 5429; baseline -0.01 -3"><span class='ocrx_word' id='word_1_845' title='bbox 1868 5371 2182 5426; x_wconf 88' lang='lat' dir='ltr'><strong>auctoribus</strong></span> <span class='ocrx_word' id='word_1_846' title='bbox 2220 5369 2685 5429; x_wconf 86' lang='lat' dir='ltr'><strong>Simonianormn,</strong></span> <span class='ocrx_word' id='word_1_847' title='bbox 2731 5362 3205 5426; x_wconf 88' lang='lat' dir='ltr'><strong>Basilidianorum,</strong></span> <span class='ocrx_word' id='word_1_848' title='bbox 3242 5357 3442 5413; x_wconf 81' lang='lat' dir='ltr'><strong>Valen-</strong></span> 
     </span>
    </p>
   </div>
   <div class='ocr_carea' id='block_1_114' title="bbox 1871 5448 3449 5525">
    <p class='ocr_par' dir='ltr' id='par_1_114' title="bbox 1871 5448 3449 5525">
     <span class='ocr_line' id='line_1_114' title="bbox 1871 5448 3449 5525; baseline -0.008 -10"><span class='ocrx_word' id='word_1_849' title='bbox 1871 5460 2226 5525; x_wconf 83' lang='lat' dir='ltr'><strong>tinianorum,</strong></span> <span class='ocrx_word' id='word_1_850' title='bbox 2256 5457 2726 5519; x_wconf 78' lang='lat' dir='ltr'><strong>Marcionitarum,</strong></span> <span class='ocrx_word' id='word_1_851' title='bbox 2753 5453 3141 5510; x_wconf 86' lang='lat' dir='ltr'><strong>Gnosticorum</strong></span> <span class='ocrx_word' id='word_1_852' title='bbox 3169 5460 3226 5506; x_wconf 89' lang='lat' dir='ltr'><strong>et</strong></span> <span class='ocrx_word' id='word_1_853' title='bbox 3276 5448 3449 5503; x_wconf 80' lang='lat' dir='ltr'><strong>Mani-</strong></span> 
     </span>
    </p>
   </div>
   <div class='ocr_carea' id='block_1_115' title="bbox 1869 5542 3443 5613">
    <p class='ocr_par' dir='ltr' id='par_1_115' title="bbox 1869 5542 3443 5613">
     <span class='ocr_line' id='line_1_115' title="bbox 1869 5542 3443 5613; baseline -0.006 -7"><span class='ocrx_word' id='word_1_854' title='bbox 1869 5552 2143 5607; x_wconf 69' lang='lat' dir='ltr'><strong>chaeorum</strong></span> <span class='ocrx_word' id='word_1_855' title='bbox 2195 5559 2402 5606; x_wconf 89' lang='lat' dir='ltr'><strong>mentes</strong></span> <span class='ocrx_word' id='word_1_856' title='bbox 2445 5547 2657 5613; x_wconf 82' lang='lat' dir='ltr'><strong>infecit,</strong></span> <span class='ocrx_word' id='word_1_857' title='bbox 2710 5547 2762 5602; x_wconf 93' lang='lat' dir='ltr'><strong>in</strong></span> <span class='ocrx_word' id='word_1_858' title='bbox 2813 5547 2986 5612; x_wconf 87' lang='lat' dir='ltr'><strong>iisque</strong></span> <span class='ocrx_word' id='word_1_859' title='bbox 3034 5553 3147 5598; x_wconf 91' lang='lat' dir='ltr'><strong>tum</strong></span> <span class='ocrx_word' id='word_1_860' title='bbox 3189 5544 3256 5599; x_wconf 89' lang='lat' dir='ltr'><strong>ab</strong></span> <span class='ocrx_word' id='word_1_861' title='bbox 3296 5542 3443 5607; x_wconf 91' lang='lat' dir='ltr'><strong>aliis,</strong></span> 
     </span>
    </p>
   </div>
   <div class='ocr_carea' id='block_1_116' title="bbox 1871 5635 3448 5714">
    <p class='ocr_par' dir='ltr' id='par_1_116' title="bbox 1871 5635 3448 5714">
     <span class='ocr_line' id='line_1_116' title="bbox 1871 5635 3448 5714; baseline -0.006 -17"><span class='ocrx_word' id='word_1_862' title='bbox 1871 5653 1985 5698; x_wconf 90' lang='lat' dir='ltr'><strong>tum</strong></span> <span class='ocrx_word' id='word_1_863' title='bbox 2016 5644 2084 5698; x_wconf 89' lang='lat' dir='ltr'><strong>ab</strong></span> <span class='ocrx_word' id='word_1_864' title='bbox 2107 5642 2340 5714; x_wconf 80' lang='lat' dir='ltr'><strong>Origene</strong></span> <span class='ocrx_word' id='word_1_865' title='bbox 2375 5655 2518 5710; x_wconf 60' lang='lat' dir='ltr'><strong>saepe</strong></span> <span class='ocrx_word' id='word_1_866' title='bbox 2554 5637 2806 5696; x_wconf 78' lang='lat' dir='ltr'><strong>confossa</strong></span> <span class='ocrx_word' id='word_1_867' title='bbox 2833 5647 2937 5693; x_wconf 85' lang='lat' dir='ltr'><strong>est.</strong></span> <span class='ocrx_word' id='word_1_868' title='bbox 2970 5635 3182 5691; x_wconf 88' lang='lat' dir='ltr'><strong>Placuit</strong></span> <span class='ocrx_word' id='word_1_869' title='bbox 3212 5649 3277 5690; x_wconf 89' lang='lat' dir='ltr'><strong>ea</strong></span> <span class='ocrx_word' id='word_1_870' title='bbox 3310 5649 3448 5704; x_wconf 87' lang='lat' dir='ltr'><strong>quo-</strong></span> 
     </span>
    </p>
   </div>
   <div class='ocr_carea' id='block_1_117' title="bbox 1869 5725 3448 5804">
    <p class='ocr_par' dir='ltr' id='par_1_117' title="bbox 1869 5725 3448 5804">
     <span class='ocr_line' id='line_1_117' title="bbox 1869 5725 3448 5804; baseline -0.006 -15"><span class='ocrx_word' id='word_1_871' title='bbox 1869 5750 1976 5804; x_wconf 90' lang='lat' dir='ltr'><strong>que</strong></span> <span class='ocrx_word' id='word_1_872' title='bbox 2014 5736 2292 5791; x_wconf 82' lang='lat' dir='ltr'><strong>veteribus</strong></span> <span class='ocrx_word' id='word_1_873' title='bbox 2317 5733 2491 5790; x_wconf 84' lang='lat' dir='ltr'><strong>Gallis</strong></span> <span class='ocrx_word' id='word_1_874' title='bbox 2533 5742 2596 5789; x_wconf 90' lang='lat' dir='ltr'><strong>ut</strong></span> <span class='ocrx_word' id='word_1_875' title='bbox 2628 5749 2657 5788; x_wconf 93' lang='lat' dir='ltr'><strong>a</strong></span> <span class='ocrx_word' id='word_1_876' title='bbox 2690 5731 2908 5789; x_wconf 61' lang='lat' dir='ltr'><strong>Caesare</strong></span> <span class='ocrx_word' id='word_1_877' title='bbox 2946 5729 3220 5802; x_wconf 87' lang='lat' dir='ltr'><strong>proditum</strong></span> <span class='ocrx_word' id='word_1_878' title='bbox 3253 5736 3340 5784; x_wconf 91' lang='lat' dir='ltr'><strong>est</strong></span> <span class='ocrx_word' id='word_1_879' title='bbox 3369 5725 3448 5781; x_wconf 75' lang='lat' dir='ltr'><strong>De</strong></span> 
     </span>
    </p>
   </div>
   <div class='ocr_carea' id='block_1_118' title="bbox 1873 5819 3446 5898">
    <p class='ocr_par' dir='ltr' id='par_1_118' title="bbox 1873 5819 3446 5898">
     <span class='ocr_line' id='line_1_118' title="bbox 1873 5819 3446 5898; baseline -0.006 -11"><span class='ocrx_word' id='word_1_880' title='bbox 1873 5829 2004 5887; x_wconf 76' lang='lat' dir='ltr'><strong>bello</strong></span> <span class='ocrx_word' id='word_1_881' title='bbox 2051 5827 2254 5886; x_wconf 82' lang='lat' dir='ltr'><strong>Gallico</strong></span> <span class='ocrx_word' id='word_1_882' title='bbox 2296 5827 2390 5886; x_wconf 91' lang='lat' dir='ltr'><strong>lib.</strong></span> <span class='ocrx_word' id='word_1_883' title='bbox 2440 5843 2518 5886; x_wconf 79' lang='lat' dir='ltr'><strong>vi.</strong></span> <span class='ocrx_word' id='word_1_884' title='bbox 2569 5824 2648 5884; x_wconf 83' lang='lat' dir='ltr'><strong>Ne</strong></span> <span class='ocrx_word' id='word_1_885' title='bbox 2693 5824 2981 5898; x_wconf 86' lang='lat' dir='ltr'><strong>postremis</strong></span> <span class='ocrx_word' id='word_1_886' title='bbox 3025 5823 3250 5895; x_wconf 90' lang='lat' dir='ltr'><strong>quidem</strong></span> <span class='ocrx_word' id='word_1_887' title='bbox 3292 5819 3446 5879; x_wconf 83' lang='lat' dir='ltr'><strong>hisco</strong></span> 
     </span>
    </p>
   </div>
  </div>
