3916 6526
471 387 573 452 919

1782 386 1841 443 P.
1880 383 2196 440 DANIEIJS
2235 378 2467 436 IIUETII

3617 360 3718 408 9‘20

471 513 803 583 temporibus
862 512 1184 581 temperavit
1248 508 1353 565 sibi
1418 507 1780 579 Hieronymus
1834 505 2039 562 Carda-
2069 509 2114 563 A
2142 498 2396 560 arbitrio,
2423 494 2677 551 facultate
2708 485 2959 543 videlicet
2985 481 3213 552 quadam
3240 477 3329 533 vel
3352 470 3718 544 prosequental

472 622 592 670 nus,
610 607 695 660 vir
717 604 1052 660 immoderati
1082 602 1303 673 ingenii,
1324 601 1454 672 quin
1483 602 1728 655 iteratam
1750 599 2039 667 quamdam

470 709 524 755 et
554 697 834 768 repetitam
867 696 1288 766 παλιγγενεσίαν
1320 695 1687 752 introduceret
1722 692 1777 746 iu
1814 689 2040 760 Dialogo

469 793 533 847 de
576 806 761 847 morte.

1013 883 1338 951 QLUESTIO
1379 883 1490 938 VII.

503 967 573 1007 DE
605 968 797 1010 LIBERO
822 970 1078 1010 ARBITRIO
1100 995 1113 1020 ,
1150 970 1347 1010 GBA'I‘IA
1378 971 1446 1008 ET
1476 968 2003 1009 PREDESTINATIONE.

469 1045 506 1098 I.
547 1046 825 1128 isententia
862 1047 1108 1128 Origenis
1128 1051 1212 1128 _de_
1247 1050 1413 1103 libero
1456 1047 1679 1128 arbitria
1719 1058 1925 1127 natura:
1949 1061 2040 1128 re:

535 1118 769 1188 tionalis,
822 1131 871 1173 et
910 1114 1083 1188 gratia
1119 1121 1212 1174 Dei
1244 1120 1545 1174 summatim
1587 1117 1917 1188 proponitur.
1976 1114 2039 1167 II.

536 1186 943 1270 ﬁatloemufusiu's
977 1188 1536 1270 explanat_ur.nl,ll.n1n
1564 1202 1667 1256 quo
1699 1186 1923 1265 positam
1954 1201 2044 1237 ar-

539 1258 684 1311 bitrii
711 1255 999 1313 libertatem
1027 1255 1274 1313 uoluerit.
1321 1257 1410 1312 IV.
1442 1255 1651 1312 Statum
1682 1266 1883 1307 natura:
1906 1255 2042 1307 inte-

538 1345 648 1397 θνα»
677 1347 707 1382 a
738 1339 882 1383 statu
908 1339 1114 1384 natura:
1147 1331 1311 1397 lapsa:
1340 1345 1443 1395 non
1470 1327 1734 1380 distinxit.
1767 1324 1827 1377 V.
1856 1322 2044 1397 Utrum

535 1394 585 1452 Et
616 1402 878 1467 quomodo
903 1399 1126 1453 liberum
1162 1394 1441 1452 arbitrium
1470 1411 1644 1465 regere
1666 1396 1923 1467 putaverit
1954 1394 2046 1467 bo-

537 1462 637 1552 1393'
684 1479 731 1549 et
785 1485 977 1550 pravos
1010 1479 1217 1552 ,ηεσιαῆ
1253 1470 1309 1551 in
1359 1462 1541 1552 animo
1592 1466 1893 1552 suscitato:
1954 1462 2043 1552 γι.

538 1532 856 1608 Erquisnam
892 1540 958 1592 sit
1005 1538 1093 1592 ille
1135 1540 1353 1607 spiritus
1381 1539 1632 1608 adt-ersus
1663 1550 1810 1608 quem
1843 1532 2045 1608 Paulus

535 1603 746 1690 guinem
767 1608 846 1690 nit
874 1603 1261 1675 concupiscere.
1294 1607 1411 1690 .VII.
1450 1604 1848 1690 Utrurn'u'nintt‘a
1872 1603 2046 1656 media

533 1678 674 1731 inter
698 1679 941 1748 spiritum
966 1690 1011 1733 et
1034 1672 1244 1732 carnem
1270 1679 1376 1732 diei
1402 1676 1587 1746 possit.
1623 1673 1751 1727 VIII.
1779 1672 2048 1748 Qutrritur

538 1743 986 1816 utrumn/fectus
1036 1749 1201 1815 aliqui
1254 1749 1375 1803 boni
1403 1743 1683 1816 Vecharne
1731 1743 2048 1816 naturaliter

533 1813 823 1899 prodeant;
854 1830 901 1899 et
935 1820 1001 1899 de
1036 1813 1145 1899 lege
1176 1830 1410 1899 naturae.
1456 1815 1547 1871 IX.
1590 1813 1775 1867 l’atres
1804 1813 2046 1899 multin

536 1882 587 1969 ei
625 1900 835 1969 natura:
880 1888 1001 1969 boui
1041 1882 1410 1969 aliquidpriri
1453 1902 1602 1955 posse
1639 1892 1934 1969 senierun‘t.
1974 1882 2042 1937 X.

539 1955 789 2023 Origenes
817 1960 918 2028 legi
962 1951 1170 2013 natura:
1214 1951 1684 2028 nimiumjtribuit.
1715 1952 1822 2028 _Xl.
1854 1951 2048 2028 Quem-

537 2028 824 2108 admodum
859 2023 919 2108 _et
966 2026 1485 2108 legi_Moysis_.”XlI.
1531 2023 1892 2108 [nues-ligatur.
1926 2024 2047 2091 ejus

535 2100 791 2178 sententia
836 2099 901 2178 de
942 2093 1136 2178 gratia:
1167 2093 1424 2178 auxilio,
1472 2112 1629 2165 quam
1674 2093 1971 2146 hominibus
2014 2110 2047 2146 a

536 2166 647 2220 Deo
696 2164 1500 2251 impaertirfcensuit,.propter
1542 2172 1847 2251 [πε-ἰτέης
1888 2164 2046 2244 vitam

536 2251 706 2318 gesta.
746 2231 883 2292 XIII.
915 2238 984 2291 Et
1007 2239 1060 2291 in
1090 2238 1187 2292 hac
1212 2231 1593 2318 .vit'ap'tor't‘ali.
1634 2231 1774 2287 XIV.
1796 2231 2047 2314 .Crutiam

534 2308 852 2389 eset'tantem
894 2325 998 2389 non
1035 2308 1269 2389 agnouit.
1310 2306 1425 2389 XV.
1462 2305 1745 2387 Perperam
1791 2305 2045 2371 interpre-

537 2379 659 2458 tatis
706 2379 1023 2458 quibusdam
1066 2378 1361 2458 S_c{ipltgw
1408 2376 1546 2458 locis
1580 2377 1632 2428 in
1682 2391 1798 2458 eam.
1843 2385 2049 2426 senten-

535 2447 664 2499 tiam
682 2442 940 2500 adductus
969 2458 1065 2501 est.
1097 2446 1233 2502 XVI.
1260 2448 1391 2513 Quae
1417 2448 1603 2499 merito
1631 2442 2044 2513 reprehenditur.

539 2516 698 2598 XVII.
743 2512 1367 2598 Pau‘aillaqua’dam’iu
1404 2516 1651 2598 Origent‘s
1686 2512 1915 2598 facprem
1948 2514 2050 2598 aol-

536 2587 797 2668 liguntur.
845 2583 1044 2642 XVIIII
1069 2587 1255 2642 Utrum
1286 2596 1336 2641 et
1373 2583 1633 2666 quomodo
1672 2584 1927 2668 perlecta?
1962 2583 2049 2664 lto-

539 2651 700 2737 mines
747 2674 896 2737 posse
946 2675 1049 2712 non
1091 2651 1492 2737 peccaret-atus
1541 2657 1630 2708 sit.
1686 2652 1825 2707 XIX.
1872 2651 2045 2722 Hujus

538 2726 990 2809 dogmatis‘causa
1029 2726 1403 2809 t‘dptlldLXX.
1426 2724 1616 2779 Utrum
1642 2734 1754 2791 post
1779 2732 2045 2786 acceptam

537 2800 759 2878 gratiam
786 2798 1331 2878 iteratrcipwnitentiw
1348 2804 1656 2878 locumpnon.
1676 2809 1941 2859 superesse
1956 2809 2050 2844 au-

537 2868 778 2921 tumarit.
810 2865 947 2920 XXI.
982 2864 1168 2921 Utrum
1195 2867 1462 2934 prtcceptis
1492 2865 1684 2919 divinis
1716 2879 1909 2917 morem
1940 2864 2047 2934 geri

538 2953 642 2989 non
684 2952 832 3004 posse
874 2939 1113 2991 senserit.
1167 2932 1332 2992 XXII.
1369 2935 1633 3002 Suppetia:
1663 2935 1909 3002 feruntur
1932 2932 2050 3004 Ori-

541 3003 690 3087 geni.’
713 3005 899 3087 XX__|II_.
926 3005 1123 3087 Utrum
1151 3008 1483 3087 aﬁirmaverit
1521 3004 1899 3087 homines-sola
1945 3003 2049 3069 ﬁde

529 3077 716 3158 justas
748 3077 916 3158 eﬂiei._
953 3074 1549 3158 XX'IV."Inuesligatur
1572 3074 1714 3158 “eius,
1753 3075 2048 3158 dggtnane.

538 3142 754 3215 peccato
778 3142 1022 3215 originis,
1056 3158 1103 3201 et
1130 3148 1236 3217 fine
1272 3142 1539 3215 baptismi.
1572 3142 1740 3199 XXV.
1771 3142 2047 3217 Quiduipsi

537 3211 614 3299 ille.
643 3211 1443 3299 νηῑτάεείὶηαιἱυηςίξριαειιεῆιη
1481 3216 1804 3299 άὶεριιιρῃιτ.

538 3283 875 3410 ἐιέἰῖιακνοᾳηε
905 3283 1174 3341 nonnullis
1204 3304 1380 3357 pennas
1409 3287 1499 3339 dat
1524 3328 1539 3351 ,
1577 3286 1667 3338 sed
1700 3286 1754 3339 in
1782 3283 2047 3352 aliquibus

528 3370 771 3426 Juvatur.

542 3448 582 3503 l.
624 3448 779 3503 Nunc
812 3463 941 3504 vero
966 3450 1031 3505 de
1056 3450 1230 3505 libero
1273 3449 1524 3515 arbitrio,
1550 3447 1692 3518 quod
1724 3447 1918 3501 anima:
1949 3446 2049 3516 ipsi

469 3542 714 3596 innatum
747 3549 868 3606 est;
905 3542 1078 3610 deque
1103 3540 1276 3611 gratia
1309 3540 1423 3607 Dei,
1460 3554 1581 3609 qua:
1615 3538 1667 3592 in
1694 3538 1931 3593 animant
1970 3537 2052 3591 in-

471 3633 740 3697 lnnditur,
780 3634 911 3704 quid
938 3633 1156 3702 Origeni
1187 3631 1473 3701 placuerit,
1504 3629 1899 3701 explorandum
1927 3638 2045 3695 est;

470 3740 573 3782 nec
598 3740 718 3780 eam
744 3726 886 3780 enim
929 3725 1287 3795 qumsliouem
1316 3723 1582 3778 inoll'enso
1618 3722 1862 3778 decurrit
1890 3723 2047 3791 pede,

470 3820 668 3875 mentis
714 3817 995 3874 rationalis
1034 3817 1264 3872 arbitrio
1298 3817 1523 3871 nimium
1563 3815 1833 3879 tribuens,
1865 3814 2051 3883 gratim

468 3925 600 3966 vero
636 3912 835 3967 divina:
885 3911 1186 3982 infringens
1220 3909 1479 3964 auxilium
1512 3927 1525 3962 :
1555 3909 1692 3962 adeo
1721 3918 1779 3961 ut
1815 3921 1882 3961 ex
1933 3906 2050 3976 ejus

468 4004 688 4074 scriptis
741 4003 992 4059 haeresim
1052 4018 1203 4059 suam
1260 4002 1508 4057 hausisse
1569 4000 1699 4055 dicti
1749 4000 1857 4053 sint
1898 3998 2051 4054 Pela-

468 4096 636 4164 giani,
662 4109 959 4165 eorumque
983 4092 1259 4149 fraterculi
1284 4091 1672 4147 Massilienses.
1704 4089 1838 4144 IIinc
1863 4089 2051 4143 Iliero-

469 4202 668 4257 nymus
708 4189 763 4241 in
795 4187 1035 4257 Epistola
1068 4186 1134 4240 ad
1168 4185 1598 4256 Ctesiphontem,
1636 4199 1758 4252 cap.
1792 4183 1848 4246 2,
1891 4182 2048 4236 Pela-

469 4280 540 4350 gii
577 4280 880 4335 doctrinam
929 4279 1185 4349 Origenis
1233 4276 1598 4332 ramusculum
1647 4290 1768 4330 esse
1815 4289 2053 4344 pronun—

471 4372 607 4437 tiat;
645 4382 700 4426 et
733 4372 826 4426 li'o.
859 4388 873 4426 ι
901 4375 1105 4428 advers.
1151 4369 1447 4439 Pelagium,
1481 4384 1603 4436 cap.
1646 4368 1701 4434 7,
1730 4365 2049 4437 Pelagiano-

469 4480 588 4518 rum
626 4466 946 4533 magistrum
991 4478 1113 4518 esse
1161 4463 1295 4517 dicit
1340 4462 1430 4515 τὸν
1470 4462 1728 4532 ἀρχαῖον,
1773 4469 2049 4514 auctorem

2143 590 2292 655 vitii,
2350 585 2437 641 vel
2493 577 2883 653 amplectendzr
2936 572 3339 639 virtutiszqua
3390 573 3560 636 prout
3613 578 3722 617 usae

2142 653 2305 746 sunt,
2359 678 2435 731 ita
2475 674 2563 730 vel
2596 673 2663 727 ad
2704 667 3014 731 superiores
3060 661 3300 717 evasisse
3342 657 3571 712 ordines
3595 693 3613 719 ,
3641 653 3721 707 vel

2141 775 2208 826 ad
2238 768 2523 825 inferiores
2556 777 2676 821 esse
2714 758 3033 817 deturbatas
3062 772 3075 808 :
3107 763 3493 822 quemcunque
3545 755 3722 800 autem

2143 862 2350 928 adeptae
2394 858 2503 914 sint
2541 866 2739 911 statum
2763 893 2778 919 ,
2817 849 2986 905 nihilo
3027 845 3204 900 secius
3249 847 3439 896 eadem
3483 838 3725 893 fruentes

2143 961 2446 1024 potestate,
2479 949 2563 1004 vel
2612 955 2759 1003 recte
2791 943 2878 1000 vel
2908 939 3051 995 male
3093 953 3189 1007 pro
3233 933 3386 990 Iibitu
3416 944 3621 1001 agere,
3666 942 3726 986 ac

2110 1021 2303 1100 'novis
2345 1041 2567 1112 proinde
2605 1038 2691 1094 vel
2722 1028 3252 1091 remuneratiouibus
3279 1024 3362 1080 vel
3400 1021 3587 1094 poenis
3614 1033 3727 1075 esse

2143 1111 2442 1197 obnoxias;
2510 1146 2608 1186 nec
2664 1128 2900 1184 futurum
2946 1134 3185 1192 unquam
3245 1126 3305 1172 ut
3357 1113 3447 1170 vel
3503 1111 3728 1167 facultas

2145 1230 2260 1307 illa,
2296 1227 2380 1283 vel
2429 1221 2704 1279 facultatis
2745 1233 2876 1275 usus
2916 1217 2970 1271 in
3016 1212 3216 1270 animis
3254 1208 3574 1271 intercidat,
3610 1204 3728 1259 licet

2146 1298 2533 1375 vel'charitate
2575 1312 2661 1366 vel
2721 1307 3020 1380 pertinacia
3064 1321 3094 1359 a
3140 1300 3299 1358 malis
3329 1298 3562 1355 bonisve
3603 1311 3729 1352 non—

2147 1425 2429 1482 nunquam
2469 1404 2882 1463 abstrahamur.

2217 1480 2348 1570 Quae
2410 1514 2535 1554 cum
2604 1490 2976 1565 perfunctorie
3045 1501 3208 1555 supra
3281 1480 3730 1541 delibaverimus,

2148 1569 2293 1650 nunc
2340 1590 2683 1650 enucleatius
2737 1581 3027 1640 reseranda
3083 1578 3346 1641 veniunt,
3395 1582 3455 1629 et
3509 1569 3733 1626 attentis

2145 1686 2322 1744 oculis
2386 1678 2850 1750 introspicienda;
2917 1670 3380 1742 quaerendumque
3434 1678 3624 1721 utrum
3673 1662 3735 1717 li-

2150 1781 2410 1834 bertatem
2461 1782 2668 1828 natura:
2717 1766 3001 1823 rationalis
3041 1766 3332 1833 integram,
3375 1775 3446 1814 an
3479 1757 3735 1813 imminu-

2079 1845 2118 1899 Β
2149 1878 2295 1935 tam;
2348 1873 2535 1920 utrum
2586 1860 2710 1916 ullis
2746 1860 2940 1914 divina:
2989 1855 3176 1925 gratiae
3224 1849 3449 1905 auxiliis
3491 1848 3737 1918 indigere

2122 1961 2318 2026 «illam,
2345 1968 2401 2015 et
2423 1955 2645 2026 juvari:
2674 1966 2893 2023 quoque
2924 1949 3084 2004 modo
3114 1945 3434 2015 contingere
3458 1940 3568 1995 hoe
3595 1938 3734 1992 arbi-

2148 2060 2322 2107 tratus
2367 2049 2458 2105 sit.
2482 2086 2488 2096 .
2510 2046 2695 2102 Sensit
2721 2043 2833 2110 ,ille
2878 2041 3061 2110 itaque
3089 2036 3297 2091 arbitrii
3333 2034 3654 2089 libertatem
3685 2030 3735 2084 in

2151 2140 2485 2199 indilIerenti
2514 2138 2751 2208 quadam
2786 2136 2923 2189 bene
2952 2130 3035 2185 vel
3069 2128 3209 2185 male
3236 2126 3433 2197 agendi
3480 2123 3735 2179 facultate

2148 2237 2342 2295 sitam,
2376 2242 2434 2286 et
2466 2227 2774 2291 mentibus,
2813 2238 2938 2279 mox
2965 2232 3023 2276 ut
3059 2225 3379 2289 crearentur
3410 2230 3442 2269 a
3477 2214 3615 2278 Deo,
3658 2212 3734 2265 in-

2148 2326 2355 2389 ditam,
2400 2322 2667 2389 integram
2695 2329 2911 2384 semper
2948 2322 3003 2366 et
3041 2318 3290 2380 vegetam
3339 2319 3733 2377 perseverare;

2150 2431 2251 2473 nec
2298 2415 2406 2470 ulla
2473 2427 2533 2469 re
2587 2410 2758 2466 fuisse
2812 2406 3176 2468 imminutam,
3234 2400 3573 2472 plenumque
3622 2396 3735 2466 ejus

2149 2524 2305 2564 usum
2365 2508 2417 2561 in
2478 2504 2655 2560 beatis
2704 2500 2789 2557 vel
2831 2497 3103 2552 damnatis
3147 2505 3484 2565 superesse;
3538 2487 3734 2558 impelli

2147 2602 2363 2670 quidem
2420 2597 2658 2651 animam
2705 2609 2735 2647 a
2790 2590 2950 2647 bouis
2997 2588 3224 2643 malisve
3267 2581 3637 2655 potestatibus
3669 2580 3735 2635 ad

2148 2668 2374 2747 virtutes
2400 2686 2486 2743 vel
2517 2686 2585 2739 ad
2627 2684 2791 2746 vitia;
2837 2679 2954 2749 cogi
2987 2691 3115 2732 vero
3145 2674 3490 2743 neutiquam,
3526 2668 3605 2724 vel
3638 2682 3733 2723 ne-

2148 2780 2387 2838 cessitati
2446 2776 2607 2832 alicui
2658 2772 2873 2843 subjici.
2923 2770 3125 2840 Sparsa
3183 2767 3298 2820 haec
3344 2761 3592 2832 reperies
3643 2763 3737 2814 do-

2149 2884 2328 2947 gmata
2379 2868 2748 2939 compluribus
2806 2866 2978 2927 locis,
3037 2862 3132 2915 sed
3197 2858 3374 2926 capite
3432 2852 3734 2925 praesertim

2150 2945 2331 3037 priore
2358 2964 2454 3018 lib.
2484 2977 2544 3016 Ill
2576 2959 2650 3014 De
2680 2957 2931 3029 princip.,
2955 2954 3009 3006 in
3040 2966 3149 3022 quo
3176 2948 3450 3020 praecipua
3477 2945 3736 3001 doctrina:

2150 3036 2264 3115 suae
2296 3059 2365 3113 de
2390 3056 2643 3111 libertate
2673 3049 2885 3106 arbitrii
2913 3046 3266 3100 fundamenta
3301 3038 3615 3097 collocavit.
3657 3036 3733 3090 lbi

2153 3153 2352 3223 quippe
2402 3148 2585 3206 causis
2640 3144 2862 3215 quidem
2913 3138 3153 3193 externis
3192 3134 3342 3189 varie
3387 3130 3592 3202 impelli
3636 3145 3734 3184 nos

2152 3259 2205 3301 et
2236 3241 2501 3299 concitari
2536 3240 2732 3301 docet;
2765 3247 3048 3289 assensum
3074 3245 3201 3286 vero
3234 3244 3264 3283 a
3309 3228 3524 3282 ratione
3551 3234 3734 3280 nosua

2150 3355 2215 3394 ac
2255 3336 2536 3391 voluntate
2578 3332 2836 3402 pendere.
2882 3327 2936 3382 Id
2984 3335 3274 3397 postquam
3322 3329 3536 3375 naturae
3570 3318 3734 3387 ipsius

2148 3428 2477 3487 auctoritate
2515 3421 2935 3485 demonstravit,
2984 3418 3286 3487 Scriptura:
3334 3422 3538 3468 sanctze
3589 3412 3732 3464 loco-

2152 3539 2271 3578 rum
2300 3519 2554 3588 congerie
2588 3512 2867 3582 multiplici
2897 3510 3203 3565 coulirmat.
3233 3506 3371 3561 Tum
3404 3505 3567 3575 petita
3595 3502 3735 3558 iudi-

2152 3619 2270 3672 dem
2300 3613 2368 3668 ad
2395 3607 2817 3680 impugnaudam
2845 3602 3059 3659 arbitrii
3088 3601 3396 3656 libertatem
3423 3596 3733 3653 testimonia

2157 3707 2358 3771 solvit,
2394 3702 2635 3773 explosis
2683 3696 3227 3759 Valentinianorum,
3282 3689 3733 3746 Basilidianorum
3782 3718 3787 3725 ι

2154 3813 2209 3857 et
2242 3798 2681 3854 Marcionitarum
2731 3792 2973 3855 deliriis,
3024 3791 3120 3860 qui-
3163 3789 3413 3842 (liversas
3454 3785 3728 3840 hominum

2164 3904 2413 3955 naturas,
2444 3888 2578 3943 alias
2601 3889 2745 3949 vitae,
2770 3885 2906 3939 alias
2929 3882 3088 3937 morti
3118 3880 3439 3941 destinatas,
3465 3892 3528 3931 ac
3556 3876 3721 3930 Deum

2157 3984 2342 4039 mundi
2377 3980 2647 4051 opiﬁcem,
2693 3979 2885 4033 durum
2916 3990 2981 4030 ac
3011 3988 3289 4036 severum,
3336 3970 3499 4023 alium
3531 3970 3726 4021 bomuu

2156 4076 2357 4133 Christi
2402 4084 2612 4144 patrem
2659 4068 3261 4126 comminiscebantur:
3307 4072 3364 4118 et
3413 4060 3595 4132 gratia:
3641 4059 3731 4111 de-

2157 4184 2303 4223 mum
2348 4166 2544 4221 divina:
2594 4161 2968 4229 operationem
3014 4157 3134 4213 fuse
3184 4155 3464 4215 describit,
3511 4167 3612 4221 qua
3665 4152 3730 4204 dc

2153 4271 2273 4334 post
2313 4258 2512 4314 dicturi
2562 4272 2772 4313 sumus.
2815 4254 3004 4323 Capite
3047 4266 3176 4306 vero
3217 4249 3461 4319 sequenti
3504 4260 3649 4300 num.
3688 4243 3727 4297 4

2152 4354 2412 4420 ostendit,
2442 4350 2579 4407 mala
2606 4350 2761 4406 nobis
2787 4345 3201 4418 suggerentibus
3217 4342 3572 4413 potestatibus
3600 4352 3728 4391 cono

2156 4445 2361 4508 trariis,
2394 4443 2479 4498 vel
2513 4442 2579 4496 ad
2608 4451 2811 4496 rectum
2842 4436 3139 4493 inclinante
3164 4450 3264 4490 nos
3300 4434 3495 4487 virtute
3523 4430 3722 4489 divina,

471 4573 662 4628 nempe
686 4558 867 4627 operis
894 4556 1033 4625 Περὶ
1068 4553 1275 4625 ἀρχῶν
1297 4596 1314 4620 ,
1357 4563 1407 4607 ει
1438 4520 1625 4610 tibi?"
1659 4520 2050 4607 mmmam“,
2082 4553 2124 4606 ι)
2157 4538 2337 4606 vigere
2366 4533 2725 4590 nihilominus
2749 4530 2973 4585 liberam
2998 4526 3209 4583 arbitrii
3236 4533 3571 4595 potestatem.
3595 4520 3727 4587 Qua:

468 4644 749 4714 ejusdem,
792 4646 844 4699 iu
895 4646 1001 4699 line
1049 4644 1304 4714 postremi
1350 4642 1577 4711 capitis,
1630 4639 2046 4708 Pelagianorum

469 4740 733 4794 amasiqu
762 4738 1051 4810 Origenem
1078 4736 1330 4806 appellat.
1364 4734 1502 4789 Ilinc
1530 4733 1696 4787 etiam
1729 4730 2045 4785 Theodorus

466 4833 604 4886 Beza
625 4872 638 4894 ,
676 4818 1211 4899 capitalis'Origenis
1241 4825 1619 4890 adversarius,
1658 4824 1711 4878 in
1742 4822 1939 4877 Aduot.
1974 4822 2043 4874 ad

467 4920 694 4978 Roman.
731 4939 783 4988 1,
821 4923 873 4985 I,
929 4921 1200 4977 neminem
1245 4918 1323 4973 ait
1372 4918 1605 4989 Origene
1648 4916 1876 4987 gratiam
1927 4915 2043 4979 Dei,

467 5015 764 5071 secundum
790 5014 1091 5084 Pelagium,
1120 5015 1296 5085 magis
1330 5027 1451 5067 esse
1489 5011 1854 5066 adversatum.
1889 5007 2041 5075 Quod

466 5108 595 5165 totis
642 5108 870 5164 subinde
892 5108 1163 5178 capitibus
1212 5105 1573 5176 comprobare
1624 5117 1912 5174 aggressus
1963 5111 2047 5155 est

465 5198 748 5254 Cornelius
774 5199 1063 5255 Jansenius
1079 5198 1341 5270 Yprensis
1382 5196 1688 5265 episcopus,
1721 5193 2041 5263 Origeniana

466 5290 628 5344 verba
658 5305 721 5344 ac
750 5291 965 5345 decreta
999 5305 1121 5344 cum
1162 5288 1467 5358 Pelagianis
1503 5295 1560 5341 et
1594 5283 2048 5356 Semipelagiauis

465 5395 724 5440 accurate
767 5382 1103 5454 conﬂigens,
1158 5392 1214 5437 et
1248 5391 1606 5450 utrorumque
1650 5377 2041 5433 connexionem

466 5477 610 5533 inter
636 5493 695 5533 se
722 5476 940 5546 copiose
968 5477 1369 5532 demonstrans.

534 5569 600 5625 II.
640 5571 817 5641 Atque
842 5570 959 5625 haec
991 5570 1306 5640 priusquam
1340 5566 1407 5621 ad
1437 5566 1696 5622 trutinam
1729 5576 2045 5621 revocemus

469 5671 731 5730 nostram,
762 5672 889 5717 ante
929 5663 1111 5717 omnia
1150 5660 1505 5731 repetendum
1534 5658 1624 5713 hic
1656 5666 1740 5713 est
1771 5653 2045 5727 quidpiam

471 5748 657 5805 leviter
698 5767 727 5805 a
760 5752 918 5806 nobis
954 5766 1119 5820 supra
1165 5749 1513 5821 perstrictum
1548 5766 1563 5801 :
1617 5756 1824 5801 mentes
1854 5758 2045 5812 nempe

470 5858 590 5895 cum
636 5858 665 5896 a
709 5842 819 5898 Deo
854 5852 1271 5911 procrearentur
1295 5880 1315 5907 ,
1343 5841 1511 5896 libero
1544 5840 1712 5894 luisse
1756 5838 2046 5892 instructas

2156 4628 2287 4682 alibi
2320 4627 2515 4697 repetit
2539 4639 2680 4694 szepe
2712 4635 2769 4677 et
2797 4621 3053 4678 inculcat.
3091 4619 3303 4687 Quibus
3334 4627 3511 4672 autem
3538 4614 3726 4681 probat

2156 4720 2288 4774 locis
2321 4719 2530 4771 animas
2566 4717 2618 4769 in
2652 4725 3028 4785 quemcunque
3057 4708 3374 4765 devenerint
3396 4714 3608 4765 statum,
3631 4716 3724 4754 ar—

2157 4811 2302 4865 bitrii
2340 4810 2423 4865 sui
2456 4809 2703 4863 libertate
2745 4807 2820 4861 uti
2846 4845 2861 4869 ,
2905 4814 3101 4873 praeter
3169 4802 3259 4857 illa
3296 4816 3414 4871 qua:
3451 4797 3726 4852 attulimus

2156 4915 2338 4969 supra,
2368 4914 2489 4954 cum
2527 4898 2594 4953 de
2624 4896 2935 4966 angelorum
2972 4894 3219 4948 libertate
3246 4906 3550 4961 ageremus,
3573 4902 3721 4954 quae-

2154 5007 2260 5061 que
2300 4992 2491 5045 iterum
2531 4988 2741 5045 consuli
2772 4988 2951 5051 velim,
2983 4999 3045 5039 ea
3073 4984 3343 5053 prmcipue
3372 4991 3494 5037 sunt
3520 4996 3533 5032 :
3561 4977 3648 5031 lib.
3676 4991 3721 5029 ιι

2154 5085 2294 5154 Περὶ
2331 5081 2556 5154 ἀρχῶν,
2597 5097 2717 5151 cap.
2748 5080 2782 5134 ’5
2805 5120 2821 5147 ,
2858 5096 3006 5134 num.
3038 5076 3109 5132 3:
3140 5096 3159 5128 ς
3186 5074 3448 5131 Possibile
3472 5071 3604 5125 enim
3630 5068 3721 5121 vi-

2154 5181 2309 5233 detur
2336 5219 2351 5241 ,
2389 5187 2448 5232 ut
2486 5176 2835 5232 rationabiles
2864 5183 3102 5238 naturas,
3154 5186 3184 5225 a
3222 5169 3419 5240 quibus
3454 5178 3719 5233 nunquam

2154 5270 2401 5324 aufertur
2436 5269 2592 5325 liberi
2620 5267 2853 5322 facultas
2880 5264 3114 5326 arbitrii,
3148 5263 3362 5332 possint
3405 5260 3584 5314 iterum
3612 5256 3723 5306 ali-

2151 5362 2348 5431 quibus
2397 5360 2631 5415 motibus
2686 5357 3000 5427 subjacere,
3043 5355 3357 5427 indulgente
3397 5355 3497 5408 hoc
3542 5352 3720 5418 ipsum

2155 5456 2423 5519 Domino,
2472 5469 2541 5509 ne
2588 5453 2729 5507 forte
2778 5451 2821 5505 si
2871 5448 3201 5504 immobilem
3252 5462 3463 5517 semper
3504 5449 3723 5498 teneant

2151 5559 2379 5614 statum,
2410 5549 2660 5618 ignorent
2707 5560 2766 5600 se
2809 5544 2901 5599 Dei
2948 5542 3119 5613 gratia
3152 5553 3208 5597 et
3254 5557 3357 5596 non
3403 5554 3492 5595 sua
3520 5537 3725 5589 virtute

2152 5644 2205 5697 in
2266 5642 2358 5699 illo
2401 5641 2509 5696 line
2555 5640 2907 5697 beatitudinis
2956 5638 3315 5701 constitisse;
3343 5655 3361 5688 ι
3411 5645 3463 5690 et
3506 5633 3589 5685 lib.
3618 5643 3720 5691 ut,

2152 5752 2273 5806 cap.
2301 5739 2318 5788 l
2348 5777 2363 5800 ,
2403 5734 2677 5799 num.21,
2719 5749 2838 5804 pag.
2876 5733 3017 5788 l56:
3074 5751 3092 5782 ι
3122 5729 3198 5785 Ex
3255 5746 3362 5801 quo
3410 5729 3715 5800 opinamur,

2154 5828 2403 5900 quoniam
2445 5828 2685 5898 quidem,
2710 5827 2850 5883 sicut
2882 5828 3193 5895 frequenter
3214 5825 3467 5886 diximus,
3498 5818 3723 5873 inuroro
