3898 6576
211 414 327 472 921

1028 418 1608 476 ORIGENIANUKUM
1652 417 1778 473 ΜΒ.
1821 415 1885 482 ΙΙ,
1924 418 2076 475 CAP.
2116 419 2183 483 ll,
2223 410 2501 486 QUASST.
2541 417 2655 474 VII.

3379 418 3484 476 922

194 522 346 585 'talis
363 534 446 585 est
466 529 646 584 anima
678 539 734 586 et
762 539 984 597 eterna,
1002 536 1146 604 quod
1181 537 1232 590 in
1267 535 1451 591 multis
1472 547 1527 591 et
1548 536 1667 590 sine
1692 534 1799 590 line
1827 538 1874 596 Α
1909 534 2101 603 pedem
2134 535 2368 602 confert,
2407 550 2584 607 neque
2612 535 2681 590 ab
2719 533 2787 590 iis
2817 550 2938 592 sese
2969 536 3035 593 de
3085 536 3238 593 liberi
3269 539 3479 594 arbitrii

209 624 410 691 spatiis
440 636 536 690 per
566 623 827 679 immensa
858 635 913 680 et
947 627 1161 683 diversa
1201 629 1394 684 saecula
1432 628 1685 698 possibile
1713 636 1800 683 est

209 722 277 766 ut
330 713 467 766 vela
513 729 733 769 summo
780 715 921 772 bono
958 719 1024 770 ad
1074 719 1257 774 intima
1305 721 1443 775 mala
1487 723 1796 789 descendat,

207 804 305 858 vel
348 805 416 859 ab
458 806 667 861 ultimis
701 808 860 863 malis
890 813 956 863 ad
1003 825 1215 865 summa
1258 814 1395 867 bona
1444 826 1791 883 repareturp

203 904 266 948 et
319 910 440 962 cap.
479 895 515 949 5
545 896 665 951 libri
708 898 973 968 ejusdem,
1010 917 1161 957 num.
1187 904 1221 959 5
1251 921 1265 958 :
1308 923 1328 956 ι
1353 904 1533 961 Liberi
1565 921 1797 976 namque

202 986 426 1041 arbitrii
468 1001 684 1057 semper
731 1000 814 1045 est
846 994 1058 1056 anima,
1102 996 1268 1049 etiam
1305 1013 1425 1053 cum
1468 998 1521 1052 in
1564 1013 1796 1068 corpore

204 1077 339 1143 hoc,
385 1078 549 1133 etiam
584 1097 706 1135 cum
739 1092 893 1137 extra
932 1100 1129 1155 corpus
1178 1097 1303 1154 est;
1353 1097 1408 1143 et
1450 1088 1669 1145 libertas
1708 1107 1796 1145 ar-

202 1167 359 1223 bitrii
402 1169 490 1224 vel
536 1173 602 1225 ad
651 1173 787 1227 bona
828 1188 1065 1243 semper,
1103 1177 1186 1232 vel
1228 1181 1293 1233 ad
1341 1180 1480 1233 mala
1513 1192 1789 1247 movetur;

200 1276 313 1315 nec
357 1278 595 1332 ttnqttatn
645 1266 988 1323 rationabilis
1038 1284 1251 1335 sensus,
1297 1271 1350 1326 id
1397 1280 1499 1339 est,
1531 1288 1684 1328 mens
1709 1275 1792 1329 vel

198 1353 414 1419 anima,
459 1356 577 1411 sine
623 1368 772 1413 tuotu
822 1361 1004 1430 aliquo
1051 1363 1133 1417 vel
1180 1364 1321 1419 bono
1360 1364 1442 1420 vel
1487 1366 1629 1422 malo
1667 1382 1792 1423 esse

195 1455 404 1515 potest.
437 1465 456 1499 ι
503 1447 737 1505 [lomilia
791 1464 1050 1520 praeterea
1083 1456 1151 1509 15
1197 1457 1251 1509 in
1296 1454 1497 1521 Nam,
1557 1475 1707 1515 nurtt.
1758 1460 1789 1514 7

196 1539 548 1596 daemonibus
577 1544 904 1611 permissum
939 1545 1096 1602 liberi
1127 1549 1341 1604 arbitrii
1372 1552 1452 1606 sui
1484 1567 1642 1609 usum
1674 1568 1790 1608 ven

194 1631 285 1688 bis
312 1637 596 1705 conceptis
627 1638 814 1705 tradit,
848 1655 957 1709 quo
991 1641 1036 1695 si
1086 1641 1383 1698 diminuttts
1420 1654 1563 1698 esset
1591 1661 1621 1699 a
1657 1646 1784 1711 Deo,

193 1724 304 1779 hoc
324 1726 446 1795 ipso
479 1742 609 1783 vero
634 1728 749 1800 jam
778 1732 1095 1786 damnatum
1122 1732 1273 1788 illum
1306 1736 1454 1804 fore;
1491 1748 1546 1792 at
1576 1739 1625 1793 id
1655 1755 1787 1794 non-

192 1817 326 1871 dum
366 1819 661 1889 contigisse
690 1816 1064 1893 existimabat,
1097 1837 1157 1882 ut
1186 1830 1437 1885 vidimus.
1466 1831 1642 1901 Atque
1669 1834 1783 1888 hmo

1899 637 2095 681 natura
2152 627 2450 683 dissentire
2494 628 2666 694 dicit;
2727 642 2906 697 neque
2956 629 3176 700 prolata
3239 631 3477 700 ipsorum

1897 718 2086 784 verba,
2120 722 2317 789 quibus
2356 722 2408 775 in
2438 721 2564 775 boni
2589 720 2785 777 malive
2815 722 3046 792 eligendi
3082 733 3350 792 poteState
3380 739 3477 793 po-

1896 809 2061 863 situm
2104 810 2237 864 illud
2272 825 2395 866 esse
2438 812 2843 874 demonstrant,
2878 811 3018 865 hanc
3042 811 3217 880 carpit
3243 812 3311 864 oh
3342 827 3475 865 cau-

1895 915 2034 963 sam,
2062 900 2190 956 licet
2233 903 2306 956 oh
2334 903 2471 957 alias
2498 904 2851 958 vehementer
2878 904 3119 974 exagitet
3149 914 3205 958 et
3238 901 3473 958 refellat.

1898 990 2109 1048 Passim
2139 1007 2358 1063 quoque
2392 994 2707 1049 necessitati
2743 995 3050 1049 libertatem
3080 996 3342 1065 opponit:
3379 995 3478 1051 sed

1894 1087 2102 1154 absque
2134 1086 2240 1140 ulla
2271 1088 2624 1153 circuitione,
2654 1088 2781 1157 quia
2814 1089 2953 1143 bene
2982 1089 3065 1142 vel
3112 1089 3251 1143 male
3291 1090 3479 1145 vivet‘e

1894 1187 2074 1247 potest
2122 1179 2309 1243 homo,
2365 1180 2570 1235 idcirco
2620 1181 2704 1235 sui
2748 1180 2888 1249 juris
2916 1196 3060 1244 esse,
3108 1195 3171 1235 ac
3225 1179 3479 1235 libertate

1892 1268 2099 1337 pollere
2126 1271 2318 1325 statuit
2346 1270 2442 1326 lib.
2478 1287 2517 1326 tt
2545 1280 2729 1326 contra
2760 1268 3023 1324 Faustum
3060 1268 3319 1331 ΜαηὶεΙι..
3340 1284 3469 1340 cap.

1891 1356 1967 1411 5:
2010 1376 2029 1410 ι
2064 1357 2132 1412 Ει
2163 1374 2263 1414 nos
2298 1358 2520 1431 quidem
2554 1361 2657 1415 sub
2697 1359 2811 1414 fato
2840 1360 3118 1414 stellarum
3147 1358 3344 1414 nullius
3377 1360 3478 1414 ho-

1892 1452 2056 1508 minis
2084 1454 2324 1525 genesim
2358 1454 2633 1524 ponimus,
2666 1464 2727 1509 ut
2773 1455 3005 1509 liberum
3039 1454 3327 1509 arbitrium
3376 1468 3479 1509 vo-

1888 1547 2138 1609 luntatis,
2170 1560 2279 1617 quo
2310 1546 2395 1600 vel
2430 1546 2568 1602 bene
2594 1547 2680 1602 vel
2709 1546 2847 1601 male
2884 1546 3108 1610 vivitur,
3141 1554 3361 1616 propter
3382 1542 3475 1613 ju-

1887 1651 2030 1693 stum
2076 1639 2339 1709 judicium
2396 1638 2490 1693 Dei
2534 1641 2603 1694 ab
2656 1639 2805 1694 omni
2860 1639 3204 1694 necessitatis
3252 1638 3473 1715 vinculo

1887 1732 2253 1786 vindieernus.
2291 1750 2309 1782 ι
2342 1730 2452 1787 Nec
2498 1733 2683 1787 minus
2718 1734 2783 1788 ad
2831 1733 2883 1787 id
2934 1733 3067 1787 facit
3112 1733 3253 1800 quod
3306 1730 3473 1786 habe:

1885 1838 2003 1894 cap.
2037 1822 2073 1876 2
2105 1822 2229 1878 libri
2263 1822 2340 1878 De
2362 1825 2537 1894 gratia
2576 1836 2624 1879 et
2654 1825 2816 1879 libero
2857 1826 3076 1879 arbitrio
3110 1825 3176 1878 ad
3226 1823 3470 1878 Valenti-

190 1908 540 1979 Origeniana:
576 1918 641 1967 de
682 1915 934 1973 libertate
959 1918 1225 1976 doctrina:
1251 1925 1516 1994 principia
1551 1926 1667 1981 suis
1700 1926 1763 1981 Ia-

1887 1931 2050 1981 num,
2087 1916 2179 1970 ubi
2233 1925 2520 1987 postquam
2562 1918 2872 1971 astruenda:
2927 1917 3164 1971 hominis
3205 1915 3467 1980 libertati,

190 2002 400 2057 hor-ant
443 2005 611 2071 vitiis,
649 2021 767 2076 qua:
807 2025 904 2064 nos
933 2011 1329 2070 eolloeabimus
1362 2014 1414 2070 in
1462 2018 1776 2088 propatulo;

188 2094 287 2148 sed
344 2104 404 2149 et
452 2097 714 2167 impactas
757 2100 827 2155 ab
876 2102 1024 2159 aliis‘
1050 2120 1412 2175 proponemus
1447 2111 1781 2165 criminatio-

188 2198 310 2247 nes,
342 2194 421 2249 et,
455 2185 501 2240 si
547 2188 617 2240 ita
646 2204 735 2243 res
775 2189 931 2258 feret,
978 2193 1270 2262 diluemus,
1302 2206 1361 2251 ut
1392 2214 1547 2268 raquo
1574 2200 1697 2268 jure
1725 2202 1776 2254 in

185 2277 449 2332 omnibus
489 2294 611 2333 cum
653 2280 976 2338 Adamantio
1020 2299 1244 2354 agamus
1289 2299 1496 2354 nostro,
1543 2306 1612 2345 ne
1660 2292 1777 2361 plus

186 2370 274 2424 vel
330 2369 533 2435 favori,
610 2373 696 2427 vel
747 2375 1161 2442 malevolentize,
1212 2394 1373 2448 quam
1424 2383 1633 2438 veritati
1674 2385 1776 2439 tri-

185 2461 360 2517 bitere
400 2464 697 2522 videamur.
750 2466 856 2521 Sed
891 2466 1149 2524 lectorem
1180 2486 1496 2528 moneamus
1534 2475 1772 2541 interim,

182 2555 620 2625 quotiescunque
656 2558 721 2612 de
749 2556 1078 2628 Origeniana
1140 2561 1390 2619 libertate
1445 2569 1775 2623 memorabi-

183 2662 333 2709 mus,
380 2662 485 2702 non
520 2663 641 2703 eam
685 2651 950 2705 duntaxat
989 2653 1188 2709 debere
1224 2655 1472 2727 intelligi,
1500 2675 1605 2728 qua
1637 2676 1771 2728 gau-

182 2737 316 2794 dent
350 2741 627 2805 homines;
681 2743 774 2798 sed
818 2742 966 2797 illam
1009 2745 1175 2799 etiam
1208 2762 1314 2817 qua
1357 2750 1533 2820 angeli
1578 2761 1632 2806 et
1665 2752 1770 2807 dac-

184 2845 381 2887 mones
422 2833 722 2889 fruuntur:
756 2851 880 2889 nam
927 2849 1028 2905 par
1068 2852 1189 2895 esse
1236 2842 1376 2909 apud
1428 2858 1617 2899 omnes
1653 2844 1770 2900 illos

182 2921 342 2977 liberi
376 2923 467 2991 jus
494 2932 549 2980 et
585 2941 738 2980 usum
775 2926 989 2982 arbitrii
1027 2934 1341 2989 sexcenties
1372 2939 1728 2991 asseveravit.

251 3014 347 3073 Ill.
383 3015 671 3074 Cornelius
701 3018 1013 3092 Jansenius,
1056 3026 1109 3079 in
1146 3025 1286 3081 libro
1331 3028 1416 3081 cui
1447 3028 1635 3083 titulus
1660 3032 1769 3082 Au-

179 3110 454 3176 gustinus,
490 3122 776 3182 postquam
828 3117 966 3172 libro
1005 3120 1243 3173 secundo
1288 3121 1417 3174 torni
1471 3123 1672 3190 prioris
1701 3141 1766 3178 ex

179 3199 387 3271 Pelagii
419 3201 949 3276 Pelagianorumque
971 3209 1154 3263 verbis
1179 3212 1257 3265 sic
1287 3211 1432 3279 ipsos
1459 3214 1767 3268 decrevisse

180 3294 373 3350 multis
402 3299 676 3364 probavit,
726 3299 940 3355 arbitrii
987 3301 1209 3355 ltttmani
1257 3301 1563 3357 libertatem
1608 3305 1767 3360 indif-

176 3384 382 3439 ferenti
418 3388 651 3455 quadam
703 3399 972 3459 potestate
1004 3401 1254 3448 constare
1277 3436 1293 3459 ,
1334 3394 1665 3450 asciscenda:
1714 3405 1767 3452 et

176 3478 448 3549 eligenda:
497 3481 575 3535 rei
625 3483 785 3537 unius
818 3484 884 3539 de
939 3485 1208 3555 pluribus,
1251 3503 1414 3557 quam
1449 3505 1556 3543 uno
1602 3491 1767 3544 verbo

174 3574 583 3641 possibilitatem
622 3576 995 3645 appellarunt,
1048 3579 1187 3635 libro
1229 3582 1426 3637 deinde
1477 3592 1631 3637 sexto
1681 3598 1766 3637 se-

176 3665 391 3733 quenti,
426 3680 551 3735 cap.
588 3667 656 3721 13
686 3677 738 3722 et
768 3668 853 3734 15,
883 3668 1233 3740 Pelagianam
1265 3674 1511 3728 haeresim
1548 3675 1614 3729 ab
1648 3673 1767 3729 Orio

175 3772 313 3825 gene
365 3759 767 3824 prmformatam
810 3760 976 3817 fuisse
1030 3778 1092 3818 ac
1146 3764 1474 3819 delineatam
1528 3766 1759 3832 scribit;

175 3848 430 3916 hancque
458 3848 593 3903 adeo
639 3849 910 3907 libertatis
942 3852 1310 3909 definitionem
1341 3870 1406 3909 ex
1452 3852 1568 3923 ejus
1596 3856 1759 3910 fonti.

174 3938 273 3992 bus
305 3939 366 3991 in
402 3936 604 4007 Pelagii
648 3938 871 3995 lacunas
910 3942 1251 4011 profluxisse,
1300 3953 1463 4011 atqtte
1508 3944 1631 3998 inde
1682 3953 1763 3998 to-

178 4039 284 4084 tam
318 4030 531 4103 Pelagii
566 4033 816 4088 hmresim
859 4037 1117 4104 pendere.
1156 4035 1278 4090 Veri
1311 4037 1531 4107 quidem
1585 4038 1762 4091 simile

172 4120 298 4175 illud
335 4132 506 4188 esset,
544 4124 588 4177 si
622 4134 750 4178 ante
799 4123 1075 4194 Pelagium
1109 4142 1247 4181 unus
1280 4126 1437 4193 lmjus
1484 4127 1760 4197 opinionis

172 4214 511 4268 architectus
557 4215 751 4270 fuisset
801 4225 856 4270 et
906 4224 1275 4285 propugnator
1318 4214 1621 4287 Origenes;
1670 4232 1761 4271 ve-

170 4320 288 4359 rum
325 4313 387 4358 ut
415 4304 622 4358 claram
657 4314 863 4361 natura:
913 4322 1103 4362 vocem
1153 4309 1585 4377 praetermittam,
1637 4322 1759 4378 quae

171 4404 281 4448 tum
316 4410 420 4451 nos
454 4396 655 4451 liberos
685 4412 806 4452 esse
838 4399 1053 4463 suadet,
1079 4414 1201 4453 cum
1234 4398 1318 4454 vel
1347 4414 1511 4470 agere
1533 4399 1617 4454 vel
1650 4415 1755 4455 non

170 4505 359 4561 agere,
388 4500 445 4544 et
468 4505 587 4560 quze
615 4492 815 4558 optima
857 4491 924 4545 de
960 4491 1143 4545 multis
1175 4492 1358 4546 animo
1393 4491 1754 4557 decrevimus,

1886 2004 2158 2075 insignem
2190 2003 2336 2059 hunc
2371 2005 2554 2059 attulit
2577 2005 2947 2061 Ecclesiastici
2977 2005 3152 2060 locum
3176 2004 3220 2036 ⁸⁷
3246 2022 3260 2059 :
3298 2022 3318 2056 ι
3348 2003 3469 2073 Ipse

1881 2099 1949 2152 ab
1981 2097 2137 2152 initio
2163 2097 2295 2153 fecit
2326 2097 2500 2164 illum,
2538 2108 2590 2153 et
2631 2098 2851 2169 reliquit
2882 2097 3030 2152 illum
3063 2098 3115 2151 in
3144 2112 3305 2151 manu
3334 2113 3468 2151 cun-

1882 2188 1989 2244 silii
2029 2190 2135 2243 sui.
2173 2188 2230 2244 Si
2276 2188 2534 2255 volueris,
2576 2190 2928 2245 conservabis
2974 2190 3251 2254 mandata,
3295 2198 3351 2244 et
3399 2189 3468 2244 fi-

1880 2282 2000 2337 dem
2041 2282 2239 2337 bonam
2265 2282 2471 2353 placiti.
2506 2284 2755 2352 Apponet
2790 2284 2884 2339 tibi
2922 2283 3100 2352 ignem
3130 2291 3188 2339 et
3217 2296 3461 2351 aquam:

1877 2375 1943 2428 ad
1978 2376 2339 2444 quodcunque
2382 2376 2623 2430 volueris
2660 2377 2891 2431 extende
2936 2391 3155 2430 tnantttn
3189 2386 3357 2432 tttattt.
3400 2373 3461 2428 In

1878 2476 2170 2535 conspectu
2222 2469 2463 2524 hominis
2501 2469 2609 2523 vita
2665 2479 2721 2523 et
2771 2485 2953 2534 mors;
2995 2479 3053 2523 et
3099 2469 3464 2538 quodcunque

1878 2556 2160 2626 placuerit,
2218 2559 2437 2612 dabitur
2484 2559 2568 2623 ei,
2607 2578 2627 2612 ι
2680 2560 2939 2614 continuo
2988 2560 3102 2614 haec
3146 2560 3459 2615 subnectit:

1880 2664 1899 2699 ο
1935 2647 2073 2703 Ecce
2108 2650 2451 2720 apertissime
2476 2650 2725 2705 videmus
2750 2664 3068 2719 expressum
3102 2650 3331 2705 liberum
3360 2649 3464 2703 htt-

1872 2753 2047 2793 mana:
2089 2739 2385 2794 voluntatis
2431 2742 2751 2796 arbitrium.
2789 2760 2809 2793 ι
2867 2740 3106 2811 Longam
3147 2740 3345 2797 deinde
3391 2739 3460 2795 ad

1874 2830 2017 2884 idem
2061 2832 2528 2899 comprobandum
2578 2833 2848 2902 depromit
2892 2849 2923 2887 e
2970 2831 3122 2887 Novo
3167 2847 3233 2886 ac
3278 2830 3462 2886 Veteri

1874 2923 2229 2977 Testamento
2281 2923 2716 2978 testimoniorum
2764 2923 2985 2987 seriem,
3034 2924 3087 2977 in
3135 2923 3330 2992 quibus
3363 2924 3460 2977 ho-

1874 3017 2002 3071 mini
2034 3016 2203 3069 edicit
2238 3016 2403 3081 Deus,
2433 3025 2493 3070 ut
2527 3017 2665 3072 nolit
2700 3017 2766 3091 ad
2810 3017 2939 3071 vitia
2972 3018 3252 3081 converti;
3292 3027 3459 3087 atque

1869 3124 1931 3161 ea
1966 3112 2180 3163 demum
2230 3110 2317 3164 his
2361 3110 2541 3163 verbis
2585 3109 2816 3163 claudit:
2860 3127 2880 3160 ι
2933 3109 3137 3179 Nempe
3178 3110 3268 3164 ubi
3317 3110 3455 3163 dici-

1874 3209 1993 3263 tur,
2041 3198 2167 3252 Noli
2196 3200 2317 3265 hoc,
2365 3208 2420 3254 ct
2447 3200 2556 3253 noli
2584 3200 2744 3265 illud,
2785 3209 2841 3254 et
2882 3201 2972 3255 ttbi
3005 3202 3071 3255 ad
3118 3201 3323 3269 aliquid
3370 3200 3454 3254 fa-

1874 3291 2151 3355 ciendum,
2181 3299 2234 3345 et
2270 3306 2376 3345 non
2408 3291 2716 3345 faciendum
2753 3293 2804 3345 in
2840 3292 3040 3345 divinis
3071 3292 3292 3347 monitis
3319 3307 3455 3361 Opus

1874 3383 2175 3438 voluntatis
2201 3383 2458 3454 exigitur,
2492 3387 2626 3439 satis
2655 3382 2884 3437 liberum
2920 3383 3333 3439 demonstratur
3364 3398 3457 3437 ar-

1872 3476 2111 3530 bitrium.
2153 3493 2173 3527 ι

1941 3566 2122 3620 Mirari
2155 3582 2322 3633 porro
2350 3566 2500 3647 subit
2526 3566 2823 3638 quomodo,
2854 3566 3057 3622 oblitus
3080 3566 3448 3636 superiorum,

1870 3656 2159 3713 Jansenius
2209 3659 2454 3728 ejusdem
2510 3658 2760 3729 Origeuis
2824 3658 3150 3713 auctoritate
3216 3658 3451 3727 probare

1866 3750 2205 3805 contenderit
2239 3760 2371 3805 tom.
2407 3749 2492 3814 Ill,
2528 3751 2619 3805 lib.
2653 3767 2728 3815 vt,
2760 3766 2883 3820 cap.
2931 3750 3016 3815 1‘2,
3053 3750 3440 3805 necessitatem

1866 3841 2102 3896 libertati
2132 3859 2236 3897 non
2271 3858 2594 3913 repugnare,
2625 3844 2718 3897 sed
2750 3844 2917 3897 solam
2957 3844 3303 3897 coactioucm
3326 3880 3341 3895 .
3367 3841 3448 3896 Eo

1868 3949 2061 4003 nempe
2085 3935 2255 3989 utitttr
2278 3935 2393 3991 loco
2418 3952 2448 3989 e
2472 3936 2738 4005 prooemio
2766 3936 3028 3988 librorum
3054 3935 3195 4003 Περὶ
3221 3932 3448 4003 ἀρχῶν,

1865 4028 2111 4082 num.5:
2153 4045 2173 4078 ι
2224 4027 2318 4082 Est
2357 4036 2413 4082 et
2454 4028 2583 4081 illttd
2634 4027 2915 4082 definitum
2977 4028 3029 4081 in
3071 4026 3447 4082 ecclesiastica

1862 4120 2273 4188 praedicatione,
2319 4136 2535 4174 onmem
2600 4119 2835 4173 animam
2891 4118 3270 4175 rationabilem
3322 4134 3448 4174 esse

1861 4211 2015 4267 liberi
2058 4210 2266 4267 arbitrii
2306 4224 2362 4267 et
2410 4210 2741 4268 voluntatis:
2774 4227 2892 4266 esse
2933 4227 3147 4282 quoque
3183 4213 3231 4267 ei
3266 4222 3450 4266 certa-

1862 4319 1983 4358 men
2026 4308 2290 4360 adversus
2342 4306 2638 4373 diabolum,
2691 4317 2743 4360 et
2780 4305 3003 4377 angelus
3048 4305 3185 4375 ejus,
3220 4315 3447 4359 contra-

1862 4396 2080 4466 riasque
2123 4396 2375 4464 virtutes,
2411 4412 2476 4451 ex
2510 4412 2575 4452 eo
2604 4401 2745 4467 quod
2781 4398 2853 4452 illi
2893 4398 3134 4467 peccatis
3161 4412 3281 4452 eam
3312 4411 3447 4451 one—

1862 4503 1986 4541 rare
2037 4490 2409 4543 contendant:
2468 4505 2568 4545 nos
2619 4504 2747 4546 vero
2782 4491 2841 4545 si
2892 4501 3037 4544 recte
3085 4489 3453 4558 consulteque

169 4581 424 4653 amplecti
480 4596 808 4651 possumus;
865 4591 921 4635 ut
965 4582 1267 4652 priscorum
1313 4582 1753 4652 philosophorum
1791 4606 1833 4661 ο
1861 4576 2123 4644 vivamus,
2157 4577 2551 4645 abhujusmodi
2583 4594 2749 4635 onere
2789 4597 2886 4636 nos
2922 4594 3121 4635 exuere
3159 4594 3444 4633 conemur.

172 4674 557 4727 auctoritatem
601 4674 889 4743 negligam,
924 4674 1015 4742 qui
1050 4674 1345 4743 diligenter
1382 4675 1654 4744 exquisita
1688 4676 1753 4729 li-

170 4766 398 4820 bertatis
431 4775 646 4832 natura,
704 4768 843 4821 hanc
889 4767 944 4821 itt
988 4781 1053 4821 eo
1108 4768 1248 4837 ipso,
1301 4769 1444 4837 quod
1496 4770 1751 4835 diximus,

168 4857 402 4924 positam
439 4856 818 4921 declararunt;
856 4854 1196 4928 Origcnianm
1227 4861 1509 4914 sententia!
1540 4871 1753 4930 poterat

170 4960 285 5022 esse
316 4950 593 5017 praesidio,
630 4966 733 5002 non
762 4949 1012 5019 Gregorii
1055 4952 1229 5005 solum
1262 4952 1586 5007 Nazianzeui
1619 4968 1751 5007 con—

144 5037 386 5100 sensus,
421 5055 527 5093 non
558 5040 830 5095 Ambrosii
884 5052 935 5096 cl
995 5042 1205 5108 Hilarii,
1262 5042 1600 5112 aliorumque
1652 5044 1751 5099 Pa-

171 5139 308 5185 trum
337 5136 576 5203 quorum
605 5136 913 5189 testimonia
943 5136 1279 5205 collegerunt
1301 5137 1426 5200 alii;
1454 5153 1558 5190 non
1578 5139 1750 5192 Arau-

169 5224 337 5279 sicani
388 5225 629 5290 concilii,
707 5240 810 5279 non
871 5225 1175 5280 Tridentqu
1247 5242 1517 5294 canones;
1568 5235 1660 5285 sed
1704 5232 1749 5285 is

169 5318 354 5383 etiam,
386 5334 547 5386 quem
578 5333 741 5372 unum
773 5333 897 5373 esse
921 5319 1032 5372 vult
1065 5317 1357 5373 Jansenius
1385 5321 1749 5375 concertatio-

172 5411 251 5463 nis
293 5411 452 5478 hujus
506 5411 795 5479 arhitrnm,
851 5412 1222 5482 Augustinus,
1274 5427 1546 5481 quemque
1601 5414 1743 5468 nulla

169 5504 440 5570 opinionis
475 5503 638 5572 hujus
675 5505 903 5575 vestigia
954 5506 1243 5576 reliquisse
1294 5507 1513 5561 disertis
1565 5508 1746 5562 verbis

170 5595 364 5649 asserit
395 5605 527 5649 tom.
576 5595 662 5656 lll,
699 5596 790 5651 lib.
826 5612 898 5659 vt,
937 5613 1056 5667 cap.
1097 5599 1130 5652 8
1162 5608 1216 5652 et
1259 5598 1311 5652 9.
1343 5596 1476 5651 Nam
1509 5599 1748 5668 quoties-

175 5700 385 5755 cunque
436 5686 521 5740 vel
559 5685 839 5751 Pelagium
891 5697 1186 5759 oppugnat,
1230 5689 1312 5745 vcl
1360 5704 1479 5744 cum
1535 5686 1746 5746 Juliano

239 5867 285 5899 ⁸⁷
314 5868 447 5939 Cap.
495 5884 581 5934 xv,
622 5869 685 5924 1-1
728 5885 845 5941 seq.

1867 4664 2020 4723 Unde
2049 4677 2103 4721 et
2126 4683 2472 4738 consequens
2497 4681 2579 4724 est
2623 4671 2945 4742 intelligere,
2981 4687 3085 4726 non
3117 4686 3217 4725 nos
3252 4686 3443 4725 necets-

1864 4759 2011 4813 sitati
2039 4773 2161 4815 esse
2207 4762 2502 4831 subjectos,
2550 4772 2607 4816 ut
2645 4766 2791 4818 omni
2834 4765 3017 4829 modo,
3056 4762 3267 4818 etiamsi
3303 4761 3444 4815 noli-

1863 4870 2004 4920 mus,
2048 4854 2133 4909 vel
2169 4856 2305 4909 mala
2342 4858 2422 4910 vel
2474 4860 2612 4912 bona
2667 4873 2825 4929 agere
2869 4873 3148 4928 cogamur.
3188 4856 3244 4910 Si
3295 4856 3452 4910 enim.

1861 4948 2032 5002 nostri
2065 4949 2274 5003 arbitrii
2318 4964 2531 5015 sumus,
2577 4950 2895 5020 impugnare
2924 4966 3022 5005 nos
3053 4950 3285 5005 fortasse
3317 4965 3457 5019 pos--

1858 5050 1984 5096 sunt
2030 5041 2223 5111 aliqua:
2255 5043 2480 5096 virtutes
2526 5042 2592 5097 ad
2642 5055 2946 5113 peccatum,
2988 5054 3042 5097 et
3090 5043 3210 5096 ali-.e
3245 5042 3451 5108 juvare

1858 5135 1923 5187 ad
1978 5134 2250 5189 salutem.
2314 5151 2416 5189 non
2453 5145 2629 5189 tamett
2688 5138 3011 5192 necessitate
3053 5135 3299 5207 cogimur
3351 5136 3443 5191 vel

1857 5240 2017 5297 agere
2047 5237 2211 5289 recte,
2266 5226 2347 5280 vel
2402 5226 2579 5281 male:
2629 5228 2772 5296 quod
2804 5228 2919 5282 fieri
2951 5229 3308 5293 arbitrantur,
3343 5228 3439 5298 qui

1855 5318 2133 5373 stellarum
2174 5332 2395 5373 cursum
2429 5330 2485 5374 et
2519 5331 2719 5387 matus,
2769 5337 2989 5376 causam
3024 5322 3215 5377 dicunt
3244 5325 3437 5378 huma-

1856 5426 2049 5464 norum
2099 5426 2220 5466 esse
2270 5423 2547 5480 gestorum
2597 5428 2703 5468 non
2745 5415 2920 5469 solum
2969 5429 3156 5469 eorum
3188 5430 3308 5485 qua:
3336 5431 3437 5470 ex-

1854 5511 1934 5557 tra
1973 5504 2183 5558 arbitrii
2237 5506 2492 5560 accidunt
2539 5506 2848 5562 libertatem
2878 5549 2893 5575 ,
2940 5508 3032 5563 sed
3080 5522 3266 5563 eorum
3314 5524 3439 5577 quae

1854 5597 1907 5652 in
1950 5604 2129 5650 nostra
2172 5606 2301 5650 sunt
2346 5597 2522 5664 posita
2559 5607 2847 5668 potestate.
2884 5620 2903 5652 ι
2939 5601 3051 5657 llac
3087 5601 3433 5656 necessitatis

1857 5690 2099 5761 cogentis
2135 5706 2262 5748 voce
2294 5690 2589 5762 significari
2623 5703 2775 5765 putat
2804 5692 3093 5752 Janscnius
3119 5695 3226 5750 vim
3259 5695 3431 5763 ibam:
