3898 6528
464 390 573 448 923

1664 412 1675 421 ο
1765 383 1828 440 ι).
1873 378 2450 465 nANtELtquE'm

3594 379 3687 436 ω

472 518 593 577 qua:
617 505 730 561 sola
764 505 1069 560 libertatem
1106 500 1386 572 infringat,
1422 515 1544 557 cum
1582 515 1700 559 eam
1748 512 1924 557 tamen
1956 502 2038 556 in-
2067 508 2111 564 Α
2140 516 2297 557 cuum
2335 503 2429 557 fit:
2462 500 2611 557 addit
2643 508 2698 557 et
2725 500 2871 556 aliud
2897 516 2928 559 ο
2955 500 3049 558 lib.
3071 516 3125 556 vr
3155 503 3213 557 in
3234 499 3403 572 Epist.
3443 502 3513 554 ad
3546 500 3683 554 Rata.

470 596 735 652 tellexerit
791 594 1065 664 Origenes
1125 592 1544 657 necessitatem,
1602 607 1763 663 quam
1821 603 2036 648 tuentur

474 706 494 740 ι
530 688 619 757 qui
648 687 923 741 stellarum
973 700 1212 747 cursum,
1256 694 1311 739 et
1348 693 1545 751 motus,
1581 700 1799 741 causam
1847 686 2036 741 dicunt

472 781 831 835 humanorum
867 792 988 833 esse
1010 786 1282 847 gestorum
1309 792 1324 828 2
1369 796 1387 830 ο
1422 793 1527 830 non
1552 788 1831 847 cogentem
1856 788 2033 833 ιιιιιθιιι

467 873 866 934 necessitatem,
900 871 992 924 sed
1018 870 1318 939 simplicem
1350 879 1407 924 et
1440 869 1794 925 voluntariam
1822 872 2034 927 actibus

464 961 721 1016 humanis
783 959 1087 1015 inferebant
1123 959 1418 1029 astrologi;
1481 961 1857 1014 necessitatem
1904 976 2035 1031 ergo

463 1053 768 1122 simplicem
803 1063 857 1107 et
891 1052 1255 1106 voluntariam
1291 1052 1393 1104 hoc
1429 1050 1547 1105 loco
1576 1050 1835 1120 Origenes
1869 1052 2034 1105 liber-

468 1145 570 1200 tati
604 1145 875 1213 opposuit.
915 1144 1033 1197 Pari
1070 1145 1423 1212 responsione
1460 1160 1649 1214 parem
1685 1143 1930 1210 Origenis
1961 1144 2036 1196 Io-

472 1249 597 1289 cum
634 1249 755 1289 cum
782 1233 1105 1304 prmecdcnti
1127 1234 1396 1304 objectum
1430 1235 1740 1290 sustinebis.
1769 1233 1846 1287 En
1884 1232 2033 1288 illum

464 1341 498 1380 e
538 1326 675 1380 libro
713 1340 764 1379 vr
797 1328 849 1379 in
885 1324 1053 1392 Epist.
1099 1325 1167 1377 ad
1241 1324 1418 1392 liam,
1458 1341 1604 1378 num.
1642 1324 1713 1379 ὃς
1755 1343 1774 1375 ι
1812 1323 2035 1379 Constat

464 1432 596 1487 ergo
625 1431 689 1471 ex
728 1417 812 1471 bis
844 1417 1040 1479 verbis,
1076 1417 1271 1483 quibus
1312 1416 1511 1470 Paulus
1548 1417 1676 1471 dicit
1715 1433 1729 1469 :
1767 1415 1904 1479 Quia
1947 1416 2033 1469 cui

464 1505 719 1558 exhibetis
768 1520 853 1558 vos
886 1521 1060 1557 servos
1107 1505 1172 1557 ad
1212 1505 1578 1569 obediendmn,
1614 1509 1746 1560 servi
1780 1508 1905 1559 estis
1948 1505 2035 1559 cui

465 1597 738 1660 obedistis,
775 1598 880 1651 sive
909 1600 1130 1666 peccati,
1174 1598 1277 1651 sive
1312 1597 1536 1667 justitice
1571 1599 1638 1665 ³⁸,
1685 1599 1808 1668 quia
1845 1608 2036 1667 sponte

466 1700 651 1743 nostra
697 1688 798 1758 ipsi
866 1705 966 1743 nos
1008 1690 1366 1754 exhibemus,
1431 1692 1576 1745 nullo
1635 1700 1901 1761 cogente,
1948 1692 2035 1747 vel

463 1790 693 1849 peccato
739 1781 967 1846 servire,
1022 1782 1101 1836 vel
1132 1782 1355 1850 iustitiae
1406 1799 1503 1852 per
1540 1785 1901 1839 obedientiam
1933 1799 2032 1838 no-

466 1879 638 1924 stram
666 1887 681 1923 :
723 1881 778 1925 et
810 1870 931 1926 ideo
958 1886 1171 1941 semper
1200 1874 1392 1927 hormn
1419 1875 1731 1950 meminisse
1756 1875 2031 1942 debemus,

467 1973 536 2014 ne
568 1961 755 2015 inanes
789 1962 1036 2031 querelas
1069 1962 1118 2015 in
1164 1965 1367 2032 peccati
1408 1966 1759 2020 excusatione
1788 1966 2032 2034 profera-

465 2066 625 2116 mus,
672 2055 814 2122 quod
867 2055 1113 2108 diabolus
1152 2055 1357 2134 fecerit
1402 2067 1458 2111 ut
1510 2073 1888 2125 peecaremus,
1943 2072 2036 2115 aut

465 2153 674 2198 natura:
703 2146 1021 2213 necessitas,
1063 2154 1157 2201 aut
1200 2148 1379 2203 fatalis
1419 2150 1678 2215 conditio,
1715 2162 1807 2205 aut
1843 2168 2035 2209 cursus

465 2246 736 2290 astrorum
772 2237 994 2292 efficiat.
1033 2256 1053 2290 ι
1102 2237 1323 2294 Coactio
1360 2241 1544 2295 itidem
1580 2256 1641 2295 ea
1692 2242 2033 2313 intelligenda

467 2327 555 2381 hic
601 2338 704 2392 est,
733 2344 892 2397 quam
928 2329 1105 2383 fatalis
1153 2330 1419 2395 conditio,
1454 2342 1795 2389 astrorumve
1842 2351 2034 2391 cursus

465 2416 669 2480 efﬁcit;
710 2435 828 2487 qua:
856 2420 988 2473 nihil
1022 2435 1151 2474 sane
1190 2422 1335 2475 aliud
1378 2432 1483 2486 est,
1528 2439 1689 2492 quam
1742 2427 2035 2481 necessitas

464 2509 721 2576 simplex,
758 2519 812 2563 et
842 2511 1121 2566 voluntate
1163 2514 1476 2581 conjuncta.
1524 2514 1674 2570 Hanc
1726 2518 2035 2586 responsio-

464 2614 587 2653 nem
623 2614 653 2652 a
694 2600 950 2669 Dionysio
979 2601 1202 2655 Petavio
1233 2603 1333 2658 lib.
1366 2620 1427 2659 ιιι
1458 2604 1533 2659 De
1566 2606 1741 2675 opiﬁc.
1771 2623 1862 2660 sea:
1897 2610 2031 2664 dier.

466 2690 729 2743 adversus
758 2689 997 2746 Jansenii
1028 2695 1323 2762 petitiones
1350 2698 1648 2765 oppositam
1687 2712 1753 2751 eo
1782 2698 2036 2754 libentius

466 2793 815 2847 usurpamus,
854 2784 997 2851 quod
1043 2800 1379 2854 quaecunque
1424 2785 1537 2841 fere
1579 2788 1645 2841 de
1689 2787 1859 2843 libero
1885 2790 2035 2844 arbi-

470 2871 578 2924 trio
626 2874 856 2940 sparsim
912 2876 1134 2930 tradidit
1176 2876 1472 2947 Origenes,
1515 2893 1579 2932 ea
1625 2878 1734 2934 fere
1780 2881 2035 2935 adversus

468 2963 907 3030 Valentinianos,
964 2966 1345 3036 Marcionitas,
1416 2969 1657 3039 aliosque
1720 2971 2032 3040 hmreticos,

465 3055 659 3120 fatum,
698 3067 989 3128 aptamque
1020 3074 1086 3114 ex
1120 3060 1391 3116 sideribus
1428 3063 1809 3117 necessitatem
1838 3080 2035 3134 pr0pu-

2141 592 2346 659 Quibus
2371 604 2674 648 attexemus
2700 602 2754 647 et
2803 592 2930 647 illud
2974 608 3006 647 e
3052 592 3147 647 lib.
3198 608 3253 648 ιιι
3304 591 3445 661 Περὶ
3476 591 3683 660 ἀρχῶν,

2140 700 2259 753 cap.
2299 686 2354 749 5,
2394 702 2540 740 num.
2574 685 2647 740 ιε
2682 701 2705 738 ι
2748 684 2880 738 Boni
2921 699 3052 739 vero
3080 685 3304 754 spiritus
3346 686 3554 753 recepit
3579 685 3687 752 quis

2151 775 2446 845 energiam,
2470 775 2522 830 id
2577 784 2660 831 est
2695 775 3143 845 inoperationem,
3191 790 3313 830 cum
3370 784 3619 829 moretur
3642 785 3687 827 et

2134 878 2455 937 provocatur
2481 870 2545 922 ad
2582 870 2742 932 bona,
2789 878 2843 925 et
2888 868 3179 936 inspiratur
3233 869 3298 922 ad
3335 867 3582 925 cmleStia
3618 867 3688 920 vel

2134 960 2310 1014 divina
2342 978 2356 1016 :
2388 962 2531 1015 sicut
2560 963 2728 1016 sancti
2764 961 2937 1031 angeli
2971 970 3025 1016 et
3060 962 3171 1029 ipse
3206 961 3346 1016 Deus
3390 962 3690 1030 inoperatcs

2133 1060 2215 1106 est
2264 1051 2317 1105 in
2364 1051 2655 1121 prephetis,
2698 1052 3126 1122 suggestionibus
3153 1052 3353 1107 sanctis
3388 1053 3458 1105 ad
3482 1053 3688 1107 meliora

2135 1157 2438 1212 provocans
2461 1152 2517 1197 et
2545 1145 2871 1209 cohortaris;
2907 1143 2979 1198 ita
3009 1158 3140 1199 sane
3167 1156 3225 1198 ut
3256 1154 3510 1199 maneret
3538 1146 3590 1197 in
3618 1161 3694 1198 ar-

2135 1234 2299 1288 bitrio
2340 1234 2576 1290 hominis
2617 1250 2681 1289 ac
2704 1235 2932 1303 judicio,
2980 1237 3024 1291 si
3065 1237 3221 1307 sequi
3267 1237 3399 1291 velit
3435 1246 3535 1290 aut
3573 1237 3693 1291 nolit

2133 1326 2201 1379 ad
2236 1326 2478 1381 cwlestia
2508 1336 2563 1380 et
2591 1325 2773 1380 divina
2807 1337 3219 1397 provocantem.
3256 1346 3276 1380 ι
3313 1328 3421 1382 Sed
3458 1329 3590 1397 quid
3622 1330 3695 1385 his

2138 1417 2457 1486 colligendis
2499 1419 2872 1486 immorantur,
2907 1435 3028 1473 cum
3063 1420 3214 1488 plura
3261 1421 3427 1474 etiam
3470 1435 3693 1490 conges-

2132 1510 2267 1564 serit
2301 1509 2588 1566 Jansenius
2624 1521 2756 1566 tom.
2789 1510 2843 1576 Ι,
2872 1511 2966 1565 lib.
3006 1527 3082 1576 vr,
3118 1528 3242 1582 cap.
3283 1512 3367 1573 15.
3416 1520 3477 1565 ιιι
3521 1522 3695 1566 οειαιο

2134 1601 2285 1656 deret
2324 1600 2376 1655 in
2423 1600 2784 1656 indifferentia
2815 1602 2881 1656 ad
2931 1604 3131 1656 bonum
3174 1611 3230 1657 et
3286 1603 3518 1669 malum,
3570 1604 3693 1660 citra

2136 1693 2296 1747 ullam
2327 1692 2735 1756 necessitatem,
2772 1692 2927 1747 liberi
2958 1694 3167 1748 arbitrii
3196 1703 3448 1749 naturam
3485 1695 3559 1749 ab
3585 1694 3693 1751 Ori-

2135 1798 2270 1853 gene
2301 1784 2466 1839 fuisse
2486 1782 2856 1839 collocatam?
2885 1802 2903 1835 ι
2930 1783 3283 1853 Gravissime,
3310 1786 3511 1856 inquit,
3543 1785 3695 1841 fuisse

2137 1878 2496 1945 reprehensos
2535 1876 2603 1930 ab
2635 1875 2939 1945 Augustino
2991 1875 3305 1947 Pelagianos
3358 1888 3593 1947 pr0pter
3636 1880 3693 1931 il-

2135 1967 2238 2022 lam
2295 1967 2704 2023 inamissibilem
2762 1978 2816 2023 et
2861 1970 3015 2038 quasi
3062 1969 3405 2024 essentialem
3459 1970 3515 2025 in
3559 1970 3693 2023 omni

2135 2069 2277 2117 Statu
2330 2059 2483 2115 liberi
2543 2060 2756 2114 arbitrii
2815 2061 3233 2117 indiﬂ‘erentiam
3281 2062 3347 2116 ad
3398 2062 3605 2117 bonum
3647 2070 3697 2115 et

2137 2153 2358 2217 malum,
2408 2153 2796 2223 exclusamque
2833 2154 3056 2208 alterius
3096 2154 3265 2222 partis
3298 2153 3695 2215 necessitatem,

2136 2259 2199 2299 ex
2235 2245 2300 2299 iis
2328 2260 2449 2313 qua:
2483 2245 2625 2315 libro
2662 2244 2900 2299 secundo
2941 2244 3177 2298 dicimus
3210 2243 3438 2313 intelligi
3485 2251 3695 2312 potest:

2136 2337 2248 2390 haec
2304 2345 2389 2390 est
2438 2336 2583 2392 enim
2630 2336 2794 2390 totius
2846 2335 3155 2403 Pelagiana:
3215 2344 3512 2389 structura.-
3565 2334 3701 2389 basis

2136 2442 2273 2496 pene
2315 2429 2607 2497 prtecipua.
2648 2427 2751 2481 Sed
2799 2427 2943 2481 illam
2993 2425 3253 2496 Origenes
3300 2425 3561 2481 omnibus
3611 2441 3700 2478 nuo

2137 2518 2301 2572 meris
2329 2517 2627 2572 absolutam
2662 2517 2902 2573 tradidit.
2934 2517 3119 2585 Usque
3149 2517 3282 2571 adeo
3306 2532 3550 2586 namque
3588 2517 3701 2585 phi-

2139 2609 2428 2680 losophica:
2476 2610 2631 2665 istius
2661 2610 2931 2665 libertatis
2968 2609 3271 2663 admirator
3298 2619 3354 2661 et
3393 2608 3703 2662 indiﬂ'ereu-

2139 2702 2227 2756 tite
2271 2701 2338 2756 ad
2386 2701 2587 2755 bonum
2634 2710 2688 2756 et
2748 2700 2947 2755 malum
2997 2710 3259 2769 patronus
3315 2700 3459 2766 fuit,
3515 2710 3579 2753 ut
3623 2700 3701 2754 illa

2136 2790 2353 2846 sublata
2403 2789 2577 2844 brutis
2621 2797 2714 2843 aut
2759 2788 3026 2859 lapidibus
3073 2788 3348 2844 hominem
3401 2804 3703 2843 accenseo-

2136 2882 2261 2936 dum
2308 2896 2431 2936 esse
2475 2882 2810 2936 decerneret.
2854 2898 2873 2933 ι
2906 2880 3045 2933 Idem
3075 2895 3291 2951 quoque
3338 2878 3567 2950 Origeni
3620 2896 3708 2933 su-

2138 2972 2318 3039 perius
2363 2970 2788 3041 exprobraverat
2823 2978 2953 3023 tom.
2996 2970 3038 3035 Ι,
3072 2968 3167 3023 lib.
3200 2985 3262 3032 ll,
3312 2984 3439 3038 cap.
3485 2970 3522 3023 ι
3554 2978 3604 3023 et
3653 2970 3702 3022 5.

2139 3062 2292 3127 Quod
2340 3062 2385 3116 si
2432 3061 2597 3131 igitur
2625 3060 2692 3115 ab
2733 3074 2797 3114 eo
2842 3059 3083 3130 profecta
3117 3068 3200 3114 est
3243 3059 3360 3114 haec
3413 3059 3603 3128 opinio
3647 3060 3707 3112 de

471 3155 701 3213 guantes
744 3150 1107 3216 proposuerit.
1166 3151 1222 3205 In
1269 3165 1425 3205 suam
1465 3168 1679 3222 quoque
1714 3157 2032 3209 sententiam
2061 3173 2103 3231 ρ
2141 3163 2331 3207 natura
2365 3152 2632 3206 libertatis
2661 3151 2833 3219 posita
2884 3150 2937 3204 in
2994 3148 3355 3203 indifferentia
3385 3150 3458 3203 ad
3509 3150 3703 3204 bonum

469 3237 688 3291 trahere
724 3248 929 3305 poterat
971 3239 1258 3296 Jausenius
1303 3243 1431 3295 llllld
1464 3242 1712 3313 Origenis
1745 3259 1775 3299 e
1815 3244 1908 3299 lib.
1939 3260 1954 3299 ι
1982 3246 2035 3299 in

468 3327 642 3397 Epist.
684 3330 751 3383 ad
790 3328 938 3384 Rom.
986 3348 1134 3385 num.
1184 3332 1286 3401 l8,
1319 3332 1407 3388 ubi
1454 3335 1625 3402 posita
1671 3335 1850 3390 anima
1882 3338 2033 3406 quasi

466 3418 519 3470 in
570 3418 712 3473 bivio
752 3436 969 3475 carnem
1027 3422 1171 3477 inter
1216 3435 1268 3478 et
1308 3424 1557 3492 spirituum
1585 3464 1600 3487 ,
1654 3436 1705 3479 et
1757 3427 2037 3496 utriusque

464 3508 567 3561 vis:
606 3508 845 3565 fautores
873 3512 1113 3579 angelos,
1147 3513 1264 3567 ait:
1320 3533 1338 3566 (
1383 3513 1498 3568 Non
1529 3515 1672 3568 enim
1710 3517 1761 3569 vi
1807 3531 1893 3571 res
1922 3518 2036 3584 agi-

466 3607 586 3663 tur,
632 3614 804 3668 neque
852 3603 1175 3657 necessitate
1224 3603 1277 3656 in
1318 3603 1544 3657 alteram
1590 3615 1797 3674 partem
1854 3607 2034 3662 anima

466 3689 802 3743 declinatur:
848 3712 867 3744 ι
903 3694 995 3746 sed
1030 3694 1254 3763 pulchre
1288 3694 1624 3765 intelligebat
1655 3694 1943 3753 Jausenius
1966 3715 2034 3755 ex

466 3782 824 3848 sequentibus
860 3783 1273 3851 explicationem
1312 3799 1463 3838 suam
1510 3784 1891 3842 labefactatum
1943 3789 2029 3843 iri.

465 3871 616 3925 Talia
654 3873 768 3927 hazc
809 3883 969 3927 sunt:
1010 3892 1029 3925 ‹
1069 3874 1323 3943 Alioquin
1352 3889 1451 3929 nec
1491 3876 1645 3934 culoa
1690 3876 1761 3940 ei,
1793 3893 1892 3932 nec
1922 3880 2031 3934 vir-

464 3968 551 4014 tus
578 3972 762 4030 posset
789 3963 985 4017 ascribi
1014 3981 1028 4029 ;
1076 3980 1175 4019 nec
1215 3966 1339 4019 boni
1369 3966 1568 4021 electio
1600 3969 1900 4037 praemium,
1934 3984 2035 4025 nec

463 4050 757 4105 declinatio
788 4053 913 4105 mali
950 4054 1271 4122 supplicium
1315 4066 1661 4114 mereretur:
1708 4058 1800 4113 sed
1846 4073 2033 4114 serva-

466 4151 557 4194 tur
590 4143 637 4196 ei
670 4143 722 4196 in
759 4145 1011 4198 omnibus
1041 4145 1263 4202 libertas
1292 4149 1373 4203 sui
1408 4150 1643 4214 arbitrii,
1675 4160 1733 4203 ut
1777 4151 1831 4204 in
1864 4150 2034 4219 quod.

462 4249 681 4303 cunque
708 4235 938 4290 voluerit
971 4236 1082 4305 ipsa
1106 4238 1360 4304 declinet,
1390 4240 1811 4309 sicutscriptum
1842 4241 1989 4296 est"
2014 4258 2028 4297 :

462 4322 603 4378 Ecce
631 4326 785 4394 posui
817 4335 943 4379 ante
979 4326 1172 4380 faciem
1223 4338 1367 4383 tuam
1398 4331 1563 4384 vitam
1602 4341 1657 4387 et
1687 4341 1949 4398 mortem,
1979 4341 2034 4387 et

464 4414 642 4482 ignem
699 4425 755 4469 et
808 4432 1048 4486 aquam:
1103 4438 1121 4471 ι
1173 4435 1295 4473 nam
1352 4421 1397 4476 si
1464 4422 1778 4477 alterutram
1833 4425 2031 4493 eligere

2137 3243 2219 3299 vel
2248 3243 2468 3307 malum,
2495 3242 2714 3296 exclusa
2746 3241 2968 3297 alterius
2996 3241 3166 3311 partis
3192 3243 3546 3306 necessitate,
3580 3256 3706 3308 (ιιιοο

2136 3337 2294 3391 modo
2321 3335 2460 3392 idem
2513 3335 2603 3389 ille
2634 3334 2894 3404 Origenes
2938 3335 3310 3389 necessitatem
3343 3332 3703 3389 voluntariam

2134 3435 2185 3481 et
2219 3426 2515 3494 simplicem
2549 3440 2669 3481 cum
2699 3426 2943 3480 libertate
2979 3425 3302 3495 conjungere
3333 3425 3557 3495 potuit?

2205 3516 2296 3572 ιν.
2328 3516 2526 3571 Verum
2561 3526 2614 3571 ut
2665 3517 2717 3571 in
2760 3516 3063 3570 definienda
3108 3517 3324 3571 arbitrii
3377 3516 3604 3572 humani
3642 3516 3702 3571 li-

2138 3607 2351 3663 bertate
2386 3616 2592 3662 rectum
2628 3605 2732 3659 iter
2767 3606 2940 3659 tenuit
2970 3606 3251 3675 Origenes,
3283 3619 3391 3658 non
3427 3606 3615 3659 itidem
3650 3606 3698 3658 in

2137 3699 2514 3764 distinguenda
2552 3708 2759 3752 natura:
2791 3697 3038 3765 integrae,
3067 3712 3131 3751 ac
3176 3705 3386 3750 natura:
3434 3696 3600 3766 lapsae
3642 3695 3702 3748 lio

2136 3792 2345 3847 hertate
2389 3793 2523 3847 satis
2551 3792 2794 3847 adhibuit
2828 3790 3095 3844 examinis
3135 3797 3189 3842 et
3233 3788 3511 3843 cautionis
3541 3804 3558 3852 ;
3591 3787 3700 3841 nul-

2136 3881 2229 3937 libi
2262 3882 2460 3953 quippe
2490 3884 2780 3938 discrimen
2816 3882 2980 3935 ullum
3026 3881 3167 3934 inter
3209 3888 3503 3948 utramque
3548 3880 3698 3933 liber—

2136 3982 2295 4027 tatem
2339 3974 2407 4028 ab
2441 3989 2507 4029 eo
2541 3975 2845 4029 adhibitum
2900 3972 3161 4041 reperias,
3204 3980 3256 4025 et
3306 3985 3455 4039 saepe
3500 3979 3698 4024 natura:

2133 4063 2373 4128 cuilibet,
2405 4078 2524 4133 qua:
2574 4065 2800 4119 rationis
2830 4076 3052 4132 compos
3073 4061 3164 4126 sit,
3199 4075 3581 4130 quemcunque
3606 4060 3694 4113 de-

2134 4165 2281 4203 mum
2321 4151 2566 4205 ordinem
2614 4153 2809 4223 adepta
2857 4152 2962 4215 sit,
3004 4148 3264 4220 aequalem
3316 4148 3509 4203 tribuit
3548 4148 3694 4202 liberi

2134 4242 2344 4295 arbitrii
2377 4241 2705 4308 facultatem,
2749 4252 2802 4297 et
2833 4256 3010 4306 usum,
3061 4250 3117 4293 ut
3144 4254 3306 4308 supra
3351 4241 3557 4295 dictum
3594 4250 3692 4295 est.

2132 4334 2309 4402 Atque
2346 4332 2393 4388 is
2430 4348 2566 4388 unus
2599 4332 2701 4387 fuit
2744 4348 2776 4389 e
2826 4332 3113 4403 praecipuis
3155 4330 3572 4401 Pelagianorum
3617 4347 3697 4385 er-

2134 4425 2371 4489 roribus,
2418 4425 2641 4495 paribus
2683 4424 2842 4480 liberi
2892 4427 3104 4480 arbitrii
3146 4423 3357 4480 viribus
3407 4424 3693 4487 pollentem

459 4512 639 4572 potest
675 4516 883 4573 partem
914 4508 1128 4571 anima,
1169 4510 1341 4563 neutri
1374 4520 1525 4566 certe
1563 4512 1668 4566 ulla
1708 4516 2030 4570 necessitate
2062 4522 2105 4577 Ι)
2134 4516 2355 4571 tinxisse
2382 4516 2658 4571 hominem
2709 4515 2871 4571 hodie
2904 4527 3239 4582 nascentem,
3274 4518 3507 4587 parique
3541 4513 3697 4587 justi-

460 4594 750 4649 addicitur.
800 4596 1184 4665 Responsionis
1227 4614 1337 4653 sua:
1376 4602 1776 4669 confirmandae,
1808 4615 1866 4660 et
1908 4607 2030 4661 Ori-

461 4685 709 4756 genianae
738 4689 1021 4743 sententia:
1063 4691 1305 4759 apertius
1330 4692 1493 4746 etiam
1530 4692 1862 4751 declaranda:
1901 4712 2026 4765 gra-

459 4779 554 4842 tia,
590 4777 797 4847 aliquot
823 4778 968 4833 addit
1004 4778 1257 4835 Petavius
1286 4780 1403 4849 ejus
1442 4784 1746 4837 testimonia
1780 4800 1847 4839 ex
1875 4785 2021 4841 hom.

455 4870 526 4927 20
560 4872 613 4924 in
640 4870 827 4935 Nune,
862 4871 1057 4940 quibus
1086 4881 1310 4927 vocante
1344 4873 1467 4929 licet
1509 4884 1564 4929 et
1602 4875 1906 4944 pelliciente
1939 4878 2024 4933 iu-

459 4965 658 5019 teriore
689 4965 860 5033 gratia
914 4964 1114 5018 nullam
1152 4964 1305 5021 nobis
1354 4967 1556 5035 imponi
1608 4970 2021 5035 necessitatem,

455 5056 551 5111 sed
603 5057 654 5111 in
712 5061 990 5112 contraria
1041 5058 1172 5111 ferri
1226 5058 1563 5114 voluntatem
1619 5075 1781 5129 posse
1823 5061 2029 5131 perspi-

520 5173 569 5206 ⁸⁸
605 5173 757 5229 Rom.
798 5175 981 5237 V1.16.
1057 5174 1103 5207 "
1134 5174 1299 5230 Eccli.
1326 5190 1413 5241 xv,
1445 5176 1529 5238 17,
1556 5176 1642 5232 18.

529 5289 640 5364 (40)
692 5292 932 5344 Attamen
982 5292 1027 5345 si
1080 5293 1369 5362 perfricare
1424 5294 1638 5347 velimus
1683 5293 1929 5364 frontem,
1981 5304 2030 5349 et

459 5358 737 5429 Origenem
780 5364 959 5430 quovis
995 5358 1224 5427 periculo
1255 5364 1531 5433 defendere
1555 5401 1571 5427 ,
1611 5358 1746 5417 hanc
1783 5358 2031 5419 adhibere

458 5433 763 5502 poterimus
801 5433 1181 5502 erccptionem,
1223 5443 1328 5487 etc.
1381 5432 1498 5486 Non
1550 5449 1875 5502 magnOpere
1927 5436 2031 5488 sibi

462 5499 802 5572 perfricanda
844 5499 1098 5572 frousest
1128 5518 1142 5555 :
1189 5502 1302 5572 ipse
1332 5503 1472 5555 enim
1514 5499 1781 5570 Origenes
1811 5519 2034 5572 expres-

460 5568 538 5638 sis
582 5570 763 5622 verbis
783 5571 1175 5638 _execptiouem
1211 5568 1373 5626 'hanc
1415 5568 1640 5625 adhibet
1693 5573 1788 5627 lib.
1840 5568 1932 5637 ni,
1979 5574 2033 5626 in

464 5635 633 5708 Epist.
668 5640 737 5690 ad
778 5635 953 5700 Hann,
981 5657 1101 5708 cap.
1138 5641 1193 5705 5,
1218 5643 1284 5696 ad
1323 5644 1435 5695 haec
1468 5646 1671 5697 verba:
1723 5635 2035 5697 Omnes—de-

463 5706 821 5783 stinarerunt,
860 5709 1016 5783 simul
1050 5706 1264 5783 inutiles
1308 5710 1433 5779 facti
1483 5722 1602 5766 sunt
1674 5710 1864 5783 (Psal.
1912 5729 2029 5777 xm,

460 5772 541 5842 δ).
598 5793 616 5827 ι
665 5776 791 5833 Mihi
842 5778 1071 5847 videtur,
1118 5772 1323 5848 inquit,
1375 5782 1515 5848 quod
1555 5772 1907 5839 non'd'tcitur
1940 5772 2033 5839 de;

2133 4608 2229 4673 tia,
2267 4607 2552 4677 sapientia,
2584 4606 2814 4677 aliisque
2852 4607 3173 4663 instructum
3224 4609 3480 4675 dotibus,
3526 4610 3695 4679 qualis

2129 4711 2158 4749 a
2200 4698 2306 4751 Deo
2330 4697 2577 4753 conditus
2614 4697 2713 4752 fuit
2746 4697 3007 4759 Adamus.
3059 4698 3169 4770 (40)
3208 4699 3461 4755 Attamen
3503 4702 3545 4756 si
3582 4716 3696 4769 per-

2130 4786 2325 4842 fricare
2384 4788 2609 4841 velimus
2650 4786 2916 4852 frontem,
2982 4798 3037 4842 et
3082 4788 3374 4857 Origenem
3462 4790 3696 4859 periculo

2127 4878 2320 4948 quovis
2349 4877 2658 4942 defendere,
2722 4879 2858 4933 hanc
2914 4878 3171 4932 adhibere
3234 4880 3537 4948 poterimus
3604 4896 3695 4935 ex-

2130 4968 2463 5037 ceptionem;
2509 4968 2754 5036 quamvis
2794 4948 3043 5020 humana:
3081 4966 3219 5021 vires
3276 4966 3555 5025 libertatis
3605 4984 3698 5040 per
3732 5010 3735 5015 μ

2132 5060 2320 5114 Adami
2352 5058 2559 5127 lapsum
2611 5057 2857 5113 infracta:
2906 5073 2971 5114 ac
3013 5058 3312 5114 debilitata:
3355 5060 3492 5127 sint,
3542 5072 3698 5116 natu.

2136 5293 2393 5356 clinasse,
2430 5291 2528 5345 nisi
2576 5290 2623 5345 is
2653 5290 2742 5357 qui
2774 5290 3064 5359 aliquando
3112 5291 3163 5345 in
3202 5294 3286 5344 via
3334 5301 3483 5346 recta
3528 5292 3696 5345 stctit'

2138 5363 2293 5417 Unde
2358 5371 2580 5431 apparet
2631 5361 2858 5431 primum
2915 5360 3040 5413 illud
3088 5370 3299 5431 natum:
3361 5362 3698 5416 rationabilis

2136 5448 2293 5501 opus,
2323 5430 2463 5499 quod
2498 5447 2525 5483 a
2564 5433 2671 5485 Deo
2708 5431 2909 5501 factum
2937 5440 3041 5491 est,
3076 5430 3241 5484 fuisse
3266 5442 3519 5501 rectum,
3557 5442 3614 5501 et
3647 5432 3694 5501 in

2137 5500 2221 5555 via
2254 5514 2395 5555 recta
2432 5501 2704 5555 Creatoris
2736 5500 2904 5567 ipsius
2937 5515 3159 5554 tntmere
3194 5500 3544 5554 collocatum.
3592 5500 3693 5554 Sed

2137 5572 2263 5639 quia
2292 5571 2361 5624 ab
2389 5572 2487 5625 hac
2523 5572 2587 5624 ad
2632 5571 2813 5622 laevam
2849 5571 3051 5637 peccati
3090 5570 3191 5623 iter
3217 5573 3472 5634 detorsit,
3504 5570 3695 5623 merito

2139 5656 2279 5695 nunc
2313 5642 2511 5695 dicitur
2540 5641 2872 5694 declinasse:
2908 5643 3051 5692 sicut
3086 5642 3332 5707 exemplo
3374 5652 3457 5693 est
3493 5640 3693 5706 primus

2140 5710 2298 5765 homo
2337 5711 2523 5774 Adam,
2556 5712 2645 5775 qui
2676 5712 2740 5761 de
2768 5708 3003 5776 paradisi
3034 5710 3114 5762 via
3154 5720 3295 5761 recta
3332 5714 3473 5765 male
3504 5721 3690 5763 suasns

2140 5778 2325 5836 fraude
2362 5782 2629 5848 serpentis
2675 5780 2741 5834 ad
2794 5792 2986 5847 pravas
3033 5790 3087 5836 et
3137 5788 3415 5836 tortuosas
3450 5778 3686 5834 mortalis
