3898 6556
256 412 363 471 923

1063 410 1643 480 ORIGENIANORUM
1682 421 1814 482 Lis.
1850 424 1913 491 ll,
1952 424 2106 482 CAP.
2145 423 2213 492 ll,
2256 425 2531 494 QUEST.
2573 424 2685 482 vn.

3389 431 3499 490 926

254 547 374 587 ram
420 516 607 587 tamen
661 530 834 603 ipsam
882 532 1148 591 libertatis
1197 538 1344 593 illius
1376 554 1528 594 suam
1575 557 1825 598 servasse
1854 550 1899 607 Α
1928 542 2049 607 bus,
2083 541 2168 596 vel
2201 544 2268 598 ad
2308 544 2477 599 honos
2527 558 2592 597 se
2635 542 2829 614 erigit,
2869 545 3058 613 gratia:
3099 546 3294 604 divinae
3342 554 3466 621 adju
3542 578 3559 583 -

252 622 649 691 integritatem;
700 637 800 678 nec
834 623 998 680 ullam
1035 627 1264 695 proinde
1303 630 1570 699 signatam
1605 646 1729 687 esse
1756 634 1825 688 ab

250 710 485 782 Origene
514 713 919 769 distinctionem
951 716 1092 772 inter
1128 717 1431 775 libertatem
1477 738 1597 794 quas
1633 725 1823 782 Adami

251 804 530 874 praecessit
564 804 798 875 lapsum,
832 817 887 860 et
922 823 1042 876 qua?
1069 824 1358 868 consecuta
1402 825 1520 882 est,
1569 816 1711 886 quod
1756 821 1823 873 ad

250 908 442 962 puram
496 896 792 964 respiceret
840 896 1106 955 libertatis
1147 911 1430 973 naturam,
1473 921 1579 961 non
1624 906 1690 961 ad
1735 923 1823 963 ro-

213 986 355 1064 ’bur
395 984 568 1055 ipsius
601 997 655 1041 et
696 997 1039 1056 potestatem.

322 1078 386 1132 V.
423 1078 504 1133 Ex
540 1078 644 1134 hac
671 1079 921 1150 Origenis
954 1083 1223 1138 sententia
1256 1085 1323 1141 de
1354 1087 1687 1145 indilierenti
1719 1092 1818 1147 ho-

243 1169 413 1225 minis
450 1173 513 1225 ad
551 1170 750 1225 bonum
784 1172 868 1227 vel
898 1172 1097 1227 malum
1147 1180 1510 1247 propensione
1541 1192 1724 1252 aptum
1755 1183 1821 1238 il-

242 1264 336 1316 lud
369 1273 453 1318 est
478 1272 532 1318 et
555 1277 916 1334 consequens,
952 1268 1226 1324 hominem
1256 1271 1358 1326 hac
1392 1273 1712 1330 instructum
1742 1276 1820 1330 l‘a-

206 1353 478 1418 cultate,
528 1361 723 1424 gratiae
777 1357 940 1413 modo
992 1369 1226 1429 ponatur
1288 1362 1586 1430 auxilium,
1640 1367 1820 1436 pravis

239 1444 633 1513 cupiditatibus
669 1461 829 1517 posse
861 1450 1154 1518 obsistere,
1195 1452 1279 1508 vel
1312 1469 1525 1523 parere,
1562 1467 1618 1511 et
1645 1458 1818 1513 virtu-

238 1545 350 1591 tem
384 1536 469 1592 vel
516 1552 813 1606 respuere,
854 1540 938 1597 vel
988 1542 1260 1613 amplecti.
1316 1563 1335 1596 t
1374 1546 1607 1603 Evidens
1655 1550 1820 1621 igitur

237 1628 384 1682 ratio
414 1635 515 1693 est,
548 1646 568 1681 ι
602 1628 779 1699 inquit
803 1630 897 1686 lib.
930 1647 994 1686 ut
1018 1633 1158 1702 Περὶ
1184 1634 1404 1705 ἀρχῶν,
1430 1652 1551 1707 cap.
1576 1640 1633 1706 2,
1668 1657 1815 1695 num.

232 1721 303 1793 2⁴
346 1739 371 1783 ε
409 1722 536 1800 quia
579 1722 719 1777 sicut
754 1723 805 1778 in
837 1724 995 1779 bonis
1023 1727 1184 1782 rebus
1231 1728 1524 1784 humanum
1566 1734 1817 1803 proposi-

230 1831 348 1877 tum
389 1822 708 1894 solumper
737 1818 981 1895 seipsum
1023 1818 1404 1894 imperfectum
1441 1834 1527 1878 est
1577 1827 1644 1878 ad
1686 1841 1816 1880 con-

1924 635 2125 689 mentis
2159 635 2436 691 roborata.
2484 634 2679 691 Utrum
2708 651 2838 691 vero
2867 641 3097 693 senserit
3130 639 3413 711 Origenes,
3448 647 3494 701 si

1922 725 2044 795 quis
2077 740 2144 781 ex
2176 742 2262 780 me
2296 736 2523 796 quaerat,
2558 724 2699 780 bona
2749 726 2854 781 [ide
2897 732 3266 798 responderim
3307 734 3501 801 gratiae

1922 816 2187 869 auxilium
2220 817 2508 871 admisisse
2542 816 2718 880 illum,
2756 832 2862 871 non
2908 832 3036 872 vero
3070 820 3325 888 praevium
3360 822 3499 876 inci-

1922 911 2249 970 tamentum,
2280 914 2341 959 ut
2372 904 2621 975 pluribus
2656 906 2795 960 infra
2827 906 3129 961 disseram:
3173 926 3193 960 ι
3241 910 3296 964 In
3334 915 3495 968 rebus

1919 992 2098 1057 bonis,
2133 993 2330 1063 inquit,
2367 995 2663 1049 humanum
2698 998 3031 1066 propositum
3077 1000 3248 1054 solum
3284 1017 3381 1071 per
3409 1019 3501 1059 se-

1920 1085 2095 1154 ipsmn
2128 1083 2504 1155 imperfectum
2543 1094 2625 1140 est
2653 1088 2719 1140 ad
2761 1092 3282 1146 consummationem
3323 1095 3486 1160 boni;

1920 1176 2193 1243 adjutorio
2237 1191 2471 1244 namque
2508 1177 2689 1231 divino
2736 1180 2801 1231 ad
2831 1179 3065 1247 perfecta
3100 1199 3323 1253 qumque
3373 1202 3495 1254 per-

1921 1269 2159 1324 ducitur.
2202 1287 2221 1321 ι
2259 1268 2590 1331 Addidisset,
2626 1280 2674 1322 et
2711 1272 2996 1335 excitatur,
3030 1273 3164 1327 bene
3212 1292 3299 1330 res
3326 1278 3496 1332 habe-

1921 1368 2045 1414 ret:
2094 1374 2216 1412 cum
2258 1373 2323 1412 ex
2376 1359 2584 1427 liquido
2635 1363 2823 1431 synodi
2880 1362 3212 1419 'l‘ridcutiute
3256 1369 3500 1436 decreto,

1920 1465 2057 1504 sess.
2089 1451 2140 1515 6,
2176 1464 2298 1517 cap.
2329 1449 2382 1515 5,
2412 1462 2465 1506 et
2497 1468 2620 1507 can.
2654 1452 2710 1518 4,
2743 1463 2915 1506 ratum
2944 1454 3014 1507 sit
3044 1457 3301 1510 excitanti
3332 1468 3499 1527 atque

1922 1539 2193 1609 adjuvanti
2247 1544 2434 1609 gratiae
2492 1542 2581 1596 Dei
2639 1541 2807 1596 libere
2854 1544 3124 1599 hominem
3163 1551 3409 1603 assentiri
3439 1561 3496 1604 et

1919 1629 2227 1697 cooperari,
2267 1645 2365 1683 nec
2417 1629 2593 1699 ipsum
2630 1632 2765 1685 nihil
2793 1647 2975 1702 agere,
3013 1650 3135 1689 cum
3185 1638 3494 1708 inSpiratin-

1922 1731 2044 1772 nem
2100 1718 2245 1772 illam
2318 1719 2547 1789 recipit,
2598 1721 2796 1791 quippe
2844 1724 2937 1792 qui
2984 1723 3129 1778 illam
3171 1735 3227 1781 et
3259 1728 3497 1797 abjicere

1924 1807 2109 1876 possit.

228 1889 660 1971 summat-ioue,“
712 1889 873 1981 bon};
928 1889 1196 1985 adjuto'rio
1248 1930 1490 1985 namque
1534 1918 1717 1972 divino
1746 1919 1812 1973 ad
1846 1889 1889 1948 Β
1994 1896 2079 1952 Vl.
2109 1898 2297 1966 Capite
2328 1912 2541 1969 quoque
2572 1900 2760 1968 quinto
2803 1900 2922 1957 libri
2954 1907 3171 1959 secundi
3205 1907 3278 1961 De
3313 1907 3492 1977 Pelag.

223 2005 475 2073 perfecta
521 2020 750 2075 quaeque
781 2007 1133 2076 perducitur:
1178 2008 1257 2061 ita
1290 2003 1456 2062 etiam
1499 2006 1553 2059 in
1599 2018 1813 2061 contra-

230 2096 329 2152 riis
365 2098 517 2151 initia
548 2098 817 2166 quaedam,
854 2107 909 2152 et
957 2098 1106 2153 velut
1138 2102 1384 2169 quaedam
1430 2099 1640 2155 semina
1686 2114 1813 2169 pec-

229 2196 482 2242 catorum
522 2189 589 2241 ab
620 2187 706 2241 his
741 2186 906 2242 rebus
950 2203 1068 2257 quae
1110 2189 1162 2242 in
1205 2204 1303 2244 usu
1348 2190 1674 2244 naturaliter
1719 2188 1812 2241 ha-

228 2275 451 2341 bentur,
487 2276 817 2344 accipimus,
856 2294 875 2328 »
926 2284 1036 2332 etc.
1084 2276 1222 2332 Tum
1274 2279 1374 2333 sub
1407 2279 1566 2333 hiiem
1617 2279 1811 2351 capitis

228 2382 384 2421 num.
412 2366 477 2421 ιε
517 2385 534 2418 t
572 2366 713 2421 Nihil
746 2367 887 2421 aliud
916 2368 1211 2437 putandum
1249 2378 1333 2424 est
1362 2371 1612 2425 accidere
1649 2372 1808 2427 nobis

227 2475 295 2513 ex
338 2459 473 2528 ipsis
521 2474 641 2528 quae
677 2460 825 2514 cordi
879 2471 1066 2514 nostro
1103 2471 1469 2531 suggeruntur
1516 2461 1674 2517 bonis
1725 2464 1810 2516 vel

226 2548 413 2613 malis,
450 2548 553 2601 nisi
602 2548 1020 2603 commetionem
1067 2551 1260 2615 solam,
1301 2560 1355 2605 et
1402 2552 1810 2606 incitamentum

226 2655 538 2711 provocans
579 2655 677 2696 nos
722 2639 807 2695 vel
851 2643 915 2694 ad
949 2642 1088 2696 bona
1119 2642 1205 2696 vel
1241 2642 1306 2696 ad
1355 2642 1514 2696 mala.
1548 2641 1811 2698 Pussibile

225 2741 415 2785 autem
454 2730 620 2784 nohls‘
652 2738 767 2794 est,
806 2744 926 2783 cum
978 2729 1213 2799 maligna
1273 2731 1444 2786 virtus
1490 2747 1588 2786 nos
1631 2747 1812 2802 cmpeo

226 2822 300 2878 rit
331 2823 401 2874 ad
437 2821 637 2875 malum
673 2821 925 2885 incitare,
952 2819 1188 2886 ahjicere
1217 2837 1244 2873 a
1278 2823 1434 2877 nobis
1460 2839 1657 2893 pravas
1682 2839 1807 2895 sug-

226 2915 526 2983 gestiones,
555 2924 610 2967 et
642 2912 903 2967 resistere
939 2912 1291 2969 suasionibus
1338 2916 1609 2983 pessimis,
1645 2924 1699 2968 et
1729 2915 1810 2968 ui-

227 3007 304 3061 bil
335 3021 562 3074 prorsus
593 3005 932 3074 culpabiliter
960 3018 1172 3074 gerere.
1206 3004 1272 3058 Et
1306 3021 1522 3060 rursum
1552 3008 1809 3076 possibile

226 3109 335 3164 est,
371 3109 429 3154 ut
473 3115 595 3153 cum
632 3114 730 3153 nos
768 3099 947 3152 divina
982 3100 1157 3153 virtus
1185 3101 1252 3153 ad
1294 3099 1513 3153 meliora
1547 3116 1809 3170 provoca-

225 3192 408 3256 verit,
452 3208 558 3246 non
601 3207 925 3261 sequamur,
979 3192 1134 3247 liberi
1185 3193 1398 3248 arbitrii
1440 3203 1710 3263 potestate
1752 3194 1803 3248 in

226 3296 464 3354 utraque
514 3284 671 3338 nobis
720 3294 955 3339 servata.
996 3302 1016 3336 ι
1073 3284 1127 3338 ln
1175 3285 1290 3339 hinc
1336 3285 1536 3340 acriter
1583 3286 1811 3356 insurgit

226 3373 496 3445 Yprensis
554 3375 784 3429 antistes
814 3374 909 3428 lib.
937 3390 971 3428 ll
1002 3375 1076 3428 De
1108 3374 1293 3444 Pelag.
1326 3376 1482 3439 tuen,
1513 3390 1632 3444 cap.
1674 3376 1728 3441 4,
1758 3384 1812 3430 et

225 3468 324 3523 lib.
369 3483 443 3531 tv,
476 3482 595 3535 cap.
647 3467 701 3531 7,
730 3478 784 3522 et
811 3467 905 3522 lib.
943 3483 1015 3532 vt,
1048 3482 1170 3537 cap.
1212 3467 1266 3531 4,
1298 3466 1385 3521 ubi
1417 3469 1662 3536 queritur
1686 3483 1811 3522 cen-

226 3561 410 3615 suisse
454 3557 743 3627 Origenem
778 3580 796 3612 ι
846 3560 1012 3613 animi
1057 3561 1291 3614 motibus
1326 3560 1392 3614 ad
1440 3561 1639 3615 bonum
1693 3578 1810 3616 ma-

226 3652 413 3707 lumve
439 3668 536 3707 nos
572 3654 975 3707 concitantibus
1012 3661 1147 3706 nutu
1192 3651 1421 3707 rationis
1466 3668 1566 3708 nos
1614 3656 1809 3709 adver-

229 3746 371 3807 sari,
403 3754 564 3813 atque
595 3759 690 3798 eos
721 3745 785 3798 ad
815 3745 951 3798 bona
984 3744 1068 3797 vel
1116 3742 1256 3798 mala
1291 3746 1609 3814 gubernari,
1646 3764 1664 3797 ι
1700 3762 1811 3800 me-

235 3850 473 3903 rumque
520 3836 596 3889 ait
643 3836 945 3900 doctrinam
992 3835 1133 3889 hanc
1176 3848 1297 3888 esse
1332 3833 1807 3906 Pelagianismum.

231 3926 288 3982 Si
317 3926 407 3980 vel
433 3926 670 3979 animum
702 3940 863 3995 posse
894 3925 958 3978 ad
990 3925 1187 3979 bonum
1218 3939 1312 3993 per
1340 3937 1398 3977 se
1428 3925 1654 3990 moveri,
1682 3925 1810 3979 abs-

230 4034 342 4089 que
387 4019 587 4088 przevio
650 4019 839 4089 gratiae
884 4017 977 4070 Dei
1042 4016 1424 4081 incitamento;
1494 4016 1579 4070 vel
1624 4016 1811 4085 impel-

230 4110 369 4164 lenti
401 4124 499 4163 nos
535 4109 601 4163 ad
631 4110 830 4163 malum
866 4108 1073 4163 libidini
1103 4124 1199 4179 per
1238 4123 1297 4163 se
1338 4123 1493 4177 posse
1525 4110 1809 4176 obsistere,

232 4204 403 4257 etiam
437 4202 624 4269 gratia:
659 4201 899 4269 juvantis
947 4216 1046 4271 ope
1089 4204 1403 4257 destitutum
1432 4202 1600 4255 voluit
1626 4200 1813 4272 Orige-

232 4309 381 4349 nes:
446 4293 784 4348 damnandus
825 4294 1044 4364 quidem
1084 4309 1241 4349 error
1277 4293 1366 4346 illc
1407 4305 1508 4349 cst.
1559 4294 1653 4349 Sin
1684 4310 1814 4350 vero

231 4388 429 4456 gratiae
472 4385 761 4454 impulsum
812 4386 1058 4456 adjunxit
1102 4396 1156 4440 et
1202 4386 1485 4453 auxilium,
1524 4386 1814 4455 utrobique

230 4480 394 4547 culpa
432 4491 615 4542 caret;
652 4495 773 4533 nam
801 4480 854 4532 in
894 4490 1068 4534 motus
1096 4481 1259 4535 animi
1306 4481 1495 4546 malos,
1524 4494 1659 4550 quos
1689 4493 1813 4532 con-

1915 1991 2070 2055 Ιιιωθ..
2093 1993 2204 2047 haec
2232 1992 2481 2061 Origenis
2508 1991 2635 2046 lib.t
2669 1996 2722 2046 in
2748 1993 2914 2063 Epist.
2938 1999 3004 2050 ad
3023 1996 3197 2062 Rom.,
3224 2016 3372 2055 num.
3404 2002 3491 2064 18.

1916 2083 2195 2153 impugnat
2228 2083 2519 2141 Janseuius
2549 2101 2564 2140 :
2606 2107 2623 2135 ε
2656 2086 2992 2157 Frequenter
3020 2091 3072 2143 in
3099 2089 3394 2162 Scripturis
3418 2096 3498 2147 in-

1916 2177 2181 2241 venimus,
2213 2188 2270 2232 et
2297 2193 2326 2231 a
2360 2179 2515 2233 nobis
2545 2194 2688 2249 saepe
2717 2182 3004 2235 dissertum
3037 2195 3141 2247 est,
3169 2188 3308 2254 quod
3333 2187 3499 2242 homo

1913 2268 2157 2335 spiritus,
2193 2276 2249 2322 et
2284 2285 2501 2338 corpus,
2544 2267 2597 2325 et
2626 2274 2809 2327 anima
2844 2288 2965 2329 esse
3005 2275 3221 2330 dicatur
3251 2293 3265 2329 :
3307 2294 3494 2331 verum

1913 2370 2035 2410 cum
2080 2358 2278 2412 dicitur
2303 2360 2428 2428 quia
2456 2378 2580 2413 caro
2604 2364 2923 2431 concupiscit
2955 2364 3201 2420 adversus
3225 2369 3493 2435 spiritum,

1913 2449 2126 2517 spiritus
2155 2459 2336 2503 autem
2359 2451 2604 2507 adversus
2622 2470 2829 2508 carnem
2847 2454 2915 2520 ‘°,
2953 2458 3126 2511 media
3168 2458 3356 2527 procul
3393 2460 3493 2512 du-

1913 2540 2001 2594 bio
2044 2540 2261 2609 ponitur
2317 2543 2540 2609 anima,
2588 2560 2712 2613 qua:
2786 2545 2870 2600 vel
2932 2548 3218 2603 desideriis
3271 2549 3495 2618 spiritus

1913 2632 2263 2699 acquiescat,
2301 2634 2388 2688 vel
2420 2635 2486 2688 ad
2538 2637 2721 2691 carnis
2765 2639 3234 2707 concupiscentias
3274 2641 3495 2695 incline-

1916 2730 2021 2778 tur.
2064 2743 2082 2777 ›
2126 2723 2284 2779 Dolet
2314 2723 2575 2781 Jansenio
2607 2728 2750 2798 quod
2796 2728 3047 2798 spiritum
3085 2724 3269 2796 illum,
3303 2732 3495 2786 adver-

1914 2830 2007 2869 sus
2038 2829 2197 2884 quem
2240 2817 2579 2886 concupiscit
2618 2832 2772 2878 caro,
2811 2835 2830 2869 ι
2867 2828 3059 2885 vocet,
3089 2835 3193 2873 non
3225 2836 3376 2875 more
3402 2836 3497 2875 ca-

1920 2906 2119 2961 tholico
2152 2907 2417 2976 Spiritum
2453 2919 2726 2976 sanctum,
2758 2913 2851 2965 sed
2874 2911 3167 2979 Pelagiano
3194 2912 3365 2982 legem
3392 2931 3492 2966 na-

1926 3005 2078 3061 turae,
2111 3014 2271 3066 quam
2314 3000 2588 3055 mentibus
2628 3000 2833 3069 Spiritu
2872 3003 2964 3056 Dei
3002 3004 3107 3056 vivi
3154 3019 3219 3056 ex
3278 3005 3497 3058 institu-

1924 3094 2087 3157 tione,
2148 3102 2205 3147 ut
2256 3094 2371 3163 ipse
2411 3094 2557 3163 loqui
2614 3096 2777 3159 solet,
2835 3096 3110 3151 Creatoris
3178 3098 3490 3166 impressam

1924 3186 2161 3254 gerimus
2198 3204 2216 3238 ι
2247 3186 2430 3253 (verba
2459 3186 2625 3256 ipsius
2664 3189 2810 3257 sunt)
2847 3206 2865 3240 ι
2918 3199 2971 3243 et
3004 3204 3122 3258 quae
3148 3188 3334 3259 (verba
3367 3200 3495 3246 sunt

1914 3275 2168 3345 Origenis
2219 3276 2313 3333 lib.
2350 3293 2389 3331 tt
2438 3278 2493 3331 in
2529 3277 2707 3347 Epist.
2756 3279 2825 3330 ad
2886 3277 3062 3343 Rom.,
3116 3297 3263 3338 num.
3326 3281 3383 3345 9,
3441 3291 3495 3337 et

1912 3367 2005 3421 lib.
2038 3382 2114 3434 vr,
2144 3383 2295 3423 num.
2332 3370 2388 3439 8)
2423 3369 2478 3423 in
2529 3370 2808 3425 hominum
2857 3371 3111 3426 cordibus
3152 3372 3352 3441 scripta
3388 3385 3490 3437 est,

1915 3479 2023 3519 non
2067 3472 2392 3529 atramento,
2437 3465 2529 3519 sed
2581 3464 2788 3536 Spiritu
2843 3466 2937 3521 Dei
2978 3466 3122 3532 vivi;
3170 3482 3289 3536 qua!
3339 3468 3496 3523 docet

1914 3568 2353 3624 unumquemque
2382 3555 2511 3623 quid
2554 3555 2822 3625 agendum
2867 3555 2957 3619 sit,
2992 3555 3119 3625 quid
3165 3555 3492 3620 cavendum,

1911 3656 1965 3701 et
1995 3662 2089 3716 per
2118 3662 2280 3717 quam
2303 3648 2584 3719 cognoscit
2620 3648 2783 3701 homo
2810 3656 3093 3716 peccatum
3127 3661 3321 3711 suum;
3348 3662 3495 3715 quae-

1912 3753 2016 3809 que
2045 3740 2361 3795 ltominibus
2392 3742 2584 3796 suadet
2610 3783 2624 3807 ,
2654 3759 2720 3799 ne
2756 3741 3140 3806 homicidium,
3186 3755 3252 3794 ne
3279 3738 3494 3792 adulte-

1913 3831 2052 3885 riutn
2088 3833 2325 3899 iaciant,
2361 3848 2429 3888 ne
2465 3833 2744 3901 furentur,
2784 3849 2851 3888 ne
2885 3833 3076 3887 falsum
3123 3830 3493 3886 testimonium

1913 3927 2135 3993 dicant,
2172 3935 2231 3980 ut
2264 3927 2535 3982 honorent
2573 3936 2778 3996 patrem
2810 3934 2863 3980 et
2921 3935 3183 3990 matrem,
3214 3930 3269 3976 et
3301 3923 3491 3977 horum

1915 4017 2144 4085 similia;
2185 4016 2437 4073 fortassis
2486 4028 2541 4073 et
2591 4018 2734 4088 quod
2795 4016 2935 4069 Deus
2977 4031 3115 4068 unus
3163 4025 3379 4068 creator
3423 4015 3496 4067 sit

1912 4109 2191 4175 omnium;
2223 4128 2242 4161 ι
2272 4110 2426 4180 juxta
2453 4110 2579 4166 illud
2608 4109 2757 4164 Pauli
2791 4108 2949 4163 Rom.
2978 4124 3038 4173 ll,
3068 4108 3277 4176 14,15:
3303 4125 3322 4159 ι
3359 4105 3494 4162 Cum

1912 4200 2056 4254 enim
2112 4211 2299 4270 gentes
2347 4218 2467 4271 quae
2510 4202 2680 4273 legem
2729 4217 2833 4256 non
2889 4202 3121 4266 habent,
3169 4200 3494 4254 naturaliter

1912 4306 2031 4361 qum
2082 4291 2215 4363 legis
2269 4301 2395 4348 sunt
2440 4294 2679 4358 faciunt,
2721 4295 2775 4348 hi
2828 4294 2998 4363 legem
3051 4309 3154 4348 non
3208 4294 3492 4357 habentes,

1916 4384 2019 4453 ipsi
2051 4385 2154 4439 sibi
2182 4395 2306 4440 sunt
2338 4386 2424 4440 lex
2475 4404 2488 4441 :
2533 4387 2622 4456 qui
2668 4389 2965 4442 ostendunt
2996 4400 3130 4455 opus
3182 4384 3317 4453 legis
3363 4384 3496 4437 scri-

1916 4486 2068 4545 ptum
2102 4477 2154 4531 in
2190 4479 2446 4533 cordibus
2472 4478 2620 4545 suis,
2656 4480 3024 4534 testimonium
3071 4478 3330 4534 reddente
3384 4475 3492 4531 illis
3576 4468 3577 4471 “

236 4570 575 4640 cupiscentia
616 4571 809 4640 gignit,
850 4578 905 4622 et
955 4572 1146 4636 bonos,
1196 4585 1332 4639 quos
1381 4569 1564 4623 educit
1610 4568 1803 4637 gratia,
1841 4581 1886 4635 ι)
1917 4569 2251 4624 conscientia
2293 4570 2554 4641 ipsorum,
2586 4582 2640 4626 et
2672 4574 2814 4628 inter
2845 4586 2904 4627 se
2932 4571 3163 4625 invicem
3205 4568 3491 4640 cogitatio-

232 4662 523 4732 imperium
568 4672 712 4715 tenet
766 4662 935 4716 libera
978 4660 1250 4727 voluntas,
1297 4670 1350 4717 et
1399 4661 1484 4715 vel
1525 4661 1678 4716 malis
1710 4660 1807 4715 ob-

232 4759 520 4817 temperat,
572 4752 802 4821 propriis
842 4751 967 4807 illuc
1015 4763 1068 4807 et
1116 4752 1311 4807 nativis
1364 4751 1620 4806 inclinata
1662 4750 1809 4805 nuli-

301 4847 351 4878 ⁶⁰
381 4845 555 4901 Galat.
578 4863 631 4913 v,
662 4848 747 4902 l7.

228 4944 358 4997 vitae
392 4942 616 5013 semitas
653 4942 962 4996 declinavit.
1012 4942 1423 5013 Consequenter
1450 4960 1581 5012 ergo
1617 4959 1818 5000 omnes

230 5015 324 5082 qui
376 5028 440 5066 ex
498 5012 665 5081 ipsius
724 5014 1066 5068 successione
1114 5016 1164 5067 in
1209 5012 1367 5069 hunc
1415 5016 1674 5068 mundum
1728 5030 1819 5068 ve-

231 5084 428 5152 niunt,
463 5082 907 5144 declinaverunt,
948 5095 1002 5136 et
1057 5083 1215 5138 simul
1259 5101 1380 5138 emn
1419 5085 1536 5152 ipso
1592 5085 1816 5138 inutiles

232 5151 361 5206 iacti
412 5162 557 5224 sunt.
597 5171 616 5204 ι
656 5153 812 5206 Vides
853 5164 1055 5206 statum
1106 5166 1313 5209 naturae
1346 5151 1568 5224 integra:
1601 5170 1629 5206 a
1675 5162 1815 5207 statu

234 5234 446 5275 natura:
483 5223 647 5289 lapsa:
682 5234 938 5276 accurate
967 5224 1305 5279 distinctum.
1342 5223 1691 5277 Luculentior
1722 5227 1818 5277 ad-

234 5292 343 5345 huc
377 5302 558 5344 exstat
586 5291 737 5345 locus
765 5292 902 5345 alter
937 5294 988 5344 in
1032 5294 1125 5347 lib.
1161 5309 1213 5347 tv
1241 5291 1533 5347 Comment.
1566 5296 1619 5346 in
1654 5292 1812 5348 Cant.

233 5364 515 5433 canticum,
551 5377 671 5433 pag.
715 5362 807 5425 88,
859 5364 924 5415 ad
951 5362 1083 5433 ll'rl‘c”
1113 5364 1273 5417 verba
1301 5380 1315 5416 :
1373 5361 1546 5417 Vinew
1575 5364 1818 5433 ﬂorentes

233 5432 492 5484 dederunt
533 5432 744 5485 odorem
792 5447 985 5496 suum;
1013 5432 1205 5493 (Cant.
1231 5450 1290 5495 tt,
1320 5433 1440 5491 15).
1494 5451 1511 5484 ι
1553 5434 1665 5486 l\on
1701 5434 1820 5489 sine

233 5515 421 5563 causa,
452 5501 650 5569 inquit,
689 5512 819 5569 puto
856 5505 996 5570 quod
1050 5520 1153 5556 non
1186 5504 1417 5557 dixerit:
1458 5502 1684 5555 Odorem
1733 5507 1823 5555 de-

234 5572 427 5622 derunt
465 5572 624 5632 :sed,
673 5575 886 5624 odorem
940 5588 1138 5636 suum;
1188 5585 1246 5625 ut
1281 5576 1591 5628 ostenderet
1640 5574 1822 5625 inesse

233 5639 434 5707 cuique
480 5641 675 5693 anima:
713 5643 819 5694 vim
869 5642 1250 5709 possibilitatis
1292 5653 1346 5696 et
1399 5643 1611 5696 arbitrii
1655 5642 1821 5696 liber-

238 5717 430 5780 tatem,
464 5724 587 5780 Aqua
638 5712 804 5778 possit
857 5726 1020 5780 agere
1071 5727 1233 5767 omne
1282 5713 1423 5780 quod
1456 5713 1655 5766 bonum
1710 5723 1815 5768 est.

243 5776 353 5852 Sed
386 5778 534 5852 quia_
567 5776 668 5833 hoc
712 5776 920 5835 naturae
965 5782 1167 5852 bonum
1215 5776 1682 5852 praevaricationis
1729 5797 1815 5837 oc-

243 5848 463 5906 casione
506 5848 842 5919 decerptum,
894 5850 976 5907 vel
1008 5851 1074 5908 ad
1120 5848 1493 5922 ignominiam,
1530 5853 1610 5908 vel
1650 5852 1811 5910 lasci-

1917 4661 2076 4713 nibus
2106 4662 2513 4729 accusantibus,
2550 4674 2643 4718 aut
2669 4665 2831 4719 etiam
2862 4660 3301 4718 defendentibus.
3333 4679 3353 4713 ι
3388 4661 3490 4715 Se-

1919 4754 2063 4807 mina
2117 4767 2377 4825 przeterea
2441 4756 2532 4812 illa
2594 4757 2856 4812 bonitatis
2890 4772 2918 4810 a
2962 4765 3158 4811 natura
3212 4754 3491 4809 hominum

1922 4943 2063 4995 viam
2104 4942 2277 4996 fuerat
2310 4942 2561 4997 inﬂexum
2587 4983 2602 5005 ,
2638 4943 2727 4997 ubi
2777 4958 2874 5012 per
2902 4943 3132 5013 gratiam
3180 4946 3488 5013 reparatur,

1922 5023 1974 5065 et
2010 5029 2105 5081 per
2133 5015 2438 5067 doctrinam
2476 5013 2633 5067 Verbi
2666 5013 2756 5066 Dei
2781 5007 3112 5076 restituitur,
3138 5007 3498 5081 odoretn_t-etl-

1922 5077 2144 5156 dit'siue
2190 5083 2373 5156 dubioA
2398 5084 2545 5136 illum
2600 5097 2758 5156 quem
2800 5086 3009 5156 primus
3056 5080 3305 5133 conditor
3334 5077 3499 5156 "Deus

1925 5152 2231 5225 indiderat,
2283 5152 2379 5205 Sed
2408 5145 2634 5222 peccati"
2664 5145 2818 5225 culpa
2856 5152 3222 5225 subtraxerat.
3260 5164 3280 5197 ι
3334 5145 3495 5225 Eam:

1924 5224 2043 5275 dem
2089 5236 2217 5290 ergo
2275 5220 2423 5275 ante'
2458 5232 2512 5276 et
2565 5230 2687 5291 post
2743 5221 2935 5274 Adami
2994 5220 3203 5291 lapsum
3252 5220 3497 5291 agnoscit

1923 5284 2188 5360 Origenes
2218 5291 2372 5345 liberi
2424 5284 2649 5365 arbitrii
2682 5302 2965 5365 naturam,
2992 5284 3087 5343 sed
3138 5302 3240 5365 non
3277 5284 3495 5365 easdem

1925 5352 2074 5415 vit-Es
2114 5375 2211 5415 nec
2256 5377 2354 5422 par
2390 5361 2557 5415 robur
2586 5362 2650 5415 ad
2682 5362 2879 5431 bonum
2906 5352 3323 5431 assequendum.
3358 5352 3495 5431 Hinc

1932 5432 2176 5507 sequitur
2234 5431 2407 5507 ipsum
2457 5429 2872 5507 hominis_laps_i
2926 5428 3247 5507 libertatem.
3277 5440 3380 5477 non
3441 5428 3496 5507 in

1934 5492 2363 5573 iudill'erenti'gatl
2398 5502 2593 5573 bonum
2626 5499 2712 5553 vel
2748 5492 2951 5573 niuium
3000 5494 3354 5573 propensione
3382 5492 3498 5573 col:

1930 5570 2159 5635 locasse,
2193 5570 2289 5645 sed
2314 5571 2384 5645 _iu
2411 5569 2759 5645 indill‘erenti
2807 5569 2941 5645 bene
2988 5562 3071 5645 vel
3100 5562 3259 5619 ’male
3282 5562 3496 5645 .agendi

1927 5650 2220 5710 potestate.
2263 5639 2421 5710 Aliud
2451 5649 2532 5693 est
2560 5649 2808 5710 potestas,
2860 5637 3002 5710 aliud
3055 5637 3365 5710 propensio;
3398 5646 3496 5710 ea-_

1926 5699 2047 5764 item
2080 5720 2162 5763 est
2193 5710 2247 5763 iu
2281 5709 2522 5777 quolibet
2560 5699 2711 5765 'statu
2741 5699 2894 5776 juxta
2925 5699 3209 5776 Origenem
3240 5705 3376 5757 bene
3409 5699 3497 5777 vel

1923 5779 2064 5833 male
2113 5770 2312 5845 agendi
2339 5788 2603 5850 potestas,
2653 5770 2887 5837 sed'non
2934 5770 3119 5835 eadem
3176 5787 3379 5846 parque
3428 5770 3504 5825 ad

1922 5849 2117 5904 bonum
2160 5849 2470 5919 propensiu.
