3916 6530
437 362 542 420 927

1734 367 1795 425 P.
1830 366 2145 424 DANIELIS
2178 367 2413 425 HllETil

3566 367 3671 428 928

386 528 389 531 .
439 462 713 542 mentibus
768 484 947 551 insita,
992 502 1109 554 qtue
1150 487 1399 555 proxime
1445 488 1622 544 allatis
1671 490 1869 543 astruit
1924 500 2007 543 te-
2039 497 2079 551 Α
2115 501 2197 545 tor
2226 488 2619 557 cogitationum
2662 497 2716 543 et
2750 487 3108 542 intentionum
3135 486 3336 543 cordis.
3375 507 3395 541 ι
3443 486 3502 542 ln
3548 490 3671 557 qui-

435 577 708 633 stiruouiis
750 577 1045 644 Origenes.
1096 580 1252 648 plane
1308 581 1482 649 reiicit
1537 580 1824 637 Janseuins
1873 581 2005 637 locis

434 684 593 740 supra
645 669 932 735 indicatis,
984 671 1078 726 sed
1136 672 1409 742 prtecipue
1480 682 1613 730 tom.
1667 672 1724 740 l,
1779 673 1876 728 lib.
1928 690 2003 740 IV,

435 777 554 830 cap.
590 760 640 815 7.

505 852 722 905 Certum
769 860 853 906 est
898 853 1011 907 lucc
1058 854 1211 909 Pauli
1262 858 1426 911 verba
1462 856 1580 912 Gal.
1607 872 1664 920 γ,
1694 857 1780 920 17.
1815 876 1834 910 ι
1864 856 2004 912 Caro

433 942 575 999 enim
598 943 938 1012 concupiscit
967 946 1230 1002 adversus
1255 948 1506 1017 spiritum
1532 964 1546 1012 ;
1576 947 1800 1016 spiritus
1822 956 2004 1002 autem

435 1033 695 1086 adversus
729 1049 972 1097 carnem,
999 1055 1018 1087 ι
1050 1037 1115 1091 ad
1147 1036 1409 1107 Spiritmn
1454 1048 1701 1093 sanctum
1748 1054 1778 1093 a
1822 1037 2005 1096 Patri-.

431 1121 534 1175 bus
560 1120 836 1190 plerisque
866 1124 1095 1188 referri;
1126 1134 1182 1177 at
1210 1134 1419 1180 certum
1446 1142 1666 1196 quoque
1708 1137 1791 1181 est
1823 1126 2004 1197 plures

430 1210 596 1266 etiam
626 1212 969 1280 superiorem
1003 1213 1146 1267 illam
1192 1215 1386 1270 animae
1421 1225 1651 1283 partem,
1693 1231 1853 1285 quam
1884 1217 2004 1287 ἠγεο

431 1301 651 1372 μονικόν
677 1303 965 1372 appellant,
998 1307 1222 1372 spiritus
1262 1306 1623 1376 appellatione
1662 1306 1748 1360 hic
1795 1307 2003 1376 signifi-

426 1403 603 1448 catam
638 1395 894 1449 voluisse.
936 1396 1132 1451 Multos
1172 1396 1509 1464 proferrem,
1537 1397 1581 1451 si
1633 1411 1858 1452 numero
1904 1412 2004 1468 pu-

425 1487 698 1553 gnandum
734 1496 912 1552 esset,
942 1487 1035 1541 sed
1071 1503 1208 1542 unus
1250 1487 1399 1543 omni
1448 1488 1775 1556 exceptione
1826 1492 2003 1557 major

424 1575 729 1631 adducetur
759 1580 1114 1648 Augustinus.
1173 1580 1222 1634 Is
1260 1578 1356 1634 lib.
1390 1595 1427 1634 ιι
1464 1579 1542 1634 De
1586 1577 1774 1636 Genesi
1817 1591 2000 1635 contra

424 1664 770 1733 Manichwos,
805 1685 928 1740 cap.
962 1672 1049 1734 ll,
1079 1670 1383 1741 coniugium
1416 1673 1604 1727 Adami
1628 1681 1682 1726 et
1713 1673 1835 1727 Eva:
1866 1674 2000 1727 ima-

424 1760 603 1827 ginem
635 1776 758 1813 esse
783 1762 922 1816 dicit
954 1764 1254 1833 spiritualis
1285 1765 1429 1818 illius
1449 1764 1708 1835 coniugii,
1740 1766 1880 1833 quod
1914 1779 1999 1818 ra-

426 1826 680 1903 tionalem
710 1850 944 1906 hominis
974 1862 1182 1922 partem
1209 1854 1429 1907 animali
1460 1854 1711 1923 colligat;
1748 1864 1858 1907 tum
1884 1854 1992 1908 ait:
2028 1826 2070 1882 Β

430 1958 449 1990 ι
485 1939 686 1993 Deinde
714 1950 768 1995 ut
798 1944 1027 2012 quisque
1054 1944 1176 1999 huic
1209 1960 1323 2001 suae
1361 1944 1500 2014 parti
1554 1954 1706 1999 recte
1755 1945 1998 1999 domine-

425 2036 546 2091 tur,
589 2037 646 2082 et
681 2028 775 2083 fiat
799 2033 956 2100 quasi
984 2032 1282 2101 coniugalis
1317 2034 1369 2087 in
1401 2034 1603 2100 seipso,
1637 2043 1697 2089 nt
1727 2049 1856 2089 caro
1890 2051 1996 2089 non

424 2119 782 2186 concupiscat
814 2122 1075 2178 adversus
1098 2125 1348 2194 spiritum
1368 2164 1385 2191 ,
1417 2128 1510 2183 sed
1543 2126 1759 2195 spiritui
1809 2127 1995 2196 subju-

423 2216 605 2276 getur,
638 2208 690 2262 id
718 2218 825 2275 est,
859 2213 1296 2281 concupiscentia
1327 2216 1571 2271 carnalis
1592 2230 1698 2270 non
1738 2218 1995 2271 adverse-

426 2304 513 2348 tur
539 2296 759 2361 rationi,
792 2299 885 2352 sed
921 2303 1097 2366 potius
1142 2302 1571 2373 obtemperando
1618 2304 1828 2359 desinat
1872 2320 1996 2359 esse

423 2387 682 2451 carnalis,
737 2403 872 2457 opus
919 2390 1083 2445 habet
1135 2392 1372 2459 perfecta
1408 2394 1696 2463 sapientia.
1740 2413 1759 2446 ι
1807 2394 1996 2449 Trahit

425 2478 537 2531 haec
574 2478 625 2531 in
660 2482 910 2534 eumdem
938 2497 1154 2537 sensum
1185 2483 1277 2538 lib.
1311 2501 1327 2538 ι
1374 2483 1450 2538 De
1497 2485 1742 2538 doctrina
1777 2485 1992 2555 Christi,

422 2583 546 2639 cap.
580 2570 671 2632 9.4,
705 2580 759 2625 et
800 2572 894 2627 lib.
927 2589 961 2628 ι
1013 2574 1091 2627 De
1130 2572 1315 2628 Genesi
1370 2578 1440 2628 ad
1490 2576 1677 2639 litter.,
1732 2592 1857 2645 cap.
1902 2577 1989 2633 12.

424 2656 600 2713 Verba
655 2669 878 2731 propter
928 2663 1295 2732 prolixitatem
1350 2680 1458 2720 non
1508 2674 1715 2735 repeto.
1761 2665 1994 2721 Prorsus

422 2764 548 2804 vero
591 2750 959 2822 Ὠριγενικῶς,
988 2756 1040 2809 in
1062 2771 1271 2812 Lxxxm
1299 2757 1655 2824 quwstionib.,
1677 2767 1867 2827 quaest.
1894 2757 1989 2810 70:

426 2855 447 2890 ι
480 2838 619 2893 Caro
672 2845 1007 2913 concupiscit
1047 2847 1311 2902 adversus
1355 2848 1634 2915 spiritum,
1670 2859 1725 2903 et
1771 2849 1994 2915 spiritus

421 2927 686 2991 adversus
712 2944 955 2985 carnem.
991 2931 1117 2988 Htec
1155 2936 1298 2989 enim
1332 2936 1559 2990 invicem
1592 2937 1691 2991 sibi
1734 2937 1995 2993 resistunt

421 3030 476 3073 et
510 3021 891 3086 adversantur,
927 3035 984 3078 ut
1018 3040 1123 3079 non
1157 3041 1494 3096 quaecunque
1539 3027 1701 3082 vultis
1723 3068 1741 3092 ,
1791 3028 1877 3082 illa
1910 3028 1991 3083 fa-

419 3110 597 3164 ciatis.
653 3111 742 3167 Fit
789 3129 918 3183 ergo
970 3130 1067 3182 per
1118 3116 1609 3171 sanctiﬁcatiouem
1668 3117 1989 3186 perfectam,

420 3211 474 3254 ut
505 3203 685 3257 omnis
710 3205 945 3261 carnalis
976 3208 1246 3276 appetitus
1283 3208 1493 3279 spiritui
1552 3217 1741 3262 nostro
1789 3208 1989 3264 illumi-

418 3302 548 3349 nato
602 3305 656 3348 et
692 3295 982 3365 viviﬁcato,
1022 3299 1075 3354 id
1113 3309 1220 3366 est,
1248 3300 1401 3356 bona:
1434 3301 1698 3355 voluntati
1729 3301 1986 3372 subiicia-

418 3393 526 3440 tur.
570 3404 590 3439 ι

488 3480 593 3534 Sed
628 3481 757 3550 quid
788 3482 1072 3553 Augustini
1110 3489 1492 3544 auctoritatem
1525 3487 1902 3558 praeteximus,
1927 3500 1987 3546 ut

416 3567 668 3635 spiritum
702 3569 851 3622 illum
876 3572 1061 3627 carnis
1090 3575 1459 3632 adversarium
1502 3596 1643 3649 saepe
1671 3599 1769 3652 pro
1795 3582 1987 3637 anime

414 3659 747 3730 ἡγεμονικῷ,
782 3660 860 3715 vel
892 3662 1008 3731 ipsa
1046 3674 1192 3720 certe
1247 3668 1429 3721 anima
1478 3674 1619 3725 sumi
1674 3677 1985 3742 probemus,

415 3766 535 3802 cum
571 3751 620 3804 id
656 3761 732 3805 tot
771 3752 1072 3823 Scriptura:
1100 3754 1231 3811 locis
1254 3760 1445 3815 confici
1477 3765 1685 3831 possit?
1722 3767 1869 3820 velut
1894 3768 1985 3823 illo

414 3840 607 3895 Matth.
642 3859 789 3910 xxvr,
820 3844 883 3898 ﬂ
914 3862 930 3900 :
971 3865 989 3897 ι
1025 3846 1261 3917 Spiritus
1289 3852 1511 3918 quidem
1564 3867 1846 3926 promptus
1879 3870 1986 3923 est,

413 3944 540 3985 caro
583 3943 762 3987 autem
805 3936 1055 4002 infirma;
1091 3957 1109 3991 ι
1156 3949 1211 3992 et
1246 3940 1339 3995 illo
1384 3942 1399 3996 Ι
1431 3944 1558 4003 Cor.
1593 3961 1650 4011 ν,
1677 3946 1710 4000 5
1744 3962 1759 4000 :
1819 3966 1838 3999 ι
1876 3950 1988 4019 Ego

412 4022 652 4091 iudicavi
708 4026 924 4079 tradere
972 4028 1282 4097 huiusmodi
1341 4034 1557 4090 Satanae
1601 4039 1652 4092 in
1710 4040 1989 4105 interitum,

413 4113 618 4175 miritis,
652 4122 712 4167 ut
744 4115 971 4183 spiritus
999 4119 1182 4174 salvus
1227 4122 1296 4175 sit
1345 4124 1398 4176 in
1432 4126 1516 4179 die
1548 4128 1761 4182 Domini
1812 4131 1986 4186 nostri

412 4200 537 4256 Jesu
561 4206 799 4272 Christi;
839 4226 859 4258 ι
905 4218 960 4262 et
993 4209 1082 4262 illo
1110 4212 1148 4266 ll
1190 4211 1317 4269 Cor.
1363 4232 1459 4281 vn,
1507 4219 1573 4274 1;
1618 4238 1636 4271 ι
1669 4221 1989 4278 Mundeuius

413 4309 513 4369 nos
542 4296 609 4348 ab
642 4298 790 4349 omni
835 4297 1246 4366 inquinamento
1273 4308 1455 4362 carnis
1495 4318 1550 4362 et
1578 4310 1834 4377 spiritus;
1873 4332 1893 4365 ι
1934 4322 1990 4368 et

414 4386 504 4438 illo
528 4387 727 4456 Ephcs.
751 4404 824 4453 tv,
855 4390 1029 4444 20-25
1056 4410 1069 4445 :
1104 4412 1121 4443 ι
1155 4391 1263 4449 Vos
1286 4406 1464 4450 autem
1489 4414 1593 4453 non
1622 4400 1695 4453 ita
1718 4400 1989 4460 didicistis

2109 582 2205 636 bus
2280 596 2383 635 non
2443 580 2600 636 aliter
2633 582 2771 635 sumi
2821 581 3046 650 spiritus
3101 589 3304 649 potest,
3351 596 3516 649 quam
3574 597 3672 651 pro

2105 673 2310 737 anima,
2345 673 2429 726 vel
2453 673 2649 726 anima:
2679 673 3009 744 ἡγεμονικῳ,
3051 688 3159 740 quo
3197 672 3357 727 modo
3410 672 3674 743 Origenes

2109 760 2395 817 intellexit.

2185 853 2294 908 Vll.
2321 853 2398 908 Ex
2434 853 2520 910 bis
2566 853 2791 910 eliieitur
2825 854 3133 910 inferiorem
3188 855 3386 908 animm
3436 865 3671 922 partem,

2106 961 2227 1015 quae
2291 946 2471 1000 anima
2528 946 2850 1017 simpliciter
2903 947 3205 1017 appellatur
3259 945 3341 1018 (ιιι
3398 946 3671 1015 superior,

2104 1038 2370 1107 spiritus),
2407 1037 2637 1091 mediam
2664 1052 2783 1093 esse
2802 1040 3197 1107 quodammodo
3241 1037 3501 1107 spiritum
3533 1037 3675 1091 inter

2102 1138 2156 1183 et
2186 1142 2407 1183 carnem
2433 1145 2449 1195 ;
2480 1128 2582 1182 hoc
2615 1137 2691 1183 est
2715 1129 2936 1196 spiritus
2967 1128 3107 1182 inter
3132 1129 3441 1189 suasiones,
3472 1134 3528 1180 et
3555 1141 3673 1181 car-

2103 1217 2189 1271 nis
2241 1217 2532 1272 iucentiva.
2593 1236 2612 1269 ι
2646 1217 2778 1272 Cum
2826 1218 3066 1285 dicitur,
3125 1237 3145 1271 ι
3199 1218 3374 1289 inquit
3408 1219 3675 1290 Origenes

2102 1305 2197 1362 lib.
2233 1324 2250 1363 ι
2281 1308 2337 1361 in
2363 1306 2537 1375 Epist.
2568 1308 2637 1360 ad
2671 1307 2851 1373 Rom.,
2885 1324 3035 1363 num.
3063 1308 3148 1373 18.
3190 1329 3210 1363 ι
3245 1311 3369 1380 quia
3403 1327 3533 1365 caro
3553 1327 3675 1366 con-

2102 1399 2321 1467 cupiscit
2352 1398 2602 1452 adversus
2632 1398 2909 1466 spiritum,
2938 1399 3155 1467 spiritus
3199 1410 3376 1453 autem
3418 1402 3673 1457 adversus

2100 1507 2311 1545 carnem
2343 1491 2410 1555 “,
2445 1491 2619 1546 media
2648 1490 2832 1562 procul
2864 1492 3027 1547 dubio
3058 1494 3279 1561 ponitur
3307 1493 3526 1561 anima,
3555 1512 3674 1565 qua!

2098 1579 2183 1635 vel
2230 1582 2516 1637 desideriis
2566 1582 2792 1651 spiritus
2835 1583 3182 1652 acquiescat,
3232 1583 3320 1639 vel
3370 1584 3439 1639 ad
3490 1587 3673 1641 carnis

2099 1669 2565 1738 concupiscentias
2601 1670 2909 1745 inclinetur.
2950 1690 2970 1725 ι
3002 1671 3206 1739 Quibus
3234 1673 3382 1727 addit
3414 1715 3432 1740 ,
3471 1688 3539 1729 ac
3578 1691 3673 1730 va-

2100 1762 2196 1815 riis
2246 1759 2542 1831 Scriptura:
2588 1763 2720 1820 locis
2761 1766 2985 1835 probat,
3031 1767 3317 1837 utriusque
3364 1768 3504 1833 viae,
3560 1778 3671 1825 tum

2098 1852 2211 1921 eius
2237 1868 2356 1922 qua;
2384 1856 2564 1911 carnis
2596 1867 2700 1923 est,
2730 1865 2840 1912 tum
2873 1857 2991 1925 eius
3036 1873 3155 1928 quae
3196 1846 3457 1929 spiritus,
3515 1876 3672 1915 mon-

2097 1954 2360 2001 stratores
2405 1957 2460 2000 et
2494 1946 2737 2003 fautores
2784 1948 3006 2017 angelos
3037 1949 3294 2005 assistere
3332 1951 3670 2021 hominibus,

2098 2032 2486 2105 Christumque
2516 2036 2690 2103 ipsum
2720 2039 2860 2091 viam
2889 2038 3111 2107 spiritus
3153 2040 3469 2097 hominibus
3512 2046 3668 2112 quasi

2096 2135 2342 2179 sternere
2381 2142 2395 2177 :
2443 2145 2462 2177 ι
2499 2125 2661 2180 Favet
2686 2136 2738 2181 et
2764 2127 2878 2194 ipse
2917 2128 3210 2195 Dominus,
3243 2133 3443 2200 inquit,
3471 2134 3672 2203 quippe

2096 2216 2186 2285 qui
2214 2218 2376 2271 etiam
2407 2218 2643 2273 animam
2676 2234 2827 2273 suam
2857 2222 3012 2288 ponit
3038 2237 3136 2291 pro
3171 2223 3363 2279 ovibus
3392 2225 3533 2278 suis.
3564 2226 3671 2279 Sed

2093 2319 2157 2359 ex
2192 2315 2419 2376 utraque
2465 2315 2620 2375 parte
2659 2306 2860 2363 favoris
2894 2309 3177 2379 disciplina
3224 2320 3502 2367 servatur.
3552 2313 3671 2369 Non

2094 2397 2238 2450 enim
2289 2397 2339 2451 vi
2383 2411 2471 2453 res
2506 2399 2707 2468 agitur,
2762 2414 2940 2468 neque
2988 2402 3310 2458 necessitate
3356 2403 3410 2458 in
3441 2404 3670 2459 alteram

2094 2495 2304 2555 partem
2356 2488 2536 2541 anima
2571 2488 2877 2543 declinatur
2909 2506 2924 2543 :
2961 2491 3196 2561 alioquin
3239 2508 3338 2549 nec
3385 2494 3547 2565 culpa
3593 2496 3671 2562 ei,

2106 2593 2203 2631 nec
2250 2577 2422 2632 virtus
2455 2589 2639 2649 posset
2683 2581 2922 2645 ascribi;
2973 2595 3072 2638 nec
3098 2584 3224 2638 boni
3278 2584 3477 2641 electio
3521 2602 3670 2656 prat-

2098 2669 2263 2724 mium
2291 2707 2307 2733 ,
2343 2685 2444 2726 nec
2497 2671 2784 2727 declinatio
2808 2673 2932 2727 mali
2961 2675 3277 2745 supplicium
3317 2687 3669 2746 mereretur;

2094 2760 2185 2813 sed
2224 2771 2474 2816 servatur
2511 2763 2559 2816 ei
2591 2764 2643 2818 in
2673 2765 2926 2821 omnibus
2956 2765 3181 2822 libertas
3205 2769 3459 2834 arbitrii,
3508 2779 3569 2823 ut
3615 2771 3669 2825 in

2096 2857 2239 2916 quod
2271 2853 2501 2909 voluerit
2530 2855 2644 2924 ipsa
2676 2857 2935 2924 declinet,
2963 2859 3105 2915 sicut
3144 2862 3410 2932 scriptum
3458 2875 3544 2920 est
3572 2865 3621 2898 ⁶¹
3654 2883 3669 2920 :

2094 2942 2237 2998 Ecce
2263 2945 2415 3014 posui
2456 2956 2583 3001 ante
2607 2947 2803 3003 faciem
2836 2960 2981 3005 tuam
3024 2954 3192 3007 vitam
3234 2962 3281 3009 et
3316 2965 3583 3022 mortem,
3617 2968 3674 3013 et

2094 3037 2273 3105 ignem
2306 3047 2362 3093 et
2390 3053 2613 3107 aquam.
2659 3058 2678 3092 ι
2716 3040 2827 3096 Nec
2856 3043 3036 3097 minus
3066 3044 3210 3101 clare
3239 3046 3381 3102 idem
3413 3049 3674 3119 exprimit

2102 3127 2194 3181 ιιι).
2225 3143 2282 3182 ιιι
2311 3130 2449 3199 Περὶ
2478 3130 2702 3201 ἀρχῶν,
2735 3148 2858 3204 cap.
2888 3136 2946 3200 4,
2972 3151 3120 3191 num.
3145 3137 3200 3192 2.

2161 3219 2355 3289 Arguit
2406 3220 2519 3275 haec
2566 3236 2781 3291 quoque
2828 3225 3032 3279 erroris
3079 3224 3372 3307 Jansenius
3435 3238 3571 3287 tom.
3627 3231 3669 3297 l,

2094 3310 2188 3366 lib.
2213 3327 2275 3375 il,
2306 3328 2427 3381 cap.
2460 3313 2494 3368 5
2524 3330 2539 3368 :
2573 3331 2592 3366 ι
2628 3312 2814 3383 Neque
2852 3330 3007 3379 vero,
3052 3318 3242 3386 inquit,
3279 3320 3491 3390 Pelagii
3548 3334 3674 3378 tan-

2089 3412 2223 3467 tum,
2258 3403 2503 3459 Cassiani
2554 3416 2715 3476 atque
2740 3407 2995 3479 Origenis
3029 3410 3133 3465 fuit
3157 3411 3260 3465 ista
3288 3412 3354 3467 de
3382 3413 3674 3470 affectibus

2087 3494 2428 3550 naturalibus
2453 3496 2611 3553 bonis
2645 3515 2710 3554 ac
2749 3501 2905 3557 malis
2940 3518 3005 3556 ex
3050 3503 3171 3573 lege
3218 3507 3459 3560 naturali
3506 3516 3674 3576 atque

2089 3601 2251 3640 carne
2277 3588 2702 3656 prodeuntibus,
2733 3607 2797 3647 ac
2854 3593 2920 3649 de
2974 3595 3156 3649 anima
3210 3597 3354 3652 inter
3402 3608 3674 3668 utrosque

2086 3679 2261 3733 media
2287 3679 2441 3736 istius
2479 3683 2761 3751 apostolici
2808 3685 2913 3741 loci
2947 3689 3217 3755 expositio
3242 3730 3259 3754 ,
3295 3692 3390 3746 sed
3424 3693 3672 3747 omnium

2086 3772 2307 3824 omnino
2340 3771 2752 3842 Pelagianorum
2774 3817 2790 3842 ,
2823 3792 3052 3845 quorum
3088 3781 3289 3849 scripta
3333 3781 3526 3836 videre
3568 3799 3672 3854 po-

2090 3861 2186 3914 tui.
2231 3880 2249 3912 »
2292 3862 2382 3917 Sic
2417 3872 2593 3918 tamen
2642 3863 2999 3938 Hieronymus
3037 3870 3090 3923 in
3119 3868 3289 3937 Epist.
3337 3873 3409 3925 ad
3454 3870 3576 3928 Gal.
3615 3889 3673 3939 ν,

2091 3951 2153 4003 17
2192 3969 2205 4005 :
2254 3970 2272 4002 ι
2309 3953 2449 4007 Caro
2492 3957 2856 4023 prmsentibus
2911 3960 3215 4014 delectatur
3269 3971 3327 4016 et
3376 3964 3669 4032 brevibus;
3729 4012 3734 4016 _

2089 4042 2312 4123 spiritus
2342 4046 2617 4114 perpetuis
2646 4057 2701 4101 et
2726 4048 2945 4103 futuris.
2975 4049 3121 4105 luter
3149 4052 3253 4106 hoc
3279 4052 3527 4123 iurgium
3556 4071 3673 4111 me-

2092 4122 2177 4185 dia
2213 4133 2391 4188 anima
2421 4138 2690 4200 consistit,
2719 4139 2928 4195 habens
2951 4141 3166 4211 quidem
3193 4144 3246 4197 in
3275 4122 3672 4213 suaipotestate

2091 4224 2290 4280 bonum
2318 4237 2373 4281 et
2399 4228 2631 4297 malum;
2670 4231 2806 4287 velle
2836 4241 2889 4287 et
2930 4233 3106 4301 nolle;
3145 4252 3164 4286 ι
3209 4245 3263 4289 et
3289 4238 3455 4306 paulo
3501 4249 3671 4308 post:

2097 4334 2116 4367 ι
2151 4317 2303 4381 Quod
2333 4326 2391 4374 ut
2420 4321 2757 4378 manifestius
2785 4322 2898 4391 fiat,
2930 4324 3146 4395 aliquod
3177 4341 3460 4384 sumamus
3485 4344 3675 4387 exem-

2091 4410 2237 4479 plmn
2274 4427 2288 4463 :
2319 4427 2479 4477 caro,
2512 4424 2690 4482 terra;
2717 4416 2919 4482 anima,
2951 4433 3178 4485 aurum;
3214 4420 3449 4489 spiritus
3472 4462 3489 4487 ,
3530 4423 3675 4492 ignis

411 4473 712 4540 Christum,
749 4479 791 4532 si
826 4490 1003 4534 tamen
1035 4482 1180 4536 illum
1207 4486 1452 4553 audistis,
1497 4498 1553 4542 et
1578 4489 1629 4542 in
1661 4490 1778 4560 ipso
1808 4494 1985 4548 edocti
2018 4514 2063 4569 ι)
2091 4473 2332 4559 vocetur.
2366 4473 2615 4571 Quandiu
2648 4473 2841 4563 aurum
2870 4508 3035 4564 fuerit
3063 4511 3119 4565 in
3159 4473 3303 4566 terra
3333 4473 3515 4584 perdit
3551 4473 3672 4569 avo-

411 4567 570 4634 estis,
607 4572 749 4622 sicut
775 4582 857 4623 est
880 4573 1085 4627 veritas
1117 4572 1169 4627 in
1216 4574 1366 4630 Jesu.
1418 4578 1699 4648 Deponere
1750 4597 1844 4637 vos
1895 4600 1984 4639 se-

412 4658 646 4712 cundum
672 4660 961 4727 pristinam
998 4667 1470 4722 conversationem
1514 4681 1755 4727 veterem
1802 4676 1983 4731 homiv

414 4764 559 4813 nem,
585 4751 674 4818 qui
707 4754 1079 4822 corrumpitur
1112 4758 1409 4813 secundum
1440 4760 1709 4818 desideria
1753 4769 1979 4824 erroris.

414 4836 768 4894 Reuovamini
794 4854 973 4897 autem
1001 4847 1192 4914 spiritu
1224 4851 1420 4905 mentis
1443 4861 1657 4919 vestrze,
1692 4870 1747 4909 et
1777 4858 1984 4916 induite

414 4948 613 4986 novum
649 4933 958 5001 hominem;
999 4954 1017 4988 ›
1053 4946 1107 4990 et
1140 4938 1230 4991 illo
1274 4938 1292 4992 Ι
1322 4940 1635 5008 Tbessal.v,
1665 4944 1764 5001 ἃδε
1792 4966 1810 4999 ι
1866 4948 1984 5019 Ipse

412 5030 593 5077 autem
621 5023 762 5078 Deus
792 5027 939 5095 pacis
966 5030 1274 5085 sanetilicet
1301 5047 1395 5087 vos
1422 5049 1520 5103 per
1548 5038 1729 5091 omnia
1765 5061 1777 5095 :
1813 5051 1869 5094 ut
1902 5041 1985 5094 iu-

410 5123 565 5184 teger
596 5117 824 5187 spiritus
859 5130 1058 5184 vester,
1086 5131 1139 5175 et
1168 5123 1370 5191 anima,
1404 5134 1458 5180 et
1484 5142 1681 5197 corpus
1710 5132 1829 5185 sine
1858 5148 1987 5201 que-

414 5204 524 5258 rela
559 5206 611 5259 in
643 5209 878 5262 adventu
907 5211 1119 5265 Domini
1144 5215 1317 5268 nostri
1364 5214 1493 5272 Jesu
1543 5219 1744 5276 Christi
1796 5238 1980 5279 serve-

416 5304 533 5356 tur;
558 5315 578 5349 ι
618 5308 671 5353 et
697 5299 790 5353 illo
822 5300 987 5357 Hebr.
1022 5318 1097 5365 tv,
1132 5305 1197 5359 12
1229 5324 1242 5359 :
1283 5323 1303 5357 ι
1331 5307 1495 5363 Vivus
1530 5322 1614 5366 est
1636 5314 1780 5367 enim
1807 5328 1987 5369 sermo

404 5385 513 5441 Dei
541 5397 596 5442 et
616 5387 824 5454 efﬁcax,
850 5395 1317 5461 etpenetrabilior
1336 5400 1482 5452 omni
1513 5401 1693 5469 gladio
1714 5405 1938 5473 ancipiti
1966 5421 1980 5457 :

416 5489 472 5532 et
501 5483 815 5553 pertingens
844 5501 1013 5555 usque
1038 5488 1107 5542 ad
1138 5488 1464 5546 divisionem
1500 5494 1694 5549 animae
1722 5505 1778 5551 et
1820 5497 1986 5567 spiri-

416 5578 526 5637 tus,
562 5588 881 5645 compagum
906 5594 1123 5651 quoque
1144 5596 1208 5637 ac
1241 5584 1637 5653 medullarum,
1688 5598 1743 5645 et
1773 5589 1983 5647 discre-

524 5750 770 5811 “Galat.
804 5774 855 5825 v,
890 5761 971 5815 l7.
1048 5764 1091 5795 "
1113 5762 1278 5820 Eccli.
1309 5778 1396 5831 xv,
1430 5765 1513 5820 17.

2088 4594 2339 4649 cabulum
2371 4612 2549 4660 suum,
2584 4608 2639 4653 et
2672 4613 2702 4651 a
2738 4608 2882 4654 terra
2914 4601 3000 4655 cui
3040 4604 3386 4658 commistum
3415 4616 3542 4670 est,
3571 4622 3673 4676 ap-

2088 4683 2336 4751 pellatur.
2385 4685 2518 4740 Cum
2570 4702 2699 4743 vero
2750 4700 3059 4757 separatum
3114 4693 3182 4746 ab
3230 4693 3435 4759 luuno,
3468 4697 3583 4749 auri
3620 4708 3675 4750 et

2088 4773 2320 4840 speciem
2352 4784 2406 4828 et
2430 4789 2621 4831 nomen
2654 4779 2947 4847 acceperit,
2980 4794 3168 4833 aurum
3195 4781 3417 4849 quidem
3448 4784 3671 4847 dicitur,

2086 4866 2181 4920 sed
2220 4868 2447 4921 necdum
2493 4869 2803 4937 probatum.
2846 4870 2903 4925 Si
2958 4883 3139 4925 autem
3194 4887 3291 4939 per
3346 4874 3528 4940 ignem
3577 4892 3673 4931 ex-

2086 4965 2302 5009 coctum
2346 4955 2513 5013 fuerit
2536 4966 2589 5013 et
2614 4960 2897 5027 probatum
2920 5000 2936 5025 ,
2966 4970 3093 5015 tunc
3131 4962 3250 5015 auri
3293 4964 3672 5032 splendorem,

2086 5057 2141 5100 et
2169 5057 2398 5103 ornatus
2437 5050 2519 5104 sui
2554 5051 2754 5120 accipit
2790 5052 3129 5122 dignitatem.
3168 5052 3247 5107 Ita
3282 5063 3339 5108 et
3370 5058 3561 5110 anima
3589 5059 3674 5111 in-

2090 5145 2171 5190 ter
2202 5137 2495 5193 lmmanum
2533 5150 2589 5195 et
2624 5142 2824 5210 ignem,
2857 5142 2957 5197 hoc
2985 5153 3068 5197 est
3100 5143 3241 5197 inter
3294 5161 3523 5200 carnem
3561 5148 3675 5217 spi-

2087 5224 2363 5296 ritumque
2410 5230 2745 5297 consistens,
2787 5233 3005 5302 quando
3049 5248 3107 5288 se
3157 5234 3450 5289 tradiderit
3496 5236 3673 5301 carni,

2088 5332 2219 5373 caro
2246 5320 2444 5375 dicitur
2468 5339 2483 5386 ;
2514 5324 2733 5391 quando
2760 5324 2996 5393 spiritui,
3030 5325 3259 5392 spiritus
3284 5328 3611 5396 appellatur.
3646 5346 3667 5380 ι

2089 5408 2182 5462 Sic
2234 5418 2289 5464 et
2365 5414 2699 5482 Augustinus
2756 5415 2849 5469 lib.
2896 5431 2931 5469 ι
2980 5414 3056 5467 De
3110 5412 3300 5469 Cenes.
3352 5419 3424 5471 ad
3481 5418 3669 5485 litter.,

2087 5514 2209 5569 cap.
2250 5501 2337 5567 12,
2371 5508 2605 5559 animam
2638 5516 2888 5576 tanquam
2925 5509 2976 5562 in
3018 5507 3193 5562 medio
3218 5510 3496 5579 positam,
3531 5523 3671 5565 non-

2088 5607 2366 5663 nunquam
2402 5611 2430 5649 a
2462 5611 2624 5653 carne
2662 5600 2728 5653 ad
2758 5600 2887 5654 vitia
2920 5598 3180 5669 deprimi,
3218 5613 3673 5673 noununqnam-a
