3898 6528
431 459 537 517 931

1660 457 1723 511 Ρ.
1766 456 2083 513 DANlELlS
2125 455 2355 513 ilUETll

3574 455 3680 510 95?.

444 581 556 633 vita
583 577 787 648 impia?
827 596 846 629 ι
884 575 1089 644 Quibus
1115 574 1313 629 accinit
1340 572 1655 644 Fulgentius
1705 575 1759 629 in
1799 574 1895 628 lib.
1928 573 2003 628 De

2108 572 2271 637 Θεοῦ,
2303 573 2396 626 καὶ
2427 571 2487 625 τὸ
2516 570 2688 624 θέλειν
2731 569 2995 639 ἐλάϐομεν
3044 567 3151 621 ἀπὸ
3195 566 3286 620 τοῦ
3319 566 3677 638 δημιουργοῦ.

443 670 802 723 incarnatione
828 678 875 720 et
906 669 1080 736 gratia
1129 664 1347 731 Christi,
1392 681 1511 735 cap.
1542 666 1615 720 26
1659 682 1674 719 :
1726 684 1744 718 ι
1772 666 1924 734 Quod
1958 669 2002 721 si

444 760 764 830 quibusdam
795 759 1248 828 cognoscentibus
1281 759 1470 822 Deum,
1515 773 1615 813 nec
1666 758 1806 813 sicut
1838 759 2002 813 Demn

444 851 892 922 gloriﬁcantibus,
917 851 1151 921 cognitio
1184 850 1270 904 illa
1297 851 1429 905 nihil
1447 848 1651 919 profuit
1672 851 1737 903 ad
1752 848 2003 913 salutem,

445 942 716 1013 quomodo
743 951 1031 1012 potuerunt
1072 943 1125 997 bi
1163 940 1294 1010 justi
1330 957 1450 997 esse
1491 941 1629 1011 apud
1676 942 1873 1005 Deum,
1915 943 2005 1011 qui

442 1036 524 1089 sic
557 1036 609 1088 in
641 1036 754 1089 suis
781 1035 1020 1089 moribus
1049 1044 1212 1103 atque
1240 1035 1492 1103 operibus
1523 1033 1778 1090 bonitatis
1803 1034 2006 1103 aliquid

443 1136 680 1192 servant,
720 1137 776 1179 ut
803 1126 903 1180 hoc
925 1126 991 1179 ad
1026 1127 1183 1180 linem
1216 1126 1537 1181 Christiana:
1574 1126 1694 1181 lldei
1720 1164 1739 1189 ,
1774 1126 2008 1181 cbarita-

445 1218 624 1289 iisque
660 1234 762 1272 non
794 1218 1065 1272 referant?
1107 1219 1307 1287 quibus
1351 1219 1530 1288 aliqua
1583 1218 1797 1287 quidem
1842 1218 2004 1283 bona,

444 1324 566 1378 quas
609 1310 675 1363 ad
729 1310 1008 1363 societatis
1056 1310 1305 1363 humana:
1354 1310 1626 1379 pertinent
1673 1309 2006 1377 aequitatem,

446 1400 626 1454 inesse
656 1411 918 1470 possunt;
952 1400 1044 1455 sed
1075 1402 1198 1470 quia
1228 1416 1332 1454 non
1375 1401 1639 1455 charitate
1692 1399 1787 1454 Dei
1850 1400 2004 1463 iiunt,

446 1495 700 1560 prodesse
749 1510 851 1547 non
910 1503 1152 1563 possunt.
1201 1512 1219 1545 ι
1284 1492 1644 1564 Hieronymus
1695 1507 1909 1562 quoque
1953 1493 2007 1545 in

446 1578 608 1636 limite
630 1598 778 1647 xxuv,
819 1582 874 1645 5.
923 1583 1113 1637 scribit
1157 1584 1369 1653 praemia
1414 1584 1737 1652 adepturus,
1783 1582 2010 1650 quicun-

445 1688 548 1742 que
575 1673 741 1743 legem
776 1674 1079 1728 naturalem
1125 1676 1530 1729 observaverint
1570 1691 1584 1727 ε
1616 1685 1672 1729 et
1713 1676 1770 1728 in
1815 1674 2005 1729 Exerit.

447 1783 599 1829 xxix,
633 1767 721 1828 17,
755 1767 830 1819 ait
852 1786 871 1817 ι
900 1768 1247 1821 condemnari
1273 1783 1368 1822 nos
1402 1768 1803 1838 comparatione
1832 1770 2009 1837 genti-

446 1857 601 1919 lium,
635 1860 677 1911 si
707 1858 781 1911 illi
814 1858 929 1925 lege
963 1857 1167 1911 faciant
1223 1858 1473 1923 naturali,
1502 1873 1621 1927 quas
1664 1874 1763 1912 nos
1808 1858 2006 1926 scripta

446 1950 793 2019 negligimus.
848 1968 865 2001 ι
902 1949 1242 2004 Przetcrmitti
1289 1965 1419 2004 vero
1471 1966 1577 2004 non
1632 1951 1788 2005 decet
1834 1950 2007 2004 locum

445 2040 616 2107 ipsius
646 2039 877 2093 alterum
908 2041 961 2093 in
993 2038 1120 2093 Cat.
1158 2055 1243 2101 ιιι,
1271 2038 1326 2103 2,
1356 2040 1421 2093 ad
1469 2039 1572 2093 hoc
1620 2048 1871 2108 spectans
1923 2053 2010 2092 ar-

444 2139 797 2199 gumentum,
840 2140 895 2184 et
933 2130 1326 2200 circumspecte
1373 2130 1765 2199 attingendum.
1830 2148 1849 2182 ι
1901 2129 2010 2185 Nos

446 2222 931 2291 respondebimus,
984 2223 1190 2292 inquit,
1253 2223 1528 2291 accepisse
1587 2221 1803 2290 quidem
1879 2237 1999 2275 eum

443 2311 773 2384 (Cornelium
816 2314 1208 2383 centurionem)
1243 2313 1501 2381 Spiritum
1553 2312 1647 2367 sed
1714 2328 1781 2366 ex
1824 2313 2007 2367 auditu

444 2404 567 2458 lidei
617 2414 675 2458 et
719 2405 950 2458 naturali
995 2404 1130 2475 lege,
1180 2419 1303 2474 qua:
1363 2404 1605 2473 loquitur
1654 2406 1705 2458 in
1757 2405 2008 2459 cordibus

444 2495 663 2558 nostris,
726 2497 861 2549 bona
915 2511 1141 2563 quaeque
1191 2496 1531 2558 facienda,et
1579 2496 1794 2548 vitanda
1844 2494 2005 2559 mala,

444 2599 542 2653 per
569 2601 727 2653 quam
751 2585 948 2639 dudum
981 2600 1198 2655 quoque
1231 2586 1537 2651 Abraham,
1579 2584 1759 2639 Mosen
1814 2595 1868 2638 et
1901 2600 2006 2639 ca:-

446 2685 594 2730 teros
619 2684 836 2730 sanctos
877 2674 1205 2744 justiﬁeatos
1255 2676 1539 2731 retulimus
1568 2693 1583 2729 :
1620 2691 1779 2744 quam
1810 2692 2007 2745 augere

443 2764 699 2835 deinceps
745 2774 918 2834 potest
960 2781 1183 2836 cperum
1230 2768 1570 2833 observatio,
1615 2767 1748 2838 legis
1792 2783 2007 2837 quoque

443 2851 675 2921 iustitia,
712 2870 817 2909 non
850 2865 1029 2911 tamen
1093 2857 1330 2913 carnalis
1380 2857 1513 2927 legis
1563 2874 1681 2927 qua:
1724 2861 2005 2930 praeteriit,

443 2943 539 2997 sed
567 2944 885 3011 spiritualis,
918 2946 1041 3015 quia
1070 2949 1154 2999 tea:
1179 2948 1471 3015 spiritualis
1496 2958 1572 3002 est
1595 2948 1661 3001 “.
1692 2966 1712 3000 ι

511 3031 581 3087 Χ.
615 3034 743 3100 Quae
764 3050 884 3089 cum
920 3035 987 3087 ita
1018 3036 1147 3097 sint,
1176 3036 1452 3091 fatendum
1483 3046 1567 3091 est
1615 3048 1790 3093 tamen
1839 3041 2006 3096 nimio

443 3124 563 3194 plus
590 3125 877 3194 aliquando
914 3126 1168 3182 tribuisse
1217 3127 1500 3198 Origenem
1539 3129 1643 3199 legi
1684 3139 1919 3196 natura);
1951 3142 2005 3186 et

441 3231 560 3284 quae
591 3215 843 3284 peculiari
892 3216 982 3270 Dei
1017 3216 1216 3272 auxilio
1247 3217 1610 3283 debebantur,
1657 3219 1710 3273 in
1752 3220 2004 3290 generale
2031 3250 2071 3307 ο

441 3308 702 3361 auxilium
731 3308 1142 3377 transcripsisse
1174 3327 1188 3363 :
1226 3309 1367 3378 quod
1396 3310 1616 3365 omnino
1658 3310 2001 3381 Pelagianutn

439 3406 563 3450 est:
597 3397 742 3451 velut
769 3408 921 3452 actus
953 3397 1193 3467 singulos
1222 3399 1539 3464 voluntatis,
1560 3414 1695 3468 quos
1728 3401 1995 3455 votitiones

442 3485 716 3554 appellant
743 3503 757 3540 :
780 3486 877 3541 bos
901 3488 1044 3540 enim
1080 3488 1152 3541 ita
1183 3502 1279 3541 nos
1304 3488 1506 3542 habere
1534 3504 1562 3541 a
1597 3488 1706 3543 Deo
1729 3490 2001 3555 censebat,

439 3586 707 3642 quatenus
740 3577 995 3631 virtutem
1024 3577 1234 3631 volendi
1264 3578 1378 3632 sive
1415 3578 1726 3632 facultatem
1758 3579 2006 3634 volunta-

439 3664 511 3720 tis
542 3679 572 3717 a
604 3662 717 3719 Deo
745 3664 1025 3719 habemus.
1055 3665 1130 3719 Ita
1157 3667 1378 3736 exponit
1428 3666 1555 3721 illud
1586 3666 1773 3733 Pauli,
1803 3668 2001 3738 Philip.

439 3768 505 3820 ll,
534 3755 646 3809 15:
692 3772 710 3805 ι
750 3754 892 3809 Deus
942 3768 1026 3810 est
1062 3757 1205 3810 enim
1246 3757 1337 3825 qui
1377 3766 1632 3826 operatur
1676 3758 1729 3812 in
1770 3759 1923 3813 vobis
1951 3768 2007 3814 et

439 3845 606 3909 velle,
636 3854 691 3900 et
718 3844 1014 3916 perlicere,
1044 3860 1143 3916 pro
1172 3847 1310 3902 bona
1354 3846 1668 3901 voluntate:
1710 3866 1730 3900 ι
1767 3863 1888 3903 cum
1936 3864 2003 3904 ex

439 3939 543 3994 hoc
560 3939 704 3993 enim
733 3938 852 3992 loco
880 3936 1260 3992 concluderent
1289 3938 1530 3992 nonnulli
1574 3938 1745 3994 libero
1779 3955 1875 3993 nos
1913 3954 2006 3993 ca-

438 4044 561 4084 rere
591 4028 841 4092 arbitrio,
875 4028 1137 4097 siquidem
1167 4043 1229 4082 ex
1279 4029 1387 4082 Deo
1424 4030 1724 4097 penderent
1757 4030 2004 4083 volunta-

440 4124 508 4177 tis
539 4132 739 4177 uostrae
775 4131 975 4185 motus,
1030 4120 1110 4175 sic
1169 4122 1454 4188 respondet
1495 4120 1758 4191 Origenes
1801 4121 1895 4175 lib.
1944 4136 2003 4175 ιιι

436 4213 515 4267 De
540 4214 786 4281 princip.,
812 4228 930 4281 cap.
963 4214 1015 4279 1,
1051 4229 1197 4268 num.
1232 4215 1298 4269 19
1325 4213 1435 4284 (41)
1481 4230 1495 4267 :
1525 4214 1634 4266 Kal.
1670 4214 1805 4285 πρὸς
1847 4212 2006 4265 τοῦτο

436 4304 493 4358 δδ
523 4305 738 4358 λεκτέον
766 4305 845 4357 ὅτι
884 4306 917 4375 ἡ
966 4305 1058 4357 τοῦ
1102 4305 1423 4359 Ἀποστόλου
1455 4306 1598 4370 λέξις
1659 4306 1718 4358 οὐ
1758 4306 1893 4375 φησὶ
1945 4303 2006 4357 τὸ

439 4395 614 4447 θέλειν
660 4393 729 4447 τὰ
773 4394 918 4449 κακὰ
962 4397 1025 4447 ὲκ
1072 4394 1166 4449 τοῦ
1204 4394 1335 4448 Θεοῦ
1364 4391 1605 4467 ιεῖναι,ἢ
1645 4396 1707 4448 τὸ
1738 4395 1910 4448 θέλειν
1938 4393 2006 4447 τὰ

438 4483 618 4552 ἀγαθὰ
650 4486 714 4536 ὲκ
742 4485 833 4538 τοῦ
863 4484 997 4537 Θεοῦ
1025 4480 1162 4538 εἶναι
1182 4502 1195 4515 °
1230 4486 1428 4557 ὁμοίως
1471 4503 1531 4538 τε
1577 4486 1637 4538 τὸ
1667 4488 1906 4555 ἐνεργεῖν
1936 4484 2005 4538 τὰ

2117 663 2306 734 Ἡμεῖς
2337 663 2393 716 δὲ
2416 661 2492 733 τῷ
2523 662 2694 715 θέλειν
2723 660 2816 713 ἐπὶ
2839 659 2909 712 τὰ
2928 658 3209 720 κάλλιστα,
3235 658 3269 728 ἦ
3304 656 3526 711 ἐναντία
3546 657 3685 729 χρῶ-

2112 756 2288 827 μεθα,
2311 755 2511 826 ὁμοίως
2538 754 2595 807 δὲ
2634 752 2713 824 τῷ
2757 754 3018 823 ἐνεργεῖν.
3070 751 3310 816 Quorum
3351 750 3683 804 sententiam

2107 848 2237 903 satis
2267 847 2500 903 lideliter
2531 857 2728 915 praeter
2764 858 2968 899 morem
2996 857 3151 927 suum
3201 842 3386 897 retulit
3418 842 3705 941 Ruﬁnus,‘

2107 940 2227 1008 quia
2260 937 2465 992 scilicet
2510 935 2793 1004 Pelagiana
2848 943 3025 991 erant.
3076 933 3295 987 Notavit
3343 943 3531 988 autem
3593 932 3686 986 illa

2108 1031 2166 1085 S.
2202 1030 2440 1083 Thomas
2462 1028 2633 1082 lib.tu
2666 1027 2865 1083 Contra
2903 1035 3101 1097 gentes,
3122 1041 3242 1094 cap.
3278 1025 3367 1089 89,
3402 1035 3458 1079 et
3508 1024 3687 1078 variis

2109 1121 2405 1190 Scriptura:
2448 1120 2581 1175 locis
2623 1119 2866 1173 obtrivit.
2899 1117 3114 1173 Notavit
3156 1127 3212 1172 et
3260 1116 3591 1180 Jansenius,
3633 1123 3691 1170 et

2110 1221 2362 1281 tanquam
2394 1210 2582 1279 gratiae
2620 1210 2822 1265 Christi
2866 1210 3138 1264 contraria
3180 1211 3375 1264 merito
3420 1211 3688 1278 repudia-

2108 1304 2202 1357 vit.
2231 1304 2397 1371 Quem
2426 1318 2553 1357 vero
2579 1303 2630 1357 in
2653 1302 2801 1357 calce
2822 1302 3014 1356 decimi
3048 1301 3191 1354 tertii
3222 1300 3419 1370 capitis
3438 1341 3451 1364 ,
3484 1300 3582 1354 lib.
3614 1317 3688 1367 rt,

2110 1404 2242 1450 tom.
2276 1396 2318 1459 Ι,
2361 1396 2552 1450 recitat
2577 1395 2778 1459 locum,
2805 1396 2895 1463 qui
2933 1395 2984 1448 in
3024 1393 3127 1447 line
3150 1394 3343 1461 capitis
3375 1393 3430 1456 1,
3466 1393 3594 1446 libri
3630 1409 3689 1448 ιιι

2108 1487 2247 1555 Περὶ
2277 1488 2477 1556 ἀρχῶν
2508 1487 2798 1555 reperitur,
2827 1487 2892 1540 de
2917 1501 3013 1540 sua
3035 1484 3422 1554 Pelagianismi
3469 1483 3689 1538 oﬂicina

2111 1579 2338 1649 largitus
2360 1588 2442 1634 est
2475 1577 2738 1643 Ruﬁnus;
2785 1576 2838 1632 in
2869 1575 3057 1631 Graeco
3092 1575 3355 1645 siquidem
3384 1574 3689 1644 exemplari

2112 1684 2216 1723 non
2250 1680 2549 1739 comparet.

2178 1760 2440 1816 Observet
2470 1759 2685 1815 interim
2718 1759 2891 1816 lector
2914 1773 3119 1830 aequus,
3158 1758 3351 1827 ecquid
3377 1756 3523 1811 'lidei
3558 1770 3689 1825 pos-

2110 1854 2281 1908 simus
2311 1851 2603 1920 adjungere
2632 1860 2712 1906 tot
2741 1850 2876 1905 locis
2904 1850 2996 1919 qui
3025 1866 3056 1905 e
3084 1849 3237 1902 libris
3275 1862 3303 1900 a
3349 1845 3559 1900 llulino
3584 1844 3689 1899 La-

2113 1949 2221 2000 tine
2263 1946 2484 1999 redditis
2513 1942 2813 2014 deprompti
2850 1944 3108 1996 adversus
3146 1938 3439 2010 Origenem
3485 1939 3689 2007 jactari

2105 2030 2280 2085 solent
2315 2048 2329 2084 :
2360 2030 2656 2095 cuiusmodi
2694 2038 2777 2084 est
2828 2028 2914 2084 ille
2961 2043 3120 2099 quem
3169 2028 3307 2082 libro
3337 2043 3415 2091 vr,
3475 2037 3612 2081 tom.
3649 2026 3687 2090 Ι,

2105 2137 2222 2193 cap.
2254 2123 2341 2188 l3,
2376 2123 2594 2177 adducit
2636 2120 2924 2177 Jansenius
2957 2137 2988 2175 e
3029 2120 3168 2175 libro
3200 2136 3257 2175 ιιι
3295 2118 3686 2188 Περιάρχῶν,

2106 2226 2223 2283 cap.
2251 2212 2310 2276 2,
2343 2228 2489 2266 num.
2524 2213 2580 2277 ὅ,
2610 2220 2668 2265 ut
2695 2212 2813 2280 plus
2849 2227 3003 2281 aequo
3035 2211 3209 2282 legem
3240 2222 3454 2265 natura
3498 2212 3689 2280 Orige-

2106 2318 2227 2356 nem
2258 2303 2515 2358 extulisse
2545 2305 2772 2371 probet:
2829 2321 2847 2355 ‹
2882 2300 2996 2357 Non
3021 2303 3167 2356 enim
3198 2302 3337 2355 idem
3368 2311 3457 2356 est
3487 2301 3689 2355 habere

2107 2393 2353 2447 vincendi
2388 2395 2665 2457 virtutem,
2706 2403 2760 2447 et
2794 2394 3031 2457 vincere,
3064 2393 3203 2447 sicut
3238 2392 3352 2458 ipse
3386 2392 3687 2461 Apostolus

2106 2484 2421 2538 cautissimo
2443 2499 2690 2539 sermone
2715 2484 3170 2552 signavit,dicens
3200 2483 3325 2552 quia
3358 2482 3511 2535 dabit
3553 2483 3687 2538 Dus

2105 2575 2301 2626 exitum
2346 2583 2403 2626 ut
2443 2574 2702 2627 sustinere
2750 2575 2962 2642 possitis
2988 2575 3055 2638 ”,
3093 2591 3196 2629 non
3239 2582 3299 2628 ut
3342 2576 3683 2629 sustineatis.

2105 2662 2256 2717 ldulti
2285 2666 2429 2717 enim
2471 2679 2574 2717 non
2606 2664 2897 2729 sustinent,
2923 2663 3016 2723 sed
3042 2665 3094 2719 in
3129 2664 3431 2719 tentatione
3460 2665 3687 2720 vincun-

2107 2765 2214 2810 tur.
2249 2756 2295 2809 Α
2332 2756 2442 2811 Deo
2465 2765 2645 2811 autem
2674 2757 2853 2820 datur,
2875 2771 2982 2810 non
3006 2764 3063 2809 ut
3100 2756 3508 2821 sustineamus;
3556 2756 3687 2810 alio-

2106 2848 2233 2916 quin
2260 2847 2462 2901 nullum
2506 2846 2619 2915 jam
2668 2848 2943 2902 videretur
2972 2861 3097 2902 esse
3137 2855 3439 2910 certamen,
3488 2846 3589 2901 sed
3631 2858 3687 2901 ut

2106 2938 2373 2993 sustinere
2417 2938 2705 3007 possimus.
2756 2937 2829 2992 Ea
2884 2947 3062 2992 autem
3107 2938 3328 3003 virtute,
3361 2952 3488 3005 qua:
3533 2939 3686 2994 nobis

2106 3029 2228 3082 data
2266 3039 2348 3083 est
2382 3038 2439 3081 ut
2467 3029 2685 3083 vincere
2726 3028 3014 3098 possimus,
3061 3029 3357 3083 secundum
3406 3027 3571 3083 liberi
3601 3044 3685 3083 ar-

2105 3120 2249 3174 bitrii
2275 3119 2610 3183 facultatem,
2636 3130 2726 3173 aut
2753 3120 3015 3175 industrie
3036 3122 3258 3182 utimur,
3287 3129 3344 3173 et
3374 3120 3683 3181 vincimus;

2106 3220 2198 3264 aut
2230 3213 2489 3281 segniter,
2524 3220 2579 3265 et
2606 3226 2952 3280 superamur,
2986 3229 3005 3262 ι
3044 3219 3151 3264 etc.
3180 3226 3195 3273 ;
3237 3219 3292 3264 et
3347 3210 3457 3264 iste
3489 3225 3523 3265 e
3552 3211 3688 3264 libro

2108 3318 2137 3355 χ
2166 3304 2218 3355 in
2248 3301 2417 3369 Epist.
2451 3303 2519 3356 ad
2547 3301 2722 3366 Rom,
2755 3317 2903 3355 ntnn.
2932 3301 2999 3355 38
3040 3315 3052 3349 :
3091 3318 3109 3351 ι
3132 3301 3318 3355 Gratia
3350 3302 3449 3356 Dei
3482 3313 3539 3357 et
3568 3318 3687 3373 gra-

2108 3395 2179 3447 tia
2216 3394 2425 3448 Domini
2462 3393 2628 3447 nostri
2681 3392 2810 3448 Jcsu
2846 3392 3067 3457 Christi,
3125 3408 3227 3445 una
3280 3402 3453 3461 atque
3490 3396 3681 3447 eadem

2105 3486 2279 3555 gratia
2316 3484 2627 3554 accipienda
2669 3493 2771 3538 est.
2828 3484 2971 3538 Sicut
3009 3486 3146 3538 enim
3211 3483 3376 3536 Pater
3405 3500 3551 3553 quos
3576 3486 3685 3538 vult

2106 3579 2363 3645 viviﬁcat;
2395 3587 2445 3630 et
2466 3574 2643 3630 Filius
2673 3592 2805 3644 quos
2827 3575 2955 3638 vult,
2984 3576 3248 3643 vivi/ient:
3274 3585 3323 3627 et
3353 3576 3496 3628 sicut
3530 3574 3687 3629 Pater

2105 3668 2254 3721 habet
2288 3668 2443 3721 vitam
2466 3668 2521 3720 in
2548 3683 2624 3734 se,
2646 3676 2695 3721 et
2732 3664 2876 3719 Filio
2913 3667 3050 3719 dedit
3081 3665 3269 3718 habere
3304 3666 3358 3718 in
3411 3666 3685 3733 semetipso

2104 3759 2262 3813 tritam
2303 3759 2384 3821 '9;
2441 3760 2514 3813 ita
2560 3768 2613 3813 et
2643 3757 2872 3828 gratiam
2920 3772 3081 3826 quam
3117 3757 3209 3809 dat
3243 3755 3429 3818 Pater,
3468 3756 3611 3810 hanc
3635 3765 3685 3809 et

2106 3850 2273 3904 Filius
2288 3850 2399 3903 dat.
2418 3850 2706 3905 Sciendum
2723 3864 2853 3905 sane
2876 3859 2958 3903 est
2984 3848 3125 3917 quod
3143 3863 3300 3903 omne
3318 3849 3467 3916 quod
3487 3848 3685 3903 habent

2105 3941 2350 3996 homines
2368 3957 2397 3994 a
2410 3941 2541 4007 Deo,
2556 3942 2725 4007 gratia
2741 3950 2845 4006 est;
2860 3940 2993 3995 nihil
3010 3941 3154 3994 enim
3176 3954 3240 3993 ex
3260 3939 3449 3993 debito
3462 3938 3682 3993 habent.

2107 4034 2240 4098 Qui:
2266 4036 2403 4087 enim
2436 4035 2580 4101 prior
2599 4034 2741 4087 dedit
2764 4034 2867 4096 illi,
2902 4042 2951 4086 et
3001 4034 3317 4087 retribuetur
3347 4035 3399 4087 ei
3428 4034 3511 4087 "’?
3551 4030 3685 4087 Gra-

2107 4126 2177 4178 tia
2206 4140 2337 4195 ergo
2378 4135 2461 4180 est
2493 4125 2754 4195 quidquid
2790 4125 2949 4179 habet
2979 4125 3024 4178 is
3057 4124 3147 4193 qui
3176 4139 3279 4177 non
3317 4124 3458 4189 fuit,
3485 4134 3544 4179 et
3580 4131 3681 4186 est,
3746 4118 3749 4119 ⁷

2106 4212 2377 4283 accipiens
2406 4215 2474 4268 ab
2499 4228 2564 4268 eo
2590 4213 2680 4282 qui
2709 4228 2922 4284 semper
2944 4212 3072 4279 fuit;
3098 4231 3117 4265 ι
3153 4222 3319 4281 atque
3348 4213 3445 4268 ille
3466 4230 3499 4269 e
3523 4215 3683 4268 lib."

2106 4304 2161 4358 in
2199 4304 2369 4374 Epist.
2398 4307 2465 4357 ad
2506 4304 2680 4371 Rom.,
2715 4321 2866 4361 num.
2907 4307 2959 4371 1,
2994 4320 3115 4374 pag.
3154 4304 3301 4358 522:
3361 4323 3381 4356 ι
3423 4304 3535 4359 Sed
3583 4319 3685 4374 ego

2105 4408 2226 4449 cum
2255 4397 2539 4451 considero
2568 4397 2834 4451 sermonis
2860 4396 3232 4460 eminentiam,
3257 4410 3367 4464 quo
3383 4395 3526 4450 dicit
3553 4410 3682 4465 ope-

2107 4487 2247 4540 ranti
2300 4487 2594 4542 secundum
2650 4488 2887 4543 debitum
2941 4488 3117 4552 reddi,
3174 4487 3262 4541 vix
3300 4487 3436 4541 mihi
3481 4486 3683 4542 suadeo

438 4576 722 4647 κρείττονα
744 4575 838 4629 καὶ
870 4575 937 4628 τὰ
975 4577 1195 4648 χείρονα
1219 4592 1231 4605 ·
1259 4576 1393 4629 ἀλλὰ
1434 4576 1494 4628 τὸ
1539 4575 1768 4629 καθόλου
1812 4576 2005 4641 θέλειν,

2111 4576 2252 4645 quod
2286 4578 2455 4647 possit
2478 4577 2643 4631 ullum
2675 4593 2812 4647 opus
2838 4592 2981 4643 esse,
3010 4578 3152 4648 quod
3181 4593 3248 4633 ex
3274 4577 3461 4633 debito
3500 4592 3682 4633 remu-

438 4669 533 4724 καὶ
573 4669 635 4722 τὸ
685 4668 912 4721 καθόλου
954 4669 1167 4739 τρέχειν
1191 4684 1204 4697 °
1249 4668 1324 4731 ὡς
1365 4667 1474 4737 γὰρ
1510 4667 1617 4720 ἀπὸ
1648 4668 1783 4720 Θεοῦ
1809 4668 2005 4739 ἔχομεν

436 4761 498 4815 τὸ
522 4758 658 4815 εἶναι
689 4759 821 4824 ζῶα,
857 4761 949 4814 καὶ
995 4762 1056 4814 τὸ
1096 4756 1232 4813 εἶναι
1283 4758 1552 4831 ἄνθρωποι
1579 4776 1592 4789 ·
1628 4759 1768 4812 οὕτω
1809 4760 1904 4813 καὶ
1945 4760 2006 4813 τὸ

435 4851 664 4907 καθόλου
698 4853 892 4915 θέλειν,
924 4851 999 4915 ὡς
1032 4852 1079 4904 εἰ
1120 4850 1303 4919 ἔλεγον
1322 4890 1337 4914 ,
1368 4851 1461 4903 καὶ
1493 4850 1553 4903 τὸ
1581 4850 1809 4904 καθόλου
1835 4854 2003 4906 κινεῖ-

438 4944 561 4999 σθαι
587 4962 600 4975 ο
634 4943 822 5015 ὥσπερ
853 4944 908 4997 δὲ
932 4943 1146 5013 ἔχοντες
1172 4944 1231 4995 τὸ
1264 4942 1380 5007 ζῶα
1415 4937 1577 5007 εἶναι,
1622 4942 1682 4996 τὸ
1716 4942 2001 5009 κινεῖσθαι,

434 5036 529 5090 καὶ
561 5037 681 5107 φέρ’
702 5038 876 5090 εἰπεῖν
899 5037 1022 5091 τάδε
1049 5034 1118 5088 τὰ
1151 5035 1286 5106 μέλη
1309 5038 1496 5097 κινεῖν,
1522 5038 1707 5107 χεῖρας
1754 5034 1787 5107 ἢ
1815 5035 2000 5099 πόδας,

434 5125 533 5177 οὐκ
563 5125 628 5178 ἂν
658 5126 895 5194 εὐλόγως
938 5125 1189 5196 λέγοιμεν
1227 5123 1368 5194 ἔχειν
1396 5124 1501 5178 ἀπὸ
1528 5124 1661 5177 Θεοῦ
1703 5124 1763 5176 τὸ
1806 5123 2001 5175 εἰδικὸν

365 5279 373 5285 _
435 5215 573 5280 τόδε,
598 5221 715 5290 ἦτοι
749 5219 810 5271 τὸ
841 5218 1104 5272 κινεῖσθαι
1136 5218 1273 5289 πρὸς
1288 5217 1349 5270 τὸ
1382 5217 1600 5269 τύπτειν
1628 5255 1640 5279 ,
1669 5216 1702 5286 ἢ
1734 5215 1999 5285 ἀναιρεῖν,

358 5294 380 5377 5'
433 5309 469 5381 ἢ
495 5309 845 5380 ἀφαιρεῖσθαι
872 5309 941 5362 τὰ
978 5307 1233 5379 ἀλλότρια
1252 5324 1265 5337 ο
1303 5306 1438 5360 ἀλλὰ
1467 5306 1528 5359 τὸ
1575 5305 1670 5376 μὲν
1702 5304 1913 5373 γενικδν
1942 5302 2004 5355 τὸ

434 5401 698 5455 κινεῖσθαι
729 5400 991 5471 ἐλάϐομεν
1014 5399 1120 5452 ἀπὸ
1156 5397 1290 5452 Θεοῦ
1314 5416 1328 5431 ο
1364 5398 1522 5469 ἡμεῖς
1558 5396 1612 5449 δὲ
1640 5395 1899 5467 χρώμεθα
1924 5392 2001 5464 τῷ

435 5492 699 5547 κινεῖσθαι
731 5491 823 5545 ἐπὶ
872 5491 963 5544 τὰτ
982 5490 1222 5563 χείρονα,
1247 5491 1282 5562 ἢ
1313 5490 1407 5543 ἐπὶ
1433 5488 1503 5542 τὰ
1550 5488 1791 5559 βελτίονα
1813 5504 1826 5517 ·
1860 5486 2002 5540 οῦτω

433 5582 495 5636 τὸ
529 5583 627 5653 μὲν
660 5585 898 5653 ἐνεργεῖν
1022 5582 1139 5647 ζῶἀ
1185 5586 1385 5654 ἐσμεν,
1427 5581 1727 5653 εἰλήφαμεν
1762 5580 1868 5635 ἀπὸ
1907 5578 2000 5633 τοῦ

507 5766 552 5798 ⁸⁸
583 5767 738 5821 Rom.
767 5783 862 5829 vn,
890 5766 977 5823 ﬂ.
1054 5770 1098 5801 "
1130 5768 1149 5822 1
1182 5769 1305 5825 Cor.
1326 5785 1381 5839 ιι,
1410 5770 1495 5825 l3.
1574 5769 1618 5801 ⁸⁸
1646 5766 1800 5825 Joan.
1831 5784 1879 5837 v,
1910 5770 2000 5836 2|,
2032 5767 2120 5823 26.

506 5859 622 5934 (M)
654 5860 910 5917 Philocal.
952 5877 1070 5933 cap.
1097 5862 1188 5917 20.

2107 4670 2439 4724 nerationem
2494 4669 2585 4726 Dei
2623 4671 2901 4739 deposcat,
2953 4685 3075 4725 cum
3124 4670 3286 4725 etiam
3352 4670 3462 4725 hoc
3511 4670 3679 4739 ipsum

2105 4760 2246 4827 quod
2315 4775 2472 4831 agere
2509 4761 2712 4831 aliquid
2771 4776 3079 4831 possumus,
3122 4760 3208 4815 vel
3265 4762 3542 4831 cogitare,
3602 4760 3682 4814 vel

2104 4853 2375 4922 proloqui,
2401 4852 2571 4922 ipsius
2596 4854 2738 4909 dono
2772 4864 2828 4910 et
2867 4854 3158 4925 largitione
3194 4855 3489 4909 iaciamus.
3532 4851 3682 4919 Quod

2102 4959 2229 5013 ergo
2258 4945 2360 5000 erit
2389 4945 2628 5000 debitum
2659 4946 2826 5011 illius,
2850 4946 3003 5014 cujus
3056 4961 3182 5016 erga
3221 4962 3320 5002 nos
3356 4946 3517 5002 lenus
3548 4961 3684 5016 pra.

2103 5035 2305 5089 cessit?
2329 5055 2347 5088 ι
2374 5038 2577 5092 ethice
2597 5038 2739 5093 lib.v
2761 5042 2814 5093 in
2841 5040 3090 5094 eamdem
3121 5037 3430 5107 epistolam,
3458 5053 3607 5092 num.
3630 5037 3680 5101 1,

2102 5140 2225 5193 pag.
2259 5126 2396 5183 550:
2433 5146 2452 5179 ι
2478 5128 2631 5195 Quod
2655 5144 2783 5198 ergo
2805 5129 2957 5193 dixit,
2986 5139 3101 5198 post
3127 5129 3318 5196 dies“,
3360 5129 3466 5184 hoc
3503 5139 3679 5184 osten-

2112 5216 2204 5278 dit,
2262 5220 2386 5286 quia
2441 5220 2630 5287 primis
2664 5221 2878 5290 quidem
2928 5221 3052 5276 vitae
3083 5236 3192 5274 sua:
3219 5220 3410 5275 diebus
3444 5230 3679 5291 paterna

2113 5308 2573 5374 prmvaricationis
2621 5311 3050 5367 institutionibus
3107 5311 3390 5371 tenebatur
3448 5308 3673 5381 (Abel):

2105 5408 2226 5467 post
2259 5400 2378 5455 illos
2405 5416 2533 5458 vero
2562 5404 2680 5459 dies
2728 5404 2820 5459 ubi
2873 5404 3114 5473 resipuit,
3168 5404 3257 5458 ubi
3314 5405 3547 5472 respexit
3598 5404 3669 5455 ad

2105 5489 2297 5557 Deum,
2329 5501 2536 5548 naturas
2568 5495 2687 5565 lege
2712 5496 3094 5561 commonitus,
3126 5494 3329 5550 dicitur
3360 5504 3487 5551 tunc
3510 5495 3673 5549 obta-

2107 5579 2233 5636 lisse
2268 5582 2496 5640 hostiam
2530 5584 2663 5642 Deo.
2698 5602 2718 5637 ι

2218 5770 2261 5802 ⁸⁷
2284 5770 2438 5827 Rom.
2467 5787 2545 5837 xu,
2586 5769 2672 5824 55.
2752 5767 2949 5825 "Gen.
2975 5784 3049 5836 tv,
3088 5768 3141 5823 5.
