3898 6574
176 498 289 553 953

1001 498 1577 556 ()lllGENlANORUM
1616 499 1743 554 LIB.
1786 499 1851 567 11,
1893 501 2045 558 CAP.
2086 501 2152 567 ll,
2193 501 2469 569 QUIEST.
2509 501 2623 559 ΥΠ.

3320 505 3426 561 951

253 612 344 668 XI.
380 612 673 684 Postquam
706 615 772 669 de
810 613 925 684 lege
948 624 1160 669 natura:
1199 616 1338 671 male
1362 616 1597 671 sensisse
1626 614 1753 671 Ori-
1782 627 1828 677 Α
1858 616 2142 672 videantur
2165 632 2285 673 esse
2316 621 2480 683 bona,
2515 628 2696 673 tamen
2740 629 3081 689 operatorem
3140 635 3299 676 sumn
3339 625 3427 693 ju-

170 720 368 775 genem
408 705 797 761 demonstravit
825 704 1112 760 Janseuius
1156 716 1283 762 tom.
1319 706 1361 771 Ι,
1394 707 1483 762 lib.
1523 723 1596 771 vt,
1625 724 1744 779 cap.
1782 746 1793 759 ι

181 797 273 862 14,
302 813 406 851 nott
448 797 663 851 saniora
691 797 969 867 opinatum
1024 797 1193 852 fuisse
1232 798 1296 853 de
1322 798 1437 870 lege
1460 798 1622 854 Musis
1653 816 1746 855 co-

172 901 343 944 natur
385 891 704 951 ostendere;
759 889 845 943 cui
899 890 1302 958 comprobando
1356 892 1511 946 affert
1563 893 1690 947 illttd
1722 909 1754 949 e

173 980 279 1035 “lib.
315 996 368 1035 tv
390 982 444 1035 in
469 978 641 1048 Epist.
670 982 739 1034 ad
769 981 949 1048 Rom.,
998 998 1146 1037 num.
1176 983 1228 1047 1,
1267 998 1386 1054 pag.
1425 984 1569 1039 525:
1601 1003 1619 1037 ι
1652 985 1756 1039 lni-

174 1075 316 1127 tiutn
350 1088 583 1143 namque
604 1073 894 1143 justiﬁcari
935 1092 963 1127 a
998 1075 1127 1140 Deo,
1161 1075 1292 1129 ﬁdes
1314 1086 1397 1129 est
1437 1093 1555 1147 qua:
1584 1080 1755 1135 credit

179 1166 235 1221 in
259 1166 667 1237 justiﬁcantem.
702 1168 768 1222 Et
807 1169 920 1223 haec
948 1169 1079 1224 ﬁdes
1106 1185 1225 1223 cum
1254 1170 1544 1236 justiﬁcata
1572 1171 1751 1240 fuerit,

174 1264 437 1326 tanquam
466 1257 621 1310 radix
653 1256 825 1311 imbre
847 1265 1101 1326 suscepto
1129 1258 1298 1311 haeret
1324 1257 1377 1310 in
1403 1258 1600 1311 animm
1616 1259 1753 1324 solo,

167 1357 236 1400 ut
267 1362 389 1402 cum
427 1363 521 1418 per
544 1348 715 1418 legem
751 1348 843 1403 Dei
872 1351 1045 1405 excoli
1073 1353 1321 1419 coeperit,
1354 1359 1579 1420 surgant
1614 1350 1664 1403 in
1692 1365 1753 1404 ea

176 1441 341 1505 rami,
366 1442 455 1510 qui
497 1441 705 1495 fructus
731 1457 953 1512 operum
994 1443 1189 1497 ferant.
1240 1463 1259 1496 ι
1311 1441 1599 1513 Subjungit
1626 1441 1757 1496 Jan-

175 1533 361 1587 senius
391 1550 404 1587 :
438 1552 457 1585 σ
487 1533 625 1589 Ecce
646 1534 843 1605 dogma
864 1533 1064 1605 Pelagii
1087 1536 1153 1591 de
1171 1541 1442 1605 operanda
1470 1541 1753 1611 perlegem

168 1625 406 1693 justitia,
444 1626 736 1683 dummodo
784 1628 1032 1683 remissio
1083 1641 1428 1699 peccatorum
1464 1626 1559 1703 per
1594 1634 1752 1689 ﬁdem

174 1718 300 1770 sata
329 1717 684 1786 praecesserit.
720 1736 738 1769 ι
772 1718 842 1772 At
868 1734 971 1773 non
1023 1720 1139 1775 haec
1162 1721 1227 1774 ad
1267 1721 1435 1791 legem
1468 1722 1633 1778 Mosis
1665 1739 1756 1793 pe-

166 1806 460 1861 culiariter
488 1809 779 1877 pertinent,
818 1809 911 1863 sed
943 1810 1010 1863 ad
1040 1824 1201 1879 opera
1239 1820 1447 1865 tantum
1473 1811 1611 1865 bona
1642 1814 1755 1868 sive

171 1895 508 1958 Iudaeorum.
560 1899 676 1952 sive
714 1898 1075 1965 ethnicorum,
1129 1916 1247 1969 quae
1278 1902 1397 1955 sine
1427 1900 1531 1956 ﬁde
1576 1902 1752 1955 inania

166 1997 324 2043 sunt.
352 1989 441 2043 Ait
470 2004 598 2059 ergo
628 1989 837 2044 initium
862 1990 1262 2059 jnstiﬁcationis
1292 1993 1450 2046 lldem
1481 2008 1599 2047 esse
1636 2008 1756 2063 quae

168 2081 355 2136 credit
393 2083 464 2143 int,
490 2081 700 2149 Deum;
747 2097 866 2151 quae
905 2082 1057 2145 ﬁdes,
1118 2084 1272 2153 quasi
1345 2084 1633 2149 dispositio
1689 2084 1754 2138 ad

168 2174 620 2243 justiﬁeatiouem
675 2176 1085 2246 acqttirendam,
1127 2192 1246 2230 ettm
1277 2175 1539 2245 justitiam
1569 2191 1757 2246 appre-

168 2265 452 2329 henderit,
482 2275 538 2318 ut
568 2265 881 2335 loquuntur,
926 2276 1088 2334 atque
1125 2265 1507 2333 itajustillcata
1542 2266 1754 2321 fuerita

173 2354 290 2410 Deo
315 2375 329 2421 ;
366 2373 597 2428 cumque
617 2359 841 2425 iustitia:
868 2358 1063 2421 imbre,
1088 2359 1165 2413 sic
1198 2368 1451 2427 tanquam
1479 2358 1631 2411 radix
1659 2358 1758 2410 ali-

166 2461 304 2515 qua,
340 2448 583 2518 perplnta
604 2449 788 2516 fuerit,
817 2461 945 2506 tunc
972 2451 1083 2519 ipsa
1119 2452 1253 2504 lides
1273 2458 1432 2520 atque
1454 2450 1568 2517 ipsa
1597 2449 1760 2519 justi-

173 2538 255 2593 tia
283 2541 478 2593 animae
495 2540 610 2595 solo
645 2540 949 2605 inhazreut;
1004 2541 1084 2595 sic
1115 2550 1290 2595 tamen
1321 2550 1377 2594 ttt
1408 2542 1603 2595 divina":
1627 2541 1756 2611 legis

168 2630 561 2685 observatione
598 2631 766 2686 foveri
820 2632 969 2686 illam
1016 2642 1068 2686 et
1116 2633 1286 2687 excoli
1335 2647 1555 2687 necesse
1586 2632 1656 2687 sit
1690 2634 1758 2686 ad

173 2720 437 2777 ferendos
480 2736 704 2791 cperum
762 2720 994 2786 fructus,
1047 2722 1136 2789 qui
1194 2722 1338 2776 velut
1376 2723 1571 2777 radicis
1602 2722 1759 2790 hujus

170 2813 383 2869 surculi
432 2812 791 2876 elllorescaut.
835 2812 965 2879 Quae
1013 2813 1132 2868 ﬁdei
1190 2814 1470 2868 catholica:
1524 2815 1757 2869 decretis

171 2919 569 2975 usquequaque
622 2913 941 2970 consonant,
994 2905 1041 2959 si
1082 2906 1239 2960 modo
1278 2907 1533 2975 prazvium
1570 2906 1759 2975 gratiae

170 2997 475 3052 excltantis
500 3007 555 3051 et
587 2996 827 3066 juvantis
853 2996 1149 3051 subsidium
1180 3008 1525 3066 agnoscatur.
1561 2995 1756 3051 Verum

171 3107 285 3147 non
314 3090 369 3144 id
419 3090 662 3157 queritur
706 3090 993 3145 Jansenius
1027 3105 1042 3144 :
1077 3101 1132 3143 at
1161 3090 1328 3145 latere
1374 3089 1465 3145 hic
1497 3099 1759 3143 causatur

174 3183 382 3252 dogma
412 3180 613 3251 Pelagii
640 3182 707 3236 de
742 3184 1009 3251 operanda
1037 3197 1132 3251 per
1159 3181 1325 3252 legem
1350 3180 1582 3249 iustitia,
1609 3182 1762 3235 dum-

173 3277 343 3331 modo
381 3275 628 3329 remissio
657 3285 1003 3344 peccatorum
1033 3290 1129 3345 per
1161 3275 1321 3328 ﬁdem
1355 3274 1478 3327 data
1527 3289 1759 3343 praeces-

174 3373 336 3422 serit.
375 3367 577 3423 Debere
610 3368 823 3436 quidem
863 3382 893 3421 a
931 3367 1035 3421 ﬁde
1079 3365 1519 3437 justiﬁcationem
1559 3366 1757 3419 ducere

172 3460 495 3524 exordium;
536 3458 891 3529 eamdemque
924 3468 1143 3527 peccata
1197 3456 1395 3523 delere,
1463 3467 1516 3512 et
1557 3457 1645 3511 hic
1678 3458 1759 3511 di—

171 3553 327 3607 xisse
358 3552 587 3605 fatemur
612 3550 933 3619 Origenem,
973 3561 1030 3604 et
1068 3558 1215 3604 recte
1246 3549 1450 3605 dixisse
1484 3549 1758 3620 pertendi-

173 3657 343 3696 tnus:
381 3657 481 3695 nec
516 3642 568 3695 in
609 3657 673 3696 eo
717 3643 909 3709 Opinor
946 3640 1292 3710 Pelagianum
1325 3640 1453 3694 illud
1502 3641 1756 3709 placitum

170 3728 472 3785 Jansenius
525 3731 757 3799 positum
786 3746 904 3784 esse
938 3730 1126 3793 voluit,
1182 3729 1275 3783 sed
1334 3731 1386 3784 in
1423 3730 1671 3797 dogmate
1695 3730 1759 3785 de

170 3826 456 3894 operanda
492 3840 589 3893 per
618 3824 783 3891 legem
810 3824 1041 3894 justitia,
1084 3823 1224 3890 quod
1260 3821 1602 3891 Pelagianutn
1641 3836 1760 3878 esse

173 3916 555 3986 agnoscimus,
587 3917 679 3969 sed
716 3917 782 3970 ab
822 3917 923 3969 huc
955 3914 1202 3983 Origenis
1237 3914 1354 3969 loco
1385 3914 1541 3983 longe
1576 3913 1758 3982 procul

171 4008 376 4061 abesse
407 4021 725 4077 pugnamus.
746 4007 1028 4073 Quomodo
1058 4007 1200 4059 enim
1220 4006 1548 4076 operandam
1589 4006 1762 4060 sensit

173 4116 273 4169 per
310 4101 489 4170 legem
518 4099 805 4168 justitiam,
836 4100 924 4169 qui
945 4098 1387 4167 justilicationem
1410 4100 1544 4167 legis
1571 4100 1762 4154 obser-

171 4195 388 4248 vationi
425 4200 750 4262 praevertere
795 4192 993 4248 debere
1044 4191 1220 4246 dixit?
1278 4190 1381 4245 Per
1428 4190 1599 4260 legem
1642 4189 1755 4253 Dei,

176 4284 284 4339 hoc
332 4291 421 4336 est
451 4282 590 4336 bona
621 4297 805 4351 opera,
843 4279 1112 4347 justitiam
1150 4280 1366 4349 quidem
1410 4278 1757 4335 excolendam

171 4378 391 4441 sanxit,
420 4375 732 4443 neutiquam
768 4387 898 4427 vero
956 4387 1050 4441 per
1087 4372 1259 4441 legem
1315 4371 1580 4439 justitiam
1613 4385 1761 4424 com-

174 4468 373 4537 parari
420 4468 671 4523 credidit.
715 4465 840 4520 Haec
892 4465 1023 4520 licet
1075 4464 1376 4533 perspicua,
1424 4462 1543 4516 aliis
1583 4470 1758 4516 tamen

168 4559 442 4630 Origenis
468 4560 711 4629 ejusdem
753 4557 1076 4614 testimoniis
1116 4554 1316 4609 ﬁrmari
1346 4562 1588 4623 possunt.
1633 4570 1651 4603 ι
1683 4552 1759 4607 Ex

1863 708 2100 763 stiﬁcare
2131 725 2234 763 non
2275 720 2524 777 possunt,
2550 709 2696 779 quod
2732 710 2811 765 eis
2846 712 2993 766 deest
3009 712 3167 776 ﬁdes,
3196 729 3315 783 qua:
3343 725 3429 768 est

1863 800 2196 869 signaculum
2231 816 2416 855 eorum
2475 801 2569 870 qui
2618 800 2985 866 iustiﬁcantur
3034 820 3063 857 a
3121 803 3259 871 Deo;
3312 823 3332 857 ι
3373 815 3429 861 et

1856 894 1994 962 quod
2021 895 2159 948 libro
2179 903 2461 962 sequente,
2486 909 2638 948 num.
2669 896 2723 958 l,
2754 910 2875 964 pag.
2899 896 2995 949 52l
3033 914 3046 951 :
3081 914 3099 947 ι
3138 900 3428 967 Propterea

1855 1002 1983 1057 ergo
2014 996 2068 1041 et
2100 988 2152 1041 itt
2198 987 2306 1043 alio
2345 987 2641 1057 Scripturre
2693 988 2810 1042 loco
2842 989 2888 1019 ⁷ο
2915 988 3114 1041 dicitur
3164 991 3229 1044 de
3258 990 3429 1043 Abra-

1856 1077 2001 1143 ham,
2040 1078 2179 1147 quod
2213 1093 2280 1132 ex
2321 1078 2574 1147 operibus
2616 1076 2737 1130 ﬁdei
2783 1075 3112 1143 jnstiﬁcatus
3155 1077 3266 1144 sit;
3301 1077 3426 1146 quia

1855 1181 2061 1225 certum
2084 1180 2170 1226 est
2192 1187 2313 1225 eum
2338 1171 2426 1240 qui
2457 1185 2582 1225 vere
2603 1170 2946 1244 _credit,opus
2971 1170 3089 1222 ﬁdei
3113 1170 3425 1235 etjustitize,

1854 1271 1909 1316 et
1960 1263 2127 1317 totius
2178 1262 2438 1316 bonitatis
2482 1261 2718 1330 operari.
2759 1280 2775 1312 ι
2840 1259 3012 1315 Caute
3053 1275 3179 1313 vero
3213 1261 3313 1314 ista
3347 1260 3428 1314 le-

1855 1356 2024 1422 genda
2059 1364 2207 1417 sunt,
2239 1368 2359 1423 quae
2389 1354 2608 1409 disserit
2644 1354 2694 1407 in
2726 1354 2819 1407 lib.
2848 1369 2930 1419 ιη,
2977 1369 3125 1407 num.
3166 1355 3253 1416 10,
3303 1370 3425 1425 pag.

1856 1443 1988 1498 5l9:
2031 1462 2049 1495 ι
2085 1444 2235 1510 Quod
2269 1445 2314 1498 si
2344 1444 2592 1514 requirat
2626 1445 2824 1513 aliquis
2848 1445 3136 1509 curiosius,
3177 1445 3210 1500 ii
3242 1447 3332 1515 qui
3360 1456 3427 1500 ex

1856 1537 1960 1592 ﬁde
1981 1538 2372 1605 justiﬁcautur,
2397 1553 2496 1607 per
2528 1553 2686 1608 quem
2716 1536 3181 1605 justiﬁeentur;et
3212 1554 3427 1592 rursum

1854 1629 1890 1683 ii
1916 1629 2005 1699 qui
2041 1645 2137 1699 per
2181 1630 2340 1683 ﬁdem
2370 1628 2761 1696 justilicantur,
2789 1645 2854 1683 ex
2886 1644 2992 1698 quo
3018 1629 3427 1699 jnstiﬁcentur:

1855 1720 1982 1775 licet
2011 1719 2264 1776 fortassis
2295 1720 2461 1775 multa
2516 1722 2569 1774 in
2599 1722 2700 1776 hoc
2735 1723 3026 1776 curiositas
3048 1721 3318 1787 videatur,
3348 1732 3430 1775 ta-

1855 1825 1975 1865 men
1998 1810 2381 1866 convenienter
2404 1810 2587 1868 dicere
2612 1827 2916 1882 possumus,
2944 1812 3083 1881 quod
3114 1814 3203 1881 qui
3235 1828 3295 1867 ex
3328 1812 3431 1867 ﬁdo

1851 1903 2239 1970 justiﬁcantur,
2288 1903 2446 1960 initio
2479 1919 2548 1958 ex
2583 1905 2685 1959 ﬁde
2738 1916 2975 1973 sumpto,
3044 1920 3138 1974 per
3166 1904 3431 1972 adimple-

1860 1996 2058 2049 tionem
2112 1995 2379 2050 bonorum
2438 2010 2661 2063 operum
2715 2007 3199 2059 consummantur;
3255 2004 3306 2047 et
3339 1994 3429 2063 qui

1857 2100 1951 2153 per
1982 2084 2139 2140 ﬁdem
2173 2083 2562 2153 justiﬁcantur,
2588 2101 2617 2139 a
2645 2087 2799 2141 bonis
2825 2086 3079 2153 eperibus
3106 2085 3308 2149 exorsi,
3337 2098 3432 2153 per

1859 2177 2017 2231 ﬁdem
2052 2192 2318 2231 summam
2375 2176 2730 2246 perfectionis
2780 2177 3073 2246 accipiunt.
3125 2196 3145 2228 ι
3185 2174 3315 2241 Qua:
3350 2184 3434 2228 ta-

1857 2285 1978 2323 men
2018 2267 2145 2323 ferri
2191 2276 2464 2339 poterunt,
2526 2269 2571 2323 si
2607 2268 2678 2322 ita
2713 2268 3110 2335 intelligantur,
3157 2267 3431 2333 justiﬁca-

1859 2361 1987 2416 tioni
2015 2361 2205 2430 praeire
2226 2362 2441 2431 quidem
2475 2377 2634 2431 posse
2659 2376 2823 2430 opera
2851 2362 3013 2423 bona,
3037 2360 3128 2413 sed
3157 2362 3262 2412 non
3286 2356 3433 2427 ejus-

1859 2453 2021 2517 modi,
2079 2469 2201 2523 qua:
2249 2454 2315 2506 ad
2371 2453 2515 2507 hanc
2571 2452 3076 2521 apprchendendam
3151 2450 3435 2504 conferant

1858 2542 2183 2610 quidquam;
2214 2542 2390 2606 qualia
2432 2552 2560 2595 sunt
2592 2557 2759 2612 opera
2787 2541 2875 2595 illa
2905 2555 3024 2610 quae
3048 2540 3165 2610 lege
3200 2539 3431 2594 naturali

1858 2634 2121 2687 suadente
2154 2632 2531 2700 perﬁciuntur.

1928 2724 2111 2793 Pergit
2140 2725 2432 2778 ostendere
2452 2722 2739 2777 Jansenius
2758 2730 2888 2776 tom.
2906 2722 2944 2782 Ι.
2973 2722 3068 2776 lib.
3094 2738 3170 2783 vt,
3194 2737 3313 2790 cap.
3342 2721 3433 2787 Η,

1859 2831 2048 2886 parum
2080 2831 2212 2869 sana
2247 2814 2414 2871 fuisse
2441 2814 2693 2885 Origenis
2725 2817 2792 2869 de
2836 2814 2954 2883 lege
2992 2814 3187 2885 Moysis
3218 2814 3433 2881 placita,

1860 2908 2029 2977 utqui
2070 2922 2167 2976 per
2193 2922 2311 2961 eam
2364 2915 2641 2977 peccatum
2673 2907 2842 2961 fuisse
2885 2908 3226 2960 imminutum
3257 2922 3320 2961 ac
3354 2922 3438 2959 re-

1858 2998 2110 3052 strictum
2157 2996 2474 3060 crediderit,
2527 3006 2717 3051 contra
2770 2998 2870 3051 hoc
2904 2996 3145 3066 Apostoli
3201 3013 3438 3063 pronun-

1860 3088 2046 3141 tiatum
2079 3102 2093 3139 :
2137 3106 2155 3139 t
2184 3086 2297 3141 Lex
2341 3094 2520 3140 autem
2549 3085 2896 3149 subintravit,
2918 3094 2975 3138 ut
3008 3086 3306 3139 abundaret
3338 3087 3436 3138 de-

1860 3177 2045 3231 lictum
2072 3178 2150 3243 ";
2196 3196 2216 3229 ι
2243 3186 2407 3245 atque
2437 3176 2549 3231 haec
2580 3176 2776 3246 placita
2801 3176 2999 3245 Pelagii
3029 3186 3084 3230 et
3108 3175 3303 3229 Juliani
3341 3178 3439 3229 do-

1860 3270 2046 3324 ctrina:
2078 3268 2266 3323 scribit
2287 3283 2409 3324 esse
2443 3278 2832 3332 consentanea,
2875 3268 2926 3322 in
2956 3268 3128 3335 iisque
3158 3267 3326 3322 fuisse
3369 3270 3437 3321 ab

1858 3359 2159 3429 Augustino
2212 3358 2498 3429 proﬂigata
2544 3368 2599 3412 et
2650 3358 2923 3413 confossa.
2982 3357 3099 3413 Non
3150 3374 3252 3426 ego
3306 3372 3438 3412 sane

1859 3465 2030 3519 usque
2057 3449 2190 3503 adeo
2212 3447 2465 3519 Origenis
2496 3463 2675 3503 causae
2700 3449 2876 3512 faveo,
2909 3460 2965 3501 ιιι
3014 3449 3277 3502 naturalis
3307 3448 3438 3517 lcgis

1858 3540 2003 3593 vires
2025 3547 2453 3609 praetermquum
2479 3539 2801 3608 przedicatas
2830 3540 2897 3593 ab
2927 3553 2992 3592 eo
3017 3537 3184 3591 fuisse
3221 3552 3434 3607 negent;

1859 3648 1924 3688 ac
1954 3632 2072 3687 illas
2117 3632 2305 3687 itidem
2336 3630 2585 3687 Mosaicae
2634 3631 2794 3700 legis,
2857 3646 2991 3699 quas
3026 3631 3100 3683 ita
3127 3628 3337 3692 extulit,
3372 3642 3439 3681 ac

1860 3724 1905 3779 si
1941 3740 2046 3779 non
2078 3732 2360 3793 peccatum
2406 3723 2666 3777 duntaxat
2702 3721 3043 3791 prohibuerit
3075 3737 3137 3775 ea
3177 3721 3290 3786 lex,
3340 3720 3435 3772 sed

1859 3818 2091 3886 gratiam
2109 3817 2274 3871 etiam
2312 3814 2619 3870 hominibus
2650 3818 2715 3867 ad
2745 3816 3065 3868 vincendum
3103 3813 3229 3867 illud
3251 3821 3441 3866 contu-

1860 3909 2014 3975 lerit,
2060 3926 2124 3964 ac
2151 3912 2198 3966 si
2233 3926 2328 3981 per
2373 3910 2517 3964 illam
2554 3925 2659 3963 non
2698 3908 2935 3977 cognitio
2984 3905 3156 3960 solmn
3202 3903 3436 3973 peccati,

1861 4001 1953 4056 sed
1978 4003 2139 4056 etiam
2175 4002 2391 4057 sanatio
2435 3999 2757 4068 contigerit;
2808 4011 2873 4051 ac
2921 3996 2964 4049 si
3015 4011 3120 4049 non
3156 3996 3223 4048 ad
3254 3995 3436 4063 priora

1860 4100 2205 4161 peccatorum
2245 4105 2466 4160 genera,
2497 4105 2618 4159 qua:
2650 4093 3041 4156 praecesserant
3080 4085 3268 4153 legem.
3301 4098 3440 4152 pra:-

1859 4184 2125 4239 varicatio
2157 4192 2418 4252 praeterea
2444 4179 2763 4242 accesserit,
2782 4193 2902 4247 quae
2926 4176 3305 4245 praevaricatio
3330 4174 3434 4229 nisi

1861 4272 1980 4344 lege
2026 4272 2135 4329 lata
2166 4288 2291 4328 esse
2330 4288 2437 4327 non
2465 4280 2680 4341 potest;
2726 4284 2791 4324 ac
2817 4270 2861 4322 si
2915 4283 3020 4321 non
3058 4265 3350 4319 nitentibus
3381 4266 3436 4319 in

1860 4366 2087 4420 vetitum
2120 4365 2451 4428 hominibus,
2475 4362 2910 4431 concupiscentia
2938 4359 3053 4429 lege
3081 4358 3286 4411 frenata
3318 4372 3440 4411 crc-

1860 4458 2032 4519 verit;
2065 4472 2129 4512 ac
2160 4457 2207 4512 si
2239 4472 2345 4511 non
2374 4470 2635 4526 apparere
2667 4450 2875 4509 tantum
2916 4452 3162 4522 coeperit.
3193 4460 3247 4504 et
3273 4450 3440 4519 depu-

1864 4550 1966 4603 tari
1995 4557 2298 4620 peccatum,
2330 4548 2425 4603 sed
2455 4548 2617 4602 etiam
2645 4546 2882 4600 ablatum
2910 4544 3092 4599 fuerit.
3111 4542 3218 4598 Dici
3258 4550 3437 4596 tamen

169 4652 387 4722 quibus
411 4651 682 4713 omnibus,
726 4668 745 4701 ι
786 4650 959 4719 inquit
989 4648 1082 4703 lib.
1108 4662 1161 4701 nt
1190 4647 1243 4699 in
1277 4643 1451 4713 Epist.
1476 4644 1544 4698 ad
1576 4641 1757 4708 Rom.,
1790 4655 1837 4715 ι)
1863 4651 2040 4712 potest
2073 4641 2125 4696 in
2160 4641 2390 4708 gratiam
2422 4638 2694 4710 Origenis,
2757 4651 2861 4692 nott
2891 4645 3113 4705 peccata
3145 4649 3241 4705 per
3268 4633 3439 4702 legem

170 4758 334 4796 nutn.
372 4740 429 4803 9,
463 4755 584 4809 pag.
615 4739 739 4802 51⁸7,
799 4756 817 4788 ι
863 4739 1031 4792 claret
1087 4736 1231 4806 quod
1284 4744 1431 4788 recte
1468 4733 1764 4787 arbitratur

169 4834 481 4903 Apostolus
525 4832 568 4863 "
611 4830 893 4898 iustiﬁcari
946 4829 1219 4884 hominem
1273 4842 1369 4896 per
1426 4825 1586 4879 ﬁdem
1646 4825 1764 4878 sine

170 4927 446 4995 operibus
481 4923 637 4994 legis.
706 4922 810 4977 Sed
840 4922 1084 4976 fortassis
1135 4920 1249 4975 haec
1296 4919 1493 4989 aliquis
1536 4918 1763 4973 audiens

171 5019 515 5084 resolvatur,
553 5026 609 5072 et
644 5020 781 5072 bene
829 5013 1018 5083 agendi
1050 5012 1426 5082 negligentiam
1461 5010 1659 5080 capiat,
1691 5009 1765 5063 si-

174 5112 415 5180 quidem
471 5111 536 5164 ad
590 5107 991 5178 justiﬁcandum
1043 5104 1174 5158 ﬁdes
1218 5103 1330 5158 sola
1377 5101 1621 5157 sulliciat.
1682 5101 1763 5153 Ad

171 5219 350 5273 quem
393 5203 634 5258 dicemus
666 5202 789 5271 quia
826 5211 947 5269 post
994 5197 1432 5270 justiﬁcationem
1476 5196 1521 5249 si
1567 5194 1766 5261 injuste

173 5298 312 5366 quis
357 5305 505 5365 agat,
550 5295 671 5349 sine
716 5294 879 5348 dubio
910 5289 1312 5363 justiﬁcationis
1359 5287 1584 5357 gratiam
1612 5300 1763 5355 spre-

169 5389 280 5443 vit.
320 5407 341 5439 ι
367 5386 483 5440 Non
507 5402 667 5456 Opera
706 5385 804 5455 ipsi
843 5386 1089 5453 justitiae,
1120 5382 1212 5437 sed
1238 5378 1497 5450 justitiam
1517 5376 1768 5445 operibus

173 5479 505 5550 praeposuit.
540 5479 750 5533 Clarius
776 5478 938 5531 etiam
981 5476 1122 5546 quod
1146 5474 1288 5544 jacet
1320 5470 1478 5542 paulo
1502 5469 1759 5524 inferius:

180 5594 200 5623 ι
245 5573 362 5629 Ubi
403 5587 534 5627 vero
576 5573 707 5626 ﬁdes
740 5588 845 5626 non
873 5581 955 5626 est
983 5585 1101 5640 quae
1140 5570 1451 5623 credentem
1478 5563 1761 5631 justiﬁeet,

170 5667 355 5721 etiam
388 5663 434 5717 si
464 5678 623 5731 opera
659 5664 783 5734 quis
812 5664 1005 5717 habeat
1033 5678 1098 5715 ex
1126 5660 1261 5730 lege,
1294 5668 1470 5711 tamen
1500 5655 1626 5725 quia
1655 5668 1761 5707 non

172 5767 317 5814 sunt
364 5754 633 5809 aediﬁcata
678 5770 840 5824 supra
882 5754 1288 5806 fundamentum
1335 5746 1480 5812 ﬁdei,
1514 5742 1762 5814 quamvis

1869 4734 2113 4788 absolute
2140 4735 2359 4787 dimissa
2388 4733 2559 4802 ipsum
2589 4730 2987 4801 pronuntiasse,
3018 4726 3111 4784 sed
3146 4745 3163 4777 ι
3198 4741 3263 4779 ex
3291 4735 3442 4794 parte

1870 4826 2095 4895 aliqua;
2135 4844 2154 4877 ι
2200 4826 2328 4894 quia
2362 4823 2569 4894 Moyses
2614 4840 2632 4873 ι
2685 4836 2750 4876 ex
2803 4828 3071 4891 prtecepto
3106 4817 3245 4886 regis
3280 4814 3439 4882 primi

1869 4917 2135 4973 sacriﬁcia
2183 4915 2435 4978 instituit,
2463 4914 2659 4983 quibus
2681 4921 2827 4966 certa
2872 4907 3212 4964 solemnitate
3244 4904 3442 4958 oblatis

1870 5007 2010 5062 sicut
2035 5008 2270 5070 deceret,
2327 5003 2699 5059 remitteretur
2728 5001 2808 5056 eis
2852 5009 3157 5069 peccatum.
3195 5014 3214 5047 ι
3268 4995 3438 5047 Verba

1869 5109 1997 5156 sunt
2029 5099 2280 5167 Origenis
2314 5097 2408 5151 lib.
2441 5110 2474 5148 ν
2519 5096 2572 5148 in
2636 5092 2805 5159 Epist.
2852 5092 2922 5143 ad
2968 5090 3145 5151 Rom.,
3202 5101 3349 5140 nttut.
3383 5085 3437 5148 l,

1868 5205 1992 5261 pag.
2026 5190 2153 5253 550,
2186 5206 2252 5245 ex
2275 5205 2339 5244 eo
2368 5189 2483 5257 ipso
2523 5187 2639 5241 loco
2668 5201 2825 5253 quem
2885 5183 3093 5253 profert
3130 5178 3439 5235 Jansenius.

1872 5280 1998 5337 llaec
2038 5290 2218 5336 autem
2269 5278 2516 5334 remissio
2555 5286 2900 5347 peccatorum
2949 5275 3204 5344 quoniam
3244 5272 3444 5339 imper-

1872 5374 2011 5429 lecta
2036 5383 2174 5437 erat,
2218 5382 2273 5426 et
2327 5370 2471 5425 illius
2516 5366 2705 5422 umbra
2754 5382 2874 5437 quae
2931 5366 3122 5420 merito
3165 5360 3443 5430 sanguinis

1871 5466 2074 5522 Christi
2120 5464 2461 5533 impetratur.
2491 5460 2691 5514 idcirco
2733 5475 2837 5512 non
2886 5457 3045 5527 plene
3072 5467 3126 5509 et
3181 5455 3440 5523 perfecte,

1871 5558 1965 5611 sed
1993 5572 2056 5611 ex
2095 5566 2251 5626 parte
2276 5554 2454 5621 aliqua
2483 5550 2753 5622 tyrannidi
2792 5548 2983 5602 mortis
3023 5560 3085 5599 ac
3107 5542 3309 5614 peccati
3348 5556 3445 5610 per

1872 5647 2042 5718 legem
2085 5646 2279 5703 obsisti
2332 5644 2487 5699 dixit.
2555 5642 2611 5697 ld
2655 5643 2765 5710 ipse
2812 5639 3094 5709 perspicue
3152 5634 3442 5705 signiﬁcat,

1870 5756 1992 5798 cum
2023 5740 2175 5796 addit
2211 5738 2513 5795 obsistente
2537 5734 2937 5806 quantumlibet
2962 5731 3079 5803 lege
3100 5726 3445 5800 praet-aluisse

253 5941 304 5973 ⁸⁸
337 5936 496 5993 Rom.
527 5950 609 6000 tu,
639 5933 727 5990 28.
804 5935 848 5967 ⁷ο
869 5930 1050 5987 Jacob.
1089 5944 1145 5995 tt,
1166 5928 1257 5995 ει,
1287 5928 1377 5983 29.
1449 5927 1492 5961 '“
1527 5925 1675 5980 Rom.
1700 5937 1752 5988 ν,
1780 5921 1871 5981 20.
