3916 6564
496 449 565 502 55
1704 444 1763 500 P.
1808 440 2126 498 DANIELIS
2166 440 2257 496 HU
2270 439 2406 494 ETll

3633 425 3753 477 93f)

457 572 762 635 peccatum,
817 577 916 615 nec
959 560 1062 630 legi
1115 558 1552 615 succenturiatos
1603 560 1898 628 prophetas
1938 557 2044 609 vim
2076 557 2123 616 Α
2152 554 2315 609 etiam
2366 550 2818 622 prmvaricatione
2890 562 3137 620 peccare.
3193 566 3212 599 ι
3285 543 3344 600 S.
3384 543 3634 598 Thomas
3691 543 3757 597 in

459 632 666 724 peccati
728 652 987 708 cohibere
1046 651 1317 720 potuisse,
1362 651 1457 707 sed
1518 650 1762 706 adfuisse
1828 652 2043 705 tandem

458 747 762 808 Christum.
818 759 882 797 ac
939 743 1007 797 de
1056 753 1231 797 morte
1268 755 1328 801 et.
1390 753 1613 811 peccato
1658 743 2043 813 triumphasse.

459 836 727 891 Praeterea
780 834 898 901 lege
949 831 1056 885 lata
1103 831 1288 901 aliquo
1316 847 1484 889 uensu
1516 848 1830 902 compressa
1884 833 2049 887 fuisse

459 929 563 982 dici
611 935 785 996 potest
827 923 1039 994 peccati
1079 924 1195 989 vis;
1232 941 1340 981 non
1373 928 1516 995 qttod
1566 928 1707 982 hanc
1744 927 1923 995 reipsa
1963 927 2048 979 lex

458 1020 870 1092 compresserit,
902 1020 995 1074 sed
1020 1019 1162 1088 quod
1191 1019 1256 1071 ad
1296 1034 1418 1073 eam
1448 1020 1910 1087 comprimendam
1941 1019 2049 1074 lata

457 1116 563 1178 sit;
605 1121 847 1182 spectato
876 1112 1133 1175 consilio,
1160 1126 1267 1165 non
1296 1120 1535 1175 eventu;
1563 1125 1711 1173 nam,
1749 1112 2047 1163 scentulum

457 1205 828 1268 Ambrosium,
888 1221 909 1254 ι
962 1203 1251 1273 Apostolus
1290 1201 1533 1255 ostendit
1568 1200 1699 1271 quid
1733 1200 2051 1268 provenerit

458 1299 586 1353 data
633 1297 771 1366 lege,
814 1312 917 1350 non
944 1296 1072 1365 qttid
1105 1295 1188 1348 lex
1218 1293 1467 1349 iecerit.»
1507 1317 1582 1333 —-
1609 1311 1628 1345 t
1670 1291 1786 1346 Non
1831 1292 1998 1356 enim,
2026 1310 2044 1343 ι

458 1400 519 1443 ιιι
563 1390 729 1443 habet
762 1388 821 1443 S.
855 1388 1093 1442 Thomas
1126 1388 1179 1440 in
1214 1383 1367 1441 Rom.
1401 1400 1453 1447 v,
1492 1383 1583 1449 20,
1626 1403 1645 1435 ι
1679 1384 1745 1438 ad
1801 1384 1905 1438 hoc
1950 1383 2052 1437 fuit

458 1482 587 1533 data
621 1479 725 1541 lex,
767 1490 825 1532 ut
866 1487 1153 1547 peccatum
1200 1477 1540 1541 abundaret;
1581 1476 1711 1544 quin
1742 1477 1921 1545 potius
1943 1474 2050 1538 lex,

455 1581 721 1639 quantum
765 1571 817 1624 in
844 1585 902 1623 se
932 1568 1056 1634 fuit,
1094 1578 1384 1635 peccatum
1419 1566 1718 1637 prohibuit,
1752 1569 2047 1621 secundmn

459 1664 588 1717 illud
624 1662 760 1732 psal.
782 1650 978 1727 CXVIII,
1013 1662 1099 1725 11,
1124 1660 1190 1713 1η
1222 1660 1382 1713 corde
1412 1674 1523 1712 meo
1549 1658 1805 1713 abscondi
1836 1658 2042 1729 eloquia

457 1765 570 1819 tua,
604 1766 658 1807 ut
692 1771 794 1807 non
831 1769 1032 1822 peccent
1063 1754 1181 1808 tibi.
1219 1771 1237 1804 ι
1297 1751 1404 1806 Sed
1439 1765 1537 1805 nec
1563 1751 1726 1805 aliter
1751 1764 1846 1820 per
1882 1752 2051 1821 legem

459 1846 857 1899 incremenlmn
918 1846 1199 1913 accepisse
1245 1853 1533 1913 peccatum
1591 1844 1811 1898 tradunt
1859 1840 2053 1896 Patres

457 1937 729 2001 nonnulli,
761 1952 923 2005 quam
954 1936 1082 2005 quia
1116 1952 1213 2004 per
1252 1935 1388 2005 legis
1429 1934 1923 2005 promulgationem
1956 1949 2049 1987 co-

458 2031 672 2099 gnitum
724 2039 810 2084 est
859 2030 915 2083 id
968 2044 1093 2083 esse
1138 2039 1453 2099 peccatum,
1521 2030 1663 2096 quod
1696 2037 1851 2082 antea
1889 2028 2050 2098 vulgo

461 2122 862 2192 ignorabatur;
917 2122 1059 2173 umle
1118 2119 1500 2188 praevaricatio
1559 2127 1616 2172 ct
1668 2119 2048 2187 tranSgressio,

454 2212 608 2283 juxta
648 2211 776 2266 illud
805 2211 965 2265 Rom.
994 2226 1080 2270 Ill,
1105 2209 1208 2263 20:
1245 2229 1263 2261 ι
1302 2208 1403 2264 Per
1431 2210 1607 2279 legem
1634 2210 1777 2264 enim
1818 2208 2052 2277 cognitio

459 2302 688 2371 peccati.
713 2320 731 2353 ι
762 2301 1182 2370 Cltrysoslomns
1205 2300 1395 2355 homil.
1418 2300 1557 2355 10in
1574 2298 1749 2368 Epist.
1777 2303 1845 2354 ad
1874 2300 2049 2355 Rom..-

470 2390 687 2462 Ἐπειδὴ
722 2390 831 2463 γὰρ
866 2391 1125 2461 βάναυσοί
1153 2408 1297 2454 τινες
1329 2387 1471 2462 ἦσαν
1501 2392 1744 2445 Ἰουδαῖοι
1774 2393 1869 2446 καὶ
1895 2392 2049 2445 ἔκλε-

456 2483 701 2555 λυμένοι,
761 2485 1028 2557 καὶπρὸς
1078 2486 1252 2550 αὐτὰς
1308 2486 1408 2549 τὰς
1458 2486 1672 2555 δωρεὰς
1727 2486 2052 2540 ἀναπεπτω-

458 2575 616 2637 κότες
657 2591 671 2604 °
717 2575 909 2629 τούτου
964 2578 1125 2648 χάριν
1172 2579 1203 2630 ὁ
1249 2578 1415 2647 νόμος
1473 2576 1655 2647 ἐδόθη,
1726 2578 1810 2631 ἵνα
1854 2579 2051 2643 αὐτοὺς

458 2666 654 2741 ἐλέγξῃ
691 2667 971 2739 μειζόνως,
1013 2670 1108 2723 καὶ
1138 2668 1324 2742 διδάξῃ
1359 2670 1548 2739 σαφῶς
1590 2673 1647 2723 ὲν
1689 2665 1771 2734 οἷς
1803 2672 1930 2737 εἰσι,
1958 2673 2052 2727 καὶ

457 2762 557 2830 τὴν
587 2760 927 2832 κατηγορίαν
962 2761 1224 2832 αὐξήσας,
1252 2762 1555 2833 ὲπισφίγξῃ
1582 2762 1781 2832 μᾶλλον
1810 2763 2046 2827 αὐτούς.

463 2868 485 2903 s
519 2850 789 2918 Quoniam
809 2853 953 2907 enim
983 2852 1277 2907 illiberales
1303 2853 1674 2919 erantJutlazi,
1696 2865 1750 2908 et
1777 2855 2047 2920 diSSoluti,

457 2952 514 2998 et
542 2942 608 2995 ad
640 2943 756 3009 ipsa
790 2943 929 2997 dona
960 2944 1165 3012 supini,
1204 2945 1410 3000 idcirco
1443 2944 1531 2999 lex
1557 2945 1687 2999 data
1716 2956 1819 3010 est,
1843 2956 1902 3001 ut
1930 2948 2049 3002 illos

459 3031 715 3086 videlicet
752 3034 1130 3088 vehementius
1162 3045 1509 3106 coargueret,
1565 3048 1856 3107 aperteque
1888 3040 2044 3094 doce-

459 3135 544 3179 ret
568 3140 678 3195 quo
710 3126 762 3179 in
793 3136 938 3180 statu
968 3134 1177 3191 essent,
1219 3138 1386 3198 atque
1414 3129 1822 3184 accusationem
1847 3146 2048 3199 augens

460 3215 608 3285 ipsos
638 3216 807 3286 magis
834 3218 1256 3286 coostringeret.
1296 3236 1318 3268 s
1381 3217 1751 3289 Hieronymus
1783 3220 1836 3273 in
1876 3221 2044 3288 Epist.

457 3308 529 3359 ad
563 3306 745 3362 Cultu.
778 3324 861 3370 III,
895 3310 990 3373 '21,
1019 3309 1091 3362 ‘29.
1112 3326 1125 3360 :
1146 3327 1165 3359 ι
1199 3308 1309 3363 Nec
1342 3324 1470 3363 vero
1495 3313 1870 3366 :etdimandunt
1902 3312 2049 3368 Scri-

459 3406 676 3469 pturani
715 3410 990 3454 auctorem
1017 3416 1140 3455 esse
1178 3404 1408 3470 peccati,
1434 3404 1560 3471 quia
1593 3405 1775 3457 omnia
1795 3406 1893 3457 sub
1923 3421 2048 3475 pec-

457 3498 584 3541 cato
618 3488 955 3543 conclusisse
995 3490 1209 3543 dicatur
1247 3503 1263 3543 :
1292 3504 1418 3544 cum
1452 3493 1770 3548 mandatum
1805 3497 1947 3564 quod
1980 3511 2046 3550 ex

453 3577 577 3646 jure
617 3580 955 3649 praecipitur,
984 3582 1242 3637 ostendat
1288 3586 1489 3653 potius,
1518 3594 1827 3655 arguatque
1859 3603 2049 3657 pecca-

462 3677 594 3728 tum.
652 3684 815 3739 quam
848 3670 919 3724 sit
957 3685 1122 3725 causa
1174 3674 1404 3741 peccati.
1448 3691 1467 3726 ι
1500 3674 1841 3746 Augustinus
1884 3678 1977 3735 lib.
2008 3693 2047 3733 ll

458 3768 645 3814 contra
695 3760 997 3828 lulianum,
1031 3777 1153 3831 cap.
1212 3764 1318 3831 22,
1370 3782 1390 3816 ι
1429 3764 1713 3836 Originaie
1766 3777 2047 3836 peccatum

458 3864 566 3903 non
602 3850 819 3921 quidem
841 3860 963 3922 post
992 3851 1164 3922 legem
1199 3852 1393 3919 crevit,
1426 3857 1520 3910 sed
1562 3865 1745 3914 tamen
1774 3858 1860 3914 lex
1884 3862 2046 3915 etiam

459 3943 677 4010 ipsum,
738 3944 896 4013 cujus
952 3943 1303 4000 abolitionem
1366 3947 1785 4008 circumcisione
1829 3950 2050 4007 infantis

456 4036 820 4106 significaret,
856 4036 1095 4103 invenit;
1148 4041 1290 4095 sicut
1355 4040 1565 4095 invenit
1609 4043 1779 4098 etiam
1826 4056 2049 4114 peccata

459 4126 805 4196 ignorantiae,
860 4144 981 4198 qua:
1038 4145 1139 4185 nec
1197 4131 1313 4201 ipsa
1360 4132 1483 4185 data
1540 4134 1655 4204 lege
1708 4148 2046 4190 creverunt:

456 4221 901 4290 quandoquidem
946 4225 1131 4292 potius
1162 4224 1275 4293 ipsa
1310 4226 1617 4296 ignorantia
1646 4220 1914 4285 diminuta
1944 4240 2047 4294 est,

457 4313 585 4379 quia
610 4314 837 4368 scientia
873 4314 1007 4386 legis
1039 4319 1269 4372 accessit
1306 4335 1320 4371 :
1355 4319 1449 4373 sed
1482 4330 1761 4389 peccatum
1792 4321 1915 4377 sine
1942 4336 2051 4391 quo

461 4419 623 4457 nemo
656 4406 927 4472 nascitur,
960 4409 1138 4462 crevit
1183 4410 1479 4464 voluntatis
1504 4426 1761 4481 accessu,
1787 4413 2050 4481 originali

458 4498 908 4564 concupiscentia
943 4501 1197 4556 trahente
1251 4514 1540 4571 peccantes
1569 4519 1819 4560 assensu.
1854 4506 2048 4561 Abun-

2149 644 2298 699 Rom.
2324 660 2378 708 v,
2401 644 2472 699 20
2502 662 2516 698 :
2553 661 2572 694 ι
2597 642 2853 698 Secundo
2880 652 3057 696 autem
3094 647 3271 710 po'est
3300 636 3655 706 responderi,
3693 645 3758 689 ut

2148 737 2366 790 dicatur
2398 735 2541 805 quod
2592 734 2663 805 ly,
2692 745 2751 788 ut
2804 742 3053 788 teneatur
3076 729 3393 792 causaliter,
3446 728 3519 780 ita
3562 735 3755 779 tamen

2148 828 2293 897 quod
2341 826 2595 895 loquatur
2623 824 2915 895 Apostolus
2942 824 3008 878 de
3033 820 3366 876 abundantia
3409 816 3629 879 delicti,
3666 830 3757 870 se-

2149 919 2384 972 cundum
2413 917 2556 986 quod
2583 926 2666 972 est
2711 918 2768 972 in
2807 924 2991 971 nostra
3017 911 3358 982 cognitione;
3414 918 3478 963 ut
3515 908 3596 962 sit
3627 921 3757 961 sen-

2152 1025 2265 1076 sus,
2300 1010 2381 1064 lex
2417 1009 2769 1071 subintravit,
2807 1017 2866 1061 ut
2896 1006 3196 1060 abundaret
3240 1002 3528 1065 delictum,
3562 998 3618 1052 id
3641 1009 3753 1061 est,

2152 1110 2213 1153 ιιι
2246 1097 2617 1153 abundantius
2658 1098 2915 1151 delictum
2946 1101 3394 1164 cognosceretur,
3441 1087 3755 1144 secundum

2156 1192 2376 1248 modum
2427 1191 2686 1260 loquendi
2724 1204 2831 1257 quo
2856 1187 3057 1243 dicitur
3083 1185 3290 1254 aliquid
3321 1183 3467 1249 fieri,
3502 1196 3631 1235 cum
3669 1180 3753 1234 in-

2153 1284 2404 1339 notescil.
2464 1282 2813 1351 Uudesupra
2850 1281 3051 1333 dictum
3085 1289 3191 1341 est,
3250 1277 3396 1346 quod
3446 1289 3547 1344 per
3577 1272 3757 1342 legem

2126 1386 2235 1433 est
2263 1376 2507 1447 cognitio
2534 1375 2764 1443 peccati.
2802 1392 2819 1424 ι
2852 1369 3011 1426 Juvat
3033 1384 3248 1439 quoque
3281 1368 3583 1449 Qrigenem
3608 1364 3757 1435 quod

2154 1472 2320 1527 habet
2349 1469 2548 1524 ibidem
2574 1466 2632 1522 S.
2651 1465 2908 1529 Thomas,
2941 1474 3061 1533 post
3086 1462 3223 1533 legis
3246 1459 3755 1529 promulgationem

2157 1562 2441 1619 ruentibus
2489 1558 2766 1616 nonnullis
2802 1557 2854 1610 in
2904 1557 3128 1610 vetitum
3179 1553 3353 1619 nefas,
3386 1550 3658 1620 quosdam
3689 1548 3759 1603 ad

2155 1654 2436 1709 meliorem
2495 1650 2705 1721 frugem
2751 1648 3017 1713 evasisse,
3086 1647 3139 1701 in
3196 1646 3374 1715 iisque
3430 1658 3757 1714 repressum

2157 1747 2330 1801 fuisse
2366 1754 2673 1813 peccatum.
2711 1760 2730 1793 ι
2776 1741 3067 1796 Sciendum
3103 1748 3306 1803 tamen,
3350 1737 3563 1807 inquit,
3585 1737 3759 1807 quod,

2132 1839 2295 1892 sicut
2325 1835 2685 1903 Philosophus
2721 1831 2850 1886 dicit
2883 1831 2934 1886 in
2959 1848 2991 1885 x
3026 1831 3224 1899 Ethic.,
3258 1829 3573 1900 prohibitio
3598 1830 3759 1897 legis,

2159 1932 2285 1984 licet
2323 1928 2443 1985 illos
2473 1928 2565 1997 qui
2598 1934 2723 1981 sunt
2751 1927 2890 1980 male
2914 1926 3159 1994 diSpositi
3209 1923 3471 1979 cohibeat
3501 1924 3576 1978 ab
3599 1934 3762 1978 exte-

2158 2020 2394 2077 rioribus
2426 2021 2663 2091 peccatis
2687 2018 2804 2074 solo
2827 2032 2998 2087 poena:
3027 2018 3239 2084 timore,
3265 2019 3536 2087 quosdam
3573 2025 3762 2070 tamen

2158 2112 2296 2166 bene
2335 2110 2629 2181 dispositos
2681 2108 2890 2163 inducit
2940 2122 3037 2177 per
3072 2124 3315 2164 amorem
3355 2108 3616 2173 virtutis;
3663 2106 3762 2164 sed

2164 2206 2265 2259 ista
2310 2204 2451 2258 bona
2478 2203 2768 2273 dispositio
2802 2213 3064 2272 quantum
3096 2204 3162 2257 ad
3191 2202 3396 2281 aliquid
3428 2212 3612 2273 potest
3636 2217 3763 2258 esse

2158 2312 2187 2350 a
2230 2306 2448 2359 natura,
2498 2296 2593 2349 sed
2623 2294 2741 2363 ejus
2789 2295 3053 2365 perfectio
3089 2311 3192 2349 non
3224 2306 3309 2349 est
3362 2295 3472 2349 nisi
3504 2309 3603 2363 per
3628 2311 3763 2366 gra-

2161 2385 2314 2450 tiam,
2343 2401 2412 2441 ex
2445 2400 2550 2454 qua
2576 2387 2845 2457 contingit
2876 2388 3020 2456 quod
3049 2386 3207 2441 etiam
3236 2386 3356 2455 lege
3380 2387 3558 2440 veteri
3599 2388 3757 2453 data,

2160 2494 2265 2533 non
2296 2481 2348 2534 in
2374 2479 2634 2535 omnibus
2663 2490 2946 2550 peccatum
2974 2479 3233 2543 abundat,
3253 2479 3348 2533 sed
3380 2479 3435 2535 in
3474 2480 3759 2550 pluribus.

2158 2568 2391 2634 Quidam
2430 2584 2556 2624 vero
2586 2568 2707 2639 lege
2737 2569 3078 2638 prohibente,
3109 2578 3163 2623 et
3189 2569 3363 2640 gratia
3390 2569 3628 2625 ulterius
3662 2572 3764 2625 ad-

2150 2659 2395 2727 juvante,
2447 2661 2513 2715 ad
2560 2661 2973 2731 perfectionem‘
2993 2664 3254 2717 virtutum
3285 2664 3507 2718 tandem
3560 2679 3766 2733 perve-

2159 2761 2375 2815 nerunt,
2413 2754 2708 2807 secundum
2754 2754 2881 2809 illud
2917 2754 3124 2812 Eccles.
3159 2770 3305 2819 κων,
3343 2756 3364 2808 1
3395 2769 3413 2809 :
3450 2754 3765 2809 Laudemus

2156 2845 2293 2898 viros
2334 2844 2611 2912 gloriosos,
2651 2853 2783 2911 ele.,
2830 2856 2887 2901 et
2940 2845 3101 2909 infra,
3151 2847 3204 2913 5,
3246 2846 3487 2901 homines
3539 2862 3768 2916 magnos

2155 2941 2365 2994 virtute.
2406 2958 2426 2991 ι
2467 2938 2806 3009 Suﬂ'ragatur
2841 2952 2896 2993 et
2926 2940 3054 2994 illud
3086 2938 3329 3001 Thomas.
3378 2950 3572 2996 nostro
3607 2940 3766 2994 Ada-

2157 3032 2384 3095 mantio,
2409 3047 2473 3086 ex
2518 3031 2639 3094 1-2,
2671 3044 2860 3100 quaest.
2897 3033 2986 3098 98,
3039 3047 3091 3098 a,
3130 3031 3155 3084 1
3205 3048 3219 3086 :
3267 3050 3287 3084 ι
3332 3031 3447 3086 Lex
3484 3042 3644 3087 vetus
3678 3046 3769 3085 ra-

2158 3123 2287 3179 tioni
2323 3123 2677 3189 consonabant,
2710 3124 2837 3193 quia
2864 3123 3364 3194 concupiscentiam
3396 3125 3764 3194 reprimebat,

2156 3229 2276 3282 quae
2297 3214 2489 3269 rationi
2518 3217 2856 3279 adversatur,
2912 3224 2970 3267 ut
3030 3224 3177 3285 patet
3214 3215 3267 3269 in
3328 3215 3421 3269 illo
3449 3216 3715 3270 mandato
3749 3233 3765 3268 :

2154 3304 2275 3358 Non
2321 3306 2657 3375 concupisces
2718 3322 2823 3359 rem
2873 3307 3099 3374 proximi
3156 3307 3270 3374 tui,
3340 3308 3488 3377 quod
3540 3309 3767 3377 ponitur

2151 3395 2322 3449 Exod.
2349 3412 2436 3462 xx,
2476 3397 2565 3452 17.
2600 3397 2718 3467 Ipsa
2751 3399 2915 3453 etiam
2948 3398 3129 3453 omnia
3154 3410 3372 3466 peccata
3403 3398 3759 3480 prohibebat.

2149 3503 2272 3557 qua;
2311 3498 2657 3546 suutcontra
2699 3491 2983 3545 rationem.
3029 3509 3049 3542 ι
3102 3489 3165 3545 Et
3215 3488 3453 3545 articulo
3494 3500 3765 3561 sequente

2151 3583 2309 3635 docet
2380 3581 2554 3650 legem
2616 3592 2854 3637 veterem
2905 3592 2950 3649 ει
3006 3581 3254 3636 homines
3328 3581 3619 3637 ordinasse
3694 3584 3763 3635 ad

2150 3673 2431 3727 Christum
2482 3688 2580 3743 per
2619 3677 2839 3731 modum
2871 3673 3149 3743 cujusdam
3193 3675 3599 3744 dispositionis,
3626 3676 3760 3728 dum

2152 3765 2435 3821 retrahens
2478 3766 2724 3823 homines
2754 3783 2784 3822 a
2829 3768 2978 3824 cultu
3015 3767 3355 3833 idololatriae,
3397 3766 3761 3822 concludebat

2149 3870 2245 3911 eos
2273 3860 2373 3912 sub
2396 3857 2543 3914 cultu
2580 3860 2738 3914 unius
2770 3859 2886 3927 Dei,
2928 3876 2955 3914 a
2989 3875 3096 3929 quo
3141 3859 3462 3915 salvaudum
3496 3873 3616 3914 erat
3653 3859 3761 3913 bu-

2153 3964 2375 4003 Iuanum
2403 3964 2577 4019 genus
2617 3964 2711 4021 per
2751 3951 3050 4007 Christum.
3084 3969 3103 4004 s

2225 4041 2337 4097 XII.
2427 4047 2603 4110 Atque
2668 4043 2879 4097 utinatn
2941 4045 3243 4101 commodis
3306 4058 3463 4116 aque
3538 4044 3761 4114 exposi-

2154 4137 2392 4192 tionibus
2442 4133 2777 4207 Origeniana
2856 4136 2921 4191 de
3004 4140 3192 4208 gratiae
3270 4139 3472 4194 divinte
3536 4137 3761 4191 auxiliis

2153 4229 2404 4299 dogmata
2441 4227 2611 4284 lenire
2656 4242 2937 4299 possemus
2969 4230 3085 4301 (42)
3116 4246 3130 4283 :
3168 4244 3357 4285 verum
3417 4240 3522 4285 tam
3561 4238 3761 4298 aperte

2155 4319 2416 4375 adversus
2450 4335 2570 4374 eam
2625 4329 2904 4391 grassatus
2953 4331 3057 4387 est,
3095 4320 3392 4378 frustra'ut
3443 4322 3623 4377 omnis
3654 4338 3759 4377 co-

2154 4413 2234 4467 lor
2264 4413 2508 4467 adhiberi
2552 4426 2717 4482 posse
2766 4412 3035 4468 videatur.
3105 4412 3399 4469 Manifesto
3446 4414 3649 4485 quippe
3681 4416 3755 4468 ab

2156 4507 2392 4559 humana
2427 4505 2725 4568 voluntate,
2761 4503 2988 4575 ejusque
3028 4506 3259 4562 arbitrio
3305 4506 3473 4562 divini
3529 4508 3758 4560 modum

459 4591 610 4644 davit
635 4600 817 4645 autem
849 4603 1154 4659 peccatum,
1192 4594 1242 4647 id
1274 4604 1378 4657 est,
1411 4595 1575 4649 nimis
1599 4597 1793 4661 crevit,
1831 4606 2051 4667 postea-
2080 4622 2127 4680 υ
2157 4610 2574 4665 mensuramque
2600 4595 2785 4650 auxilii
2820 4597 3056 4665 pendere
3085 4597 3272 4663 voluit,
3312 4597 3439 4653 licet
3477 4601 3543 4652 ad
3566 4600 3759 4669 operis

456 4694 619 4750 quam
650 4696 746 4749 per
768 4682 941 4751 legem
981 4682 1125 4737 facta
1158 4694 1244 4739 est
1269 4686 1507 4754 cognitio
1537 4689 1767 4754 peccati,
1793 4700 1844 4743 et
1871 4691 2043 4759 erepit

527 4858 643 4930 (42)
690 4855 880 4937 Veritus
932 4869 1039 4913 tant
1093 4871 1270 4937 aperte
1302 4864 1574 4937 adversus
1614 4881 1730 4920 eam
1771 4878 2049 4937 grassatus

454 4941 555 5003 est,
580 4941 688 5003 etc_.
723 4930 854 4983 Cum
886 4934 1183 5003 accusandi
1223 4933 1472 5003 Origenis
1507 4938 1736 4990 materia
1771 4930 1842 4990 ἰιι
1876 4956 1939 4993 ex
1978 4940 2050 4993 li-

456 5001 573 5052 bris
601 5016 628 5053 a
656 5000 850 5076 Βλιιῇιιο
883 5002 1275 5076 interpretatis,
1312 5000 1424 5072 qui,
1452 5016 1508 5058 ut
1541 5005 1654 5076 ipse
1682 5008 1759 5061 ait
1789 5008 2045 5068 liuetium

456 5084 647 5138 parutn
679 5069 896 5140 Origeni
928 5073 1279 5139 prmjudicare
1311 5069 1528 5136 debent,
1558 5069 1619 5130 et
1647 5094 1711 5131 ex
1745 5079 2049 5133 Cathoiicls

456 5140 719 5215 delibero
763 5142 987 5195 arbitrio
1039 5145 1641 5215 sententiisdesumpta
1702 5149 1791 5209 sit.
1855 5149 2045 5204 mirati

455 5211 590 5262 satis
632 5225 736 5264 non
774 5226 992 5280 possum
1023 5228 1112 5265 cur
1158 5214 1355 5269 eruditi
1384 5217 1487 5269 viri
1530 5211 1579 5269 in
1607 5218 1692 5273 his
1734 5219 1912 5272 Rufini
1958 5221 2046 5273 iu-

458 5281 939 5359 terpretationibus
1012 5284 1349 5359 inhaeserint,
1414 5298 1727 5342 contextum
1785 5289 2048 5359 Origenis

455 5349 642 5425 graece
669 5360 982 5425 exstantem
1015 5354 1371 5423 neglexerint,
1421 5368 1471 5410 et
1503 5374 1623 5425 qum
1654 5361 1720 5411 ad
1758 5349 1913 5414 liberi
1955 5374 2047 5414 ar-

456 5418 602 5471 bitrii
650 5419 1015 5476 defensionem
1054 5418 1239 5478 contra
1287 5418 1630 5483 detestandas
1667 5431 1904 5486 haereses
1945 5446 2046 5483 ca-

456 5489 653 5570 tholice
680 5490 940 5570 dieputat,
972 5507 1035 5570 ea
1096 5496 1161 5547 ad
1215 5498 1463 5570 haeresim
1515 5496 1891 5570 Pelagianam,
1948 5508 2046 5552 aut

455 5560 1165 5640 saltem_Semipelagianam
1198 5567 1555 5640 detorserint;
1588 5560 1710 5640 quva:
1753 5560 1887 5625 vero
1913 5584 2043 5623 sex-

455 5630 627 5712 centis
668 5629 902 5712 locisde
938 5629 1184 5712 gratuitae
1224 5648 1279 5691 et
1323 5629 1559 5712 efﬁcacis
1605 5629 1809 5712 'gratize
1854 5654 2044 5694 neces-

456 5700 614 5776 sitate
648 5700 1245 5779 magnifice‘pracdicat,
1288 5722 1365 5779 ne
1428 5700 1642 5775 legisse“
1671 5712 1897 5779 quidem
1951 5720 2045 5762 aut

456 5770 903 5847 animadvertisse
920 5774 1239 5847 _videantur.
1287 5770 1582 5830 Fatendum
1614 5770 1757 5834 sane
1786 5790 1869 5834 est
1902 5780 2042 5847 quod

452 5838 718 5917 tirigeues
754 5853 821 5891 ex
843 5842 1147 5917 animarum
1175 5848 1601 5912 pracexsistentia
1646 5864 1715 5917 op
1735 5838 2039 5916 inatus'cst,

456 5907 510 5958 id
539 5907 584 5962 si
620 5907 999 5966 vehementius
1059 5907 1335 5981 urgeatur,
1374 5907 1800 5977 consecutio-hes
1842 5907 2040 5975 habere

2151 4686 2540 4756 perfectionem
2582 4688 2788 4743 ccelesti
2841 4689 3111 4743 hominem
3173 4706 3368 4746 carere
3420 4708 3525 4746 non
3579 4708 3751 4760 posse

2162 4882 2288 4923 cum
2318 4866 2588 4923 catholico
2620 4870 2868 4937 dogmate
2893 4878 3211 4939 pugnantes.
3243 4869 3350 4924 Sed
3380 4886 3538 4926 nemo
3571 4871 3755 4925 nescit

2153 4940 2390 5009 optimos
2417 4940 2565 4992 viros
2594 4955 2738 5008 saepe
2772 4942 2822 4994 in
2857 4956 3037 4995 errato
3076 4941 3256 5008 aliquo
3306 4942 3379 4993 ita
3415 4943 3644 5004 versari,
3689 4952 3753 4994 ut

2153 5025 2274 5079 qua:
2301 5023 2365 5061 ex
2396 5026 2461 5061 eo
2489 5023 2919 5077 consequuntur,
2974 5012 3192 5065 minime
3235 5011 3547 5065 defendant.
3584 5013 3743 5077 Quod

2154 5083 2196 5135 si
2231 5094 2460 5146 usquam
2504 5080 2639 5133 alias
2664 5095 2852 5134 vermn
2900 5081 3021 5145 fuit,
3054 5090 3203 5136 certe
3238 5081 3291 5134 itt
3326 5080 3558 5150 Origene
3584 5098 3744 5135 com-

2155 5150 2415 5218 probatur
2441 5150 2531 5217 qui
2564 5164 2716 5203 suam
2755 5152 2899 5204 illaut
2930 5153 2995 5205 de
3019 5151 3325 5204 animarum
3358 5153 3748 5220 prteexsisten-

2157 5223 2227 5273 tia
2265 5220 2599 5287 Opinionem,
2638 5231 2694 5273 ιιι
2747 5222 3078 5288 probabilem
3121 5222 3511 5289 conjecturam.
3536 5239 3594 5276 re
3630 5238 3743 5276 non

2153 5290 2359 5354 decisa,
2394 5292 2674 5357 proponit;
2698 5302 2755 5343 at
2779 5292 2923 5345 nulla
2947 5293 3129 5345 habita
3161 5294 3373 5345 ratione
3399 5292 3553 5358 hujus
3581 5307 3745 5345 com-

2153 5364 2341 5421 Inenti,
2369 5361 2570 5432 Christi
2602 5362 2853 5431 gratiam,
2904 5378 3154 5432 maguum
3187 5362 3314 5415 illud
3346 5363 3435 5416 Dei
3465 5361 3747 5417 incarnali

2150 5442 2206 5484 et
2254 5431 2499 5483 crucifixi
2545 5447 2741 5484 munus
2783 5432 2862 5485 sic
2890 5431 3128 5501 exponit,
3182 5433 3262 5486 sic
3296 5432 3554 5495 defendit,
3582 5442 3642 5484 ut
3668 5433 3748 5485 ab

2148 5518 2213 5553 eo
2236 5503 2349 5573 fieri
2385 5516 2482 5569 par
2499 5510 2616 5555 erat
2644 5501 2736 5573 qui
2764 5502 2814 5555 in
2859 5503 2957 5557 hoc
2985 5503 3378 5573 incarnationis
3400 5504 3663 5573 mysterio
3682 5511 3749 5556 et

2151 5572 2485 5635 meditando,
2516 5581 2571 5625 et
2593 5572 2951 5639 praedicando,
2986 5583 3039 5627 et
3066 5583 3249 5626 contra
3283 5571 3515 5633 Judteos,
3545 5574 3747 5626 ethni-

2153 5658 2270 5704 eos,
2289 5654 2340 5695 et
2372 5642 2654 5696 haereticos
2674 5642 3011 5698 defendendo
3042 5643 3203 5695 vitam
3234 5644 3588 5710 consumpsit.

2224 5714 2275 5765 1.
2311 5712 2385 5764 Ila
2419 5712 2692 5780 explorata
2734 5711 2850 5767 erat
2884 5712 3098 5781 Origeni
3154 5714 3387 5766 humana
3443 5712 3738 5767 imbecilli-

2156 5792 2261 5859 tas,
2294 5793 2351 5834 ut
2377 5783 2471 5835 lib.
2514 5781 3041 5859 vII_ceutra_Celsum,
3087 5798 3239 5837 num.
3272 5783 3363 5859 42,
3398 5782 3491 5836 Dei
3537 5788 3740 5859 ςοειιιτ

2152 5855 2351 5927 tionem
2396 5854 2898 5927 assequi__homines
2944 5869 3053 5927 gon
3109 5869 3271 5927 posse
3312 5856 3569 5908 decernat
3612 5854 3740 5927 sine

2149 5924 2333 5976 divino
2360 5921 2584 5979 auxilio.
2618 5921 2751 5978 Hinc
2798 5940 2897 5978 nec
2941 5922 3172 5990 Platoni,
3205 5924 3272 5979 ad
3318 5939 3473 5994 quem
3521 5921 3732 5993 prove-
