3898 6520
188 364 295 425 915

968 366 1549 424 (ιιιισειιιΑΝυιιυιι
1593 368 1723 425 uo.
1765 366 1830 431 ιι,
1869 367 2023 425 CAP.
2065 369 2131 437 ιι,
2168 368 2446 437 QUASS'I‘.
2492 366 2597 420 vn.

3338 370 3451 428 9&6

184 498 405 542 suorum
435 499 742 542 menstruam
764 487 947 543 varies
974 488 1263 559 variosque
1292 505 1322 542 a
1352 488 1463 543 Deo
1496 490 1767 559 recepisse
1795 497 1837 552 Α
1874 491 1967 546 Dei
1995 491 2232 547 consilio
2259 492 2631 561 relinquatur;
2665 499 2829 562 atque
2858 490 2928 546 ita
2956 492 3129 558 nobis,
3164 500 3225 547 ut
3257 492 3329 547 ita
3357 494 3444 546 di-

182 584 371 652 gratite
402 584 589 637 modos
619 600 637 647 ;
676 583 908 651 hincque
932 598 1147 639 onmem
1172 582 1449 638 exstitisse
1479 583 1767 638 diversita-

185 688 313 741 tem,
346 692 465 745 quae
497 677 765 741 homines,
798 687 855 731 ιιι
884 676 1111 746 apostoli
1144 690 1292 731 more
1318 677 1541 747 loquar,
1566 678 1769 732 discer-

185 766 286 831 nit,
344 772 638 835 antequam
694 766 820 821 boni
866 764 1161 835 quidquam
1221 765 1304 818 vel
1366 765 1491 821 mali
1532 767 1763 837 egerint.

184 858 454 913 Doctrina:
489 859 648 928 hujus
703 860 1033 914 assertiones
1066 866 1122 912 et
1175 868 1498 927 argumenta
1549 868 1768 915 exstant

183 950 280 1003 lib.
308 966 327 1004 t
354 950 492 1017 Περὶ
527 948 753 1019 ἀρχῶν,
777 966 897 1019 cap.
932 950 984 1011 7.
1014 967 1164 1005 num.
1198 948 1255 1010 4.
1305 961 1357 1002 et
1392 949 1486 1003 lib.
1513 964 1597 1013 ιιι,
1631 964 1678 1004 c.
1711 951 1765 1013 Ι,

182 1054 333 1095 ιιιιιιι.
366 1041 457 1104 20,
490 1042 586 1105 2i,
620 1042 692 1094 22
761 1039 1048 1111 (Philaeni.
1098 1056 1217 1110 cap.
1280 1039 1396 1109 20).
1453 1039 1583 1094 Item
1642 1039 1765 1094 libri

181 1134 421 1200 ejusdem
450 1134 597 1188 tertii
647 1148 770 1201 cap.
804 1134 859 1197 3,
895 1149 1040 1187 nunt.
1088 1133 1141 1200 5,
1172 1146 1228 1189 et
1277 1132 1371 1189 lib.
1410 1148 1479 1187 \'ll
1506 1133 1564 1186 in
1593 1131 1763 1199 Epist.

180 1227 250 1277 ad
300 1224 477 1288 Rom.,
514 1232 664 1279 num.
716 1224 805 1290 l5,
838 1225 929 1290 l6,
962 1225 1050 1287 l7.
1094 1236 1149 1280 et
1202 1226 1298 1279 lib.
1328 1241 1407 1289 ιι,
1457 1240 1603 1279 num.
1628 1224 1683 1287 2,
1707 1225 1763 1279 5.

180 1319 310 1385 Qua:
338 1318 592 1387 quoniam
626 1317 873 1387 fusejam
904 1334 1067 1388 supra
1103 1317 1454 1387 exposuimus
1484 1326 1678 1386 quiest.
1707 1317 1763 1381 6,

179 1413 378 1465 iterum
436 1409 641 1465 referre
694 1410 825 1464 nihil
857 1412 1074 1466 attinet.
1100 1409 1309 1464 Nonum
1336 1409 1496 1463 modo
1533 1409 1763 1463 secundi

177 1500 300 1554 libri
334 1499 412 1552 De
434 1500 708 1567 principiis
744 1511 907 1568 caput
933 1500 1101 1570 relegi
1138 1500 1320 1564 velim,
1349 1500 1400 1553 in
1461 1500 1601 1567 quod
1657 1499 1766 1553 dis.

177 1603 370 1658 persas
402 1590 526 1643 alibi
550 1589 814 1643 doctrina:
844 1589 1003 1660 hujus
1051 1589 1348 1658 particulas
1393 1589 1551 1658 plena
1601 1598 1764 1642 manu

173 1686 457 1754 congessit
497 1700 511 1737 :
542 1699 665 1737 nam
707 1694 993 1753 postquam
1029 1684 1272 1738 diversas
1303 1682 1424 1737 illas
1448 1690 1671 1735 naturas
1697 1680 1765 1735 ab

177 1776 448 1831 haereticis
502 1791 667 1845 supra
727 1777 1022 1831 nominatis
1095 1774 1355 1831 confictas
1404 1773 1764 1842 collectasque

171 1885 364 1925 eorum
420 1872 657 1927 rationes
710 1871 1052 1936 confutavit,
1116 1880 1229 1926 tum
1286 1872 1477 1941 dogma
1522 1869 1759 1938 explicat
1792 1849 1835 1909 Β

171 1977 353 2026 suum,
380 1960 868 2033 diversitatemque
901 1964 1205 2016 animarunt
1242 1962 1452 2016 ratione
1505 1960 1758 2031 praedita-

171 2070 289 2107 rutn
319 2070 387 2107 ex
450 2054 662 2108 arbitrii
720 2054 971 2109 libertate
1002 2052 1275 2124 prolicisci
1323 2053 1598 2119 docet,ex
1652 2065 1757 2121 qua

170 2146 485 2201 diversitate
513 2148 711 2201 eximia
738 2148 828 2201 illa
861 2149 1028 2201 totius
1063 2146 1251 2201 mundi
1292 2145 1647 2203 consuttantia
1679 2144 1758 2197 di-

170 2238 347 2290 versis
378 2249 633 2294 constans
666 2240 912 2308 partibus
937 2248 1129 2295 exorta
1163 2240 1255 2294 sit.
1312 2237 1449 2293 llinc
1480 2237 1759 2305 iniustitia:

170 2336 296 2379 nota
338 2328 619 2382 absolvere
664 2328 828 2382 Deum
871 2338 1047 2398 putat,
1075 2328 1350 2383 inhaesura
1378 2326 1618 2397 alioquin
1658 2328 1754 2392 illi,

168 2418 211 2472 si
240 2433 355 2471 non
394 2434 491 2488 pro
541 2421 755 2474 meritis
795 2435 1269 2489 unumquemque,
1302 2418 1395 2474 sed
1450 2434 1549 2488 pro
1601 2419 1755 2472 libitu

166 2522 266 2561 suo
292 2520 525 2562 exornet
552 2526 565 2571 ;
594 2526 715 2579 quae
739 2512 1028 2565 confirmat
1057 2511 1253 2566 deinde
1289 2526 1446 2565 exem
1460 2511 1545 2580 plo
1568 2508 1755 2565 Jacobi

165 2610 219 2652 et
245 2597 417 2662 Esau,
457 2600 670 2669 aliaque
700 2600 753 2655 in
783 2618 903 2656 eam
939 2602 1263 2657 sententiam
1302 2601 1523 2671 colligit.

234 2690 542 2745 Adversum
599 2695 713 2747 ita-c
781 2708 993 2762 aspere,
1027 2708 1126 2763 pro
1155 2708 1220 2747 eo
1273 2708 1335 2747 ac
1394 2693 1601 2758 debuit,
1634 2707 1756 2747 sese

168 2784 469 2837 commovit
493 2783 789 2840 Janscnius
822 2795 951 2839 tom.
988 2784 1029 2851 ι,
1078 2786 1167 2840 lib.
1194 2802 1267 2850 vt,
1299 2802 1419 2856 cap.
1451 2785 1535 2848 l5,
1588 2796 1644 2839 et
1697 2794 1757 2839 ut

172 2874 372 2928 divina:
405 2876 594 2944 gratia:
620 2878 834 2945 penitus
871 2878 1140 2935 contraria
1168 2879 1363 2932 merito
1414 2877 1620 2946 rejecit.
1652 2876 1758 2931 Re-

159 2966 290 3035 jccit
316 2977 374 3021 ct
406 2970 575 3023 multo
606 2979 731 3024 ante
760 2971 820 3026 S.
855 2971 1091 3026 Thomas
1114 2972 1207 3025 lib.
1252 2988 1287 3025 ιι
1323 2970 1522 3025 Contra
1546 2970 1752 3039 gentil.,

164 3074 285 3129 cap.
317 3060 411 3114 44.
450 3060 766 3132 Pamphilus
792 3072 970 3119 tamen
1000 3065 1052 3118 in
1096 3064 1355 3133 Apologia
1385 3080 1480 3131 pro
1506 3062 1753 3130 Origene,

1871 592 2015 652 cam,
2040 585 2335 639 obnoxiam
2363 584 2454 638 Dei
2479 585 2711 654 gratiam
2744 582 2926 639 allicit.
2966 585 3149 655 Itaque
3176 585 3333 639 liberi
3354 601 3447 638 ar-

1870 674 2016 728 bitrii
2052 674 2195 729 vires
2258 678 2412 744 quasi
2474 677 2620 732 nullo
2641 686 2861 745 egentes
2890 676 3075 747 gratiae
3118 677 3446 732 adminiculo

1870 767 1943 820 ita
1969 768 2303 837 deprtedlcat
2327 771 2471 825 hom.
2511 769 2545 823 9
2573 770 2629 824 in
2664 768 2849 836 Levii”
2901 786 3049 824 num.
3075 771 3133 824 ll
3176 787 3192 825 :
3257 788 3285 822 ε
3320 772 3446 826 Sive

1866 873 1999 930 ergo
2050 860 2317 930 spiritalis
2378 860 2604 915 en'ectus
2633 877 2775 917 unus
2803 876 2924 916 cum
2980 862 3205 917 Domino
3225 863 3446 933 spiritus

1867 951 1995 1016 fiat;
2032 953 2147 1007 sire
2176 968 2271 1022 per
2308 954 2726 1009 resurrectionis
2758 954 2981 1026 gloriam
3045 956 3097 1009 in
3133 956 3443 1025 angelorum

1866 1042 2115 1098 ordinem
2165 1053 2428 1109 transeat,
2485 1056 2631 1101 recte
2668 1046 2779 1115 jatn
2821 1063 2925 1102 non
2967 1050 3071 1103 erit
3101 1049 3263 1104 homo
3298 1066 3313 1105 :
3349 1050 3445 1104 sed

1868 1133 2238 1205 unusquisque
2266 1137 2380 1205 ipse
2400 1137 2501 1192 sibi
2537 1137 2639 1193 hoc
2666 1149 2920 1207 praestat,
2966 1139 3026 1193 ut
3081 1142 3160 1194 vel
3221 1144 3445 1195 excedat

1868 1222 2113 1279 hominis
2140 1227 2577 1296 appellationem,
2603 1229 2685 1283 vel
2723 1230 2865 1282 intra
2891 1230 3257 1285 conditionem
3288 1230 3445 1296 hujus

1872 1315 2123 1370 vocabuli
2155 1327 2479 1385 oenseatur;
2518 1338 2536 1372 ι
2571 1330 2626 1374 et
2681 1320 2868 1375 homil.
2901 1321 2925 1375 1
2964 1321 3016 1373 in
3052 1319 3269 1382 Ειιτὴ..
3302 1338 3352 1373 ιι.
3388 1322 3442 1382 5.

1870 1422 1997 1479 pag.
2030 1408 2135 1464 357
2165 1429 2178 1462 :
2219 1428 2239 1460 ι
2272 1410 2351 1464 Τυ
2383 1424 2531 1475 vero,
2559 1411 2740 1474 homo,
2775 1420 2944 1481 quare
2965 1428 3070 1466 non
3106 1413 3188 1465 vis
3220 1412 3446 1467 arbitrio

1870 1507 1924 1553 te
1948 1509 2043 1553 tuo
2094 1500 2412 1555 derelictum
2437 1502 2461 1555 Ἰ
2486 1502 2667 1569 Quare
2713 1519 2855 1573 u-gre
2886 1502 2994 1558 fers
3020 1504 3141 1567 niti,
3179 1504 3442 1567 laborare,

1866 1592 2227 1653 contendere.
2250 1602 2301 1647 et
2330 1600 2427 1662 per
2446 1594 2585 1649 bona
2618 1608 2783 1664 opera
2817 1605 2868 1650 te
2889 1595 3061 1664 ipsum
3090 1611 3307 1648 causam
3339 1605 3446 1650 tuas

1872 1685 1991 1739 fieri
2026 1684 2258 1739 salutis?
2304 1688 2387 1741 An
2437 1688 2610 1756 magis
2652 1699 2705 1742 te
2744 1687 3030 1742 delectabit
3064 1688 3440 1750 dormientem,

1868 1782 1923 1827 et
1951 1775 2005 1827 in
2042 1774 2154 1827 otio
2188 1777 2537 1830 constitutum
2593 1785 2791 1830 teterna
2836 1777 3192 1846 prosperitate
3233 1778 3446 1845 requie-

1863 1866 2067 1921 scere?
2098 1866 2261 1922 Pater
2292 1881 2465 1933 meus,
2508 1869 2682 1937 inquit
2706 1870 2959 1924 Dominus
2983 1867 3141 1923 Jesns
3173 1868 3443 1933 Christus,

1863 1971 2033 2026 usque
2082 1958 2242 2013 modo
2292 1969 2570 2028 operatur,
2620 1972 2673 2015 et
2708 1976 2811 2031 ego
2854 1978 3049 2032 operor
3094 1963 3183 2009 7':
3236 1972 3292 2017 et
3346 1964 3443 2016 tibi

1862 2050 2111 2118 displicet
2130 2053 2368 2121 operari,
2401 2053 2491 2121 qui
2521 2054 2585 2106 ad
2634 2069 2800 2122 opera
2837 2066 2995 2109 natus
3046 2054 3149 2110 es?
3201 2054 3316 2109 Non
3362 2055 3445 2108 vis

1861 2156 1999 2211 Opus
2039 2151 2191 2197 tuum
2227 2144 2346 2199 fieri
2372 2144 2638 2213 justitiam
2659 2184 2675 2208 ,
2708 2145 3051 2215 sapientiam,
3082 2147 3388 2201 castitatem
3419 2148 3444 2199 ἲ

1868 2233 1985 2288 Non
2028 2235 2110 2289 vis
2134 2250 2273 2303 opus
2305 2246 2453 2289 tuum
2487 2250 2608 2290 esse
2636 2236 3034 2303 fortitudinem,
3070 2238 3311 2307 aliasque
3341 2238 3445 2291 vir-

1864 2326 2045 2379 tutes?
2083 2343 2103 2377 ι
2141 2324 2421 2381 Manifesta
2457 2339 2673 2394 quoque
2716 2325 2805 2379 illa
2835 2337 2962 2380 sunt
2990 2324 3081 2380 lib.
3113 2343 3126 2381 I
3155 2326 3293 2393 Περὶ
3338 2325 3445 2395 ἀρ-

1860 2415 2006 2486 χῶν,
2035 2431 2155 2486 cap.
2187 2416 2242 2484 5,
2276 2432 2428 2473 num.
2452 2416 2512 2483 5,
2538 2432 2663 2488 pag.
2687 2416 2754 2472 68
2790 2433 2804 2470 :
2855 2436 2875 2471 ι
2936 2417 3039 2473 Per
3088 2418 3191 2472 hoc
3248 2432 3441 2472 conseo

1860 2524 2031 2577 quens
2050 2510 2209 2565 estin
2238 2511 2393 2565 nobis
2415 2524 2558 2573 esse,
2595 2521 2760 2580 atque
2781 2510 2834 2563 in
2873 2510 3074 2566 nostris
3099 2510 3357 2572 iactibus.
3384 2519 3445 2563 ut

1861 2600 1947 2655 vel
1974 2602 2118 2657 beati
2145 2611 2200 2656 et
2230 2602 2406 2657 sancti
2442 2603 2638 2665 simus,
2666 2602 2749 2657 vel
2774 2618 2872 2672 per
2911 2602 3175 2658 desidiam
3219 2616 3284 2657 ac
3342 2616 3441 2657 tte-

1859 2692 2174 2762 gligentiatn
2207 2708 2236 2745 a
2262 2691 2597 2747 beatitudine
2629 2693 2680 2747 in
2708 2694 2967 2747 malitiam
2994 2702 3049 2747 et
3084 2692 3443 2761 perditionem

1860 2797 2175 2853 vergamus;
2210 2801 2230 2834 ι
2281 2792 2447 2853 atque
2487 2783 2669 2837 itidem
2727 2784 2830 2839 ista
2874 2782 3059 2839 ltontil.
3093 2783 3164 2838 55
3198 2783 3251 2835 in
3284 2782 3440 2846 Lua,

1859 2891 1979 2948 pag.
2011 2875 2116 2931 974
2153 2890 2168 2925 τ
2228 2896 2245 2928 t
2276 2876 2351 2931 Da
2385 2890 2523 2946 ergo
2546 2891 2767 2946 Operam
2796 2886 2852 2929 ut
2878 2875 3125 2930 libereris
3147 2892 3176 2930 a
3202 2875 3444 2944 principe

1858 2968 1925 3022 ad
1962 2982 2119 3036 quem
2144 2980 2198 3020 te
2224 2966 2394 3020 trahit
2440 2966 2801 3022 adversarius.
2852 2965 2925 3019 Da
2970 2980 3192 3033 operam
3227 2974 3282 3017 ut
3332 2964 3439 3018 ha-

1856 3065 1986 3120 beas
2049 3064 2416 3133 sapientiam,
2479 3063 2747 3132 justitiam
2782 3102 2798 3125 ,
2858 3061 3226 3115 fortitudinem
3282 3069 3442 3130 atque

166 3150 217 3201 in
242 3151 439 3205 eadem
468 3149 584 3207 fere
607 3164 771 3208 cauSa
801 3164 880 3210 est
908 3170 1012 3223 qua
1049 3154 1330 3224 Origenes,
1364 3155 1408 3209 si
1443 3168 1540 3207 nos
1573 3152 1752 3207 [inlini
1782 3192 1825 3250 ο
1860 3158 2315 3228 temperantiam:
2344 3165 2401 3211 et
2442 3166 2570 3212 tunc
2600 3156 2965 3226 complebitur
2999 3173 3011 3207 :
3055 3154 3194 3209 Ecce
3256 3154 3440 3218 homo,

166 3241 653 3312 interpretamenta
701 3261 808 3300 non
856 3246 1084 3309 fallunt;
1121 3262 1242 3299 nam
1281 3255 1339 3300 ut
1370 3246 1753 3315 Origeniauatn

162 3334 423 3391 defendat
456 3338 760 3392 animarum
792 3338 1160 3413 προῦπαρξιν,
1192 3338 1429 3408 reliquas
1459 3340 1525 3394 de
1562 3338 1757 3393 animm

158 3428 382 3497 origine
421 3431 709 3497 opiniones
737 3432 1094 3486 absurditatis
1153 3430 1497 3494 iusimulans,
1530 3439 1585 3485 et
1636 3444 1755 3485 eam

161 3534 384 3590 quoque
433 3522 833 3592 carpit,quam
894 3536 1037 3577 nunc
1104 3521 1344 3575 Ecclesia
1409 3531 1752 3592 propugnat,

120 3624 131 3635 °
164 3626 399 3682 qumque
427 3612 677 3669 formatis
700 3616 754 3668 in
782 3625 935 3669 utero
965 3616 1292 3684 corporibus
1321 3616 1534 3667 animas
1567 3627 1756 3668 recens

159 3716 380 3761 creatas
407 3706 569 3762 inseri
625 3708 869 3763 decernit
912 3726 926 3764 :
965 3708 1018 3762 id
1068 3708 1110 3762 si
1162 3708 1255 3774 sit,
1307 3706 1566 3772 injustam
1630 3706 1749 3761 fore

165 3796 340 3851 Deum
391 3798 467 3852 ait
531 3797 867 3868 Pamphilus,
913 3799 1006 3868 qui
1053 3800 1248 3853 nullius
1296 3800 1470 3866 culpae
1514 3798 1756 3852 insontes

161 3888 382 3943 animas
411 3889 496 3945 vel
521 3889 681 3945 caecis
712 3890 792 3943 vel
822 3890 1091 3945 debilibus
1120 3891 1441 3959 corporibus
1482 3890 1754 3955 infundat,

166 3980 249 4035 vel
288 3984 435 4050 apud
466 3982 732 4039 barbaras
760 3990 949 4051 gentes
978 3983 1145 4038 vitam
1174 3982 1375 4038 ducere
1418 3984 1625 4054 iubeat.
1666 3982 1758 4037 γι-

164 4072 260 4127 des
313 4072 705 4129 labefactatum
748 4090 815 4129 ac
877 4085 1213 4145 peremptum
1275 4077 1465 4145 gratiae
1520 4076 1756 4132 ctelestis

167 4163 459 4217 auxilium.

233 4252 378 4310 Xlll.
405 4255 602 4310 Atuou
638 4271 735 4326 pro
759 4256 824 4311 iis
859 4256 1143 4324 duntaxat,
1168 4272 1289 4326 quae
1326 4269 1476 4314 recte
1502 4259 1587 4313 vel
1615 4259 1755 4315 male

158 4355 396 4413 egerunt
456 4346 705 4414 animae,
773 4350 1088 4419 priusquam
1163 4352 1487 4415 corporibus
1554 4351 1754 4408 nostris

160 4437 539 4503 illaberentur,
596 4440 809 4495 diversa
866 4456 959 4495 eas
1015 4456 1043 4494 a
1094 4440 1205 4495 Deo
1258 4442 1447 4511 gratia:
1492 4444 1750 4513 consequi

1859 3263 2021 3317 opera
2052 3247 2169 3316 ejus
2196 3253 2323 3302 ante
2364 3246 2556 3302 faciem
2608 3244 2864 3309 suam";
2897 3262 2916 3296 ι
2983 3254 3034 3298 et
3076 3247 3179 3299 hoc
3227 3256 3441 3312 quoque

1858 3339 1953 3396 lib.
1992 3355 2067 3395 vtt
2118 3340 2175 3393 in
2231 3336 2404 3409 Epist.
2437 3339 2506 3392 ad
2553 3337 2732 3401 Rom,
2786 3346 2939 3390 num.
2976 3334 3065 3400 16,
3134 3350 3258 3403 pag.
3287 3334 3435 3389 6l5:

1863 3452 1882 3484 ι
1922 3432 1989 3488 Ut
2034 3433 2158 3487 boni
2193 3432 2338 3488 enim
2370 3440 2464 3485 aut
2488 3429 2612 3485 mali
2670 3430 2867 3494 simus,
2902 3438 3100 3485 nostra:
3148 3427 3442 3481 voluntatis

1857 3536 1977 3581 est:
2028 3524 2199 3578 malus
2224 3533 2405 3578 autem
2452 3522 2520 3577 ad
2547 3520 2854 3589 cuiusmodi
2896 3519 3150 3585 verbera,
3183 3528 3235 3572 et
3266 3518 3441 3573 bonus

1858 3620 1925 3674 ad
1951 3617 2253 3688 cujusntodi
2305 3617 2533 3688 gloriam
2598 3615 2944 3679 destinetur,
2996 3612 3293 3668 voluntatis
3355 3619 3440 3667 est

1859 3712 1976 3766 Dei.
2015 3730 2038 3764 ι
2095 3710 2276 3765 l’lenis
2331 3720 2457 3763 vero
2509 3708 2696 3763 buccis
2745 3708 2933 3762 eadem
2976 3706 3073 3761 illa
3114 3705 3439 3771 deblaterat,

1858 3817 1977 3871 cap.
2002 3805 2054 3867 i,
2092 3802 2210 3857 libri
2244 3818 2303 3857 ιιι
2342 3800 2485 3870 Περὶ
2516 3798 2742 3869 ἀρχῶν,
2771 3814 2879 3868 quo
2901 3799 3086 3868 capite
3131 3796 3437 3851 libertatem

1858 3892 2068 3947 arbitrii
2089 3893 2441 3948 asserendam
2470 3899 2526 3945 et
2566 3889 3016 3959 prepugnandam
3051 3887 3327 3956 suscepit:
3362 3884 3435 3940 ibi

1857 3986 2055 4055 quippe
2087 3984 2475 4039 tentationibus
2502 3982 2760 4050 obsequi,
2785 3980 2866 4035 vel
2904 3980 3207 4045 obsistere,
3241 3980 3296 4032 in
3342 3992 3436 4031 no-

1856 4084 1968 4131 stra
2002 4076 2241 4143 positum
2276 4089 2399 4129 esse
2422 4082 2695 4143 potestate
2732 4071 2887 4137 dicit,
2928 4084 3030 4125 nec
3070 4069 3435 4124 necessarium

1856 4165 1923 4218 ad
1952 4163 2003 4219 id
2026 4164 2215 4233 gratiae
2248 4162 2553 4217 subsidium
2583 4160 2830 4231 agnoscit
2864 4175 2882 4223 ;
2923 4160 3019 4214 sed
3053 4158 3287 4228 quadam
3320 4168 3439 4211 tan-

1858 4267 1969 4312 ιιιιιι
2033 4255 2378 4317 eruditione,
2439 4270 2560 4322 qua:
2631 4253 2875 4309 salubria
2954 4251 3114 4306 nobis
3185 4250 3433 4318 exempla

1854 4360 1911 4405 et
1964 4347 2258 4403 sanctioris
2330 4345 2599 4401 doctrinm
2666 4352 2936 4415 prtecepta
3015 4357 3117 4411 pro
3194 4350 3437 4410 tempore

1854 4447 2127 4508 suggerat.

159 4530 422 4598 opinatus
472 4541 557 4584 est
612 4531 900 4602 Origenes,
946 4532 1041 4587 sed
1108 4544 1267 4600 prout
1319 4535 1484 4588 etiam
1533 4550 1654 4589 sese
1697 4537 1748 4590 in
1783 4562 1827 4617 υ
1928 4527 2068 4584 XIV.
2093 4528 2246 4596 Quod
2291 4530 2334 4582 si
2369 4528 2556 4598 gratire
2581 4542 2681 4582 nos
2712 4539 2872 4596 egere
2912 4523 3134 4580 auxiliis
3179 4532 3438 4595 agnoscat

162 4621 264 4676 hac
300 4622 411 4675 vita
446 4625 737 4692 gesserint,
787 4625 943 4679 novis
975 4625 1162 4693 gratiae
1192 4625 1539 4679 incrementis
1567 4642 1752 4681 cumu-

160 4710 265 4765 lari
315 4714 561 4779 censuit;
602 4713 738 4768 adeo
796 4722 853 4767 ut
892 4714 1153 4783 quidquid
1182 4714 1338 4769 nobis
1361 4716 1549 4785 gratia:
1581 4717 1745 4787 largi-

160 4809 251 4857 :ttr
312 4802 475 4869 Deus,
504 4805 555 4857 id
598 4804 770 4859 libero
827 4814 1028 4858 nostra:
1058 4804 1349 4861 voluntatis
1389 4806 1617 4861 arbitrio
1651 4823 1745 4861 ac-

158 4904 385 4963 ceptum
444 4894 789 4951 referendum
842 4898 936 4961 sit,
975 4912 1070 4967 per
1128 4896 1272 4967 quod
1332 4898 1527 4953 talibus
1586 4899 1749 4956 donis

160 4985 311 5054 digni
364 4985 542 5040 effecti
591 5002 813 5051 sumus;
879 4986 1014 5041 nihil
1063 4997 1245 5042 autem
1280 4987 1380 5043 soli
1415 4998 1470 5042 et
1496 4988 1747 5045 absoluto

229 5122 281 5157 τ’
304 5122 464 5179 Joan.
504 5138 554 5193 v,
582 5122 669 5179 l7.
744 5122 792 5156 "
834 5123 935 5179 lsa.
973 5138 1109 5194 uti,
1150 5126 1239 5181 ll.

159 5271 232 5322 sit
261 5266 429 5322 etiam
456 5267 760 5337 perfectus,
789 5269 832 5322 si
860 5269 913 5322 iit
944 5269 1086 5323 bono
1110 5268 1284 5323 elatus
1313 5267 1493 5332 fuerit,
1521 5269 1745 5337 ejusque

160 5355 389 5410 Causam
412 5338 514 5410 sibi
551 5350 793 5409 arroget,
830 5354 929 5394 nec
969 5341 1205 5393 debitam
1241 5340 1466 5410 gloriam
1498 5342 1549 5394 ei
1596 5339 1743 5410 refe-

164 5423 249 5460 rat
274 5408 365 5475 qtti
403 5408 570 5460 multo
597 5408 715 5477 plus
745 5414 809 5462 ad
841 5409 967 5462 illud
1000 5408 1385 5478 acquiremlttm
1415 5418 1467 5462 et
1509 5409 1744 5463 retinen-

158 5478 293 5531 dum
324 5478 575 5531 contulit.
622 5498 640 5531 ι
681 5479 828 5533 Hanc.
865 5480 1115 5533 humana:
1162 5490 1366 5533 naturae
1398 5479 1743 5533 imbecillita-

163 5558 272 5600 tem
303 5550 382 5600 sic
406 5549 677 5604 interdum
709 5550 963 5618 prasdicat
985 5551 1273 5618 Origenes,
1311 5560 1366 5602 ut
1424 5551 1631 5605 sentire
1668 5552 1748 5604 vi-

162 5635 260 5671 εει»
288 5620 362 5671 sit
411 5617 599 5673 lluetio
629 5617 916 5690 praeceptis
969 5617 1168 5673 divinis
1212 5635 1415 5674 morctn
1472 5622 1585 5690 geri
1638 5636 1745 5675 non

164 5704 349 5758 posse.
404 5689 533 5755 Qua:
584 5687 818 5760 quidem
857 5692 1134 5743 aecttsatio
1186 5705 1348 5758 quant
1388 5687 1621 5743 absurda
1674 5693 1747 5745 sit

164 5760 487 5829 existimare
515 5760 636 5813 licet
663 5761 742 5815 vel
770 5776 833 5814 ex
873 5762 973 5814 hoc
1015 5760 1266 5828 Origenis
1294 5760 1554 5829 praeclare
1603 5763 1749 5815 dicto

166 5845 277 5896 quo
314 5828 538 5886 lluetius
563 5830 632 5886 ad
652 5846 773 5887 eam
807 5832 1125 5886 lirmandam
1154 5828 1338 5886 utitur.
1371 5850 1388 5883 t
1417 5830 1525 5887 Nos
1562 5847 1746 5899 vero,»

1858 4621 2176 4690 aliquando,
2201 4619 2433 4689 gratiam
2461 4618 2637 4673 solum
2671 4617 2966 4673 voluntatis
3005 4624 3204 4671 nostra:
3228 4616 3438 4685 pedise-

1858 4728 2041 4784 quam,
2073 4711 2141 4766 ad
2167 4711 2390 4782 ejusque
2424 4722 2629 4765 mutum
2659 4710 3039 4779 compositam,
3066 4718 3117 4761 et
3142 4722 3240 4777 pro
3270 4708 3438 4763 meri-

1858 4808 1927 4861 tis
1952 4822 1979 4859 a
2012 4806 2124 4861 Deo
2179 4806 2233 4859 in
2284 4805 2536 4860 homines
2586 4813 2863 4873 erogatum
2894 4821 2909 4870 ;
2940 4818 3044 4857 non
3082 4802 3434 4865 excitantetn,

1857 4915 1963 4953 nott
1998 4899 2167 4968 gratis
2196 4897 2382 4952 datam
2413 4896 2673 4951 admittit.
2708 4896 2858 4951 Velut
2900 4898 2952 4949 in
2983 4910 3100 4965 cap.
3125 4895 3179 4958 9,
3206 4908 3353 4947 nutu.
3374 4892 3430 4953 2,

1855 4989 1950 5043 ιιι).
1990 5006 2027 5043 ιι
2070 4986 2211 5057 Περὶ
2273 4986 2496 5056 ἀρκῶν,
2527 4988 2602 5043 ait
2662 5004 2683 5038 ι
2730 4987 3064 5041 voluntarios
3115 4996 3171 5039 et
3233 4983 3435 5038 liberos

1850 5265 2136 5336 inquitlib.
2169 5280 2203 5318 ιι
2234 5264 2291 5336 in
2339 5263 2513 5332 Epist.
2541 5266 2615 5336 ad
2643 5263 2818 5328 Rom.,
2851 5278 2998 5318 num.
3026 5262 3081 5336 6,
3118 5281 3138 5314 ι
3175 5261 3278 5336 qui
3319 5261 3435 5336 haec

1850 5332 2031 5395 oninia
2053 5334 2371 5404 spiritaliter
2404 5335 2746 5404 intelligenda
2770 5350 2892 5390 esse
2923 5334 3208 5398 sentimus,
3230 5332 3433 5387 idcirco

1853 5424 1956 5463 non
1985 5403 2283 5467 auditores,
2307 5404 2400 5459 sed
2436 5403 2670 5459 factores
2709 5405 2843 5472 legis
2873 5403 3250 5472 justiiicandos
3307 5419 3428 5456 cre-

1850 5481 2046 5537 dimus.
2090 5493 2193 5531 ttott
2257 5476 2388 5545 legis
2428 5476 2721 5530 secundum
2774 5476 3028 5538 litteram,
3085 5489 3205 5545 qua:
3245 5474 3431 5540 utique

1850 5565 1950 5619 pro
1974 5549 2055 5602 sui
2088 5544 2524 5619 impossibilitate
2557 5560 2662 5599 non
2692 5556 2870 5614 potest
2910 5546 3109 5619 habere
3138 5544 3425 5619 factorem,

1850 5614 1944 5673 sed
1975 5614 2266 5672 secundum
2303 5617 2575 5683 spiritum,
2620 5631 2715 5684 per
2743 5631 2904 5686 quem
2953 5615 3125 5670 solum
3186 5615 3270 5686 lex
3328 5614 3427 5665 im-

1854 5690 1987 5758 pleri
2023 5687 2240 5757 poterit.
2278 5706 2296 5739 ι
2337 5686 2465 5741 Vide
2509 5703 2672 5755 supra
2726 5684 2882 5757 hujus
2913 5696 3114 5742 nostra:
3170 5684 3429 5740 obsona-

1859 5761 2019 5815 tionis
2061 5773 2344 5813 numerum
2377 5768 2645 5830 quartum.
