3898 6524
440 367 543 422 9-H

1719 367 1775 424 Ρ.
1817 366 2130 424 DANIELIS
2163 366 2401 424 HUETII

3598 363 3696 420 ιιι

444 493 626 539 motus
651 497 681 537 a
712 497 769 538 se
796 483 1030 536 conditis
1059 485 1330 537 mentibus
1355 483 1674 538 Creatorem
1708 483 2015 544 indulsisse.
2050 491 2096 548 Α
2125 485 2176 538 in
2217 485 2684 540 consummatione
2742 491 3013 537 servatam
3050 499 3065 534 :
3121 499 3141 531 ι
3185 481 3430 545 Scilicet,
3473 498 3497 532 ι
3533 480 3701 548 inquit

444 592 556 645 quo
583 574 796 629 scilicet
825 574 1027 628 bonum
1073 575 1126 627 in
1152 574 1233 628 eis
1270 575 1548 644 proprium
1594 575 1770 637 fieret,
1799 591 1920 630 cmn
1968 577 2020 631 id

447 667 721 720 voluntate
778 665 990 732 pr0pria
1031 675 1379 732 servaretur;
1433 685 1450 716 ι
1511 675 1566 721 et
1618 667 1798 734 capite
1845 667 2022 736 priore

445 763 538 816 lib.
575 778 636 817 ιιι
681 761 965 817 Paulinum
1031 761 1158 813 illud
1213 775 1562 830 exponens:
1618 781 1637 812 ι
1683 762 1822 832 Ergo
1872 762 2023 830 cujus

447 855 894 916 vulttuiseretur,
928 863 983 908 et
1017 869 1176 922 quem
1213 853 1326 906 vult
1378 854 1591 908 indurat
1613 855 1684 918 ⁷⁸,
1726 873 1744 904 ι
1801 854 2023 908 minime

447 946 498 998 id
528 946 745 1014 quidem
795 947 902 1000 Deo
939 946 1274 1012 prepositum
1329 961 1448 1000 esse
1497 947 1679 1004 docet.
1741 945 2023 1014 ut'quem-

444 1054 606 1101 quam
641 1037 880 1102 induret,
909 1039 1004 1092 sed
1035 1053 1134 1106 per
1164 1037 1366 1090 bonum
1401 1039 1736 1105 propositum
1770 1037 2024 1091 indurare

442 1143 566 1182 eum
597 1128 702 1181 dici
746 1129 840 1196 qui
873 1128 1184 1188 induratur.
1213 1129 1336 1197 quia
1371 1143 1438 1182 ex
1475 1130 1576 1182 hoc
1608 1130 1776 1196 ipsius
1829 1145 2024 1199 propo-

446 1221 550 1274 sito
576 1221 844 1287 sequitur,
872 1232 928 1272 ut
953 1235 1048 1288 per
1075 1221 1424 1274 inliterentem
1479 1220 1579 1274 sibi
1619 1220 1879 1273 malitiam
1933 1220 2024 1274 ille

447 1311 734 1365 indurctur
769 1329 782 1364 :
821 1326 941 1379 qua:
988 1311 1066 1364 sic
1124 1326 1220 1377 pro
1268 1325 1364 1364 sua
1410 1311 1800 1364 consuetudine
1834 1310 2025 1364 dilata-

446 1405 526 1456 vit
551 1401 776 1456 Rufinus
806 1419 952 1454 num.
984 1401 1090 1455 10:
1132 1420 1150 1452 ι
1185 1400 1302 1456 Uno
1340 1403 1638 1471 eodemque
1666 1417 1830 1471 opere
1884 1403 2026 1457 Deus

449 1495 676 1549 alterius
713 1495 932 1564 quidem
966 1495 1278 1558 miseretur,
1303 1503 1361 1548 et
1405 1496 1571 1549 alium
1624 1496 1862 1557 indurat,
1917 1509 2023 1548 non

447 1600 618 1655 agens
656 1602 830 1654 neque
862 1585 1050 1640 volens
1083 1593 1143 1638 ut
1194 1584 1482 1640 induretur
1515 1585 1600 1639 ille
1660 1585 1752 1654 qui
1804 1585 2028 1639 indura-

451 1690 541 1731 tur
573 1695 584 1729 :
629 1679 720 1732 sed
743 1679 871 1732 dum
911 1679 998 1732 ille
1030 1677 1361 1746 benignitate
1399 1693 1496 1732 sua
1538 1686 1592 1732 et
1623 1677 1882 1746 patientia
1922 1676 2028 1729 uti-

451 1781 557 1835 tur,
587 1772 670 1824 his
693 1771 910 1839 quidem
949 1770 1039 1836 qui
1071 1769 1189 1836 ejus
1215 1769 1604 1838 benignitatem
1633 1776 1688 1822 et
1711 1768 2023 1838 patientiam

2127 593 2278 631 num.
2325 576 2377 640 l,
2414 589 2536 646 pag.
2567 574 2692 637 152,
2747 593 2766 625 ι
2809 584 2869 628 ιιι
2921 575 3037 643 ipse
3065 574 3166 629 sibi
3192 587 3314 628 eam
3362 573 3700 642 propriaain-

2123 668 2346 723 dustriae
2380 668 2574 722 studiis
2602 683 2668 722 ex
2703 666 2796 720 Dei
2822 664 3129 720 imitatione
3154 665 3550 729 conscisceret,
3580 679 3701 718 cum

2123 759 2480 828 possibilitate
2521 759 2622 812 sibi
2682 755 3036 826 perfectionis
3103 755 3158 810 in
3221 755 3397 810 initiis
3432 755 3563 809 data
3616 770 3704 822 per

2125 853 2375 922 imaginis
2399 851 2736 922 dignitatem.
2779 849 2832 902 in
2887 848 2994 904 fine
3048 849 3266 904 demum
3295 857 3430 919 tper
3483 861 3704 917 Operam

2125 938 2490 1007 expletionem
2526 937 2821 1007 perfectam
2851 936 2956 990 sibi
2986 937 3104 1005 ipse
3125 936 3550 992 similitudinem
3586 951 3708 989 cou-

2125 1040 2443 1086 summaret.
2484 1048 2502 1080 )
2567 1029 2729 1083 Addit
2767 1029 3003 1094 deinde,
3076 1049 3094 1080 ι
3141 1029 3560 1084 similitudinem
3620 1026 3708 1081 Dei

2126 1119 2470 1187 Sperandam,
2509 1133 2628 1185 quae
2675 1133 2778 1187 pro
2833 1118 3154 1172 meritorum
3183 1117 3529 1188 perfectione
3583 1131 3711 1185 pr:-

2126 1211 2377 1264 stabitur.
2417 1229 2434 1260 ι
2468 1208 2577 1263 Nec
2619 1210 2717 1264 ista
2746 1209 3131 1271 tolerabiliora,
3161 1225 3280 1278 qua:
3330 1210 3573 1277 legimus
3625 1209 3711 1263 ho-
3761 1263 3764 1266 .

2127 1304 2238 1355 mil.
2272 1303 2332 1356 ll
2372 1303 2430 1354 in
2467 1299 2635 1354 Num.
2678 1317 2828 1356 num.
2861 1303 2916 1365 4,
2948 1318 3070 1369 pag.
3105 1301 3210 1356 308
3245 1321 3261 1354 :
3302 1321 3320 1353 ι
3354 1301 3711 1357 Omniaenim

2127 1394 2454 1462 apndDenm
2486 1395 2698 1449 ratione
2725 1407 2778 1448 et
2797 1394 3000 1462 judicio
3025 1395 3195 1459 tiunt;
3227 1408 3325 1448 nec
3355 1395 3426 1448 ad
3454 1393 3710 1463 gratiam,

2128 1485 2222 1540 sed
2253 1501 2348 1554 pro
2384 1487 2600 1551 merito,
2629 1505 2646 1538 ι
2679 1496 2808 1549 etc.,
2837 1485 3054 1555 penitus
3089 1500 3282 1555 nempe
3323 1485 3523 1556 gratia:
3562 1485 3714 1538 bene-

2128 1576 2310 1630 licium
2366 1577 2480 1631 haec
2538 1578 2842 1646 perimunt;
2903 1577 3356 1645 quemadmodum
3425 1586 3488 1630 et
3549 1575 3639 1628 illa
3687 1594 3713 1628 e

2129 1677 2264 1722 tom.
2297 1685 2327 1721 κ
2365 1669 2420 1722 iu
2442 1668 2664 1731 Mattli.,
2699 1684 2849 1722 num.
2879 1669 2966 1730 ll,
3006 1662 3128 1737 pag.
3155 1667 3260 1722 454
3303 1687 3315 1720 :
3358 1665 3642 1721 Ἐνταῦθα
3665 1666 3715 1719 δὲ

2130 1761 2291 1832 ἡμεῖς
2323 1765 2489 1833 ἐσμεν
2519 1763 2570 1814 οἱ
2623 1764 2787 1815 αἴτιοι
2821 1760 2916 1813 τοῦ
2969 1759 3104 1814 εἶναι
3132 1759 3272 1815 καλά
3311 1761 3408 1814 καί
3454 1759 3594 1824 ἄξια
3619 1759 3716 1813 τῶν

450 1864 516 1915 ad
547 1870 916 1930 contemptum
945 1871 1106 1929 atque
1147 1860 1492 1914 insolentiam
1529 1861 1755 1922 ducunt,
1805 1860 2025 1912 indura-

2136 1852 2434 1923 λεγομένων
2467 1851 2637 1921 ἀγίων
2665 1853 2818 1923 γένη,
2860 1853 2894 1922 ἢ
2946 1851 3131 1922 σαπρά
3187 1853 3282 1904 καὶ
3321 1851 3452 1918 ἄξια
3487 1850 3593 1904 τοῦ
3624 1852 3717 1917 ἔξω

451 1963 540 2004 ιιιι·
566 1967 678 2014 cor.
715 1953 840 2006 dum
871 1953 1158 2005 criminum
1185 1965 1343 2020 ptena
1371 1951 1621 2004 differtur
1654 1970 1668 2004 :
1699 1952 1750 2004 hi
1782 1965 1913 2005 vero
1936 1952 2026 2020 qui

449 2043 842 2110 benignitatem
901 2053 955 2096 et
1011 2044 1324 2112 patientiam
1376 2043 1492 2112 ejus
1547 2045 1613 2098 ad
1686 2045 2027 2098 occasionem

450 2137 791 2206 paenitentia:
809 2154 919 2190 sua:
948 2147 996 2190 et
1031 2137 1433 2191 emendationis
1481 2137 1779 2206 accipiunt,
1818 2138 2030 2190 miseri-

450 2229 692 2283 cordiam
717 2239 1147 2298 consequuntur.
1182 2248 1200 2280 ι
1250 2228 1480 2284 Gemino
1521 2210 1713 2282 deinde
1775 2230 2029 2299 exemplo

453 2321 781 2374 luculentius
806 2322 854 2372 id
896 2323 1268 2384 demonstrat;
1312 2321 1494 2389 priore
1525 2321 1740 2389 quidem
1769 2323 1936 2390 petito
1963 2337 2027 2374 ex

454 2412 617 2466 Hebr.
657 2429 735 2474 vr,
767 2411 818 2476 7,
849 2412 903 2473 8,
939 2413 1016 2465 ait
1051 2413 1196 2467 enim
1230 2413 1468 2466 divinam
1524 2412 1756 2482 gratiam
1797 2413 2026 2468 similem

451 2519 570 2558 esse
613 2505 771 2558 imbri
816 2515 990 2558 terras
1055 2505 1324 2572 irriganti,
1375 2521 1604 2574 quarmu
1673 2506 1794 2560 alia:
1846 2507 2032 2576 spinas

452 2595 583 2648 dant
627 2606 682 2647 et
715 2596 985 2659 tribulos;
1018 2603 1255 2664 segetem
1298 2595 1403 2648 illa:
1444 2605 1499 2648 et
1559 2596 1770 2648 fructus
1820 2595 2018 2659 ferunt;

455 2701 552 2752 pro
607 2687 756 2738 varia
802 2687 1009 2740 scilicet
1061 2686 1297 2749 cultura,
1335 2690 1584 2754 quamvis
1636 2687 1876 2755 ejusdem
1922 2689 2033 2741 sint

456 2785 686 2828 naturae.
718 2774 914 2830 Terras
954 2777 1158 2846 itaque,
1198 2778 1302 2831 hoc
1326 2787 1410 2832 est
1438 2781 1676 2842 animas,
1718 2779 1787 2834 ad
1837 2780 2031 2834 volun-

457 2867 584 2920 tatis
611 2868 895 2922 arbitrium
927 2869 1101 2922 execili
1137 2880 1192 2923 et
1218 2871 1396 2937 parari
1433 2880 1618 2939 putat;
1647 2873 1871 2926 imbrem
1899 2887 2033 2927 vero

455 2961 798 3028 postmodum
838 2977 866 3014 a
920 2961 1029 3016 Deo
1079 2962 1307 3016 infundi.
1369 2961 1513 3018 ldem
1568 2965 2032 3035 probatexemplo

453 3049 605 3113 solis,
635 3052 725 3119 qui
766 3069 869 3106 una
897 3055 1196 3122 eademque
1243 3055 1361 3107 luce
1386 3062 1441 3108 et
1472 3055 1653 3112 calore
1707 3057 1890 3110 limum
1947 3057 2032 3109 in-

454 3146 634 3206 durat,
662 3154 719 3197 et
741 3161 922 3198 ceram
959 3144 1234 3215 liquefacit
1260 3165 1273 3199 :
1311 3165 1330 3197 ι
1358 3162 1462 3201 non
1485 3149 1630 3216 quod
1665 3149 1834 3203 virtus
1857 3147 2024 3214 ejus,»

452 3237 604 3288 addit
660 3237 888 3290 Rufinus
919 3238 1081 3291 'num.
1136 3240 1224 3301 Η,
1269 3257 1287 3289 ι
1325 3239 1480 3293 aliter
1521 3240 1572 3292 in
1609 3240 1759 3304 limo,
1792 3249 1847 3294 et
1872 3239 2030 3295 aliter

456 3342 716 3399 operetur
746 3333 798 3385 in
830 3347 990 3396 cera;
1018 3332 1111 3386 sed
1167 3333 1310 3401 quod
1370 3333 1482 3386 limi
1519 3333 1650 3396 alia,
1682 3333 1784 3387 alia
1817 3347 2032 3402 quoque

455 3439 596 3476 cera:
638 3424 712 3477 sit
757 3424 1016 3490 qualitas,
1046 3439 1168 3478 cum
1220 3425 1407 3493 utique
1451 3426 1748 3478 secundum
1779 3434 2030 3479 naturam

457 3532 623 3568 unum
670 3517 764 3580 sit,
803 3517 929 3584 quia
991 3527 1282 3585 utrumque
1312 3517 1382 3570 de
1432 3530 1576 3571 terra
1602 3528 1704 3572 est.
1745 3537 1766 3569 ι
1798 3518 2033 3587 Exponit

456 3607 652 3660 deinde
677 3608 950 3674 quomodo
975 3605 1188 3660 auferat
1212 3623 1242 3660 a
1269 3607 1424 3662 nobis
1454 3607 1598 3661 Dens
1624 3623 1716 3662 cor
1739 3609 2030 3677 lapidemu,

455 3708 510 3750 et
540 3699 800 3752 immittat
829 3714 1088 3752 carneum
1119 3718 1132 3753 :
1166 3713 1358 3768 nempe
1383 3699 1700 3753 subversum
1735 3701 1799 3754 iri
1847 3706 2030 3754 censet

456 3789 762 3842 libertatem
804 3791 1036 3855 arbitrii,
1069 3791 1113 3844 si
1171 3792 1425 3859 potestati
1466 3791 1666 3846 divinae
1715 3792 1896 3847 cordis
1919 3807 2034 3846 mu-

457 3882 721 3935 tationem
745 3881 1083 3936 tribuamus:
1127 3893 1236 3936 tum
1267 3884 1554 3938 sententia:
1587 3898 1699 3938 sua:
1735 3883 2034 3953 explanan-

463 3974 548 4026 da:
576 3988 763 4034 causa,
793 3972 1072 4028 indoctum
1110 3974 1347 4041 aliquem
1403 3974 1570 4028 sumit
1617 3975 1671 4027 in
1701 3974 2032 4045 exemplum,

454 4064 546 4133 qui
584 4067 665 4117 vel
716 4063 944 4118 aliorum
976 4064 1470 4128 adhortationibus,
1493 4065 1576 4118 vel
1612 4065 1830 4120 aliunde
1864 4067 2035 4134 impe-

459 4159 638 4211 ritiam
665 4175 818 4212 suam
858 4158 1186 4228 intelligens,
1217 4160 1501 4214 erudiendi
1537 4175 1699 4214 causa
1730 4161 1940 4214 accedit
1970 4162 2036 4212 ad

461 4252 780 4315 doctorem;
830 4253 1018 4306 doctor
1040 4268 1193 4317 vero,
1253 4253 1534 4307 voluntate
1579 4251 1694 4320 ejus
1728 4263 2035 4321 perspecta,

458 4341 720 4393 doctrinae
775 4355 885 4394 sua:
914 4351 1186 4408 praecepta
1215 4342 1542 4395 traditurum
1579 4357 1638 4396 se
1665 4341 1986 4411 polliceatur
2019 4361 2033 4397 :

459 4431 667 4496 Οὕτως,
705 4433 882 4500 inquit
911 4449 1062 4488 num.
1109 4432 1198 4497 l5,
1231 4449 1354 4502 pag.
1415 4433 1543 4498 ιιι,
1606 4435 1634 4485 ὁ
1689 4433 1831 4497 θεῖος
1883 4433 2039 4502 λόγος

458 4525 851 4592 ἐπαγγέλλεται
891 4525 1000 4577 τῶν
1033 4526 1368 4598 προσιόντων
1410 4526 1507 4597 τὴν
1553 4527 1751 4580 κακίαν
1782 4526 2039 4598 ἐξαιρεῖν,

457 4617 526 4686 ἣν
552 4616 800 4686 ὠνόμασε
829 4616 1050 4688 καρδίαν
1079 4617 1310 4689 λιθίνην,
1339 4619 1459 4688 οὐχὶ
1492 4619 1715 4672 ἐκείνων
1746 4621 1820 4691 μὴ
1858 4620 2039 4690 βουλο-

461 4707 658 4779 μένων,
695 4708 807 4761 ἀλλ’
843 4709 1066 4772 ἑαυτοὺς
1094 4709 1173 4780 τῷ
1204 4709 1374 4780 ἰατρῷ
1405 4709 1514 4764 τῶν
1541 4711 1858 4780 καμνόντων
1891 4729 2035 4783 τιαρ-

456 4798 790 4870 εσχηκότων.
820 4800 982 4865 Quasi
1019 4816 1123 4854 non
1171 4817 1201 4855 a
1232 4801 1343 4856 Deo
1372 4803 1675 4858 habeamus
1699 4804 1802 4858 hoc
1833 4805 2032 4874 ipsum,

461 4900 520 4942 ut
550 4892 829 4954 accedere,
863 4900 938 4958 ut.
970 4892 1154 4945 sanari
1199 4892 1448 4948 velinms.
1510 4893 1715 4947 Similia
1748 4903 1877 4948 sunt
1915 4911 2035 4964 qua:

458 4995 760 5052 sequuntur
793 5005 805 5039 :
858 4985 968 5039 Καὶ
994 4986 1128 5048 ἐστι,
1159 4987 1280 5056 φέρ’
1311 4988 1519 5047 εἰπεῖν,
1537 4987 1602 5040 τὸ
1624 4989 1752 5050 τοὺς
1801 4987 2038 5057 τυφλοὺς

457 5074 778 5144 ἀναϐλέψαι,
819 5075 999 5147 ἔργον,
1027 5077 1167 5130 κατὰ
1198 5077 1296 5147 μὲν
1336 5078 1397 5130 τὸ
1433 5077 1745 5148 ἠξιωκέναι,
1786 5078 1893 5132 τῶν
1940 5096 2027 5131 πι-

459 5168 754 5222 στευόντων
782 5168 1040 5223 δύνασθαι
1067 5169 1494 5242 θεραπεύεσθαιο
1527 5170 1669 5224 κατά
1689 5170 1746 5224 δὲ
1780 5171 1878 5242 τὴν
1904 5173 2040 5224 ἀπο-

459 5264 791 5318 κατάστασιν
827 5265 926 5335 τῆς
973 5266 1248 5337 ὁράσεως,
1283 5265 1378 5320 τοῦ
1422 5265 1674 5337 Σωτῆρος
1724 5265 1900 5337 ἡμῶν.
1935 5265 2040 5320 lte-

459 5355 605 5422 liqua
641 5356 754 5423 pari
785 5355 915 5422 vitio
940 5357 1210 5412 laborant.
1241 5357 1420 5412 Nihilo
1460 5357 1680 5412 saniora
1734 5368 1861 5411 sunt
1902 5374 2038 5427 quae

463 5448 711 5516 leguntur
739 5449 857 5502 libri
885 5449 1123 5515 ejusdem
1153 5452 1330 5520 capite
1353 5450 1406 5515 6,
1452 5451 1504 5504 in
1541 5452 1735 5520 quibus
1765 5452 2035 5506 hominem

462 5537 656 5593 divina:
711 5540 957 5608 imaginis
1015 5541 1355 5611 dignitatem,
1403 5556 1528 5596 cum
1583 5552 1963 5610 procrearetnr
2011 5557 2040 5593 a

467 5628 595 5694 Deo,
625 5633 898 5700 accepisse
921 5633 1024 5700 ait;
1057 5634 1426 5689 similitudinis
1475 5650 1604 5691 vero
1639 5633 2029 5705 perfectionem

537 5806 583 5839 "
614 5808 766 5868 Rom.
801 5829 875 5880 ix,
915 5814 998 5872 l8.
1075 5815 1120 5848 "
1153 5817 1304 5873 Rom.
1338 5832 1434 5884 xu,
1463 5817 1515 5872 6.

2129 1942 2427 2012 βληθῆναι·
2465 1943 2525 1994 οὐ
2585 1942 2694 2014 γάρ
2730 1942 2892 2012 φύσις
2939 1945 3151 2013 ὲνὴμῖν
3188 1942 3336 1995 αἰτία
3384 1943 3493 2012 τῆς
3556 1960 3716 2011 7mm-

2132 2034 2270 2103 ρίας,
2301 2033 2437 2088 ἀλλά
2465 2035 2804 2105 προαίρεσις,
2837 2033 3082 2098 ἑκούσιος
3109 2030 3242 2088 οὖσα
3291 2037 3716 2107 κακοποιητικὴ.

2128 2125 2314 2188 Οὕτως
2356 2125 2412 2178 δὲ
2443 2126 2564 2178 οὐδὲ
2606 2125 2768 2194 φύσις
2813 2127 2961 2179 αἰτία
3005 2126 3383 2197 δικαιοσύνης,
3418 2126 3499 2190 ὡς
3533 2128 3717 2180 ἀνεπί-

2127 2219 2310 2282 δεκτος
2343 2219 2577 2283 ἀδικίας,
2606 2219 2739 2272 ἁλλά
2768 2218 2922 2289 λόγος
2950 2220 3009 2272 ὃν
3063 2219 3506 2292 παρεδεξάμεθα,
3550 2223 3583 2274 ό
3631 2238 3719 2273 κα-

2127 2313 2474 2378 τασκευάζων
2501 2313 2741 2376 δικαίους
2765 2329 2778 2342 ’
2815 2323 2870 2366 et
2901 2313 2998 2365 ista
3028 2322 3082 2366 et
3107 2323 3251 2367 tonio
3279 2328 3377 2372 xtl,
3419 2328 3582 2366 num.
3618 2313 3707 2373 40,

2129 2422 2252 2474 pag.
2285 2404 2410 2464 561,
2460 2405 2552 2474 Μὴ
2585 2403 2833 2466 συνόντος
2891 2401 2970 2473 τῷ
3027 2403 3345 2474 ἀρνουμένῳ
3400 2403 3721 2472 Πνεύματος

2129 2496 2326 2568 ἐχθροῦ
2375 2495 2454 2566 τῷ
2485 2495 2746 2566 διδομένῳ
2796 2494 3074 2564 Πνεύματι
3109 2496 3204 2548 καὶ
3246 2496 3413 2565 σοφία
3438 2499 3561 2556 τοῖς
3596 2495 3718 2564 πρὸς

2127 2590 2188 2642 τὸ
2215 2589 2497 2660 ὁμολογεῖν
2529 2589 2669 2642 κατά
2693 2605 2816 2642 τινα
2845 2587 3000 2652 ἀξίαν
3031 2587 3209 2640 αὐτῶν
3257 2588 3364 2640 ὑπὸ
3393 2588 3542 2641 Θεοῦ
3608 2588 3722 2658 βοη-

2131 2683 2445 2754 θουμένοις·
2484 2693 2538 2736 et
2589 2683 2701 2735 haec
2738 2695 2956 2749 quoque
3001 2695 3031 2733 e
3094 2691 3224 2734 toni.
3267 2697 3392 2745 th,
3451 2697 3613 2733 nutu.
3669 2679 3717 2741 5,

2132 2794 2252 2847 pag.
2284 2777 2411 2838 717,
2442 2776 2499 2827 Ὀ
2526 2774 2582 2826 δὲ
2604 2773 2794 2844 Σωτὴρ
2829 2773 3118 2843 διελέγχων
3144 2773 3239 2825 καὶ
3252 2773 3352 2844 τὴν
3378 2772 3721 2842 τηλικαύτην

2136 2869 2512 2941 μεγαλόφωνον
2541 2868 2752 2939 μητέρα
2783 2867 2875 2920 τοῦ
2925 2865 3181 2919 Ἰακώϐου
3221 2865 3314 2918 καὶ
3357 2863 3720 2925 Ἱωάννου,ιὶι;

2133 2961 2428 3032 ἀγνοοῦσαν
2462 2960 2605 3020 τίνες
2629 2961 2676 3012 οἱ
2708 2961 3087 3032 ὑπερέχοντες,
3115 2960 3208 3012 καὶ
3238 2960 3322 3012 ὅτι
3349 2961 3384 3029 ἡ
3419 2958 3722 3028 τηλικαύτη

2132 3056 2308 3127 δωρεά
2332 3056 2492 3127 χάρις
2509 3055 2626 3109 ἐστὶ
2646 3054 2742 3107 τοῦ
2774 3054 2867 3105 ἐπὶ
2899 3054 3033 3106 πᾶσι
3068 3050 3205 3105 Θεοῦ
3223 3050 3607 3120 συμπνέοντος
3637 3051 3722 3102 καὶ

2138 3147 2522 3218 συνεργοῦντος
2550 3188 2564 3212 ,
2599 3148 2692 3200 καὶ
2728 3145 2998 3217 ἱδρύοντος
3021 3147 3079 3196 ἐν
3125 3147 3191 3215 τῇ
3225 3143 3455 3216 τοιαύτῃ
3476 3143 3718 3214 ὑπεροχῇ

2133 3239 2226 3303 οὓς
2257 3234 2397 3292 οἶδεν
2455 3239 2814 3310 ἐπιτηδείους,
2850 3250 2982 3299 etc.,
3017 3254 3221 3291 necnon
3246 3247 3300 3290 et
3352 3236 3443 3288 illa
3495 3251 3530 3290 e
3585 3248 3723 3289 temo

2135 3347 2228 3386 xm
2264 3333 2316 3384 in
2341 3330 2530 3395 Joan.,
2561 3349 2711 3384 num.
2748 3332 2798 3392 ‘l,
2837 3332 2990 3400 Τάχα
3015 3331 3123 3400 γὰρ
3151 3329 3329 3398 δόγμα
3356 3329 3412 3380 τί
3440 3331 3586 3391 ἐστι,
3626 3346 3723 3398 μη-

2134 3424 2259 3477 δένα
2291 3424 2587 3494 λαμϐάνειν
2611 3423 2851 3495 δωρεὰν,
2909 3421 3018 3474 τῶν
3056 3422 3128 3492 μὴ
3181 3419 3482 3473 αίτούντων
3537 3421 3722 3490 αὐτήν.

2138 3516 2418 3570 llatiit'este
2475 3532 2689 3584 quoque
2752 3517 2894 3570 hunc
2937 3514 3183 3583 Apostoli
3230 3515 3412 3568 locum
3471 3513 3530 3566 iu
3579 3527 3725 3566 suam

2139 3609 2358 3663 trahens
2421 3609 2747 3664 sententiam
2815 3607 3076 3677 pervertit
3126 3606 3223 3659 lib.
3259 3621 3313 3658 Ix
3345 3607 3401 3657 in
3440 3604 3622 3672 Epist.
3664 3605 3726 3656 ad

2140 3697 2316 3764 Rom,
2356 3716 2508 3755 num.
2544 3700 2598 3764 5,
2636 3715 2758 3769 pag.
2787 3698 2891 3754 648
2926 3714 2940 3750 :
2972 3717 2991 3749 ι
3030 3697 3306 3751 Habentes
3338 3705 3528 3750 autem
3570 3698 3730 3748 dona-

2143 3793 2316 3846 tiones
2343 3795 2643 3846 secundum
2677 3791 2906 3862 gratiam
2938 3806 3059 3859 quae
3088 3789 3212 3843 data
3240 3798 3326 3842 est
3381 3787 3547 3842 nobis
3579 3787 3728 3842 dilfe.

2141 3894 2340 3948 rentes,
2359 3885 2472 3940 sive
2493 3885 2831 3956 prophetiam
2857 3883 3152 3938 secundum
3183 3881 3452 3936 rationem
3484 3881 3724 3945 fidei";

2139 3985 2271 4038 etc.;
2306 3976 2430 4030 hinc
2460 3977 2658 4045 quippe
2691 3975 2899 4045 colligit
2931 3976 3122 4029 donari
3155 3975 3386 4045 gratiam
3415 3989 3446 4027 a
3489 3973 3606 4028 Deo
3651 3988 3729 4028 se-

2141 4068 2372 4120 cundum
2414 4068 2682 4122 rationem
2716 4068 2838 4122 fidei
2880 4083 2894 4120 :
2934 4076 3046 4121 tum
3090 4082 3157 4120 ex
3191 4068 3383 4121 eodem
3423 4067 3552 4121 loco
3580 4077 3639 4119 et
3666 4081 3726 4120 ex

2142 4159 2251 4213 alio
2280 4160 2536 4228 Epistula:
2577 4159 2779 4230 prioris
2823 4159 2890 4212 ad
2929 4158 3243 4214 Corinthios
3272 4159 3353 4212 sic
3402 4158 3726 4212 concludit:

2147 4270 2166 4303 ι
2211 4251 2366 4308 Unde
2396 4252 2526 4306 mihi
2588 4252 2807 4306 videtur
2862 4261 2968 4305 tam
3025 4251 3092 4304 ad
3157 4248 3436 4305 Romanos
3470 4264 3638 4320 quam
3665 4252 3728 4301 ad

2143 4343 2460 4398 Corinthios
2501 4344 2744 4398 scribens
2767 4384 2781 4406 ,
2835 4353 2945 4397 tres
2979 4343 3256 4412 capienda:
3309 4343 3512 4408 gratiae
3548 4342 3730 4396 modos

2144 4437 2360 4499 docere,
2395 4445 2452 4489 ut
2479 4451 2544 4489 ex
2571 4436 2728 4490 nobis
2756 4436 2898 4490 ineo
2923 4436 3007 4504 agi
3047 4435 3250 4501 aliquid
3289 4437 3575 4498 ostendat.
3620 4435 3730 4504 plu-

2077 4531 2118 4584 D
2151 4531 2342 4582 rimum
2396 4538 2573 4581 tamen
2625 4529 2678 4581 in
2713 4528 2801 4581 Dei
2849 4528 3134 4598 largitione
3188 4528 3519 4582 consistere.
3581 4528 3729 4581 Ponit

2147 4639 2278 4691 ergo
2303 4631 2358 4676 et
2380 4637 2690 4676 mensuram
2723 4620 2844 4675 ﬁdei
2876 4635 3021 4684 esse,
3053 4634 3151 4689 per
3199 4635 3364 4689 quam
3423 4622 3549 4690 quis
3608 4637 3730 4690 gra-

2147 4715 2278 4767 tiam
2319 4714 2460 4782 capit
2491 4729 2506 4764 :
2541 4713 2770 4781 penitet
2801 4713 2868 4766 ad
2899 4713 2950 4765 id
2981 4713 3123 4782 quod
3163 4713 3415 4781 expedit;
3454 4725 3511 4767 et
3558 4711 3728 4782 Spiri-

2149 4817 2258 4859 tum
2287 4806 2530 4860 dividere
2560 4815 2720 4874 prout
2747 4805 2884 4860 vult.
2919 4804 2988 4860 Ut
3033 4821 3166 4874 ergo
3199 4815 3349 4858 tanta
3383 4807 3437 4858 in
3469 4806 3629 4862 nobis
3680 4805 3730 4858 fi-

2147 4899 2242 4952 des
2272 4899 2598 4960 inveniatur,
2630 4909 2832 4968 quanta
2870 4900 3043 4968 possit
3091 4898 3468 4953 sublimiorem
3498 4901 3726 4968 gratiam

2151 4989 2253 5058 (sic
2274 4990 2416 5043 enim
2455 4989 2762 5060 legendum)
2810 4993 3129 5059 promereri,
3166 4991 3339 5046 n03tri
3370 4993 3553 5062 operis
3588 4991 3730 5045 vide-

2148 5090 2236 5134 tur
2265 5090 2320 5134 et
2347 5082 2510 5135 studii
2551 5099 2564 5133 :
2611 5091 2669 5134 ut
2701 5092 2882 5136 autem
2911 5083 2978 5136 ad
3025 5083 3076 5136 id
3118 5082 3280 5137 detur
3311 5085 3461 5151 quod
3494 5083 3728 5153 expedit,

2146 5183 2200 5227 et
2227 5173 2356 5227 utile
2378 5173 2450 5227 sit
2492 5173 2801 5242 accipienti,
2837 5172 2926 5227 Dei
2952 5173 3216 5242 judicium
3248 5185 3375 5241 est;
3403 5175 3486 5229 vel
3513 5175 3732 5228 omnino

2147 5265 2192 5318 si
2226 5264 2342 5318 dari
2369 5263 2517 5329 velit,
2562 5265 2614 5318 in
2667 5265 2782 5333 ipso
2814 5273 2917 5318 est.
2958 5281 2979 5315 ι
3035 5263 3156 5318 Pari
3186 5264 3401 5318 insania
3436 5267 3735 5330 corrumpit

2147 5356 2344 5410 ibidem
2371 5357 2472 5411 hoc
2508 5356 2734 5410 alterum
2755 5370 2786 5410 e
2813 5356 2827 5408 Ι
2853 5356 2920 5409 ad
2951 5355 3077 5410 Cor.
3102 5370 3199 5416 xu.
3229 5355 3298 5410 18
3333 5373 3349 5410 :
3405 5374 3425 5407 ι
3460 5355 3613 5410 Nunc
3643 5370 3735 5407 au-

2151 5459 2257 5502 tem
2295 5448 2474 5517 posuit
2497 5447 2637 5502 Deus
2663 5447 2941 5512 membra,
2983 5447 3411 5517 unumquodque
3437 5463 3626 5502 eorum
3685 5446 3731 5496 in

2147 5553 2397 5608 corpore,
2434 5540 2576 5594 sicut
2632 5540 2820 5595 voluit.
2863 5537 3039 5594 Voluit
3095 5549 3302 5601 autem,
3353 5538 3546 5607 inquit,
3591 5537 3732 5590 Deus

2150 5631 2446 5689 secundum
2473 5631 2739 5688 rationem
2777 5630 2863 5687 vel
2894 5646 3206 5687 mensuram
3255 5630 3380 5686 fidei
3413 5647 3527 5700 qua:
3550 5640 3640 5686 est
3678 5628 3729 5683 in
