3916 6518
176 375 257 432 949

912 371 1486 429 ORIGENIANOBUM
1525 374 1655 430 LIB.
1697 375 1769 447 11,
1809 375 1966 434 CAP.
2008 377 2076 442 ll,
2115 376 2395 444 QUEST.
2433 376 2545 436 VII.

3293 381 3397 436 950

176 494 316 556 nobis,
344 491 422 545 vel
466 491 634 546 voluit
659 491 724 546 ad
776 491 826 546 id
876 493 1018 562 quod
1056 493 1295 562 expedit.
1334 493 1446 549 Nisi
1475 493 1613 551 forte
1635 495 1710 550 ita
1743 501 1788 558 Α
1817 504 1904 550 εει
1933 506 2273 553 commentus
2323 507 2430 564 est,
2469 508 2530 552 ut
2563 499 2968 568 aggressionem
3011 496 3134 550 boni
3157 497 3336 566 aperis
3369 514 3400 551 a

175 585 336 654 aiiquis
362 593 413 638 et
441 585 542 638 hoc
573 584 704 639 velit
737 585 1041 654 intelligere
1073 603 1086 639 :
1115 585 1255 640 Deus
1294 586 1476 654 posuit
1511 588 1562 640 in
1592 604 1710 644 ror-

175 691 276 746 pore
295 675 712 745 unumquodque
743 676 1047 728 membrum
1072 686 1233 744 prout
1260 677 1455 742 voluit,
1498 689 1586 744 ut,
1619 693 1711 732 vo-

174 771 269 834 luit,
301 768 361 822 ad
393 766 694 821 membrum
731 767 900 838 magis
929 766 1218 831 referatur,
1273 769 1379 824 hoc
1409 779 1515 834 est,
1551 782 1713 840 prout

174 863 332 923 voluit,
355 869 512 930 prout
539 859 728 931 elegit,
753 869 912 930 prout
952 876 1175 929 operam
1199 861 1366 926 dedit,
1417 876 1485 915 ue
1517 863 1712 916 videa—

175 968 242 1008 tur
261 957 317 1008 de
361 953 584 1007 homine
633 953 846 1007 arbitrii
881 963 1124 1022 potestas
1166 955 1389 1009 auferri.
1423 975 1442 1006 ι
1469 957 1712 1025 Denique

174 1047 211 1098 iu
241 1045 429 1097 catenis
479 1045 532 1095 in
595 1042 842 1098 Psalmos
895 1045 1017 1098 talia
1073 1045 1308 1100 refertur
1339 1045 1600 1101 eﬁ'utiisse
1644 1050 1710 1102 ad

172 1136 472 1205 psalm.cxx,
508 1136 562 1202 3,
593 1151 716 1206 pag.
743 1135 890 1190 820:
946 1136 1037 1209 Μὴ
1081 1136 1223 1208 δῴης
1271 1140 1351 1202 εἰς
1409 1139 1566 1192 σάλον
1620 1141 1711 1194 τὸν

169 1229 274 1281 πόδα
317 1244 440 1281 σου·
475 1228 552 1299 μὴ
607 1231 972 1300 περιτραπῇς,
1038 1231 1202 1300 φησὶ,
1240 1231 1373 1303 μηδὲ
1426 1233 1710 1288 σκανδαλι-

170 1320 294 1390 σθῇς·
326 1320 415 1373 καὶ
446 1320 570 1372 τότε
597 1318 742 1384 ἕξεις
773 1319 902 1372 Θεὸν
925 1323 1080 1391 χεῖρα
1106 1321 1362 1393 ὀρέγοντα
1380 1338 1391 1350 ⁸
1423 1322 1562 1376 ὥστε
1581 1325 1710 1396 παρ’

168 1409 292 1480 ἡμῶν
334 1409 410 1461 δεῖ
466 1405 608 1464 εἶναι
645 1409 743 1473 τὰς
786 1409 980 1480 ἀρχὰς,
1007 1411 1100 1463 καὶ
1145 1413 1172 1464 ὁ
1213 1411 1346 1476 Θεὸς
1381 1411 1474 1465 τοῦ
1529 1409 1710 1484 ὀρέξαι

169 1505 318 1573 χεῖρας
347 1501 592 1573 ἕτοιμος.

221 1591 278 1648 Ut
319 1595 484 1662 magis
536 1597 707 1649 etiam
758 1603 976 1664 pateant
1023 1597 1283 1651 doctrinae.
1330 1598 1489 1667 hujus
1530 1597 1710 1669 adyta,

168 1685 523 1740 observandum
581 1696 670 1740 est
724 1688 990 1758 duplicem
1045 1691 1098 1744 in
1155 1691 1312 1745 nobis
1365 1694 1432 1744 ab
1481 1692 1713 1761 Origene

169 1777 382 1832 constitui
413 1777 600 1843 ﬁdem,
621 1779 784 1832 aliam
820 1780 1135 1844 humanam,
1157 1797 1319 1851 quam
1353 1781 1556 1838 viribbs
1586 1800 1712 1855 pro-

167 1869 272 1937 priis
325 1869 466 1922 nullo
515 1871 774 1939 praesidio
808 1871 1034 1925 ﬁrmatis
1066 1874 1276 1927 habere
1302 1875 1597 1943 possimus,
1629 1875 1712 1928 di-

166 1961 310 2014 vinam
343 1959 530 2027 aliam,
564 1977 690 2031 quae
723 1963 878 2018 nobis
913 1961 1003 2017 Dei
1037 1964 1208 2034 gratia
1247 1963 1709 2020 iufundatur.Nec

165 2055 388 2124 duplicem
432 2055 617 2108 solum
665 2055 847 2119 ﬁdem,
885 2055 978 2110 sed
1014 2056 1245 2110 virtutes
1284 2057 1446 2110 etiam
1472 2056 1708 2125 reliquas

165 2146 204 2200 in
244 2148 386 2201 nobis
417 2148 667 2216 duplices
712 2163 834 2202 esse
877 2157 1059 2218 putat.
1105 2163 1329 2218 quarum
1383 2148 1502 2202 alia:
1541 2149 1648 2203 sint
1678 2164 1708 2203 a

165 2241 306 2304 nobis,
335 2239 449 2293 aliae
481 2255 510 2294 a
551 2241 665 2295 Deo
700 2257 714 2294 :
749 2240 865 2296 illas
911 2253 1091 2295 autem
1143 2243 1208 2294 ad
1255 2241 1479 2296 salutem
1519 2256 1709 2297 conse-

163 2331 386 2398 quendam
440 2330 579 2384 nihil
615 2331 895 2400 prodesse,
929 2331 1032 2385 nisi
1081 2331 1270 2384 harum
1315 2334 1591 2386 consortio
1617 2349 1706 2387 ro-

161 2422 398 2477 borentur.
437 2423 765 2480 Panduntnr
813 2425 926 2480 haec
974 2425 1191 2481 oracula
1245 2436 1400 2480 tract.
1436 2441 1605 2481 χχχιιι
1652 2429 1708 2481 in

163 2511 340 2577 Ιαιινι..
367 2531 516 2569 num.
560 2534 580 2566 ι
635 2513 749 2570 69:
801 2533 820 2567 ι
854 2515 922 2570 Ut
951 2526 1102 2585 puta,
1142 2517 1335 2586 inquit,
1399 2517 1554 2572 fidem
1610 2519 1708 2573 ha-

159 2609 274 2662 benti
294 2623 408 2679 qua:
434 2619 518 2664 est
545 2625 613 2664 ex
648 2609 825 2676 nobis,
849 2611 1064 2665 dabitur
1092 2614 1262 2681 gratia
1309 2612 1453 2676 ﬁdei,
1481 2629 1599 2682 qua:
1627 2623 1710 2668 est

158 2715 232 2768 per
269 2703 510 2770 spiritum
574 2702 720 2766 ﬁdei,
752 2713 806 2757 et
847 2703 1142 2757 abundabit
1175 2721 1189 2770 ;
1220 2714 1274 2758 et
1299 2705 1561 2774 quidquid
1607 2706 1706 2761 ha-

158 2793 300 2848 tuerit
324 2795 444 2862 quis
478 2811 551 2850 ex
608 2793 843 2849 naturali
901 2795 1200 2860 creatione,
1247 2810 1368 2849 cum
1404 2798 1710 2852 exercuerit

157 2899 270 2949 eum,
296 2889 489 2956 accipit
520 2888 578 2941 id
622 2892 794 2954 ipsum
827 2903 879 2940 et
913 2903 977 2942 ex
1008 2890 1179 2959 gratia
1220 2888 1339 2950 Dei,
1373 2899 1425 2942 ut
1473 2890 1710 2944 abundet

157 2988 197 3028 et
223 2978 414 3033 ﬁrmior
439 2981 513 3033 sit
551 2981 605 3033 in
632 2995 700 3034 eo
725 2978 842 3048 ipso
861 2979 1003 3048 quod
1033 2980 1214 3046 habet,
1245 2983 1434 3052 {quod
1464 2982 1529 3036 de
1559 2982 1708 3036 omni

156 3067 305 3122 ilidrm
333 3071 540 3126 virtute
579 3071 990 3140 intelligendum
1045 3087 1166 3128 esse
1223 3074 1430 3130 scribit.
1485 3076 1705 3130 Demum

157 3161 391 3216 concludit
425 3177 440 3214 :
477 3182 497 3215 ‹
566 3163 864 3234 Propterea
897 3165 942 3219 si
977 3164 1226 3220 volumus
1255 3176 1312 3220 ut
1349 3167 1508 3222 detur
1553 3167 1710 3222 nobis

155 3251 296 3305 virtus
329 3254 659 3321 perfectior,
691 3264 747 3308 et
797 3254 1034 3310 abundet
1067 3257 1119 3310 in
1165 3257 1318 3312 uobis
1361 3258 1503 3328 quod
1531 3259 1708 3328 perfe-

155 3349 268 3393 ctum
291 3353 367 3397 est
402 3344 555 3397 inter
579 3344 849 3408 homines,
882 3360 978 3413 per
1009 3345 1342 3415 diligentiam
1373 3348 1518 3402 omni
1551 3349 1710 3403 modo

153 3434 480 3501 acquiramus,
508 3448 568 3489 et
588 3444 875 3506 postquam
906 3437 1346 3505 acquisierimus,
1372 3440 1525 3507 quasi
1553 3438 1710 3494 intel-

154 3521 344 3592 ligentes
378 3529 647 3597 quoniam
703 3529 758 3583 in
795 3529 1022 3585 nihilum
1081 3531 1195 3585 haec
1234 3513 1552 3599 reputantur
1593 3531 1712 3584 sine

152 3617 292 3679 gratia
319 3620 434 3684 Dei,
467 3619 827 3676 humiliemus
856 3623 1224 3692 nosmetipsos
1252 3623 1354 3676 sub
1385 3636 1546 3677 manu
1571 3622 1710 3676 vali-

153 3703 202 3758 da
229 3705 308 3762 Dei
339 3709 403 3770 ⁷⁸,
429 3721 485 3764 ει
523 3726 749 3767 oremus
778 3714 893 3769 sine
922 3715 998 3769 ira
1038 3715 1428 3784 disceptatione
1472 3713 1710 3770 levantes

149 3813 281 3864 puras
316 3818 510 3859 manus
544 3805 617 3869 ⁷⁷,
648 3814 707 3859 ιιι
753 3807 995 3862 omnium
1048 3811 1308 3862 bonorum
1342 3823 1462 3878 qua:
1503 3817 1628 3861 sunt
1658 3808 1708 3863 in

151 3891 275 3947 nobis
299 3896 566 3965 perfectio
600 3898 764 3952 detur
792 3913 856 3952 ex
881 3899 1010 3965 Deo,
1040 3909 1092 3955 et
1119 3899 1282 3956 faciat
1311 3917 1408 3955 nos
1439 3902 1708 3969 perfectos

147 3997 188 4037 et
211 3991 568 4055 acceptabiles
605 3989 744 4056 Deo,
775 3993 930 4061 quasi
964 3993 1106 4048 ﬁlios
1132 3993 1247 4048 Dei.
1281 4013 1299 4046 ι
1339 3993 1596 4048 Eatudem
1628 4009 1710 4048 re-

148 4079 298 4148 coquit
329 4082 598 4136 cramben
632 4081 728 4136 lib.
761 4097 815 4137 tv
852 4083 909 4136 in
949 4082 1124 4152 Epist.
1166 4085 1234 4137 ad
1266 4083 1438 4149 Rom.,
1466 4101 1610 4139 num.
1651 4084 1707 4148 5,

146 4177 277 4235 tique
324 4173 397 4228 ita
448 4173 631 4243 accipi
666 4173 784 4229 vult
825 4189 1014 4231 vocem
1063 4176 1204 4231 hanc
1236 4176 1601 4246 apostolorum
1641 4177 1708 4231 ad

147 4257 384 4319 Christum
429 4284 445 4321 :
487 4285 507 4318 σ
558 4269 714 4338 Auge
756 4268 911 4323 nobis
944 4270 1102 4324 ﬁdem
1143 4269 1190 4301 ⁷⁸
1226 4285 1240 4322 :
1278 4268 1452 4336 Quia,
1513 4268 1706 4338 inquit.

144 4356 276 4409 etiam
307 4359 438 4414 ﬁdes
463 4360 613 4430 ipsa,
647 4375 754 4429 qua
785 4361 1010 4416 credere
1031 4362 1286 4416 videmur
1317 4357 1449 4428 Deo,
1484 4363 1626 4416 dono
1655 4363 1705 4416 in

147 4447 272 4501 nobis
318 4452 511 4520 gratia:
555 4451 933 4507 conﬁrmatur.
977 4471 996 4504 ι
1054 4454 1233 4521 Atque
1292 4454 1433 4508 idem
1478 4455 1709 4510 subinde

1745 1843 1787 1898 B

1734 3217 1778 3274 C

1813 588 2094 644 voluntate
2132 601 2320 644 nostra
2379 593 2769 660 suspenderet;
2819 604 3130 645 successum
3171 603 3301 644 vero
3348 598 3405 643 et

1812 679 2204 749 perfectionem
2241 696 2270 734 a
2317 681 2443 736 Deo.

1884 768 2004 824 Jam
2066 786 2196 824 vero
2259 773 2554 840 genuinum
2614 771 2871 844 Origenis
2915 788 3131 828 sensum
3181 773 3402 826 odorari

1815 875 2126 934 promptum
2164 874 2247 919 est
2299 866 2351 918 in
2399 865 2614 930 multis,
2649 867 2848 936 quibus
2877 867 3171 936 legitimam
3214 865 3400 935 gratiae

1816 962 1921 1010 vim
1955 959 2128 1011 visum
2156 969 2238 1012 est
2265 961 2585 1028 praedicasse
2616 978 2629 1012 :
2655 971 2715 1014 ut
2759 975 2881 1014 cum
2921 959 3014 1015 lib.
3040 975 3100 1013 ιιι
3133 943 3275 1025 Περὶ
3305 958 3402 1024 ἀρ-

1813 1048 1961 1120 χῶν,
1979 1066 2099 1120 cap.
2121 1052 2171 1115 l,
2205 1066 2356 1108 num.
2385 1052 2472 1116 18,
2499 1052 2704 1121 Optime
2733 1051 2837 1106 dici
2869 1051 3082 1113 asserit.
3115 1051 3398 1106 aediﬁcium

1815 1158 1920 1195 non
1948 1141 2291 1207 aediﬁcantis,
2325 1144 2419 1197 sed
2454 1143 2548 1198 Dei
2572 1157 2707 1212 opus
2755 1157 2917 1208 esse;
2956 1153 3012 1197 et
3058 1142 3210 1196 urbis
3259 1151 3402 1196 tute-

1814 1234 1944 1302 lam,
1973 1249 2078 1288 non
2117 1235 2436 1290 custodibus
2462 1246 2516 1291 et
2540 1235 2738 1305 vigiliis
2765 1235 3021 1294 militum,
3053 1235 3144 1288 sed
3178 1235 3286 1288 Deo
3315 1248 3402 1288 re-

1815 1336 1901 1380 cte
1929 1327 2127 1382 ascribi
2163 1345 2176 1382 :
2221 1329 2304 1383 sic
2337 1327 2481 1381 enim
2516 1343 2628 1380 rem
2673 1326 3078 1397 intelligendam
3099 1341 3222 1380 esse
3257 1326 3412 1387 vult,‘

1813 1419 1996 1490 operis
2017 1429 2388 1490 susceptorem
2421 1419 2587 1474 fuisse
2607 1419 2902 1483 hominem,
2932 1419 3099 1473 Deum
3128 1416 3400 1487 perfecto-

1815 1527 1928 1565 rem
1963 1529 1976 1577 ;
2010 1527 2106 1567 nec
2132 1509 2377 1585 sufﬁcere
2401 1511 2734 1568 voluntatem
2783 1513 3070 1566 humanam
3108 1511 3175 1563 ad
3208 1523 3400 1564 consc-

1815 1602 2084 1670 quendum
2125 1603 2308 1668 ﬁnem,
2359 1603 2460 1658 nisi
2511 1603 2651 1658 Deus
2687 1601 2753 1655 ad
2789 1601 2844 1656 id
2887 1601 3222 1671 opituletur;
3255 1600 3397 1668 qunti

1763 1700 1774 1709 °
1815 1709 1880 1750 eo
1907 1696 2128 1765 probari
2160 1704 2314 1766 putat
2346 1713 2359 1748 :
2396 1715 2414 1747 ι
2448 1694 2566 1749 Non
2601 1695 2854 1760 volentis,
2894 1709 3067 1762 neque
3103 1693 3394 1752 currentis.

1816 1788 1909 1843 sed
1944 1787 2251 1842 miserentis
2291 1795 2373 1842 est
2401 1785 2493 1840 Dei
2525 1786 2592 1838 ⁸ο.
2637 1807 2654 1838 ι
2687 1785 2740 1839 ln
2771 1801 2932 1854 quem
2985 1785 3162 1839 locum
3201 1784 3401 1853 repetit

1813 1881 2001 1934 eadem
2036 1889 2088 1933 et
2114 1881 2353 1935 extendit
2394 1878 2486 1935 lib.
2525 1895 2596 1934 νιι
2645 1881 2700 1932 in
2741 1865 2912 1945 Epist.
2940 1880 3008 1932 ad
3039 1877 3214 1943 Rom,
3244 1893 3393 1932 num.

1777 1971 1780 1974 ’
1812 1972 1901 2039 16,
1933 1988 1985 2042 p.
2027 1972 2151 2038 6H,
2169 1989 2230 2029 ex
2267 1987 2441 2042 eoque
2480 1972 2840 2027 demonstrari
2879 1972 2974 2035 ait,
3005 1990 3023 2022 ι
3062 1971 3205 2039 quod
3234 1970 3397 2024 homo

1809 2067 2024 2136 quidem
2066 2065 2304 2120 laborem
2349 2065 2622 2133 impendat
2671 2073 2725 2120 et
2771 2063 3222 2124 sollicitudinem;
3255 2061 3396 2115 Deus

1811 2167 1988 2209 autem
2015 2171 2322 2210 successum
2354 2154 2503 2223 operi
2538 2153 2742 2209 tribuat
2770 2166 2824 2206 et
2853 2151 3103 2207 eﬁ‘ectum
3130 2169 3145 2216 ;
3190 2171 3208 2202 ι
3244 2151 3395 2203 ideo-

1811 2257 1915 2313 que
1939 2245 2122 2313 operis
2147 2259 2413 2298 smumam
2455 2243 2562 2297 Deo
2601 2243 2781 2311 potius
2807 2257 2968 2312 quam
3018 2241 3224 2294 homini
3269 2255 3394 2295 esse

1811 2337 2192 2406 deputandum.
2255 2336 2552 2389 Conﬁrmat
2614 2334 2746 2389 illud
2791 2333 2940 2388 Pauli
2985 2334 3185 2396 verbis,
3228 2333 3248 2387 ι
3292 2333 3395 2387 Co-

1811 2427 1980 2481 riutb.
2012 2443 2099 2490 Ill,
2153 2427 2226 2481 6:
2273 2445 2292 2477 ι
2329 2425 2439 2496 Ego
2497 2424 2752 2494 plantavi,
2809 2425 2994 2494 Apollo
3042 2424 3210 2494 rigavi
3255 2466 3270 2489 ,
3301 2424 3394 2478 sed

1812 2519 1953 2572 Deus
1979 2519 2372 2573 incrementum
2416 2517 2600 2582 dedit;
2642 2536 2659 2568 ι
2703 2527 2813 2570 ιυιιι
2845 2517 2964 2572 ait:
3007 2535 3025 2567 ι
3059 2516 3282 2570 Certum
3307 2526 3392 2571 est

1812 2610 1976 2664 Deum
2011 2624 2114 2664 non
2146 2609 2317 2664 solum
2351 2609 2491 2664 scire
2521 2608 2944 2678 uniuscujusque
2971 2610 3304 2678 propositqu
3329 2625 3393 2662 ae

1811 2701 2166 2767 voluntatem,
2190 2701 2284 2756 sed
2313 2711 2366 2755 et
2415 2702 2690 2771 praescire.
2737 2701 2930 2755 Sciens
2961 2711 3138 2754 autem
3172 2711 3226 2754 et
3251 2718 3393 2768 prae--

1811 2806 2058 2856 noscens,
2083 2802 2336 2862 tanquam
2365 2799 2533 2848 bonus
2557 2793 2896 2862 dispensator
2918 2803 2971 2849 et
2990 2793 3187 2863 justus,
3207 2793 3392 2848 unius‘

1810 2885 2070 2953 cujusque
2098 2885 2329 2938 motibus
2353 2895 2407 2938 et
2431 2885 2702 2955 proposito
2721 2887 2890 2940 utitur
2912 2886 2978 2940 ad
3001 2901 3066 2940 ea
3093 2900 3255 2954 opera
3273 2884 3388 2940 elli-

1811 2974 2024 3040 cienda,
2055 2989 2174 3044 quae
2210 2974 2634 3044 uniuscujusque
2669 2976 2884 3030 animus
2916 2991 2980 3031 ac
3013 2976 3260 3032 voluntas
3293 2976 3390 3029 eli-

1809 3069 1918 3138 git;
1961 3087 1979 3119 ι
2009 3077 2063 3120 ει
2088 3078 2385 3137 postremo,
2418 3084 2542 3138 pag.
2571 3068 2675 3122 til5
2708 3087 2723 3121 :
2777 3086 2797 3120 ι
2828 3067 2894 3124 Ut
2926 3069 3052 3123 boni
3085 3069 3262 3132 enim,
3310 3069 3394 3122 iu-

1811 3161 1948 3230 qnit,
1982 3179 2001 3212 ι
2051 3169 2141 3215 aut
2171 3160 2297 3215 mali
2329 3163 2500 3217 simus
2526 3173 2725 3218 nostra:
2748 3163 3042 3217 voluntatis
3067 3171 3187 3224 est;
3223 3160 3396 3215 malus

1812 3260 1989 3306 autem
2014 3256 2080 3305 ad
2114 3251 2412 3319 cuiusmodi
2443 3255 2768 3318 verbera,et
2798 3255 2969 3310 bonus
2995 3255 3062 3306 ad
3091 3251 3395 3318 cujusmodi

1811 3343 2036 3412 gloriam
2069 3343 2388 3407 destinetur,
2418 3343 2719 3399 voluntatis
2766 3355 2849 3398 est
2881 3344 2994 3398 Dei.
3044 3363 3062 3396 ι
3098 3343 3214 3398 Νοιι
3249 3343 3395 3397 aliud

1811 3444 2008 3489 souaut
2044 3435 2204 3489 verba
2262 3437 2375 3490 haec
2403 3451 2434 3490 e
2462 3436 2556 3490 lib.
2603 3452 2660 3492 ιιι
2721 3436 2861 3504 Περὶ
2917 3435 3144 3506 ἀρχῶν,
3185 3450 3304 3504 cap.
3333 3434 3393 3496 (Ξ,

1811 3542 1962 3580 nmn.
1991 3525 2026 3579 2
2068 3544 2084 3580 ι
2129 3545 2146 3576 ι
2190 3526 2424 3582 Evidens
2478 3527 2646 3598 igitur
2697 3529 2839 3583 ratio
2870 3537 2976 3592 est,
3010 3529 3132 3597 quia
3167 3527 3308 3583 sicut
3343 3529 3394 3582 in

1811 3617 1969 3671 bonis
2015 3619 2178 3673 rebus
2227 3619 2522 3674 humanum
2577 3621 2916 3690 propositum
2962 3620 3134 3676 solum
3180 3635 3275 3690 per
3307 3636 3393 3674 se-

1814 3707 1990 3778 ipsum
2027 3710 2400 3780 imperfectum
2447 3719 2533 3766 est
2575 3713 2641 3766 ad
2669 3713 3192 3768 consummationem
3218 3711 3340 3766 boni
3375 3729 3393 3774 ;

1812 3797 2080 3867 adjutorio
2112 3815 2345 3870 namque
2372 3801 2555 3856 divino
2587 3804 2653 3856 ad
2679 3802 2917 3873 perfecta
2941 3819 3168 3872 quaeque
3200 3802 3398 3871 perdu-

1810 3891 1978 3957 citur,
2017 3910 2036 3944 ι
2076 3901 2183 3947 etc.
2219 3893 2271 3946 ln
2299 3893 2383 3948 his
2415 3893 2678 3964 Origenes
2720 3895 2999 3963 splendide
3030 3895 3396 3965 ήμιπελαγια-

1811 3985 1969 4050 νίζει,
1999 3986 2386 4055 inceptionem,
2419 3987 2520 4042 hoc
2548 3998 2652 4051 est,
2687 3989 2834 4054 velle,
2864 3989 3066 4042 homini
3111 3989 3391 4053 tribuens;

1814 4079 1924 4133 Deo
1958 4092 2088 4132 vero
2113 4078 2394 4141 duntaxat,
2417 4079 2683 4146 perﬁcere.
2704 4079 2930 4134 Ruﬁnus
2961 4094 3089 4133 vero
3120 4081 3273 4148 quasi
3302 4094 3394 4146 pa-

1811 4185 1930 4225 rum
1951 4171 2035 4224 his
2062 4171 2266 4225 erroris
2297 4172 2516 4234 inesset,
2551 4173 2706 4226 novis
2729 4187 2790 4225 ea
2827 4173 3141 4226 deliriorum
3171 4187 3394 4226 suorum

1812 4262 2213 4317 accessionibus
2234 4262 2544 4318 iufuscavit.
2575 4262 2682 4318 Sed
2704 4262 2955 4334 Origenis
2979 4264 3220 4318 insanias
3239 4277 3392 4317 reve-

1763 4382 1768 4386 -
1811 4354 1924 4408 lare
1952 4355 2396 4424 pergamus.lsin
2428 4356 2530 4409 ﬁne
2556 4356 2754 4424 prioris
2783 4356 2975 4425 capitis
3012 4354 3132 4409 libri
3170 4371 3230 4410 ιιι
3253 4355 3397 4423 Περὶ

1812 4444 2035 4514 ἀρχῶν,
2071 4459 2222 4501 num.
2247 4444 2339 4508 22,
2387 4457 2674 4516 postquam
2716 4445 2938 4515 pulchre
2987 4444 3134 4500 visus
3167 4455 3249 4501 est
3302 4447 3393 4500 Dei

143 4537 334 4604 replicat
361 4543 457 4599 lib.
492 4558 574 4608 Ix,
625 4558 778 4596 num.
807 4542 864 4603 5.
915 4558 1035 4614 pag.
1076 4542 1202 4610 649,
1245 4543 1410 4612 idque
1460 4559 1708 4613 conlpro-
1737 4567 1786 4625 D
1812 4536 2097 4592 scientiam
2133 4553 2255 4592 cum
2303 4537 2552 4594 libertate
2582 4539 2923 4604 conciliasse,
2947 4538 3131 4592 omnia
3166 4539 3394 4594 conclu-

144 4625 248 4682 bare
274 4635 476 4704 satagit
531 4635 834 4706 apostolico
868 4636 1009 4690 isto:
1062 4635 1231 4690 Alteri
1273 4637 1403 4705 ﬁdes
1432 4639 1486 4692 in
1527 4638 1707 4691 eadem

142 4723 298 4786 spiritu
319 4727 364 4757 ⁷⁸
401 4745 416 4780 :
447 4747 467 4778 ‹
500 4725 659 4794 Quod
691 4725 844 4792 ﬁdes,
894 4727 1090 4798 inquit,
1139 4745 1260 4799 quae
1301 4738 1482 4799 speret
1515 4739 1570 4784 et
1591 4744 1708 4784 cre-

143 4810 231 4876 dat,
255 4828 306 4869 et
339 4821 554 4889 absque
614 4820 719 4874 ulla
781 4819 1119 4874 dubitatione
1172 4821 1426 4886 conﬁdat,
1462 4822 1516 4876 in
1555 4821 1708 4876 nobis

139 4916 238 4974 est;
271 4913 406 4968 ratio
440 4928 579 4968 vero
611 4913 737 4968 ﬁdei
768 4913 957 4984 ipsius,
989 4924 1045 4969 et
1071 4914 1320 4981 scientia,
1347 4924 1402 4970 et
1433 4913 1703 4983 perfectus

141 5012 297 5058 eorum
319 5020 441 5075 quae
473 5005 758 5060 credimus
780 5005 1086 5062 intellectus
1111 5007 1345 5061 donatur
1365 5021 1393 5059 a
1421 5005 1548 5060 Deo.
1577 5024 1594 5058 ι
1624 5007 1701 5060 Ae

142 5093 327 5147 tandem
365 5111 381 5148 :
417 5115 438 5146 ι
482 5095 643 5149 Sicut
672 5104 758 5149 est
796 5095 930 5150 ﬁdes
973 5111 1134 5165 quam
1170 5097 1449 5150 docuimus
1493 5111 1613 5150 esse
1648 5097 1699 5149 in

142 5183 290 5248 nobis,
310 5194 363 5239 et
385 5201 584 5242 rursus
612 5195 698 5240 est
723 5185 855 5240 ﬁdes
876 5201 997 5256 quae
1017 5201 1114 5256 per
1139 5186 1363 5258 gratiam
1391 5187 1567 5250 datur,
1596 5189 1708 5241 sic-~

141 5280 187 5326 ut
217 5291 369 5346 supra
400 5279 649 5334 diximus
672 5278 933 5348 scriptum
957 5294 1079 5335 esse
1110 5297 1126 5335 :
1152 5280 1258 5333 Alii
1287 5278 1417 5347 ﬁdes
1437 5281 1492 5332 in
1521 5278 1699 5332 eodem

139 5367 344 5434 spiritu;
393 5372 470 5424 ita
526 5371 698 5425 etiam
757 5370 810 5424 in
852 5385 1176 5441 unoquoque
1215 5371 1405 5426 horum
1439 5385 1702 5439 quassu-

140 5468 217 5521 Pra
243 5462 691 5517 enumeravituus
737 5478 766 5514 a
804 5463 913 5517 Deo
948 5478 1044 5532 per
1087 5463 1318 5533 gratiam
1372 5461 1510 5526 dari,
1538 5471 1700 5516 estet

139 5545 184 5598 in
214 5551 362 5606 nobis
402 5553 638 5624 aliquid,
666 5555 734 5608 ad
771 5554 924 5624 cujus
970 5555 1340 5624 unusquisque
1389 5566 1698 5608 mensuram

140 5635 207 5689 re!
235 5641 503 5696 rationem
553 5643 786 5715 gratiam
817 5653 1176 5713 promeretur.
1218 5663 1237 5696 ι
1281 5643 1405 5699 Haec
1439 5643 1701 5700 eo-scili-

195 5815 274 5871 "l
313 5817 460 5875 Petr.
491 5836 542 5887 ν,
583 5822 638 5875 6.
717 5823 759 5855 ⁷⁷
799 5821 814 5876 1
846 5823 983 5880 Tim.
1017 5841 1074 5891 ιι,
1107 5825 1160 5882 8.

1237 5826 1281 5858 ⁷⁵
1315 5825 1441 5882 Luc.
1499 5842 1628 5892 xvu,
1660 5827 1712 5886 5.

1812 4631 1966 4685 sione
1989 4631 2224 4701 pessima
2247 4631 2526 4701 depravat,
2555 4648 2676 4688 cum
2709 4634 2784 4686 ait
2810 4631 3014 4686 nullutn
3044 4634 3110 4687 ad
3134 4633 3394 4688 honorem

1813 4721 1897 4778 vel
1930 4722 2281 4793 ignominiam
2312 4738 2340 4776 a
2371 4723 2479 4779 Deo
2510 4725 2711 4792 parari,
2738 4726 2832 4779 ἐὰν
2871 4727 2945 4797 μὴ
2974 4725 3106 4797 ὓλην
3137 4726 3260 4780 τινὰ
3281 4726 3396 4780 δια-

1813 4817 1987 4887 φορᾶς
2033 4819 2133 4888 σχῇ
2181 4817 2280 4888 τὴν
2319 4817 2592 4888 ἡμετέραν
2617 4818 2956 4890 προαίρεσιν,
2980 4818 3266 4872 κλίνουσαν
3303 4819 3395 4871 ἐπὶ

1807 4908 1876 4962 τὰ
1903 4910 2141 4981 χείρονα,
2175 4909 2209 4979 ἢ
2243 4911 2334 4962 ἐπὶ
2371 4909 2439 4962 τὰ
2474 4910 2787 4981 κρείττονα,
2818 4913 2960 4979 quod
3002 4913 3158 4963 iterat
3206 4910 3295 4963 lib.
3330 4927 3392 4972 ιι⁹

1802 5015 1922 5068 cap.
1947 4999 2000 5062 9,
2034 5015 2182 5052 num.
2205 4999 2262 5063 2,
2291 4999 2324 5052 6
2352 5008 2407 5052 ει
2438 4999 2734 5067 seq.Libro
2769 5014 2984 5068 quoque
3027 4999 3210 5068 operis
3250 4996 3394 5064 ejus-

1803 5089 1924 5145 dem
1964 5090 2164 5159 priore,
2198 5105 2318 5157 cap.
2349 5090 2404 5155 5,
2435 5106 2580 5145 num.
2606 5090 2660 5155 5,
2685 5092 2813 5145 dicit
2843 5110 2866 5142 ‹
2899 5091 2950 5144 in
2992 5089 3095 5144 illis
3117 5089 3247 5144 solis
3273 5102 3395 5142 esse

1803 5195 1936 5250 opus
1973 5179 2210 5248 Spiritus
2267 5179 2464 5245 sancti,
2491 5180 2583 5248 qui
2634 5182 2747 5248 jam
2795 5196 2854 5235 se
2892 5180 2960 5233 ad
2993 5178 3217 5234 meliora
3261 5192 3391 5232 con-

1804 5281 2041 5335 vertunt,
2075 5282 2128 5326 et
2167 5286 2263 5341 per
2309 5272 2424 5326 vias
2473 5272 2673 5327 Christi
2710 5271 2836 5327 Jesu
2875 5272 3168 5337 incedunt,
3207 5271 3261 5325 id
3309 5281 3394 5326 est

1808 5364 1898 5434 qui
1927 5373 2052 5418 sunt
2085 5365 2139 5418 in
2195 5364 2350 5419 bonis
2381 5364 2617 5427 actibus.
2645 5373 2699 5418 et
2723 5365 2776 5418 in
2827 5365 2936 5419 Deo
2975 5370 3328 5431 permanent,
3365 5381 3387 5415 ι

1808 5455 1963 5524 quasi
2019 5454 2216 5524 aliquis
2270 5455 2338 5508 ad
2385 5455 2614 5510 meliora
2651 5455 2892 5509 converti
2953 5464 3138 5522 queat,
3184 5453 3392 5524 absque

1807 5562 1973 5618 opere
1997 5557 2051 5602 et
2079 5550 2254 5618 gratia
2304 5546 2543 5618 Spiritus
2586 5548 2782 5602 sancti.
2817 5544 2930 5600 Nec
2970 5546 3390 5616 patrocinantur

1807 5643 1854 5696 ei
1891 5641 2190 5712 sequentia,
2227 5657 2349 5696 cum
2373 5642 2448 5695 ait
2477 5655 2625 5694 num.
2655 5639 2686 5692 Ἰ
2721 5659 2735 5695 :
2774 5658 2791 5691 ι
2833 5639 3102 5710 Spiritum
3139 5647 3390 5696 sanctum

1789 5828 1832 5862 "
1863 5827 1879 5882 Ι
1928 5827 2067 5898 Cor.
2095 5843 2190 5892 xu,
2227 5826 2276 5887 9..
2357 5827 2400 5859 ⁸⁸
2433 5824 2593 5883 Rom.
2625 5842 2695 5892 is,
2726 5827 2812 5882 16.
