3916 6528
487 425 585 478 0ἳὶ

1759 422 1820 479 Ρ.
1863 418 2175 478 DANIILLIS
2215 423 2448 479 IIllI‘I'i‘II

3659 418 3758 474 92"}.

486 545 764 601 exstinctis
796 545 1170 612 peccatoribus
1225 557 1278 599 et
1311 543 1564 616 indignis,
1604 545 1779 616 ipsum
1815 546 1918 600 sint
1965 563 2064 600 no-
2095 553 2138 608 Α
2168 523 2526 602 ostendimus.
2571 541 2662 598 IIIo
2695 550 2823 599 v'ero
2851 554 3148 614 'pt'ascmue
3185 541 3335 596 Pauli
3385 540 3604 594 videtur
3633 542 3758 593 abu-

488 654 611 692 vun‘.
671 636 922 706 populum
983 651 1192 702 creare,
1226 645 1281 690 et
1329 651 1593 692 renovare
1634 636 1828 692 faciem
1880 648 2063 704 terrm,

485 736 610 784 cum
641 743 738 798 per
765 728 996 796 gratiam
1049 727 1286 796 Spiritus
1331 728 1666 797 deponentes
1693 737 1932 783 veterem
1969 730 2066 784 ho-

484 822 684 874 minem
720 833 842 872 cum
878 819 1091 872 actibus
1131 819 1266 881 suis,
1297 819 1348 872 in
1376 818 1618 874 novitate
1649 819 1773 873 vitze
1799 820 2069 888 cmperint

482 911 806 975 ambulare;
847 930 867 964 ι
901 927 1009 980 quo
1031 925 1191 965 sensu
1232 911 1432 981 quippe
1468 911 1581 965 haec
1611 912 2067 979 pronuntiaverit,

483 1003 598 1069 ipse
646 1002 808 1070 paulo
839 1011 960 1070 post
1012 999 1306 1071 patefecit,
1344 1001 1544 1055 docens
1584 1001 1756 1056 Deum
1795 1021 1814 1054 ι
1856 1002 2066 1073 Spiritu

479 1094 592 1148 uris
639 1094 721 1148 sui
753 1107 874 1162 qua:
910 1094 1070 1158 digna
1103 1104 1230 1148 sunt
1284 1094 1724 1150 sanctiﬁcatione
1760 1094 2067 1149 sanctiﬁca-

479 1201 579 1251 re;
614 1205 635 1238 ι
671 1187 866 1242 deinde
903 1187 1174 1241 subnectit
1210 1204 1224 1241 :
1254 1205 1271 1237 ι
1315 1186 1410 1242 Est
1439 1195 1494 1243 et
1528 1187 1633 1241 alia
1658 1202 1873 1257 quoque
1900 1188 2064 1242 etiam

479 1279 717 1346 Spiritus
759 1279 934 1335 sancti
977 1280 1152 1348 gratia
1185 1293 1305 1348 qua:
1339 1279 1518 1350 dignis
1549 1290 1861 1350 prtestatur,
1906 1282 2066 1336 mitti-

479 1379 652 1424 strata
671 1371 884 1440 quidem
927 1385 1024 1438 per
1051 1368 1355 1434 Christum,
1388 1369 1668 1440 inoperata
1695 1380 1875 1427 autem
1909 1387 1939 1425 a
1961 1372 2067 1428 Pa-

479 1473 586 1528 tre,
619 1462 916 1517 secundum
979 1463 1235 1516 meritum
1289 1477 1507 1527 eorum,
1545 1463 1634 1532 qui
1669 1478 1899 1534 capaces
1948 1463 2066 1532 ejus

477 1554 808 1610 efﬁciuntur.
845 1573 866 1607 ι
895 1553 1003 1609 Nec
1038 1568 1364 1623 quemquam
1394 1556 1581 1610 lallant
1609 1555 1700 1611 illa
1729 1571 1795 1611 ex
1828 1557 2061 1615 homil.I

476 1650 534 1701 in
561 1645 774 1712 Ceues.,
810 1662 939 1700 num
968 1646 1018 1710 ἵ,
1062 1646 1151 1700 ubi
1185 1644 1388 1700 Christi
1415 1648 1648 1715 gratiam
1681 1646 1950 1702 solaribus
1978 1663 2067 1703 ra-

476 1740 583 1795 diis
614 1750 919 1809 comparat,
947 1754 1118 1808 eaque
1151 1749 1361 1794 mentes
1390 1748 1604 1794 nostras
1631 1739 1887 1796 illustrari
1917 1755 2068 1796 asse-

477 1831 698 1896 rit,nisi
745 1834 962 1887 caecitas
1013 1833 1229 1886 illarum
1274 1831 1568 1901 impediat;
1611 1833 2065 1901 quemadmodum

2168 653 2280 702 sus,
2311 637 2511 706 quiest
2546 635 2582 688 II
2614 637 2752 690 Tim.
2778 635 2952 698 xx,2l
2981 652 2996 689 :
3023 653 3040 686 ι
3068 634 3121 688 In
3149 649 3342 704 magna
3375 643 3566 687 autem
3603 631 3760 686 domo

2169 745 2273 784 non
2335 728 2509 784 Solum
2555 739 2682 782 sunt
2727 743 2859 782 vasa
2896 742 3062 781 aurea
3091 737 3144 780 et
3168 736 3447 791 argentea,
3492 725 3593 778 sed
3618 731 3675 778 et
3697 721 3757 776 Ii-

2165 837 2302 892 guea
2326 831 2380 876 et
2408 820 2615 884 ﬁctilia,
2637 831 2692 876 et
2711 817 2957 888 quadam
2985 817 3201 888 quidem
3221 817 3270 872 in
3302 817 3595 881 honorem,
3619 830 3761 883 qua:-

2169 911 2296 964 dam
2333 918 2514 963 autem
2548 911 2604 963 in
2640 907 3055 963 contumeliam.
3089 901 3144 961 Si
3171 907 3294 976 quis
3330 920 3465 976 ergo
3495 905 3756 959 emenda-

2165 1003 2305 1056 verit
2334 1014 2394 1054 se
2421 998 2488 1053 ab
2517 998 2657 1061 istis,
2687 997 2792 1053 erit
2817 1011 2915 1051 vas
2953 996 3005 1050 in
3039 994 3298 1050 honorem
3327 991 3758 1062 sanctiﬁcatum,

2165 1106 2223 1148 et
2250 1091 2379 1146 utile
2408 1091 2632 1146 Domin
2657 1093 2721 1144 ad
2745 1105 2908 1144 omne
2933 1104 3069 1158 opus
3121 1090 3318 1144 bonum
3347 1099 3626 1157 paratum.
3669 1105 3689 1140 ι
3709 1086 3759 1142 Id

2168 1185 2240 1239 ita
2296 1182 2496 1252 accipit
2527 1199 2675 1236 num.
2709 1180 2819 1247 30;
2853 1181 3007 1251 quasi
3040 1181 3168 1237 solis
3210 1179 3512 1236 voluntatis
3569 1192 3762 1235 nostra!

2169 1278 2398 1339 viribus,
2422 1275 2569 1328 onmi
2615 1274 2890 1328 destitutis
2919 1272 3141 1335 auxilio,
3176 1285 3536 1343 peccatorum
3577 1275 3762 1336 sordes

2168 1368 2490 1438 paenitentia
2521 1366 2702 1421 eluere
2737 1366 3026 1435 possimus.
3051 1367 3201 1434 Quod
3225 1364 3586 1432 Pelagianum
3615 1379 3762 1434 prur-

2166 1471 2258 1511 sus
2287 1466 2391 1511 est.

2243 1568 2386 1624 XVI.
2426 1569 2704 1626 Adversus
2737 1583 2799 1624 ea
2831 1567 3230 1623 excandescunt
3268 1565 3764 1638 IIagdeburgensrs

2167 1667 2310 1712 cent.
2367 1673 2448 1724 ιιι,
2484 1673 2604 1728 cap.
2637 1658 2706 1713 10
2735 1675 2751 1723 ;
2785 1657 3131 1712 excandescit
3166 1667 3221 1712 et
3265 1657 3512 1726 [prensis
3545 1659 3764 1728 praesul,

2167 1747 2221 1802 in
2260 1761 2434 1819 eaque
2470 1749 2657 1806 itidem
2697 1759 2758 1804 ut
2793 1749 2847 1804 in
2879 1750 3188 1819 superiora,
3221 1749 3426 1822 stylum
3481 1766 3644 1804 sumn
3684 1752 3766 1804 di-

2167 1841 2390 1896 strinxit
2439 1851 2574 1899 tom.
2602 1842 2645 1910 I,
2677 1841 2771 1897 lib.
2824 1856 2921 1906 vt,
2957 1856 3076 1912 cap.
3119 1841 3226 1906 15,
3254 1831 3766 1910 demonstravitque

474 1926 649 1980 oculis
692 1925 894 1979 nostris
953 1925 1082 1980 solis
1123 1925 1302 1979 lumen
1348 1925 1708 1989 admittimus,
1741 1926 1847 1982 nisi
1878 1937 2064 1982 nostra
2095 1945 2139 2000 Β
2167 1933 2477 2002 opinionem
2521 1934 2684 1989 istam
2729 1933 3002 2002 Origenis,
3035 1935 3210 2003 ipsum
3254 1933 3402 1990 hunc
3431 1948 3562 1989 esse
3607 1949 3765 1988 erm.

473 2018 720 2072 caecitate
746 2017 1151 2085 prohibeamur.
1177 2014 1344 2070 Recte
1387 2015 1440 2069 id
1473 2016 1718 2086 quidem,
1752 2034 1877 2072 nam
1911 2028 1966 2074 et
1987 2017 2056 2073 ad

471 2117 826 2186 explicandas
863 2121 1052 2188 gratia:
1084 2116 1312 2173 eﬁ‘ectus
1356 2118 1602 2172 eamdem
1649 2119 1874 2182 usurpat
1909 2124 2058 2164 com-

473 2210 812 2278 parationem
853 2210 1206 2280 Augustinus.
1246 2210 1446 2264 Verum
1477 2208 1530 2262 in
1573 2204 1926 2275 sequentibus
1971 2216 2058 2257 se-

472 2300 934 2370 tnipelngianizat,
965 2313 1092 2357 cunt
1124 2302 1440 2371 signiﬁcans
1469 2313 1536 2356 eo
1579 2313 1678 2353 nos
1715 2294 1906 2364 majori
1937 2294 2059 2349 luce

471 2394 846 2447 collustratnm
882 2394 970 2460 iri,
996 2409 1104 2464 quo
1151 2394 1373 2464 prepius
1389 2393 1457 2446 ad
1491 2407 1614 2448 eum
1645 2387 2054 2453 accesserimus,

478 2505 496 2536 ι
546 2485 660 2540 Non
709 2487 958 2541 similiter
1000 2501 1203 2550 tamen,
1265 2484 1460 2553 inquit,
1509 2483 1758 2539 venimus
1815 2479 1883 2534 ad
1931 2492 2055 2531 eum

467 2593 679 2644 onmes,
705 2583 798 2634 sed
839 2579 1214 2647 unusquisque
1257 2577 1548 2632 secundum
1579 2570 1851 2644 propriam
1898 2582 2054 2624 suam

471 2671 758 2734 virtutem;
799 2689 818 2719 ι
848 2680 1040 2736 nempe
1073 2667 1334 2722 accedere
1359 2665 1426 2720 ad
1449 2662 1752 2725 Christum,
1789 2657 1874 2713 vel
1895 2657 1964 2711 ab
1985 2670 2055 2710 eo

472 2761 746 2825 recedere,
777 2761 828 2814 in
891 2770 1076 2815 nostra
1130 2759 1285 2830 ponit
1329 2764 1616 2827 potestate.
1655 2749 1860 2806 Scribit
1913 2747 2054 2802 idem

471 2853 603 2907 tum.
628 2870 680 2906 XI
715 2857 769 2907 in
795 2852 1013 2917 Matt/1.,
1057 2867 1207 2906 num.
1235 2849 1270 2904 5
1291 2859 1346 2905 et
1369 2843 1716 2914 6,discipulis
1746 2839 2052 2896 naviculam

467 2947 954 3001 conscendentibus
977 2984 992 3009 ,
1020 2957 1077 3000 et
1099 2944 1294 2998 deinde
1337 2941 1474 2997 mari
1510 2954 1573 2994 ac
1618 2944 1780 2992 vento
1810 2933 2054 3005 jactatis,

468 3039 716 3094 homines
747 3039 996 3093 adversis
1037 3034 1431 3092 tentationibus
1459 3037 1800 3102 oppugnatos
1827 3025 2052 3097 signari,

464 3131 556 3196 qui
586 3148 681 3187 eas
719 3133 937 3202 quidem
967 3131 1264 3193 sustinere,
1299 3137 1357 3184 et
1380 3129 1435 3182 in
1471 3124 1709 3180 medium
1741 3135 1893 3175 mare
1924 3134 2052 3190 pro-

467 3225 584 3292 pria
613 3226 810 3279 virtute
830 3225 1115 3294 pervenire
1149 3230 1385 3293 queant;
1413 3219 1728 3288 superiores
1755 3227 1887 3268 vero
1923 3226 2052 3267 eva-

2164 2039 2277 2080 rem
2306 2025 2726 2082 Massiliensium
2746 2065 2762 2093 ,
2790 2028 2982 2096 gratiae
3021 2026 3225 2082 Christi
3257 2026 3582 2096 capitalem.
3611 2025 3768 2094 Quod

2159 2125 2220 2170 ut
2245 2129 2432 2170 verum
2456 2131 2578 2173 esse
2603 2119 2971 2182 concedimus,
2997 2126 3054 2172 et
3075 2117 3198 2188 jure
3227 2118 3630 2187 reprehensum
3663 2119 3768 2172 hoc

2159 2209 2378 2264 nomine
2409 2209 2644 2264 fatemur
2667 2209 2981 2280 Origenem,
3009 2209 3082 2264 ita
3115 2219 3314 2279 praeter
3341 2225 3565 2280 aequum
3598 2209 3769 2264 fuisse

2157 2300 2433 2370 culpatum
2464 2302 2850 2371 pertendimus,
2876 2301 3020 2372 quod
3059 2302 3127 2357 de
3156 2303 3332 2370 gratia
3373 2303 3562 2357 divina
3590 2302 3765 2356 disse-

2161 2407 2315 2459 rens,
2345 2411 2366 2445 t
2401 2393 2450 2448 ei
2495 2394 2908 2463 provocationes
2938 2395 3204 2448 libertatis
3229 2408 3296 2447 ac
3338 2393 3636 2448 suasioues
3663 2391 3762 2446 tri-

2158 2481 2290 2536 buat
2319 2498 2335 2547 ;
2377 2501 2396 2534 ι
2431 2494 2561 2554 puta
2606 2483 2702 2539 lib.
2749 2500 2786 2538 ιι
2820 2485 2961 2553 Περὶ
2987 2482 3190 2554 ἀρχῶν·
3211 2522 3229 2550 ,
3253 2499 3376 2554 cap.
3405 2484 3464 2549 9,
3494 2499 3649 2538 nutu.
3676 2485 3708 2536 7
3740 2500 3756 2536 :

2163 2588 2182 2622 ι
2227 2570 2331 2626 Per
2363 2573 2594 2642 gratiam
2625 2588 2756 2628 vero
2779 2573 3168 2630 misericordiae
3197 2590 3311 2629 suae
3341 2575 3608 2628 omnibus
3637 2589 3760 2642 pro-

2159 2663 2306 2717 videt
2339 2661 2526 2734 (Deus)
2556 2673 2721 2734 atque
2756 2680 2947 2721 omnes
2979 2667 3402 2736 quibuscunque
3421 2667 3608 2720 curari
3641 2682 3759 2737 pos-

2157 2763 2283 2806 sunt
2323 2754 2580 2809 remediis
2611 2757 2882 2821 hortatur,
2930 2767 2986 2812 et
3027 2767 3288 2826 provocat
3325 2758 3394 2812 ad
3434 2757 3694 2822 salutem,
3733 2775 3754 2809 ι

2155 2853 2206 2897 et
2233 2841 2326 2897 lib.
2355 2859 2441 2910 ιιι,
2469 2860 2588 2913 cap.
2605 2846 2661 2910 2,
2689 2862 2839 2902 num.
2866 2847 2901 2900 4
2922 2862 2937 2901 :
2959 2867 2977 2899 ι
3003 2846 3146 2902 Nihil
3177 2849 3322 2904 aliud
3347 2848 3654 2919 putandum
3673 2857 3760 2903 est

2158 2938 2410 2994 accidere
2467 2939 2625 2996 nobis
2662 2955 2729 2996 ex
2768 2935 2920 3010 ipsis,
2953 2956 3074 3010 quae
3113 2942 3262 2996 cordi
3315 2952 3509 2998 nostro
3559 2957 3757 3014 sugge-

2157 3039 2376 3096 runtur,
2414 3031 2574 3086 bouis
2609 3030 2694 3085 vel
2727 3030 2910 3098 malis,
2944 3033 3047 3086 nisi
3093 3033 3526 3088 commotionem
3580 3033 3754 3088 solam

2153 3131 2211 3177 et
2239 3122 2672 3191 incitamentum,
2704 3139 3010 3194 provocans
3033 3139 3132 3180 nos
3163 3125 3248 3181 vel
3277 3126 3346 3180 ad
3389 3127 3534 3179 bona
3567 3126 3651 3179 vel
3686 3127 3754 3180 ad

2155 3213 2317 3268 tnala.
2357 3231 2378 3266 ι
2417 3213 2512 3270 His
2544 3215 2744 3271 addere
2784 3223 2996 3286 poterat
3047 3226 3102 3270 et
3137 3215 3289 3270 illum
3319 3231 3352 3270 e
3388 3215 3488 3270 lib.
3523 3234 3540 3272 ι
3569 3218 3754 3287 Operis

465 3321 617 3380 dere,
649 3326 704 3370 et
748 3315 1054 3385 oppositam
1101 3315 1274 3382 ripam
1319 3311 1592 3379 attingere
1643 3321 1749 3362 non
1784 3303 2045 3368 valeant,
2074 3299 2121 3363 C
2151 3305 2417 3374 ejusdem.
2449 3322 2570 3378 cap.
2606 3307 2663 3374 8,
2716 3323 2866 3363 num.
2894 3308 2930 3364 3
2960 3323 2974 3360 :
3012 3326 3032 3359 ι
3076 3307 3394 3379 Benignitas
3431 3311 3580 3364 enim
3629 3310 3751 3374 Dei,

469 3405 576 3459 nisi
626 3406 824 3461 Christi
857 3419 959 3474 ope
1010 3403 1412 3460 subleventur:
1457 3402 1510 3457 id
1555 3408 1638 3455 est
1681 3396 1807 3452 boni
1831 3395 2050 3465 quidem

467 3497 680 3551 initium
708 3513 737 3549 a
765 3497 921 3552 nobis
963 3510 1120 3562 esse,
1151 3497 1311 3550 tinem
1357 3509 1422 3548 ac
1470 3486 1992 3547 consummationem
2019 3500 2050 3538 a

467 3587 602 3644 Deo.
656 3589 900 3657 Denique
952 3589 1047 3643 lib.
1080 3604 1111 3640 v
1140 3589 1196 3640 in
1248 3585 1421 3655 Epist.
1455 3584 1524 3637 ad
1554 3581 1737 3646 Rom.,
1768 3593 1917 3632 num.
1957 3575 2048 3642 10,

468 3697 590 3752 pag.
641 3681 746 3738 569
780 3700 794 3734 :
829 3699 850 3732 ι
885 3681 1144 3748 Quamvis
1181 3679 1325 3734 enim
1375 3677 1633 3746 (libertas
1683 3670 1933 3741 arbitrii)
1978 3669 2052 3722 sit

463 3772 628 3828 etiam
665 3773 769 3827 ista
796 3773 967 3828 virtus
1010 3784 1066 3827 et
1107 3782 1327 3826 maneat
1357 3770 1411 3824 in
1443 3777 1656 3830 natura,
1682 3775 1862 3819 tamen
1896 3771 2045 3815 tanta

464 3864 749 3920 eharitatis
782 3865 862 3920 vis
886 3874 992 3930 est,
1021 3873 1081 3918 ut
1111 3858 1180 3918 ad
1211 3879 1270 3919 se
1297 3862 1480 3918 omnia
1517 3859 1715 3924 trahat,
1749 3868 2048 3923 omnesque

462 3957 564 4011 sibi
596 3957 787 4020 societ,
823 3956 1166 4026 vindicetque
1187 3955 1420 4009 virtutes
1448 3969 1463 4020 ;
1497 3951 1736 4006 maxime
1762 3961 1887 4002 cum
1911 3944 2043 3998 cha-

465 4049 641 4104 ritatis
671 4064 866 4105 causas
913 4047 1062 4118 prior
1111 4047 1273 4104 nobis
1306 4043 1518 4101 dederit
1550 4043 1715 4106 Deus,
1753 4037 1845 4106 qui
1886 4035 2048 4088 unico

461 4139 600 4195 Filio
627 4156 726 4196 suo
756 4157 862 4198 non
895 4140 1162 4212 pepercit,
1207 4139 1302 4195 sed
1337 4152 1437 4209 pro
1474 4135 1631 4192 nobis
1661 4132 1912 4189 onmibus
1941 4135 2047 4181 tra-

460 4231 598 4285 didit
626 4231 774 4285 illum
799 4233 865 4294 ⁸⁸,
901 4239 958 4288 et
1011 4245 1136 4286 cum
1171 4229 1264 4285 illo
1308 4227 1487 4286 omnia
1540 4225 1699 4281 nobis
1735 4218 1976 4276 donavit.
2019 4233 2040 4267 ι

460 4324 593 4388 Quae
625 4325 697 4378 ita
731 4327 947 4394 quidem
973 4332 1192 4390 sonant,
1225 4322 1380 4393 quasi
1417 4322 1585 4376 Deum
1625 4332 1720 4386 per
1755 4312 1880 4368 Filii
1907 4325 2047 4364 mor-

461 4427 568 4470 tem
601 4419 887 4472 charitatis
923 4417 1156 4487 gratiam
1204 4417 1362 4471 nobis
1411 4415 1669 4484 Iargitum
1713 4409 1880 4463 fuisse
1910 4402 2045 4459 velit

455 4517 584 4563 ante
612 4524 829 4564 onmem
855 4508 1149 4564 voluntatis
1171 4518 1401 4562 motum.
1424 4509 1498 4560 At
1528 4505 1631 4558 alia
1661 4505 1818 4568 longe
1845 4497 1934 4551 hic
1964 4491 2045 4547 la-

458 4611 536 4656 tet
570 4601 1137 4664 seutentia,nimirum
1171 4601 1340 4654 Deum
1373 4613 1468 4668 per
1496 4606 1722 4652 mortem
1754 4591 1873 4646 Filii
1905 4602 2040 4644 eau-

455 4706 545 4746 sas
573 4693 730 4748 nobis
785 4692 1020 4763 priorem
1070 4693 1306 4760 dedisse,
1336 4704 1509 4761 quare
1556 4688 1730 4758 ipsum
1771 4684 2040 4741 charitate

453 4791 511 4841 et
555 4801 742 4840 amore
770 4797 1263 4856 prosequeremur;
1293 4784 1440 4839 hanc
1486 4792 1667 4836 autem
1713 4779 2036 4834 charitatem

451 4888 507 4934 et
541 4894 780 4932 antorem
820 4894 850 4932 a
882 4877 1037 4933 nobis
1064 4879 1324 4948 pendere.

458 4996 464 5000 -
528 4969 642 5024 XV.
679 4970 832 5025 Unde
857 4985 1019 5039 perm
1047 4971 1100 5024 iu
1141 4969 1241 5024 has
1267 4968 1608 5038 opinationes
1649 4965 1912 5021 abductus
1941 4961 2031 5027 sit,

452 5065 765 5133 neutiquam
791 5061 910 5133 ipse
932 5062 1259 5126 dissimulat,
1284 5061 1377 5117 sed
1419 5075 1542 5131 cap.
1569 5060 1596 5114 1
1651 5057 1777 5112 libri
1805 5073 1864 5112 tu
1893 5054 2036 5124 Περὶ

450 5156 656 5227 ἀρχῶν
673 5157 858 5210 varios
888 5154 1411 5222 recitat'Seripturte
1439 5154 1612 5217 locos,
1641 5149 2035 5221 aliosquemul—

446 5263 534 5304 tos
572 5249 650 5302 ait
679 5247 896 5302 silentio
928 5259 1049 5302 sese
1089 5245 1405 5316 praetecire,
1444 5245 1587 5300 unde
1623 5259 1845 5298 causam
1878 5257 2034 5298 suam

446 5341 762 5397 conﬁrmari
786 5348 966 5412 putat.
991 5338 1326 5396 Persuadent
1366 5339 1443 5395 illi
1490 5339 1712 5409 quidem
1755 5338 2033 5393 hominem

445 5435 634 5489 vitium
695 5434 842 5489 inter
879 5441 935 5488 et
965 5435 1220 5488 virtutem
1247 5475 1262 5501 ,
1292 5442 1550 5501 tanquam
1606 5431 1660 5487 in
1707 5431 1854 5486 bivio
1892 5429 2034 5499 posi-

446 5535 582 5592 tum,
627 5527 692 5582 ad
750 5525 1070 5581 utrumlibet
1111 5526 1244 5582 ferri
1277 5539 1475 5595 posse,
1503 5525 1602 5580 sed
1645 5526 1718 5579 ita
1756 5533 1936 5579 tamen
1971 5531 2033 5577 ut

446 5628 655 5685 gratiae,
711 5631 818 5672 non
864 5617 1108 5688 juvantis
1157 5616 1372 5681 solum,
1405 5617 1504 5672 sed
1546 5615 1839 5672 excitantis
1867 5616 2032 5671 etiam

447 5708 745 5765 subsidium
789 5725 898 5765 non
932 5709 1254 5780 excludant;
1287 5709 1432 5782 quod
1465 5708 1532 5764 ab
1558 5707 1790 5780 Origene
1830 5706 2030 5765 factum

512 5889 553 5926 ’ί
582 5891 740 5950 Rom.
768 5908 886 5953 vnt.
919 5891 1005 5947 '52.

2156 3399 2455 3454 secundum
2481 3401 2624 3469 quod
2655 3413 2717 3455 se
2740 3400 2961 3470 dignum
3000 3410 3104 3463 est,
3145 3411 3416 3470 provocat
3448 3403 3656 3470 omnia,
3691 3410 3751 3457 et

2154 3491 2379 3545 attrahit
2405 3491 2473 3546 ad
2508 3491 2724 3546 beatum
2765 3493 2928 3546 ﬁnem
2965 3491 3139 3558 illum,
3183 3493 3274 3549 ubi
3306 3495 3516 3550 decidit
3556 3507 3615 3552 et
3649 3513 3751 3551 au—

2155 3583 2291 3654 fugit
2312 3585 2492 3639 omnis
2514 3584 2689 3652 dolor,
2722 3595 2777 3640 et
2801 3585 3042 3652 tristitia,
3080 3595 3136 3641 et
3179 3589 3437 3656 gemitus.
3485 3608 3504 3642 ι
3549 3588 3748 3644 Verum

2153 3688 2467 3743 ecquaenam
2517 3690 2708 3730 vocum
2767 3675 2985 3730 illarum
3049 3677 3342 3742 suasionis,
3383 3678 3746 3744 incitamenti,

2157 3769 2599 3837 provocationis,
2637 3768 2985 3834 hortationis,
3036 3768 3238 3825 invidia
3287 3779 3396 3835 est,
3432 3786 3572 3840 quas
3610 3772 3750 3827 iisve

2155 3861 2425 3918 assimiles
2475 3860 2812 3931 Augustinus
2866 3863 3147 3932 usurpavit
3186 3863 3210 3916 ?
3246 3861 3414 3918 Verbi
3467 3864 3645 3936 gratia
3689 3865 3747 3919 in

2151 3953 2291 4010 libro
2314 3954 2390 4010 De
2425 3955 2613 4025 spiritu
2641 3967 2690 4009 et
2717 3955 2909 4023 littera,
2929 3971 3050 4026 cap.
3077 3955 3148 4010 55
3175 3973 3190 4010 :
3221 3973 3242 4008 ι
3288 3954 3386 4010 liis
3407 3971 3540 4028 ergo
3572 3957 3750 4012 modis

2150 4047 2370 4116 quando
2398 4046 2542 4102 Deus
2571 4048 2685 4117 agit
2712 4063 2836 4116 cum
2868 4048 3049 4103 anima
3078 4048 3356 4113 rationali,
3379 4060 3441 4104 ut
3459 4050 3510 4104 ei
3531 4049 3746 4113 credat,

2150 4153 2328 4210 neque
2362 4141 2509 4196 enim
2536 4140 2758 4195 credere
2783 4149 2960 4210 potest
3002 4140 3247 4210 quolibet
3277 4141 3456 4198 libero
3491 4143 3746 4208 arbitrio,

2147 4231 2193 4286 si
2236 4231 2381 4288 nulla
2422 4233 2494 4287 sit
2525 4230 2730 4298 suasio,
2764 4231 2849 4287 vel
2880 4233 3092 4288 vocatio
3133 4233 3221 4288 cui
3249 4235 3476 4302 credat;
3498 4234 3749 4305 profecto

2146 4334 2203 4380 et
2231 4326 2405 4395 ipsum
2436 4323 2577 4380 velle
2615 4326 2839 4382 credere
2861 4327 3002 4383 Deus
3025 4337 3287 4398 operatur
3317 4328 3372 4381 in
3412 4327 3656 4392 homine,
3682 4333 3745 4382 et

2149 4417 2202 4471 in
2234 4419 2489 4474 erunibus
2517 4417 2889 4473 misericordia
2917 4418 3034 4488 ejus
3057 4420 3321 4489 prtevenit
3349 4435 3453 4475 nos
3473 4434 3488 4473 :
3507 4433 3744 4475 consen-

2148 4510 2252 4564 tire
2284 4519 2464 4566 autem
2498 4511 2771 4566 voeationi
2809 4509 2929 4576 Dei,
2955 4513 3038 4568 vei
3059 4513 3128 4568 ab
3162 4527 3227 4567 ea
3259 4511 3576 4577 dissentire,
3597 4511 3744 4566 sicut

2145 4603 2279 4667 dixi,
2309 4603 2542 4673 propriae
2584 4604 2885 4659 voluntatis
2920 4616 3027 4660 est.
3065 4623 3086 4658 ι
3123 4604 3228 4661 Ubi
3281 4604 3517 4659 notanda
3560 4603 3743 4657 obiter

2143 4705 2380 4763 potestas
2401 4694 2490 4749 illa
2517 4693 2810 4748 voluntatis
2847 4695 2915 4750 ad
2941 4696 3388 4752 consentiendum
3415 4693 3498 4750 vel
3525 4693 3743 4749 dissen-

2139 4787 2399 4854 tiendum,
2419 4804 2580 4858 quam
2605 4805 2766 4861 supra
2793 4790 3095 4845 tuebamur.
3131 4788 3264 4844 Item
3301 4785 3480 4860 capite
3496 4787 3678 4843 eodem
3716 4805 3737 4841 :

2145 4899 2165 4934 ι
2189 4880 2308 4938 Jam
2325 4883 2369 4939 si
2388 4882 2454 4937 ad
2474 4883 2622 4938 illam
2641 4883 3066 4954 profunditatem
3081 4882 3432 4937 scrutandam
3445 4881 3738 4951 quisquam

2139 4988 2238 5029 nos
2299 4985 2561 5042 coarctct,
2609 4992 2707 5032 cur
2747 4975 2823 5030 illi
2861 4977 2933 5030 ita
2965 4973 3281 5039 suadeatur,
3315 4982 3376 5029 ut
3402 4973 3737 5044 persuadea-

2140 5077 2259 5134 tur;
2292 5067 2367 5122 illi
2397 5079 2578 5123 autem
2601 5085 2708 5126 non
2733 5070 2807 5124 ita
2840 5069 2948 5124 duo
2973 5065 3088 5123 sola
3116 5075 3418 5121 occurrunt
3444 5065 3679 5128 interim,
3707 5081 3732 5114 ι

2139 5169 2244 5214 etc.
2269 5158 2402 5226 Quae
2429 5173 2602 5228 pauca
2643 5163 2710 5218 de
2753 5161 2941 5216 multis
2975 5161 3204 5233 seligere
3247 5159 3383 5214 satis
3419 5157 3737 5212 habuimus.

2210 5248 2368 5304 XVII.
2399 5249 2615 5306 Modum
2641 5252 2858 5307 tandem
2893 5267 3156 5322 ponemus
3177 5249 3307 5306 huic
3332 5246 3736 5312 dissertationi,

2138 5342 2192 5398 in
2215 5343 2467 5415 Origeuis
2498 5343 2739 5400 favorem
2770 5345 2905 5402 illud
2933 5348 3195 5401 iterantes
3222 5344 3367 5416 quod
3397 5357 3554 5411 supra
3579 5340 3732 5394 atti—

2137 5435 2337 5504 gimus,
2367 5449 2706 5506 quacunque
2742 5436 2812 5490 ad
2847 5436 3233 5490 declarandam
3269 5434 3390 5505 ejus
3416 5433 3737 5504 opinionem

2142 5528 2468 5582 adduximus
2506 5542 2537 5580 e
2579 5527 2732 5582 libris
2772 5543 2804 5581 a
2851 5528 3047 5583 Ruﬁno
3089 5527 3494 5593 interpretatis,
3526 5538 3736 5592 parum

2139 5617 2239 5686 ipsi
2275 5617 2648 5688 pra-judicare.
2679 5619 3016 5689 Interpolare
3057 5620 3204 5674 enim
3234 5619 3419 5673 omnia
3466 5613 3739 5681 Ruﬁnus,

2140 5724 2480 5782 quaecunque
2545 5710 2786 5781 suscepit
2841 5712 3248 5782 interpretanda
3303 5725 3473 5779 eaque
3518 5715 3738 5778 prater
