3898 6524
422 419 538 479 955

1699 414 1762 482 P.
1803 410 2121 470 DANIELIS
2157 405 2388 466 HUETII

3577 398 3687 454 956

421 534 646 605 ἀρχῶν,
680 549 802 604 cap.
827 535 882 602 l,
912 545 1063 590 num.
1096 533 1161 588 17
1191 551 1206 589 :
1245 552 1263 586 ι
1288 532 1403 589 Non
1433 531 1792 588 dissimulatio
1813 530 2006 584 divinae
2034 533 2081 587 Α
2111 525 2350 592 inquam,
2382 522 2453 574 ita
2484 519 2674 574 scribit
2709 537 2722 574 :
2755 538 2772 570 ι
2807 518 2918 573 Hoc
2952 516 3003 572 ei
3041 529 3140 571 suo
3179 513 3435 583 suffragio
3475 513 3687 566 tribue-

424 623 946 690 Provitlentite,'sed
989 627 1238 680 humanae
1281 626 1477 681 mentis
1525 625 1808 678 arbitrium
1841 638 2002 678 causa

425 716 526 771 sibi
570 717 886 786 perditionis
923 710 1140 771 ex‘sistit
1171 735 1184 772 :
1220 717 1447 771 contulit
1474 717 1636 770 etiam
1670 714 1903 783 indignis
1949 721 2004 766 et

427 808 718 863 incredulis
771 809 998 877 gratiam
1047 807 1454 863 benefactorum
1495 822 1742 871 suorum,
1789 814 1846 860 ut
1879 819 2008 860 vere

427 917 588 955 omne
616 915 678 954 os
699 900 1046 963 obstruatur;
1077 909 1357 969 totumque
1407 916 1436 953 a
1472 915 1531 955 se
1571 909 1627 954 et
1668 897 1800 952 nihil
1829 914 1858 952 a
1897 898 2005 953 Deo

428 995 617 1049 deesse
659 996 758 1050 sibi
805 1012 958 1052 mens
990 998 1225 1051 humana
1267 1003 1597 1066 cognoscat;
1630 1013 1648 1046 ι
1695 994 1744 1048 id
1781 993 2005 1047 Rufinus

428 1087 496 1142 de
525 1102 625 1142 suo
656 1088 903 1156 intrusit,
944 1090 1140 1159 quippe
1169 1089 1311 1157 quod
1339 1087 1482 1142 absit
1521 1103 1550 1141 a
1580 1086 1837 1142 vicesimo
1876 1081 2007 1137 Plii-

428 1177 637 1234 localice
672 1183 868 1249 capite,
924 1196 1033 1250 quo
1080 1181 1438 1249 fragmentum
1476 1178 1604 1233 illud
1659 1177 1837 1246 operis
1863 1175 2004 1244 Περὶ

428 1269 652 1340 ἀρχῶν,
685 1272 756 1325 ita
789 1283 846 1328 ut
873 1274 943 1327 ab
977 1273 1210 1343 Origene
1248 1272 1508 1341 scriptum
1533 1281 1636 1337 est,
1657 1270 1846 1325 Graece
1873 1283 2006 1325 con-

435 1363 656 1417 tinetur.

502 1453 685 1509 XVIII.
721 1457 961 1510 Diximus
989 1456 1276 1524 Origenem
1322 1456 1591 1525 aliquibus
1625 1455 1889 1508 duntaxat
1922 1455 2007 1504 in-

433 1546 629 1599 fectum
669 1547 830 1601 fuisse
854 1549 1150 1613 erroribus,
1177 1565 1242 1604 ex
1286 1550 1350 1604 iis
1385 1548 1476 1618 qui
1517 1565 1544 1600 a
1572 1545 1789 1615 Pelagio
1827 1545 2009 1598 multis

433 1648 554 1706 post
584 1639 742 1692 annis
783 1644 1101 1709 propugnati
1140 1651 1284 1694 sunt.
1315 1641 1434 1707 Quo
1477 1641 1540 1693 de
1573 1653 1767 1709 genere
1817 1638 2007 1706 dogma

432 1728 563 1782 illud
613 1739 713 1791 est,
774 1732 914 1797 quod
953 1729 1223 1797 perfectos
1268 1731 1512 1785 homines
1557 1731 1662 1783 vim
1720 1730 2008 1800 quamdam

433 1819 656 1886 adipisci
698 1818 904 1881 definit,
948 1835 1052 1888 qua
1087 1821 1321 1873 roborati
1355 1827 1695 1889 peccatorum
1747 1819 2009 1873 illecebris

2111 618 2203 672 bat
2231 615 2514 683 Evagrius,
2544 613 2634 683 qui
2671 621 2788 666 erat
2815 611 2898 665 vir
2927 609 3266 666 discernendi
3288 607 3338 662 vi
3366 606 3632 676 praditus
3661 625 3683 656 ι

2110 709 2327 779 (nempe
2355 705 2611 760 Ponticus
2631 703 2718 758 ille
2747 701 3119 773 Ilyperborita)
3151 718 3170 752 ι
3201 715 3260 754 se
3282 699 3487 753 nullum
3513 697 3691 750 homi-

2111 815 2233 854 nem
2265 798 2484 861 vidisse,
2521 797 2779 867 quiesset
2813 795 2984 864 magis
3020 792 3357 861 impatibilis,
3391 801 3448 846 et
3478 791 3691 844 alienus

2111 895 2178 948 ab
2207 891 2458 947 omnibus
2485 889 2648 944 animi
2673 886 3188 956 perturbationibus.
3215 904 3234 936 ι
3266 883 3404 938 Ηίιιε
3423 882 3693 950 Hierony-

2114 998 2233 1037 mus
2265 995 2496 1051 proaatu.
2545 981 2595 1034 in
2633 978 2883 1050 Dialogos
2899 980 3144 1031 adversus
3177 974 3518 1045 Pelagianos,
3545 974 3692 1025 ἀπα.-

2114 1073 2260 1137 θείας
2290 1082 2589 1128 assertores
2614 1071 2897 1141 cxagitans
2930 1091 2942 1146 ς
2978 1088 2998 1122 ι
3028 1069 3320 1135 Palladius,
3354 1067 3556 1137 inquit,
3578 1080 3692 1120 ser-

2112 1165 2234 1220 vilis
2265 1164 2518 1234 nequitia:
2548 1163 2792 1218 eamdem
2830 1163 3076 1216 haeresim
3109 1163 3415 1216 instaurare
3461 1167 3694 1213 conatus

2113 1267 2216 1312 est.
2249 1276 2268 1309 ι
2309 1256 2627 1311 lustauravit
2664 1266 2717 1309 et
2757 1265 2884 1310 ante
2915 1269 3084 1309 annos
3120 1253 3510 1323 propemodum
3553 1264 3691 1318 qua-

2113 1349 2430 1414 dringentos
2456 1347 2761 1419 Dogonatus
2797 1345 3104 1413 btereticus,
3132 1344 3498 1416 Begardorum
3518 1351 3572 1396 et
3595 1341 3694 1396 Βε-

2116 1439 2401 1508 ghinarnm
2429 1453 2642 1509 parens.

2186 1527 2243 1582 In
2277 1530 2343 1583 iis
2364 1539 2510 1583 certe
2537 1544 2656 1598 qua:
2681 1536 2970 1598 supersunt
2991 1526 3441 1598 Origenianorum
3469 1541 3692 1595 operum

2119 1620 2364 1686 reliquiis
2407 1635 2508 1671 non
2542 1618 2855 1688 frequentes
2897 1628 3190 1674 occurrunt
3231 1617 3390 1685 hujus
3419 1619 3696 1687 opinionis

2119 1721 2256 1766 notae
2301 1731 2313 1766 :
2365 1729 2486 1765 nant
2541 1712 2680 1780 quod
2725 1720 2900 1764 exstat
2951 1712 3004 1764 in
3060 1713 3080 1764 I
3140 1711 3323 1766 homil.
3375 1711 3429 1764 in
3471 1709 3695 1775 λεῖαι..

2119 1819 2264 1857 num.
2302 1802 2386 1862 16,
2417 1813 2570 1872 prout
2618 1803 2683 1855 ali
2713 1799 3034 1872 Hieronymo
3071 1817 3327 1855 conversa
3361 1811 3446 1855 est
3481 1817 3495 1852 :
3532 1820 3551 1852 ι
3591 1801 3696 1854 Ιιιι-

434 1927 499 1963 nc
521 1910 804 1965 lenociniis
827 1911 996 1964 obniti
1029 1928 1121 1980 per
1147 1927 1266 1966 sese
1294 1913 1519 1982 possint,
1545 1913 1861 1978 tandemque
1877 1912 1940 1962 ad
1966 1911 2016 1965 id

2121 1895 2372 1964 possibile
2400 1904 2482 1948 est
2513 1893 2654 1946 enim
2684 1895 2823 1961 quod
2861 1895 3024 1947 semel
3071 1894 3359 1946 vivificavit
3392 1892 3555 1955 Deus,
3606 1902 3699 1947 aut

434 2003 728 2055 ascendant
780 2002 1128 2072 perfectionis
1172 2006 1404 2068 culmen,
1451 2015 1508 2056 ut
1549 2018 1614 2056 ne
1657 2004 1760 2056 levi
1794 2003 2009 2071 quidem

436 2097 794 2150 teutationum
832 2112 961 2150 aura
997 2095 1383 2167 percellantur,
1437 2096 1699 2164 planeque
1729 2095 1837 2149 sint
1865 2095 2011 2147 ἀπα-

434 2185 568 2251 θεῖς.
600 2188 813 2256 Optimc
831 2204 959 2243 vero
981 2189 1326 2260 coujunctmn
1353 2188 1481 2242 illud
1513 2197 1594 2242 est
1624 2204 1743 2242 cum
1773 2188 2015 2256 superio-

437 2294 496 2333 re
533 2279 649 2349 ejus
676 2279 919 2334 doctrina
945 2296 960 2333 :
989 2295 1114 2334 nam
1135 2280 1224 2351 qui
1263 2295 1328 2334 ex
1362 2295 1479 2334 sese
1513 2289 1689 2348 potest
1719 2280 1854 2333 bene
1886 2294 2012 2350 age-

437 2385 521 2436 re,
555 2385 688 2432 sane
723 2387 786 2426 ex
821 2386 941 2426 sese
971 2371 1111 2425 male
1140 2386 1242 2424 non
1275 2386 1436 2438 agere
1460 2380 1653 2440 potest.
1679 2371 1846 2433 Hanc,
1876 2387 2014 2440 prac-

437 2469 525 2515 ter
552 2461 710 2525 alias,
751 2463 1069 2532 suggillandi
1096 2461 1346 2532 Origenis
1374 2478 1590 2518 causam
1623 2463 1782 2517 habet
1826 2463 2017 2517 Hiero-

438 2566 630 2622 nymus
677 2568 691 2604 :
742 2568 867 2605 nam
905 2553 956 2605 in
994 2553 1218 2622 epistola
1266 2554 1331 2606 ad
1356 2552 1778 2622 Ctesiphontem,
1807 2570 1926 2622 cap.
1957 2554 2016 2618 2,

437 2645 772 2698 consimilem
802 2644 1030 2714 Pelagii,
1055 2645 1149 2700 sed
1175 2645 1485 2714 nequiorem
1511 2645 1671 2698 etiam
1695 2646 2016 2700 sententiam

433 2733 716 2798 «refellens,
777 2737 856 2790 sic
913 2737 1084 2806 ipsum
1127 2735 1470 2804 alloquitur:
1521 2753 1540 2786 ‹
1595 2735 1686 2790 Vis
1734 2736 1911 2790 adhuc
1965 2747 2020 2792 ει

441 2825 605 2879 alium
659 2842 817 2880 nosse
874 2828 947 2881 tui
1003 2827 1208 2881 erroris
1261 2827 1599 2896 principem?
1636 2825 1879 2882 doctrina
1929 2839 2019 2883 tua

437 2915 695 2988 Origenis
730 2918 1072 2974 ramusculus
1109 2929 1213 2974 est.
1262 2916 1319 2972 In
1375 2933 1441 2972 eo
1483 2919 1625 2973 enim
1667 2919 1896 2988 psalmo,
1931 2921 2021 2976 ubi

439 3010 704 3078 scriptum
755 3020 860 3075 est,
921 3020 978 3064 ut
1029 3012 1094 3066 de
1137 3010 1350 3065 caeteris
1406 3020 1611 3065 taceam
1655 3027 1668 3063 :
1722 3010 1945 3081 Insuper
1974 3023 2021 3066 et

439 3117 604 3173 usque
633 3105 701 3156 ad
737 3113 937 3157 nectent
969 3104 1277 3157 erudierunt
1301 3118 1382 3158 me
1406 3121 1553 3158 renes
1582 3106 1682 3158 ntei
1706 3105 1750 3137 ⁸⁸
1775 3122 1790 3170 ;
1830 3106 2025 3160 asserit

442 3193 618 3248 virum
667 3205 932 3260 sanctum,
976 3195 1041 3249 de
1069 3210 1296 3264 quorum
1335 3195 1584 3250 videlicet
1623 3206 1677 3250 et
1706 3207 1759 3249 tu
1799 3211 2023 3250 numero

2115 1989 2182 2041 ab
2207 2004 2270 2041 eo
2307 1987 2440 2054 ipso,
2462 1993 2554 2039 aut
2581 1985 2649 2038 ab
2681 1984 2787 2037 alio
2811 1983 3016 2048 occidi;
3061 2003 3078 2033 ι
3116 1985 3180 2036 ad
3225 1984 3388 2037 vitam
3411 1993 3697 2045 aeternam.

2115 2085 2435 2145 sanctosque
2475 2091 2534 2131 ea
2567 2076 2806 2128 fruentes
2846 2072 3182 2128 referendum
3213 2090 3331 2128 esse
3358 2077 3700 2132 ostendimus

2115 2169 2168 2221 iu
2195 2167 2692 2229 observationibus;
2733 2176 2788 2220 ct
2822 2167 2888 2221 ab
2938 2165 3266 2235 Ilierouytuo
3308 2177 3572 2235 praeterea
3621 2169 3699 2220 in.

2119 2271 2322 2314 trusum
2361 2270 2462 2313 est.
2495 2260 2664 2314 Tomo
2703 2259 2914 2328 quidem
2941 2275 3037 2312 xm
3093 2261 3144 2312 in
3173 2258 3384 2323 .Ilattlt.,
3416 2274 3568 2312 num.
3611 2259 3697 2323 29,

2118 2353 2367 2422 parvulos
2399 2352 2536 2416 illos,
2575 2368 2801 2421 quorum
2837 2351 3041 2406 similes
3085 2351 3199 2405 vult
3244 2367 3341 2405 nos
3375 2349 3517 2405 efﬁci
3547 2351 3703 2406 Chri-

2117 2457 2254 2512 stus,
2296 2455 2351 2499 et
2392 2445 2582 2509 quibus
2625 2445 2935 2499 scandalum
2983 2459 3013 2498 a
3053 2443 3206 2498 nobis
3259 2443 3494 2512 praeberi
3536 2453 3698 2508 vetat,

2118 2553 2361 2608 quosque
2400 2537 2610 2592 Patrem
2640 2536 2914 2592 caelestem
2942 2536 3117 2603 perire
3154 2533 3289 2589 velle
3317 2541 3504 2604 negat,
3530 2535 3703 2590 homio

2121 2649 2215 2687 nes
2239 2632 2622 2701 perfectionem
2653 2639 2972 2687 consecutos
3009 2628 3314 2701 significare
3337 2629 3563 2695 conjicit
3581 2628 3702 2684 Ori-

2121 2739 2318 2794 genes;
2377 2725 2574 2778 deinde
2606 2723 2879 2792 subjungit
2921 2721 3183 2790 ejusmodi
3235 2720 3496 2789 parvulos
3531 2735 3701 2789 neque

2121 2815 2300 2885 perire
2349 2829 2524 2883 neque
2554 2813 2902 2868 offensionem
2950 2812 3060 2881 pati
3096 2823 3272 2881 posse,
3308 2810 3434 2879 quia
3479 2833 3493 2864 :
3537 2828 3556 2860 ι
3594 2809 3700 2863 Pax

2124 2908 2288 2961 multa
2313 2906 2656 2976 diligentibus
2690 2921 2884 2960 nomen
2919 2904 3033 2968 Dei,
3064 2913 3118 2959 et
3163 2918 3268 2957 non
3294 2912 3381 2956 est
3417 2902 3530 2956 illis
3551 2918 3703 2956 scan-

2123 2998 2406 3060 dalum‘”,
2443 3018 2460 3050 ι
2498 2997 2796 3066 meritoque
2824 3011 2917 3050 eos
2952 2996 3133 3050 dicere
3160 3010 3314 3064 posse
3341 3012 3354 3049 :
3387 3012 3406 3044 ι
3447 2994 3582 3061 Quis
3611 3007 3702 3045 nos

2122 3091 2394 3158 separabit
2415 3104 2443 3141 a
2479 3088 2840 3144 eharitate”?
2880 3106 2900 3140 ι
2929 3085 3039 3142 Sed
3071 3086 3369 3141 Ezechielis
3400 3093 3586 3138 tamen
3613 3099 3706 3138 au-

2123 3182 2374 3238 ctoritate
2402 3181 2591 3251 probat
2619 3179 2750 3249 justi
2785 3181 3021 3235 animam
3057 3193 3178 3233 esse
3216 3178 3508 3233 mutationi
3541 3178 3704 3232 obno-

438 3300 518 3349 es,
551 3301 674 3341 cum
708 3287 772 3341 ad
799 3289 1059 3343 virtutum
1095 3290 1303 3344 venerit
1335 3289 1721 3357 summitatem,
1745 3272 1812 3344 ne
1837 3291 1888 3342 in
1924 3305 2020 3343 no—

2123 3277 2288 3339 xiam,
2319 3283 2372 3328 et
2399 3290 2428 3326 a
2459 3272 2550 3327 Dei
2582 3273 2847 3327 mandatis
2875 3286 3031 3340 posse
3053 3272 3351 3332 discedere,
3379 3271 3450 3324 ita
3483 3279 3542 3322 ut
3567 3270 3706 3338 prie-

442 3387 530 3432 cte
558 3379 776 3447 quidem
818 3394 881 3432 ea
918 3379 1050 3449 pati,
1083 3394 1202 3448 qua:
1237 3379 1513 3434 hominum
1558 3389 1702 3444 sunt,
1743 3395 1841 3433 nec
1871 3380 2020 3449 cogi-

444 3468 648 3522 tatioae
681 3469 932 3522 vitiorum
963 3469 1142 3539 aliqua
1201 3469 1446 3534 titillari;
1489 3489 1508 3520 ι
1547 3479 1600 3524 ει
1656 3471 1710 3524 in
1757 3471 2023 3540 prooemio

437 3553 791 3623 .Dtaloyorum
817 3558 1065 3611 adversus
1096 3556 1410 3628 Pelagianos
1429 3575 1448 3612 :
1487 3577 1506 3609 ι
1535 3559 1666 3613 Illud
1692 3570 1870 3613 autem
1901 3560 2023 3616 Ori-

444 3646 595 3715 genis
640 3647 916 3716 proprium
957 3659 1060 3716 est,
1118 3651 1449 3725 impossibile
1501 3666 1623 3706 esse
1667 3653 1955 3705 humanam
1993 3669 2042 3707 a.

445 3737 710 3807 principio
737 3756 906 3810 usque
935 3742 1000 3796 ad
1021 3755 1247 3797 mortem
1279 3759 1383 3796 non
1409 3758 1632 3812 peccare
1659 3754 1942 3808 naturam;
1972 3753 2027 3800 et

354 3841 364 3849 ‘
445 3849 660 3889 rursum
724 3851 844 3890 esse
908 3837 1166 3906 possibile
1223 3852 1346 3892 cum
1411 3851 1470 3892 se
1523 3837 1716 3908 aliquis
1777 3840 1842 3893 ad
1911 3853 2025 3894 me-

445 3926 578 3981 liora
641 3930 978 3984 couverterit
1038 3930 1104 3984 ad
1175 3939 1382 3985 tantam
1458 3930 1824 3988 fortitudinem
1894 3945 2022 3998 per-

442 4019 653 4080 venire,
687 4028 744 4073 ut
776 4021 914 4074 ultra
946 4036 1172 4090 peccare
1214 4037 1318 4076 non
1361 4023 1567 4091 possit;
1610 4040 1629 4073 ι
1665 4030 1720 4074 ει
1761 4021 1810 4074 in
1848 4036 2026 4090 prote-

443 4114 554 4168 mio
625 4113 744 4169 libri
804 4131 855 4168 tv
913 4115 1204 4169 Comment.
1271 4116 1322 4169 in
1382 4115 1578 4169 Jerem.
1640 4127 1660 4166 :
1718 4132 1736 4165 t
1794 4114 2026 4169 llwresis

447 4205 766 4279 Pythagora:
827 4217 882 4262 et
939 4207 1173 4262 Zenonis
1236 4206 1504 4270 ἀπαθείας
1564 4206 1658 4258 καί
1711 4206 2029 4276 ἀναμαρτη-

442 4299 587 4365 σίας,
649 4299 699 4353 id
741 4308 826 4353 est
881 4299 1332 4370 impassibilitatis
1381 4309 1436 4352 et
1482 4299 1874 4367 itnpeccantim,
1909 4311 2030 4366 quae

442 4391 572 4444 olim
607 4392 657 4444 in
685 4390 936 4459 Origene,
961 4401 1011 4446 et
1035 4392 1234 4446 dudum
1269 4392 1321 4445 in
1345 4389 1620 4458 discipulis
1645 4391 1761 4459 ejus
1785 4388 2030 4444 Grunnio

447 4482 724 4551 (ltntinum
750 4482 1012 4552 intellige)
1036 4481 1376 4551 Evagrioque
1397 4481 1643 4546 Pontico,
1669 4491 1723 4536 et
1746 4479 2030 4535 Joviuiano

440 4571 685 4643 jugulata
721 4583 822 4638 est,
856 4574 1021 4643 cmpit
1044 4575 1384 4628 reviviscere.
1423 4593 1441 4625 ι
1475 4571 1674 4626 Multos
1702 4574 1904 4627 erroris
1927 4574 2029 4626 hu-

2124 3367 2198 3421 ris
2232 3370 2347 3435 ejus
2375 3364 2595 3434 justitite
2636 3363 2782 3418 nulla
2818 3363 3080 3418 habeatur
3110 3364 3278 3427 ratio;
3314 3371 3481 3430 atque
3509 3360 3706 3414 idcirco

2123 3453 2412 3527 quominus
2427 3454 2651 3509 offensio
2675 3455 2756 3508 eis
2781 3468 2811 3506 a
2838 3454 2991 3507 nobis
3010 3452 3332 3523 prarbeatnr,
3358 3451 3705 3506 Servatorem

2127 3547 2378 3600 mandato
2409 3560 2505 3600 suo
2540 3543 2848 3612 prohibere.
2880 3541 3044 3596 Libro
3075 3556 3290 3611 quoque
3326 3541 3381 3594 in
3411 3539 3708 3609 Epistolas:

2125 3639 2194 3691 ad
2235 3637 2501 3691 Romanos
2540 3637 2748 3707 quinto,
2799 3650 2949 3688 num.
2987 3635 3039 3698 1,
3092 3648 3215 3703 pag.
3264 3632 3394 3696 546,
3433 3634 3501 3687 de
3539 3643 3709 3686 morte

2127 3729 2332 3801 peccati
2364 3727 2592 3796 loquens
2629 3747 2641 3781 :
2687 3745 2705 3778 ‹
2743 3725 2839 3780 Hic
2861 3741 2990 3796 ergo
3024 3727 3204 3788 homo,
3241 3724 3436 3794 inquit,
3471 3725 3565 3793 qui
3597 3723 3707 3792 jam

2132 3821 2458 3875 reformatur
2508 3827 2564 3873 et
2603 3826 2887 3888 reparatur
2924 3818 2991 3870 ad
3029 3815 3318 3886 imaginem
3363 3814 3481 3878 Dei,
3544 3829 3711 3884 neque

2129 3925 2397 3977 terrenus,
2429 3927 2600 3981 neque
2630 3915 2683 3966 in
2712 3910 2812 3965 hoc
2840 3909 3037 3964 mundo
3074 3919 3177 3971 est,
3213 3909 3308 3962 sed
3339 3908 3392 3960 in
3417 3907 3572 3962 caelis
3589 3919 3712 3960 esse

2129 4007 2325 4061 dicitur
2382 4003 2724 4059 conversatio
2769 4002 2928 4071 ejus:
2963 4011 3018 4057 et
3072 4000 3191 4055 ideo
3232 3999 3536 4054 secundum
3591 4012 3711 4051 eum

2128 4097 2220 4169 qtti
2262 4097 2438 4150 dicit:
2480 4094 2580 4150 Vos
2629 4104 2801 4149 autem
2863 4112 2966 4148 non
3012 4094 3134 4148 estis
3179 4098 3242 4146 de
3284 4093 3382 4144 hoc
3427 4091 3626 4144 mundo
3645 4089 3711 4156 “,

2131 4205 2276 4244 mors
2306 4189 2358 4243 in
2387 4205 2508 4244 eum
2556 4203 2660 4242 non
2689 4195 2866 4258 potest
2902 4185 3271 4254 pertransire;
3314 4200 3333 4234 ι
3367 4190 3425 4236 ει
3464 4182 3664 4237 deinde
3693 4193 3710 4232 :

2137 4300 2155 4332 ι
2179 4281 2330 4348 Quod
2362 4281 2404 4335 si
2433 4288 2708 4350 peccatum
2737 4290 2789 4333 ει
2824 4293 2969 4332 mors
2994 4277 3045 4330 in
3080 4277 3220 4331 hunc
3250 4275 3510 4328 muudmn
3547 4275 3716 4328 intro-

2131 4376 2244 4434 ivit.
2283 4385 2335 4428 et
2374 4375 2425 4428 in
2470 4375 2569 4428 hoc
2610 4373 2808 4428 mundo
2833 4372 3056 4436 habitat,
3091 4383 3294 4424 certum
3326 4380 3411 4423 est
3443 4368 3651 4422 alienos
3684 4384 3711 4418 a

2131 4479 2326 4534 morte,
2360 4477 2416 4523 et
2442 4486 2469 4521 a
2504 4476 2723 4538 peccato
2755 4481 2873 4520 esse
2900 4480 3014 4530 eos,
3042 4465 3131 4533 qui
3167 4476 3262 4532 per
3296 4461 3600 4526 Christum,
3636 4457 3713 4513 vel

2135 4576 2256 4616 cum
2289 4560 2508 4614 Christo
2545 4559 2737 4612 mortui
2767 4566 2893 4612 sunt
2922 4558 3046 4611 huic
3078 4557 3298 4619 mundo,
3341 4566 3396 4608 et
3437 4570 3562 4608 cum
3603 4555 3713 4621 ipso

435 4665 536 4733 vjns
565 4664 750 4719 alIines
785 4664 950 4720 fuisse
982 4675 1134 4719 notat
1163 4666 1218 4722 in
1247 4665 1386 4720 libro
1424 4674 1707 4734 sequente,
1748 4665 1803 4718 in
1827 4664 2023 4719 Jerem.
2060 4646 2102 4700 θ
2135 4652 2474 4715 “summa”.
2525 4641 2648 4703 cum
2693 4650 2809 4719 ipso
2875 4648 3037 4702 etiam
3080 4649 3130 4700 ίη
3168 4645 3486 4700 “Dialibus
3535 4645 3715 4699 sedere

453 4772 586 4811 χχιι.
627 4755 894 4812 Palladius
919 4772 1176 4825 quoque,
1208 4756 1685 4826 Helenopolitanus
1717 4757 2025 4826 episcopus,

449 4866 612 4920 quem
636 4849 888 4920 Origenis
915 4850 1202 4919 disciplina
1236 4849 1498 4904 imbutum
1528 4848 1692 4903 fuisse
1718 4858 1952 4913 constat,
1977 4850 2029 4904 iu

453 4945 556 4998 hac
591 4940 860 5005 ἀπαθείας
901 4943 1089 4997 haeresi
1143 4951 1389 4996 versatus
1415 4951 1528 5006 est;
1589 4956 1711 4994 nam
1753 4949 1887 4995 sect.
1935 4957 2031 4995 Vill

455 5016 734 5087 Lausiaca:
763 5030 1037 5094 Ilistoriw,
1066 5031 1344 5086 Ammonis
1375 5031 1868 5102 ipsiusqueuxoris
1895 5033 2032 5085 scri-

453 5126 586 5180 bens
617 5125 803 5188 vitam,
839 5125 917 5180 sic
951 5125 1067 5179 ait:
1099 5143 1116 5175 ι
1153 5123 1284 5178 Cum
1325 5125 1441 5179 haec
1472 5125 1550 5178 sic
1580 5124 1794 5185 fierent,
1827 5134 1880 5178 et
1915 5139 2035 5193 pcr-

450 5218 694 5273 venisset
740 5229 966 5287 uterque
1014 5219 1080 5270 ad
1117 5215 1594 5285 impatibilitatem,
1631 5219 1738 5271 vim
1768 5227 1824 5272 et
1854 5216 2034 5272 eliica-

451 5311 592 5366 ciam
652 5312 890 5366 habuere
939 5327 1130 5381 preces
1174 5312 1485 5376 Ammonis;
1529 5330 1548 5362 ι
1583 5320 1637 5364 ει
1676 5321 1810 5364 sect.
1846 5309 1934 5374 12,
1969 5311 2035 5363 de

454 5393 948 5477 Amntoneageus,
1009 5405 1232 5476 eiusque
1291 5405 1569 5461 sororibus
1624 5420 1686 5458 ac
1751 5404 2036 5466 fratribus,

456 5517 592 5570 quos
637 5501 856 5558 eosdem
893 5516 1014 5556 esse
1062 5517 1278 5564 censeo,
1335 5501 1424 5572 qui
1465 5499 1662 5555 fratres
1691 5498 1857 5569 Longi
1907 5496 2036 5551 dicti

457 5601 603 5658 sunt,
660 5601 716 5648 ει
753 5608 782 5645 a
813 5592 1114 5662 Theophilo
1151 5592 1343 5657 Nitria,
1377 5602 1434 5648 et
1457 5591 1692 5664 Egypto
1727 5588 1935 5660 expulsi
1970 5589 2035 5642 ad

457 5683 720 5743 hannetn
750 5685 1195 5756 Chrysostomum
1217 5685 1576 5756 confugerunt
1609 5683 1710 5739 :de
1749 5683 2036 5751 Ammone,

536 5870 584 5907 ⁸⁸
613 5859 756 5926 I'sal.
781 5885 871 5939 xv,
894 5871 945 5927 7.
1024 5873 1067 5904 δ’
1121 5863 1260 5926 l’sat.
1291 5883 1481 5935 cxvtu,
1510 5871 1629 5924 loa.

2135 4751 2466 4808 meruerunt,
2499 4743 2965 4796 conversationem
3001 4755 3104 4794 non
3126 4740 3235 4808 jam
3263 4739 3315 4791 in
3357 4739 3462 4792 hoc
3499 4735 3714 4796 mundo,

2131 4837 2225 4891 sed
2250 4835 2301 4888 in
2333 4834 2486 4890 cmlis
2513 4832 2792 4888 habentes.
2825 4853 2843 4884 ι
2871 4833 3002 4887 Item
3033 4833 3149 4886 libri
3179 4831 3422 4908 ejusdem
3452 4847 3602 4898 num.
3629 4828 3712 4892 10,

2132 4927 2234 4982 sub
2273 4927 2456 4992 finem,
2490 4941 2616 4996 pag.
2657 4924 2780 4988 568,
2821 4925 2934 4979 haec
2966 4925 3234 4979 habentur
3269 4939 3287 4977 :
3330 4941 3349 4973 ι
3395 4923 3454 4976 Si
3485 4923 3628 4976 enim
3665 4920 3716 4974 in

2134 5026 2188 5082 id
2216 5027 2394 5078 anima
2434 5022 2787 5092 perfectionis
2828 5021 3155 5083 ascenderit,
3198 5027 3255 5072 ut
3283 5033 3351 5071 ex
3407 5028 3525 5073 toto
3562 5016 3716 5072 corde

2141 5101 2262 5177 suo,
2297 5124 2351 5168 et
2397 5129 2461 5167 ex
2511 5121 2620 5167 tota
2651 5112 2828 5166 anima
2865 5126 2986 5175 sua,
3025 5120 3079 5164 et
3107 5125 3169 5164 ex
3199 5109 3328 5164 totis
3370 5108 3584 5162 viribus
3611 5106 3717 5160 suis

2137 5207 2327 5277 diligat
2360 5206 2549 5268 Deum,
2578 5215 2633 5260 et
2662 5205 2967 5274 proximum
2993 5217 3146 5257 suum
3172 5213 3432 5270 tanquam
3462 5201 3716 5269 seipsum,

2143 5297 2233 5352 ubi
2265 5297 2368 5352 erit
2397 5295 2604 5366 peccati
2647 5294 2842 5350 locus?
2872 5313 2890 5344 ι
2919 5303 3080 5362 atque
3105 5293 3246 5346 hunc
3272 5292 3350 5345 ait
3375 5288 3718 5360 perfectionis

2142 5395 2368 5462 gradum
2404 5399 2712 5444 assecutum
2738 5387 2903 5442 fuisse
2930 5387 3264 5458 Apostolum.
3313 5399 3437 5438 cum
3463 5385 3674 5438 dicebat
3699 5399 3716 5433 :

2147 5481 2335 5548 «Quis
2372 5496 2471 5535 nos
2510 5478 2783 5550 separabit
2829 5494 2858 5532 a
2898 5479 3164 5534 charitate
3209 5476 3324 5540 Dei,
3371 5493 3495 5546 qua:
3549 5482 3627 5528 est
3667 5472 3715 5523 in

2140 5577 2358 5633 Christo
2404 5573 2627 5632 Iesu”?
2658 5595 2676 5628 ι
2733 5584 2844 5629 tum
2888 5573 3224 5628 subnectitur
3271 5590 3284 5625 :
3331 5589 3350 5622 t
3396 5568 3472 5623 Ex
3530 5567 3714 5636 quibus

2141 5669 2394 5725 omnibus
2429 5668 2709 5724 evidenter
2751 5663 3076 5726 ostenditur,
3122 5660 3248 5731 quia
3297 5660 3343 5714 si
3381 5660 3494 5714 hac
3515 5652 3710 5716 omnia,

1778 5867 2180 5936 tlom.vut,55.
2260 5865 2306 5937 ’Τ
2333 5865 2606 5938 ιυιιιιηχν,
2643 5861 2763 5939 19η
2803 5856 2848 5886 ⁸⁸
2873 5865 3029 5908 nom.
3065 5864 3182 5915 vut,
3207 5843 3297 5902 55.
