3916 6544
221 411 302 469 957
949 409 1528 468 OHlGENIANORUH
1565 407 1697 466 LIB.
1738 409 1804 476 ll,
1845 411 1999 467 CAP.
2026 413 2106 480 .Il,
2145 413 2423 482 QUEST.
2467 417 2576 474 Vl].

3310 425 3415 482 958

217 549 312 606 quae
354 531 676 588 euumeravit
713 531 1020 602 Apostolus,
1065 548 1317 603 separare
1357 548 1456 590 nos
1485 551 1590 589 non
1621 549 1730 605 pos-

1846 533 1965 590 θεία
2013 539 2281 611 ὲπισκοπὴ
2334 540 2429 594 ἐπὶ
2463 540 2533 594 τὰ
2582 540 2810 598 τοιαῦτα
2858 545 3019 598 αὑτὸν
3059 546 3239 616 ἄγειν
3275 547 3418 616 λέγω

217 636 315 684 sunt
339 640 363 678 a
401 623 661 678 cbaritate
697 623 810 691 Dei,
837 640 957 679 cum
992 624 1043 678 in
1073 623 1200 677 illud
1225 625 1345 694 quis
1371 625 1586 678 culmen
1620 640 1744 694 per-

216 717 422 773 fectionis
472 715 798 780 ascenderit,
852 716 1018 770 multo
1060 716 1231 786 magis
1261 717 1485 771 libertas
1527 716 1741 771 arbitrii

216 826 292 864 nos
323 810 383 862 ab
409 808 521 877 ejus
557 806 831 862 cbaritate
867 806 1140 876 separare
1165 824 1269 862 non
1315 809 1538 877 poterit.
1577 828 1596 861 ι
1639 797 1742 878 Ve-

215 918 305 954 rum
341 902 444 954 haec
483 901 550 954 ab
587 902 888 968 interprete
922 899 1135 962 Rufino,
1179 915 1340 969 quem
1380 917 1407 953 a
1450 899 1742 971 Pelagiauo

215 991 442 1049 fermento
469 990 568 1043 sibi
605 992 742 1045 satis
777 1005 881 1043 non
905 991 1115 1043 cavisse
1155 1005 1312 1044 nemo
1337 995 1532 1058 nescit,
1563 993 1741 1063 inqui.-

213 1091 307 1134 nata
333 1078 488 1134 fuisse
515 1095 808 1148 possumus
837 1081 1123 1150 suspicari.
1158 1080 1621 1146 Quemadmodum
1646 1099 1739 1137 au-

213 1185 296 1230 tem
323 1172 620 1242 reprehensi
647 1173 716 1226 ab
742 1173 1066 1244 Hieronymo
1089 1175 1294 1228 erroris
1325 1172 1610 1242 Origeaem
1635 1174 1737 1229 loci

209 1266 248 1320 hi
284 1282 373 1320 non
419 1267 548 1320 satis
603 1266 810 1335 liquido
857 1276 1176 1336 coarguunt,
1237 1267 1311 1319 ita
1368 1282 1539 1335 neque
1603 1267 1738 1322 satis

206 1370 361 1426 purgat
391 1359 472 1412 ille
491 1359 580 1426 qui
614 1369 796 1412 exstat
821 1367 948 1413 ιυιιι.
983 1373 1077 1410 xttt
1130 1359 1183 1410 in
1207 1358 1422 1419 Matth.,
1455 1375 1600 1412 num.
1631 1358 1733 1412 25:

217 1449 507 1502 Ἀνένδεκτον
557 1451 669 1520 γάρ
722 1450 869 1502 ἐστιν
918 1448 1200 1522 ἄνθρωπον
1237 1449 1522 1521 εὑρεθῆναι
1561 1449 1736 1521 πάντη

205 1542 559 1612 ὼιαμάρτητον,
615 1543 712 1594 atat
743 1543 910 1614 χωρὶς
949 1543 1222 1614 ἁμαρτίας
1266 1541 1592 1613 ἀνειληφότα
1639 1542 1738 1613 τὴν

204 1635 390 1704 ἀρετήν·
425 1649 596 1704 neque
631 1637 965 1690 sanctiorum
1005 1636 1092 1688 illa
1131 1636 1564 1704 patriarcharum
1605 1649 1739 1699 entr-

204 1725 413 1783 tueratio,
444 1739 562 1792 quae
602 1735 689 1778 est
730 1724 821 1778 lib.
857 1740 886 1776 v
914 1726 966 1777 in
999 1722 1168 1792 Epist.
1191 1724 1258 1776 ad
1296 1722 1472 1789 Rom.,
1502 1739 1648 1778 num.
1681 1722 1734 1789 l,

203 1813 421 1884 pag.5tl7,
442 1830 674 1883 quorum
705 1817 976 1870 neminem
1002 1824 1222 1884 peccato
1244 1817 1534 1869 immunem
1564 1814 1734 1868 vixis-

1843 625 1902 679 δὲ
1937 628 2036 699 τὴν
2086 629 2373 702 ἐπαινετὴν
2418 633 2707 700 ἀπάθειαν,
2758 636 2851 688 καὶ
2900 637 3081 691 πᾶσαν
3132 637 3230 709 τὴν
3285 637 3418 710 ἀρε-

1842 723 1960 792 τήν.

1915 810 2054 866 XIX.
2087 813 2192 868 Sed
2227 830 2325 870 nec
2357 816 2491 884 fugit
2532 816 2862 886 diligentiam
2910 819 3143 889 lprensis
3179 820 3416 890 episcopi

1844 901 2018 958 istboc
2062 903 2311 976 Or-igeuis
2345 907 2757 962 deliramentum
2793 910 2902 980 jam
2948 922 3074 964 ante
3105 922 3345 965 notatum
3384 928 3416 965 ιι

1844 991 2414 1067 Magdeburgensibus,
2433 1012 2579 1055 cent.
2620 1017 2706 1064 ttt,
2739 1017 2858 1072 cap.
2889 1003 2974 1068 10,
3002 1005 3142 1072 quod
3177 1005 3418 1057 luculen-

1844 1098 1927 1142 ter
1957 1092 2194 1161 exagitat
2230 1102 2356 1146 ιοιιι.
2382 1091 2422 1159 Ι,
2453 1093 2545 1148 lib.
2575 1110 2648 1162 vt,
2681 1109 2801 1164 cap.
2835 1095 2902 1149 12
2927 1105 2978 1150 et
3011 1095 3096 1162 15,
3133 1108 3187 1151 et
3225 1098 3417 1166 prfeci-

1841 1194 1944 1246 pue
1987 1180 2081 1233 lib.
2119 1196 2168 1234 tv
2212 1183 2340 1236 tomi
2386 1181 2650 1250 ejusdem,
2694 1199 2812 1253 cap.
2849 1185 2934 1248 19,
2989 1185 3076 1238 ubi
3109 1188 3245 1240 hanc
3273 1185 3416 1240 ἀπά-

1843 1269 1997 1323 θειαν
2041 1286 2072 1325 e
2105 1271 2588 1343 Pythagoreorum,
2623 1274 2955 1340 Stoicorum,
2983 1276 3253 1345 Diogenis,
3284 1275 3416 1347 Pyr-

1844 1362 2029 1416 rhonis
2070 1364 2406 1433 aliorumque
2447 1365 2890 1436 philosophorum
2926 1368 3127 1421 scholis
3167 1383 3415 1422 manasse

1841 1455 2194 1509 demonstrat.
2245 1455 2298 1508 ln
2347 1472 2454 1524 quo
2485 1457 2653 1511 miror
2681 1457 2784 1513 hoc
2812 1458 3080 1512 excidisse
3114 1475 3128 1512 :
3165 1477 3184 1510 ι
3231 1462 3416 1526 Quan-

1839 1559 2000 1613 quam
2025 1561 2122 1599 nec
2149 1545 2407 1615 Origenes
2436 1548 2595 1618 hujus
2620 1549 3064 1620 impassibilitatis
3087 1551 3293 1619 primus
3319 1565 3416 1603 au-

1839 1644 1955 1690 ctor
1984 1636 2102 1692 fuit.
2151 1637 2286 1691 Nam
2341 1649 2398 1692 ut
2439 1640 2572 1694 nihil
2603 1642 2668 1695 de
2704 1639 3000 1697 Manichazo
3027 1642 3412 1697 dicam.........

1833 1726 1946 1796 jam
1976 1729 2105 1782 olim
2141 1728 2308 1783 Stoici
2336 1739 2594 1798 putantur
2627 1731 2794 1786 fuisse
2841 1732 2984 1787 illius
3010 1731 3278 1796 ἀπαθείας
3313 1748 3413 1787 au-

1838 1829 2038 1872 ctores.
2078 1838 2096 1870 »
2130 1818 2292 1885 Quasi
2315 1819 2600 1890 Origenem
2634 1821 2960 1877 Manichacus
2995 1832 3235 1892 tempore
3271 1839 3414 1894 prte-

201 1921 242 1958 se
274 1907 471 1974 probat;
502 1907 613 1975 (cui
647 1907 1040 1961 enumerationi
1084 1907 1411 1961 contrariam
1449 1921 1477 1959 a
1519 1905 1734 1976 Pelagio
1765 1882 1808 1936 Β
1837 1909 2098 1974 cesserit,
2155 1925 2314 1978 quem
2373 1922 2578 1966 certum
2629 1921 2714 1967 est
2764 1914 2919 1967 annis
2983 1922 3106 1982 post
3165 1913 3414 1983 Origeuis

201 1996 482 2059 institutam,
517 2012 714 2051 eorum
743 1998 968 2062 scilicet,
1007 2014 1026 2048 ι
1059 1999 1147 2066 qui
1177 2013 1280 2050 non
1305 1995 1462 2050 modo
1487 2011 1590 2049 non
1617 2011 1736 2065 pec-

196 2103 335 2149 casse,
366 2090 454 2141 sed
482 2089 653 2143 etiam
680 2089 825 2156 juste
849 2089 1051 2142 vixisse
1085 2088 1409 2152 referuntur,
1459 2106 1478 2140 ι
1513 2087 1734 2141 exhibet

193 2181 479 2248 Augustinus
523 2181 582 2234 iu
616 2181 713 2234 lib.
748 2179 823 2233 De
850 2192 1037 2233 natura
1074 2192 1118 2234 et
1153 2183 1348 2250 gratia,
1397 2196 1518 2249 cap.
1549 2181 1640 2245 55,
1670 2180 1736 2234 de

191 2286 269 2338 qua
305 2270 496 2324 consuli
553 2271 716 2324 velim
762 2270 958 2338 Pelagii
996 2270 1164 2340 ipsius
1192 2271 1471 2340 epistolam
1523 2271 1588 2324 ad
1633 2271 1735 2326 De-

165 2361 484 2424 .utetriadem,
509 2371 573 2414 et
609 2360 920 2432 Hieronymi
963 2361 1156 2414 librum
1186 2378 1199 2415 ι
1231 2364 1348 2416 adu.
1385 2361 1728 2433 Pelagium);

191 2451 317 2502 vitam
345 2453 480 2506 enim
518 2453 597 2507 ab
629 2454 938 2507 hominibus
967 2455 1224 2522 perfectis
1252 2465 1424 2508 actam
1461 2454 1732 2524 intelligit,

188 2537 427 2608 antequam
464 2544 538 2596 ad
574 2559 842 2596 summam
870 2544 1255 2612 perfectionem
1289 2546 1640 2614 erepsissent.
1676 2546 1731 2600 ld

187 2631 427 2684 ronlirmat
471 2633 621 2687 alter
679 2633 769 2687 ille
829 2635 977 2689 locus
1022 2651 1054 2689 e
1103 2647 1232 2691 tom.
1272 2653 1420 2691 xxxu
1451 2640 1504 2690 in
1543 2636 1730 2705 leam,

187 2737 303 2775 unm.
329 2723 406 2786 l2,
434 2739 568 2795 pag.
601 2725 710 2779 436
741 2745 754 2779 :
805 2727 1141 2798 Ἐμέμνηντο
1165 2729 1292 2801 γὰρ,
1319 2725 1492 2801 οἶμαι,
1525 2729 1733 2802 ἄνθρω-

184 2832 252 2869 ποι
277 2816 412 2882 ὅντες
439 2818 523 2871 ὅτι
565 2821 774 2891 τρεπτή
801 2823 946 2874 ἐστιν
974 2824 1006 2893 ή
1034 2823 1351 2895 προαίρεσις
1373 2823 1482 2876 τῶν
1506 2824 1584 2878 ἔτι
1610 2843 1736 2897 προ-

183 2911 467 2976 κοπτόντων,
520 2913 625 2964 atat
674 2913 1029 2986 ἐπιδεχομένη
1077 2916 1146 2969 τὰ
1184 2916 1400 2971 ἐναντία
1447 2917 1618 2971 θέλειν
1653 2915 1734 2982 οἷς

181 3000 401 3072 πρότερον
434 3001 729 3076 προέθετο.
793 3004 1095 3060 Mutahilem
1127 3023 1248 3063 esse
1302 3011 1377 3063 ait
1421 3026 1605 3065 eorum
1640 3026 1733 3065 vo-

182 3092 405 3147 luutatem
436 3097 531 3163 qui
571 3097 878 3164 proficiunt,
914 3114 1016 3152 non
1053 3100 1140 3168 qui
1177 3101 1392 3168 perfecti
1422 3111 1567 3157 sunt.

230 3186 290 3238 At
320 3189 399 3241 vix
438 3189 614 3241 ullam
662 3189 898 3242 admittit
929 3193 1362 3255 excusationem,
1393 3193 1538 3260 quod
1569 3193 1636 3246 ab
1663 3209 1729 3247 co

179 3279 396 3345 scriptum
437 3290 524 3334 est
570 3291 702 3334 tom.
743 3297 816 3334 xtt
870 3282 924 3336 in
964 3281 1155 3337 Matth.
1189 3300 1338 3337 num.
1369 3283 1460 3349 25,
1501 3286 1590 3339 ubi
1627 3286 1728 3342 hoc

178 3367 340 3425 Christi
381 3375 444 3424 ad
483 3373 714 3426 Petrum
752 3388 1031 3442 exponens
1078 3391 1093 3428 :
1155 3392 1174 3426 ι
1225 3374 1546 3430 Scaudalum
1595 3377 1726 3432 tnihi

177 3459 289 3524 es“,
325 3480 342 3511 ι
376 3461 581 3530 quaerit
613 3463 886 3530 tlUOtttOdO
919 3473 1064 3517 stare
1091 3464 1218 3516 illud
1256 3465 1426 3534 possit
1462 3480 1585 3519 cum
1623 3465 1728 3520 isto

177 3550 420 3623 Propheta:
453 3575 467 3611 :
504 3576 522 3608 ι
563 3557 672 3610 Pax
720 3555 882 3608 multa
917 3557 1259 3627 diligentibus
1294 3548 1486 3612 nomen
1521 3558 1634 3624 Dei,
1670 3566 1726 3612 et

177 3655 357 3698 nonest
384 3647 488 3700 illis
517 3647 843 3700 scandalum
868 3646 944 3706 ⁸⁷;
983 3667 1000 3698 ι
1028 3658 1082 3700 et
1103 3648 1206 3702 isto
1226 3647 1465 3717 Apostoli
1494 3665 1507 3701 :
1539 3667 1558 3700 ι
1588 3647 1728 3702 Cha-

177 3734 281 3788 ritas
309 3754 583 3807 nunquam
619 3738 885 3791 excidit“
919 3755 932 3790 :
973 3758 992 3790 ι
1026 3741 1421 3808 respondetque
1460 3756 1564 3794 non
1598 3741 1724 3795 Ser-

175 3837 378 3881 vatnrcm
422 3831 612 3894 modo,
649 3829 745 3883 sed
786 3837 839 3882 et
879 3845 1001 3882 eum
1056 3829 1146 3896 qui
1195 3829 1249 3883 in
1296 3831 1562 3885 charitatc
1599 3845 1724 3900 pcr-

177 3915 426 3972 iectionem
459 3921 700 3988 adeptus
734 3928 836 3984 est,
877 3919 1132 3974 seandalo
1165 3919 1454 3974 obnoxium
1502 3935 1605 3974 non
1633 3935 1718 3974 es-

174 4025 246 4076 se;
285 4013 370 4065 sed
399 4027 528 4066 eum
568 4021 752 4066 tamen
785 4013 874 4080 qui
910 4021 1115 4080 peccat,
1149 4021 1408 4080 quantum
1441 4012 1492 4065 in
1524 4027 1584 4066 se
1616 4023 1720 4078 est,

173 4103 448 4156 seandalunt
503 4106 636 4158 huic
674 4103 932 4173 praebere.
975 4103 1296 4157 Damnosum
1347 4117 1471 4157 vero
1512 4104 1724 4173 penitus

169 4189 283 4245 istud
307 4197 446 4261 quod
472 4195 716 4249 habetur
745 4196 929 4247 eodem
965 4205 1129 4257 tomo,
1159 4210 1306 4247 num.
1332 4193 1384 4257 4,
1418 4209 1539 4262 pag.
1577 4194 1680 4248 516
1705 4211 1718 4246 :

176 4280 220 4335 '0
248 4280 330 4337 οὖν
356 4287 774 4358 ἀναμάρτητος,
811 4287 902 4339 καὶ
931 4286 1126 4356 μηκέτι
1154 4285 1404 4356 δεόμενος
1433 4284 1540 4338 τῶν
1575 4301 1724 4355 νομι-

165 4375 254 4427 κῶν
297 4379 497 4432 θυσιῶν
543 4377 894 4448 ὑπερϐέϐηκε
939 4377 1242 4440 τελειωθεὶς
1300 4377 1439 4448 τάχα
1493 4377 1585 4430 καὶ
1629 4377 1722 4429 τὸν

167 4470 506 4536 πνευματικὸν
529 4469 718 4539 νόμον,
745 4469 838 4521 καὶ
858 4467 1077 4536 γέγονεν
1107 4470 1171 4520 ὲκ
1191 4465 1268 4537 τῷ
1290 4467 1431 4537 ὑπὲρ
1455 4467 1615 4520 αὑτὸν
1647 4466 1724 4519 νό-

1834 2001 2038 2055 obitum
2073 2001 2293 2057 circiter
2323 2004 2514 2074 viginti
2559 2013 2613 2059 et
2664 2019 2770 2058 uno
2819 2004 3062 2059 haeresim
3095 2019 3246 2059 suam
3290 2019 3412 2072 pro-

1838 2093 2124 2163 mulgasse.
2161 2093 2294 2148 Tum
2343 2097 2445 2149 hac
2474 2096 2613 2162 loco,
2669 2105 2724 2150 et
2765 2095 2856 2149 lib.
2901 2111 2976 2162 vt,
3027 2110 3147 2164 cap.
3182 2095 3249 2149 12
3279 2097 3409 2150 tomi

1834 2191 2102 2257 ejusdem,
2166 2187 2588 2255 Priscillianum,
2655 2188 3034 2254 Mauicltteum,
3098 2183 3408 2258 Gnosticos,

1835 2281 2119 2350 Evagrium
2181 2281 2620 2353 Hyperboritam,
2677 2280 3042 2347 Joviniauum,
3108 2279 3408 2349 Pelagium,

1837 2373 2108 2442 totiusque
2161 2387 2299 2439 pene
2353 2371 2526 2443 Syria:
2581 2371 2870 2426 haereticos
2916 2371 3216 2425 doctrinam
3270 2373 3411 2425 hanc

1834 2465 1902 2519 ab
1948 2464 2521 2534 Origene'sumpsisse
2574 2473 2796 2518 auctore
2850 2465 3006 2518 docet
3044 2462 3406 2534 Hieronymo;

1835 2556 2083 2626 interque
2119 2571 2214 2610 eos
2245 2556 2532 2626 Evagriqu
2567 2555 2763 2609 librum
2802 2556 3036 2610 edidisse
3082 2554 3226 2631 ῌερὶ
3256 2554 3409 2608 ἀπα-

1834 2649 2016 2714 θείας,
2062 2649 2152 2718 qui
2198 2663 2227 2701 ιι
2257 2647 2452 2701 Rutino
2483 2647 2672 2700 Latine
2700 2663 2994 2702 conversus
3028 2658 3129 2702 est.
3171 2646 3412 2702 Salerter

1833 2741 2028 2794 deinde
2076 2739 2328 2794 observat
2367 2755 2472 2793 non
2526 2739 2660 2793 satis
2713 2749 2870 2794 eunte
2920 2738 3302 2809 Hieronymum
3355 2737 3409 2789 iu

1833 2829 1990 2896 epist.
2047 2829 2112 2881 ad
2159 2826 2407 2898 Ctesiph.
2458 2838 2646 2882 contra
2692 2828 2874 2897 Pelag.
2939 2844 3056 2898 cap.
3119 2827 3182 2893 2,
3237 2837 3292 2882 et
3353 2827 3406 2880 in

1833 2935 2063 2989 prooem.
2113 2919 2177 2973 ad
2225 2917 2436 2989 Dialog.
2489 2931 2671 2973 contra
2713 2919 2896 2989 Pelag.
2952 2930 3006 2973 et
3061 2919 3114 2971 in
3171 2931 3403 2987 promtu.

1833 3007 2121 3062 Comment.
2155 3008 2209 3061 in
2243 3006 2466 3074 Jerem.,
2506 3008 2597 3062 lib.
2623 3024 2698 3073 tv,
2732 3009 3048 3062 distinxisse
3074 3009 3162 3062 illa
3183 3009 3309 3072 duo,
3331 3008 3408 3061 fa-

1832 3100 2088 3154 cultatem
2121 3099 2323 3152 habere
2352 3115 2454 3151 non
2487 3100 2766 3169 peccandi,
2803 3109 2982 3153 etnon
3009 3101 3210 3153 habere
3235 3100 3408 3154 facul-

1836 3199 1996 3245 tatem
2024 3189 2318 3259 peccandi;
2359 3189 2460 3243 hoc
2486 3199 2587 3252 est,
2618 3206 2768 3257 posse
2796 3207 2898 3242 non
2936 3206 3169 3258 peccare,
3209 3203 3261 3245 et
3302 3207 3406 3245 non

1831 3297 1980 3351 posse
2009 3295 2239 3349 peccare.
2269 3279 2506 3345 Quorum
2528 3279 2757 3333 alterum
2782 3295 2812 3333 e
2841 3280 3014 3335 libero
3037 3281 3231 3349 pendet
3255 3281 3370 3334 arbi
3387 3309 3406 3322 -

1834 3374 1955 3437 trio,
1993 3388 2100 3442 quo
2128 3372 2189 3425 tit
2222 3380 2277 3424 ut
2307 3385 2595 3440 possumus
2623 3386 2872 3441 peccare,
2903 3371 2986 3425 vel
3019 3388 3124 3426 non
3155 3387 3404 3442 peccare,

1829 3464 2016 3534 gratiae
2046 3463 2206 3516 modo
2255 3462 2321 3516 ad
2363 3462 2413 3514 id
2455 3471 2783 3530 postremum
2819 3473 3067 3533 suppetat
3113 3464 3404 3530 auxilium;

1828 3554 2056 3608 alterum
2088 3568 2217 3607 vero
2250 3552 2457 3607 arbitrii
2497 3552 2715 3606 humani
2753 3555 3054 3608 libertatem
3093 3553 3249 3620 tollit,
3284 3562 3340 3607 et
3374 3570 3405 3607 a

1833 3643 2224 3697 Valentinianis
2257 3643 2717 3712 propugnabatur,
2757 3645 2847 3711 qui
2878 3645 3123 3699 homines
3161 3661 3406 3714 πνευμα-

1823 3736 2010 3799 τικοὺς
2054 3733 2169 3803 ejus
2201 3750 2319 3790 esse
2368 3736 2620 3789 volebant
2675 3745 2905 3800 naturai,
2958 3750 3076 3804 qua:
3128 3744 3406 3805 peccatum

1823 3829 1971 3884 nullo
1993 3830 2152 3882 modo
2175 3829 2478 3897 reciperet:
2504 3828 2645 3893 quod
2670 3829 2893 3898 dogma.
2914 3828 3291 3898 dogmatisque
3310 3844 3406 3879 au-

1823 3931 2003 3974 ctores
2047 3919 2320 3988 perpetuis
2357 3918 2764 3972 velitationibus
2818 3918 3078 3985 Origenes
3141 3920 3401 3987 urgebat;

1825 4025 2099 4080 nunquam
2139 4027 2242 4064 non
2278 4011 2380 4064 hoc
2413 4010 2713 4075 inculcans,
2751 4011 2953 4064 nullam
3002 4025 3121 4066 esse
3155 4019 3402 4064 naturam

1823 4118 1942 4171 qua:
1983 4117 2085 4155 non
2126 4101 2196 4154 sit
2238 4102 2362 4155 boui
2419 4109 2472 4156 et
2513 4101 2638 4154 mali
2673 4116 2872 4170 capax,
2911 4101 3045 4156 adeo
3091 4110 3147 4155 ut
3197 4116 3263 4156 ne
3299 4101 3404 4169 ipsi

1825 4195 2040 4265 quidem
2070 4193 2245 4263 angeli
2291 4209 2319 4246 a
2365 4202 2608 4262 peccato,
2659 4193 2976 4263 peccatique
3016 4193 3192 4262 pinnis
3217 4202 3404 4248 essent

1824 4287 2112 4340 immunes.
2155 4283 2447 4354 Pcrperam
2495 4299 2623 4350 ergo
2661 4283 3016 4353 Hieronymus
3047 4284 3098 4337 iu
3135 4285 3295 4354 epist.
3331 4284 3399 4337 ad

1822 4377 2083 4446 Ctesiph.,
2110 4392 2228 4445 cap.
2262 4378 2314 4442 l,
2342 4375 2742 4448 ἀναμάρτητον,
2777 4376 2916 4430 idem
2937 4390 3055 4430 esse
3071 4385 3237 4439 retur,
3259 4375 3401 4448 quod

1823 4472 1934 4523 sine
1952 4479 2196 4540 peccato;
2217 4485 2335 4522 nam
2365 4471 2763 4542 ἀναμάρτητον,
2783 4478 2885 4535 est,
2916 4468 3141 4536 iucapaa:
3165 4469 3360 4536 peccati
3383 4483 3403 4523 :

168 4575 253 4626 μῳ.
285 4560 562 4614 Pra-terea
615 4572 750 4612 tom.
785 4573 854 4612 xv
901 4561 953 4611 iu
1001 4560 1142 4612 idem
1169 4559 1538 4627 Evangelium,
1573 4574 1718 4610 num.
1759 4581 1804 4635 ι)
1834 4563 2099 4632 perfectos
2132 4573 2309 4616 autem
2344 4577 2446 4615 nou
2479 4564 2762 4631 incapaees
2797 4561 3003 4630 peccati
3037 4560 3252 4614 volebat
3282 4559 3404 4615 Ori-

165 4650 206 4710 6,
234 4668 342 4719 pag.
387 4654 520 4716 659,
567 4654 739 4706 tradit
772 4667 966 4719 pueros
1005 4653 1201 4718 quibus
1239 4667 1428 4706 manus
1472 4650 1725 4720 imposuit

161 4739 312 4807 lesus,
340 4745 455 4812 jam
485 4746 728 4813 amplius
756 4746 1056 4798 daemonum
1087 4745 1379 4798 assultibus
1405 4743 1488 4796 vel
1517 4744 1724 4812 peccati

163 4834 402 4892 illecebris
436 4840 665 4907 percelli
701 4855 805 4892 non
829 4855 1014 4908 posse;
1047 4847 1100 4892 ct
1127 4855 1276 4891 ιιιιιιι.
1312 4839 1396 4901 l7,
1429 4855 1549 4908 pag.
1575 4838 1678 4892 676
1711 4859 1722 4893 :

193 4922 300 4996 ὗτος
335 4933 398 5005 δὴ
427 4937 458 4987 ό
487 4931 1073 5002 ἀνθυπαλλασσόμενος
1109 4931 1229 4984 ἀντὶ
1260 4930 1486 4984 πλούτου
1513 4933 1722 4996 πενίαν,

163 5021 279 5092 ὑπὲρ
323 5025 416 5078 τοῦ
461 5019 680 5086 τέλειος
709 5023 979 5090 γενέσθαι,
1027 5023 1268 5085 πεισθεὶς
1290 5026 1401 5085 τοῖς
1437 5023 1607 5094 Ἰησοῦ
1636 5024 1725 5075 λό-

157 5129 273 5180 γοις,
301 5118 520 5189 ἀθρόως
546 5117 615 5169 ἂν
641 5115 954 5188 βοηθηθείη,
988 5117 1063 5180 ὡς
1109 5116 1202 5169 καὶ
1235 5118 1282 5168 οἱ
1312 5115 1597 5168 ἀπόστολοι
1633 5115 1728 5168 τοῦ

153 5202 388 5274 Χριστοῦ,
426 5209 569 5281 πρὸς
634 5207 698 5259 τὸ
739 5207 990 5277 γενέσθαι
1036 5207 1196 5275 σοφὸς
1247 5209 1305 5260 ὲν
1357 5207 1598 5276 Χριστῷ,
1636 5208 1730 5260 καὶ

152 5293 392 5366 ἀνδρεῖος,
437 5301 540 5352 καὶ
580 5299 811 5361 δίκαιος,
836 5300 929 5351 καὶ
953 5298 1205 5368 σώφρων,
1235 5299 1326 5351 καὶ
1351 5297 1507 5360 ἐκτὸς
1531 5298 1730 5361 παντὸς

153 5386 350 5451 πάθους·
414 5390 665 5461 φήσειδὲ
695 5392 723 5443 ό
768 5389 940 5454 οὕτως
996 5389 1448 5460 ἀπολογούμενος,
1501 5390 1583 5441 ὅτι
1633 5390 1731 5442 οὐκ

151 5474 338 5552 ἀνάγκη
363 5482 531 5535 τοῦτο
580 5481 845 5552 νοηθῆναι
874 5482 1040 5552 αὐτῆς
1065 5483 1276 5552 ἡμέρας
1307 5480 1613 5550 ἀπαντῆσαι
1629 5480 1726 5550 ῖτῷ

150 5565 516 5644 ἁπώεδομένῳ
563 5575 637 5627 τὰ
692 5573 1025 5643 ὑπάρχοντα,
1087 5575 1182 5626 καὶ
1229 5572 1420 5625 διδόντι
1455 5574 1721 5641 πτωχοῖς·

154 5655 246 5709 ἀλλ’
299 5664 432 5726 ἴσως
485 5665 582 5716 ἀπ’
615 5663 834 5734 ἐκείνης
883 5664 980 5734 μὲν
1034 5665 1132 5733 τῆς
1175 5663 1384 5734 ἡμέρας
1433 5661 1654 5726 ἄοξεται
1689 5664 1722 5730 ὴ

209 5844 248 5871 ’θ
289 5842 488 5896 Matth.
527 5861 640 5908 xvi,
668 5845 756 5899 23.
825 5845 865 5875 ⁸⁷
903 5839 1046 5897 ινδειι.
1093 5859 1281 5904 cxvnt,
1307 5842 1424 5897 163.

1834 4669 2016 4724 genes,
2071 4669 2245 4723 neque
2286 4654 2553 4724 Pelagius,
2595 4655 2687 4706 sed
2728 4663 2949 4721 peccato
2987 4668 3174 4707 carere
3207 4667 3402 4722 posse;

1835 4746 1946 4801 imo
1971 4761 2100 4800 vero
2132 4748 2460 4817 prmdicabat
2492 4746 2738 4817 Pelagius
2767 4763 2870 4801 non
2897 4747 2948 4800 id
2972 4747 3080 4815 agi,
3104 4756 3282 4799 utrum
3305 4745 3404 4799 ali-

1834 4836 1955 4904 quis
1997 4843 2199 4905 peccati
2259 4852 2354 4906 per
2406 4849 2572 4892 totam
2624 4839 2785 4890 vitam
2836 4837 3024 4890 fuisset
3061 4851 3272 4902 exsors,
3307 4835 3400 4890 sed

1837 4938 2014 4981 utrum
2051 4930 2294 4982 homines
2325 4929 2529 4996 peccati
2571 4939 2817 4981 exsortes
2858 4943 2977 4980 esse
3009 4935 3228 4994 queant,
3260 4922 3400 4992 quod

1833 5036 1930 5088 per
1977 5019 2186 5072 arbitrii
2227 5019 2383 5074 liberi
2416 5021 2560 5074 vires
2606 5020 2719 5073 fieri
2767 5032 2927 5086 posse
2963 5016 3293 5076 afﬁrmabat;
3333 5023 3403 5080 ,ει

1832 5112 2187 5166 Adamantius
2215 5126 2428 5180 quoque
2469 5112 2736 5165 nemiuem
2773 5111 2890 5164 sine
2927 5117 3152 5178 peccato
3196 5107 3400 5176 vixisse

1835 5203 2078 5270 putabat,
2111 5211 2168 5253 ut
2199 5217 2357 5270 supra
2397 5202 2533 5254 dixi.
2564 5202 2723 5270 Atqui
2758 5203 2871 5253 lieri
2904 5215 3059 5268 posse
3089 5216 3194 5253 non
3234 5215 3400 5267 nega-

1833 5293 1925 5346 bat
1955 5293 2290 5361 Augustiuus
2319 5303 2375 5344 ut
2399 5307 2520 5346 esse
2547 5302 2730 5360 posset
2753 5295 2912 5348 homo
2949 5295 3000 5348 in
3036 5295 3135 5347 hac
3160 5294 3266 5347 vita
3286 5295 3402 5348 sine

1835 5396 2080 5453 peccato,
2111 5384 2162 5436 id
2195 5383 2350 5436 modo
2373 5384 2561 5451 gratiae
2587 5384 2808 5448 auxilio,
2832 5399 2937 5438 non
2970 5395 3174 5439 natura:
3198 5383 3400 5440 viribus
3455 5443 3462 5449 ,

1833 5477 2128 5530 referretur
2155 5483 2428 5544 acceptum
2459 5491 2472 5527 :
2502 5490 2520 5524 ι
2547 5472 2680 5527 Nam
2705 5476 2792 5542 qui
2815 5476 3024 5540 dicunt,
3056 5495 3074 5529 ι
3098 5477 3270 5546 inquit
3297 5475 3390 5530 lib.
3415 5470 3418 5473 ’

1838 5568 1914 5622 De
1953 5575 2148 5636 peccat.
2177 5582 2328 5628 mer.,
2363 5566 2458 5622 lib.
2487 5581 2550 5631 ιι,
2587 5582 2708 5636 cap.
2735 5564 2789 5630 6,
2826 5583 2844 5618 ι
2881 5582 2999 5622 esse
3027 5569 3260 5638 possein
3295 5567 3398 5622 hac

1824 5659 1938 5715 vita
1961 5660 2233 5714 hominem
2265 5661 2378 5714 siue
2407 5673 2646 5731 peccato,
2680 5674 2784 5714 non
2820 5669 2901 5715 est
2931 5661 3008 5716 eis
3031 5662 3290 5717 continuo
3318 5661 3402 5715 iu-

1505 5842 1548 5872 ⁸⁸
1589 5839 1762 5894 lCor.
1807 5856 1926 5907 χιιι,
1958 5839 2010 5894 8.

2775 23 3000 32 ‘1“..12
3021 29 3030 33 -
3043 20 3306 35 _‘_":;_.;___:'
3241 20 3254 26 ⁵
3323 22 3338 34 _'
3347 22 3380 35 _'_
3415 20 3575 34 _______'*
3471 20 3488 22 -
3563 19 3576 24 ν
3602 29 3611 33 ,
3621 20 3628 23 -
