3916 6560
466 437 575 500 939

1743 430 1804 487 P.
1843 427 2159 485 DANIELIS
2194 424 2426 483 llUETll

3624 420 3724 477 960

466 560 628 615 cauta
657 555 962 612 temeritate
999 551 1394 609 obsistendum.
1429 551 1520 607 Sic
1537 550 1680 605 enim
1718 565 1837 606 esse
1884 564 2042 618 posse
2070 553 2118 611 Δ
2147 546 2392 601 renovari
2421 536 2488 598 ad
2539 542 2911 614 pmnitcntiatn
2936 583 2950 609 ,
2988 554 3199 599 rursum
3249 532 3630 613 crucifigentes
3658 532 3725 595 si-

470 638 870 718 negaverinms,
922 656 973 700 et
1020 646 1258 700 hominis
1302 643 1477 698 libero
1524 642 1771 706 arbitrio,
1815 644 1906 711 qui
1948 644 2051 698 hoc

470 742 697 795 volendo
738 739 965 808 appetit,
990 748 1044 791 et
1071 737 1161 790 Dei
1189 737 1377 789 virtuti
1408 736 1491 789 vel
1523 736 1923 799 misericordiae,
1958 736 2050 805 qui

470 820 574 883 hoc
601 829 911 899 adiuvando
939 827 1125 891 eﬂicit,
1151 825 1554 897 derogabimus.
1585 847 1603 880 ι
1643 815 1750 882 Nec
1775 827 1904 881 satis
1929 842 2053 896 pro-

470 914 585 987 prie
616 920 757 974 idem
792 918 1155 990 Hieronymus
1190 919 1241 972 in
1273 924 1505 987 pt'Otem.
1547 918 1643 975 lib.
1685 928 1734 973 tv
1759 918 2046 972 Comment.

469 1027 524 1064 ιη
551 1008 773 1073 Jerem.,
801 1008 1216 1080 ἀναμαρτήτων
1265 998 1561 1079 réddidiSse
1592 1009 1824 1071 videtur,
1858 1009 2052 1077 intpec—

469 1100 722 1161 cuntiam,
761 1100 809 1153 id
838 1110 943 1165 est,
973 1116 1076 1152 non
1102 1110 1347 1168 peccare;
1375 1097 1525 1166 quod
1556 1099 1879 1152 reddendum
1910 1108 2048 1161 erat,

467 1184 976 1260 impecrubilitatem,
1012 1186 1064 1246 id
1105 1196 1210 1255 est,
1252 1207 1353 1244 nou
1391 1206 1542 1258 posse
1579 1195 1812 1260 peccare.
1855 1188 2051 1257 Perpe-

468 1300 583 1341 ram
622 1293 834 1357 (tuoque
859 1287 1116 1355 scriptum
1146 1284 1212 1357 ab
1237 1298 1302 1339 eo
1332 1296 1415 1338 cst
1444 1298 1671 1353 promtu.
1704 1275 1915 1351 Dialog.
1948 1282 2049 1335 ad-

467 1397 599 1434 vers.
632 1374 813 1449 Pelag.
857 1396 874 1433 :
908 1400 926 1431 ι
962 1372 1092 1433 lllud
1131 1382 1309 1432 autem
1355 1376 1603 1448 Origeuis
1642 1378 1914 1445 proprium
1942 1386 2046 1438 est,

466 1485 589 1525 esse
615 1462 890 1539 possibile,
925 1485 1046 1523 cum
1092 1484 1151 1523 se
1189 1467 1386 1538 aliquis
1413 1464 1477 1519 ad
1513 1466 1732 1519 meliora
1766 1475 2048 1519 converte-

468 1552 564 1624 rit,
595 1562 660 1615 ad
693 1571 895 1615 tantam
926 1556 1290 1615 fortitudinem
1327 1562 1638 1629 pervenire,
1673 1570 1729 1614 ut
1751 1561 1888 1613 ultra
1921 1574 2047 1628 pec-

467 1646 593 1705 care
638 1668 742 1705 non
791 1652 982 1721 possit,
1018 1670 1036 1703 ι
1073 1665 1171 1719 pro
1198 1666 1261 1704 eo
1294 1651 1435 1719 quod
1470 1650 1713 1703 scribere
1747 1650 1951 1713 debuit,
1992 1658 2047 1702 ut

466 1743 607 1796 ultra
642 1761 743 1797 non
771 1760 984 1810 peccare
1011 1744 1197 1813 possit.
1223 1742 1469 1796 Geuuina
1501 1757 1627 1813 ergo
1653 1756 1714 1795 ea
1735 1740 1837 1794 fuit
1859 1739 2047 1809 Origeé

468 1836 552 1888 nis
586 1838 878 1901 Sententia,
913 1836 1159 1890 homines
1209 1840 1397 1889 omnes
1444 1831 1680 1903 peccatis
1732 1848 1850 1887 esse
1883 1835 2047 1888 Obno-

469 1926 617 1991 xios;
644 1925 736 1995 qui
763 1940 891 1979 vero
916 1925 1263 1994 acquirendze
1291 1925 1503 1989 virtuti,
1532 1934 1587 1978 et
1617 1923 1827 1978 delictis
1854 1939 2045 1991 expur-

464 2016 659 2085 gantlis
685 2015 893 2071 dederit
922 2031 1166 2086 operam,
1191 2025 1246 2071 et
1282 2018 1349 2071 ad
1372 2016 1756 2086 perfectionem
1787 2031 2045 2070 conscen-

467 2106 632 2170 derit,
660 2106 915 2161 vitiorum
940 2107 1289 2162 incitamenta
1319 2107 1555 2177 propriis
1580 2102 1784 2162 viribus
1808 2121 2048 2174 pessum-

468 2194 600 2255 dare
640 2215 803 2271 posse
832 2201 877 2255 Si
906 2200 1052 2267 velit,
1086 2203 1152 2254 ab
1191 2202 1363 2270 iisque
1396 2197 1707 2270 neutiquam
1739 2200 1954 2255 tentari.
1983 2202 2043 2256 In

467 2300 577 2362 quo
620 2284 874 2364 geminus
913 2305 996 2349 est
1027 2310 1204 2356 error,
1260 2295 1403 2364 quod
1434 2295 1608 2349 virum
1635 2294 1935 2365 perfeCtum
1977 2292 2046 2349 ad

467 2382 762 2441 calcandas
794 2388 1003 2457 peccati
1056 2376 1595 2455 blanditiasgratize'
1638 2388 1892 2459 prasidlo
1937 2403 2045 2443 non

464 2482 630 2546 egere
663 2478 815 2543 velit,
846 2488 901 2532 et
932 2479 1073 2547 quod
1106 2478 1496 2533 tentationibus
1524 2496 1647 2534 eum
1681 2480 1903 2534 minime
1927 2494 2048 2549 per-

466 2568 586 2622 celli
622 2580 873 2633 censeat;
904 2586 1026 2625 cum
1066 2581 1275 2626 certum
1303 2572 1373 2625 sit
1407 2571 1572 2624 vitam
1604 2571 1837 2626 hominis
1872 2583 2047 2626 certa-

468 2676 590 2713 men
629 2676 752 2716 esse
802 2674 1150 2732 perpetuum,
1192 2672 1244 2717 et
1297 2661 1465 2719 Paulo
1506 2663 1608 2734 ipsi
1649 2663 1830 2719 datum
1880 2664 2048 2722 fuisse

467 2750 750 2808 stimulum
787 2754 989 2809 carnis.

541 2844 656 2901 XX.
700 2842 1164 2911 Quemadmodum
1194 2856 1413 2901 evectos
1435 2844 1499 2901 ad
1530 2863 1802 2902 summum
1832 2850 2049 2905 virtutis

467 2937 678 3003 apicem
708 2937 954 2989 homines
987 2938 1223 3004 peccatis
1257 2938 1527 2992 obnoxios
1561 2955 1665 2992 non
1700 2955 1821 2994 esse
1855 2940 2047 2994 delini-

468 3025 543 3080 vit
574 3026 963 3092 Adamantius;
1000 3029 1070 3081 ita
1109 3030 1408 3083 asSeruisse
1444 3031 1590 3085 visus
1617 3040 1701 3086 est
1748 3046 1852 3085 non
1889 3048 2049 3102 posse

464 3132 559 3171 eos
609 3131 890 3187 emergere
918 3133 948 3170 a
988 3117 1158 3184 vitiis,
1194 3126 1249 3173 et
1298 3112 1365 3173 ad
1402 3120 1660 3175 virtutem
1710 3124 1951 3192 regredi,
1983 3138 2047 3178 ac

2156 636 2459 706 bimetipsis
2490 632 2683 689 Filium
2718 635 2838 702 Dei,
2874 638 2929 689 et
2954 634 3192 689 ostentui
3224 635 3486 689 habentes
3511 649 3527 697 ;
3551 644 3571 684 δ
3601 640 3724 686 hec-

2157 744 2264 783 non
2297 737 2351 781 et
2399 729 2496 780 ist'a
2530 742 2560 780 e
2604 742 2721 794 cap.
2755 720 2845 791 10,
2895 740 3038 781 vers.
3090 725 3185 790 26,
3215 725 3321 780 27‘:
3362 744 3381 776 ι
3415 722 3725 779 Voluntaria

2152 819 2302 873 enim
2366 817 2717 888 peccantibus
2756 816 2915 871 nobis
2974 826 3099 887 post
3151 820 3429 887 acceptam
3482 815 3727 870 notitiam

2151 908 2552 977 veritatis,jam
2591 924 2695 963 non
2724 908 3052 976 relinquitur
3098 922 3194 979 pro
3236 909 3477 977 peccatis
3522 908 3722 971 hostia;

2153 1001 2417 1056 terribilis
2474 1011 2652 1055 autem
2702 995 2950 1069 quazdam
2988 1003 3317 1071 exspectatio
3354 999 3569 1069 iudicii.
3598 1018 3619 1051 ι
3654 997 3729 1054 ln-

2150 1096 2217 1149 de
2241 1104 2295 1150 et
2317 1088 2560 1150 Novatus
2582 1095 2634 1148 in
2667 1095 2917 1149 haeresim
2950 1094 3198 1150 inductus
3224 1104 3325 1149 est.
3348 1095 3521 1161 Quam
3549 1102 3726 1163 autem

2153 1188 2240 1243 bis
2272 1185 2422 1242 Pauli
2481 1188 2613 1242 locis
2652 1186 3049 1258 expositionem
3100 1186 3345 1242 adhibuit
3382 1187 3725 1252 Philastrius,

2152 1278 2397 1332 eamdem
2429 1273 2760 1346 Origeniano
2784 1274 2861 1331 illi
2893 1290 3178 1344 possumus
3204 1275 3485 1331 adhibere.
3518 1274 3613 1330 Sic
3644 1270 3725 1329 illa

2150 1378 2209 1424 ‘se
2243 1369 2403 1424 habet
2424 1386 2544 1438 cap.
2591 1367 2699 1424 88:
2736 1380 2754 1420 ι
2800 1367 3195 1422 Poenitudiuem
3217 1368 3379 1422 etiam
3419 1382 3527 1422 non
3554 1359 3729 1421 exclu-

2148 1460 2229 1513 dit
2254 1459 2517 1523 docendo,
2550 1456 2644 1513 sed
2676 1458 2948 1512 diversum
2973 1458 3196 1529 gradum
3231 1457 3514 1530 dignitatis
3546 1466 3731 1511 osten-

2150 1550 2230 1603 ilit
2267 1551 2410 1604 inter
2438 1550 2581 1603 hunc
2615 1551 2703 1618 qui
2741 1550 3007 1618 integrum
3035 1548 3343 1611 custodivit,
3371 1557 3429 1602 et
3457 1547 3607 1601 illutn
3644 1549 3731 1616 qui

2149 1644 2414 1712 peccavit.
2454 1641 2743 1711 Dignitatis
2770 1649 2853 1695 est
2876 1641 3038 1711 igitur
3060 1639 3442 1693 detrimentum
3477 1641 3528 1692 in
3559 1654 3624 1693 eo
3646 1639 3731 1707 qui

2149 1734 2416 1805 peccavit,
2440 1742 2543 1786 non
2584 1733 2840 1788 damnum
2871 1732 3077 1787 salutis.
3111 1729 3246 1785 Nam
3282 1732 3327 1785 si
3371 1729 3586 1785 fortiter
3616 1731 3735 1799 quis

2153 1824 2480 1895 pugnaverit
2510 1838 2608 1893 per
2650 1823 3224 1893 martyrium,rccipiet
3250 1822 3531 1892 pristinam
3560 1822 3733 1892 digiti-

2151 1927 2314 1973 tatem
2347 1935 2363 1987 ;
2397 1928 2489 1972 aut
2513 1919 2558 1972 si
2584 1917 2849 1987 condigne
2876 1918 2927 1971 in
2958 1918 3061 1973 hoc
3090 1918 3287 1972 szeculo
3317 1917 3537 1982 vixerit,
3570 1918 3735 1987 impe-

2149 2021 2253 2069 trat
2286 2015 2429 2084 quod
2461 2014 2740 2069 desiderat
2775 2014 3018 2083 adipisci.
3053 2012 3187 2069 Nam
3234 2016 3284 2069 in
3337 2017 3452 2085 ipsa
3510 2018 3734 2086 epistola

2149 2106 2577 2175 rebaptizatores
2610 2106 2873 2170 excludit,
2908 2121 3013 2160 non
3048 2108 3374 2176 baptismum
3406 2113 3736 2180 poenitentiae

2149 2198 2401 2267 abnegat.
2461 2217 2479 2249 ι
2518 2198 2784 2253 Caeterum
2830 2198 3038 2253 consuli
3079 2200 3235 2253 velint
3286 2199 3502 2255 Sixtum
3535 2202 3737 2256 Senen-

2147 2306 2260 2346 setn
2289 2284 2384 2347 lib.
2412 2306 2464 2344 vt
2496 2289 2751 2345 Bibliotlt.
2780 2291 2964 2346 aduot.
2990 2291 3111 2358 119,
3140 2302 3191 2345 et
3218 2293 3310 2347 ltb.
3339 2310 3437 2357 vtt,
3466 2294 3663 2349 haares.
3681 2296 3735 2362 8,

2149 2384 2241 2455 qui
2291 2384 2406 2439 haec
2436 2384 2672 2454 aliaque,
2701 2401 2825 2440 cum
2869 2385 3202 2455 explicandae
3253 2384 3383 2439 huic
3420 2385 3575 2440 Pauli
3618 2404 3739 2442 sen-

2151 2479 2352 2545 tentiae,
2389 2488 2499 2531 tum
2556 2479 2826 2535 adversus
2860 2480 3155 2534 adductum
3187 2478 3441 2550 Origeuis
3497 2483 3740 2536 testimo-

2152 2570 2300 2624 nium
2340 2571 2579 2639 collegit.

2230 2659 2366 2715 XXI.
2406 2662 2598 2715 Mirum
2640 2680 2805 2734 porro
2841 2663 3159 2718 sentientem
3212 2661 3508 2733 Origenem
3562 2664 3744 2734 perfe-

2151 2766 2267 2808 ctos
2293 2755 2540 2810 homines
2565 2772 2719 2826 posse
2754 2773 2857 2809 non
2891 2746 3360 2824 pec‘care,dixisse
3395 2766 3582 2810 tamen
3607 2772 3744 2825 pne-

2150 2848 2320 2915 ('t'pliS
2344 2848 2540 2901 divinis
2569 2860 2775 2902 morem
2805 2849 2914 2915 geri
2944 2863 3047 2901 non
3074 2851 3250 2916 posse.
3272 2846 3369 2901 Cui
3406 2847 3744 2902 contrarium

2152 2936 2395 3008 Pelagius
2425 2937 2663 2990 decrevit
2705 2938 2756 2991 in
2799 2937 2911 2991 suis
2943 2935 3260 3001 Sententiis,
3306 2942 3443 2990 teste
3471 2934 3744 3007 Hierony-

2154 3045 2263 3095 tno,
2290 3030 2379 3097 qui
2417 3028 2509 3083 lib.
2544 3045 2557 3082 ι
2583 3041 2766 3082 contra
2794 3027 2975 3099 Pelag.
3006 3028 3122 3082 DEBC
3152 3028 3343 3083 scribit
3373 3047 3387 3079 :
3435 3046 3455 3081 ι
3498 3029 3746 3085 Centesi-

2153 3136 2273 3175 mus
2326 3119 2514 3175 titulus
2556 3130 2636 3173 est
2662 3160 2677 3185 ,
2713 3135 2869 3187 posse
2895 3118 3169 3172 hominem
3194 3118 3311 3172 sine
3343 3130 3569 3188 peccato
3599 3136 3742 3185 esse,

467 3204 714 3261 renovari
744 3223 837 3277 per
860 3200 1238 3277 pmuitcntiam
1268 3225 1383 3274 eos,
1429 3212 1519 3280 qui
1550 3222 1673 3280 post
1701 3223 1983 3282 acceptum
2016 3231 2044 3267 a
2073 3230 2115 3293 ε
2151 3222 2205 3266 et
2239 3200 2330 3266 Dei
2367 3211 2619 3265 mandata
2658 3212 2814 3265 facile
2850 3210 3125 3264 custodire
3146 3252 3159 3272 ,
3191 3210 3236 3263 si
3277 3210 3428 3265 velit.
3468 3231 3487 3264 ι
3526 3212 3617 3266 Sic
3648 3228 3743 3265 au-

468 3299 578 3354 Deo
604 3301 793 3369 gratia:
831 3301 1030 3354 divina:
1063 3300 1244 3355 lumen
1295 3302 1487 3357 iterutn
1530 3318 1650 3358 sese
1680 3306 1919 3374 peccatis
1947 3308 2045 3362 ob-

463 3386 786 3451 strinxerim
824 3416 837 3451 :
874 3395 1097 3451 Petrum
1131 3402 1347 3469 quidem
1373 3416 1494 3455 cum
1527 3396 1803 3457 Christum
1826 3406 2044 3473 ejuran-

466 3478 534 3537 tto
570 3486 834 3555 peccavit,
868 3490 1109 3543 nondum
1136 3492 1412 3559 accepisse
1446 3492 1707 3561 Spiritum
1747 3506 1996 3550 sanctum
2024 3514 2040 3557 ;

465 3575 623 3629 nobis
644 3590 773 3630 vero
797 3576 839 3630 si
867 3592 933 3631 eo
960 3591 1187 3647 accepto
1210 3583 1635 3649 peccaverimus,
1666 3599 1837 3652 neque
1864 3588 1915 3639 in
1944 3587 2046 3643 hoc

466 3667 684 3733 amcitia,
706 3683 879 3738 neque
899 3670 950 3724 in
974 3670 1158 3731 futuro
1188 3674 1398 3726 veniam
1425 3672 1493 3727 iri
1515 3660 1856 3731 concessum.
1882 3697 1901 3729 ε
1937 3680 2047 3735 lloc

464 3762 707 3826 attende,
743 3779 761 3813 θ
796 3763 972 3831 inquit
1010 3774 1167 3818 tract.
1200 3781 1344 3818 xxxv
1384 3767 1438 3819 in
1482 3767 1704 3833 .ilattlt.,
1747 3787 1894 3825 num.
1922 3773 2044 3840 114,

466 3869 590 3923 pag.
625 3855 751 3920 915,
780 3875 798 3907 t
833 3858 1087 3925 quoniam
1121 3860 1397 3927 antegalli
1427 3872 1668 3924 cantum,
1702 3875 1755 3918 et
1783 3876 1904 3921 ante
1926 3866 2043 3936 Spi-

467 3948 630 4002 ritum
661 3951 1004 4013 sanctum,in
1037 3962 1277 4021 tempore
1308 3954 1499 4007 noctis.
1522 3956 1822 4023 profundae,
1852 3960 2049 4013 etiam-

464 4040 510 4093 si
543 4040 857 4108 frequenter
898 4041 1245 4111 denegaverit
1279 4046 1420 4111 quis,
1460 4047 1637 4101 vivere
1667 4059 1843 4116 potest
1872 4053 2049 4119 :quod

466 4133 812 4188 manifestum
845 4146 1022 4189 estex
1056 4151 1144 4200 eo,
1190 4141 1331 4205 quod
1376 4147 1457 4192 ter
1500 4139 1785 4209 denegavit
1829 4142 2046 4198 Petrus.

467 4224 524 4278 Si
558 4237 738 4280 autem
774 4237 894 4295 post
944 4228 1073 4296 galli
1120 4242 1363 4295 cantum,
1394 4230 1477 4284 vel
1525 4233 1688 4286 semel
1720 4233 1772 4285 in
1809 4249 2048 4301 quocun-

463 4328 570 4382 que
598 4315 840 4383 periculo
867 4318 1193 4371 constitutus
1232 4318 1583 4388 denegaverit
1617 4323 1738 4388 quis
1758 4362 1773 4385 ,
1804 4323 2051 4392 impossi-

464 4407 573 4462 bile
603 4420 685 4462 est
730 4424 852 4463 eum
910 4410 1157 4462 renovari
1216 4410 1268 4464 iu
1317 4412 1720 4478 ptenitentiam,
1750 4424 1808 4466 ut
1854 4415 2047 4468 iterum

464 4499 753 4569 crttciligat
798 4498 899 4553 sibi
940 4498 1137 4552 Filium
1170 4498 1286 4553 Dei.
1322 4517 1340 4551 ι
1372 4499 1623 4554 Clemens
1660 4502 1875 4569 quidem
1919 4503 2048 4557 Ale-

2155 3314 2261 3358 tem
2299 3302 2561 3371 Origenes
2594 3304 2687 3357 lib.
2744 3320 2815 3368 tt,
2854 3305 2907 3357 in
2937 3302 3120 3372 Epist.
3157 3304 3226 3357 ad
3272 3302 3456 3367 Rom.,
3486 3321 3633 3359 num.
3667 3305 3739 3361 9'

2158 3418 2176 3450 ι
2215 3396 2322 3453 Nos
2352 3413 2481 3452 vero
2508 3396 2598 3466 qui
2652 3398 2765 3451 hiet:
2793 3396 2974 3451 untnia
3020 3396 3341 3466 Spiritaliter
3390 3396 3747 3467 intelligenda

2152 3491 2440 3551 sentimus,
2468 3490 2671 3544 idcirco
2717 3497 2773 3544 et
2801 3505 2905 3543 non
2938 3488 3232 3551 auditores,
3270 3488 3366 3543 sed
3404 3488 3638 3544 factores
3669 3488 3747 3543 le-

2160 3584 2243 3653 gis
2269 3582 2651 3653 justilicandos
2677 3582 2973 3646 credimus,
3009 3596 3112 3634 non
3155 3580 3291 3647 legis
3324 3579 3625 3634 secundum
3665 3581 3749 3633 lit-

2155 3684 2350 3737 teram,
2381 3690 2502 3744 quae
2528 3675 2714 3743 utique
2742 3688 2840 3741 pro
2870 3674 2949 3727 sui
2976 3672 3412 3743 impossibilitate
3435 3691 3539 3726 non
3567 3685 3747 3741 potest

2157 3766 2355 3822 habere
2383 3766 2667 3830 factorem,
2691 3766 2783 3819 sed
2820 3767 3117 3819 secundum
3147 3767 3426 3834 spiritum,
3461 3783 3555 3835 per
3578 3784 3743 3835 quem

2156 3859 2327 3913 solum
2364 3857 2448 3910 lex
2479 3857 2689 3927 impleri
2740 3858 2964 3927 poterit;
3006 3876 3025 3909 ι
3059 3867 3114 3911 et
3138 3873 3286 3910 num.
3322 3857 3408 3925 14,
3442 3876 3561 3928 pag.
3582 3858 3683 3911 499
3723 3872 3743 3912 :

2160 3971 2179 4003 ‹
2212 3950 2361 4005 Licet
2406 3966 2511 4005 non
2553 3950 2885 4005 crediderint
2928 3949 3146 4018 quidam
3190 3948 3522 4015 Judamrutn,
3564 3953 3626 4003 de
3656 3950 3750 4003 in-

2156 4043 2412 4097 ﬁdelitate
2465 4053 2643 4095 tamen
2674 4057 2862 4096 eorum
2912 4042 3203 4095 dicendum
3254 4052 3361 4101 est,
3403 4043 3543 4111 quod
3596 4041 3747 4095 Deus

2156 4133 2373 4205 quidem
2405 4134 2553 4189 solus
2592 4133 2663 4188 sit
2693 4149 2879 4198 verax,
2904 4135 3048 4188 omni
3086 4147 3268 4188 autem
3296 4145 3459 4189 homo
3484 4138 3554 4190 sit
3584 4150 3747 4188 meu-

2157 4227 2261 4280 dax
2296 4242 2310 4279 :
2342 4226 2468 4294 quia
2493 4224 2655 4279 etiam
2684 4223 2730 4278 si
2765 4224 2887 4292 quis
2932 4225 3109 4293 justus
3138 4236 3255 4291 est,
3288 4242 3509 4281 necesse
3549 4235 3628 4279 cst
3656 4237 3752 4278 ta-

2157 4332 2279 4373 men
2305 4327 2362 4370 ut
2394 4317 2446 4370 in
2469 4316 2651 4386 aliquo
2677 4332 2706 4370 a
2738 4315 2967 4371 veritate
3002 4318 3239 4383 decidat,
3272 4334 3436 4385 quam
3477 4320 3527 4371 in
3557 4319 3750 4371 enmi-

2156 4406 2258 4463 bus
2306 4423 2528 4463 servare
2561 4408 2811 4463 humana:
2839 4422 3045 4465 naturm
3066 4427 3203 4481 pene
3234 4411 3565 4480 impossibile
3594 4421 3699 4463 est-
3722 4430 3746 4462 ι

2156 4498 2415 4555 Graviore
2446 4511 2567 4554 sunt
2596 4500 2758 4554 etiam
2800 4510 2852 4555 et
2885 4505 3052 4572 magis
3087 4517 3347 4571 expressa
3382 4519 3497 4571 qum
3521 4512 3752 4555 exstant

465 4591 792 4642 xandrinum
823 4588 1075 4644 Stromat.
1103 4591 1196 4645 lib.
1229 4607 1288 4655 tt,
1315 4591 1561 4645 iteratam
1590 4592 1728 4645 hanc
1769 4593 2058 4659 ptenitudi-
2089 4590 2133 4654 Ῑ)
2162 4602 2319 4646 tract.
2354 4607 2499 4645 xxxv
2532 4592 2587 4645 in
2630 4592 2845 4660 Matth.,
2876 4610 3025 4648 num.
3068 4593 3156 4659 88,
3194 4611 3317 4664 pag.
3350 4595 3471 4655 900,
3503 4595 3621 4656 901,
3644 4594 3753 4648 ubi

466 4697 589 4736 nem
623 4699 729 4751 qua
782 4693 900 4751 post
929 4686 1334 4738 conversionem
1380 4683 1540 4737 homo
1590 4685 1823 4753 peccatis
1844 4686 2053 4740 deditus

466 4777 727 4845 tangitur,
757 4792 879 4831 esse
911 4777 1142 4832 alIirmat
1166 4778 1321 4847 quasi
1355 4778 1641 4844 quamdam
1672 4778 1794 4831 novi
1847 4778 2052 4848 peccati

466 4870 901 4934 meditationem;
946 4870 1165 4924 minime
1212 4885 1340 4922 vero
1382 4870 1457 4922 ita
1490 4870 1710 4932 insanit,
1745 4881 1802 4923 ut
1842 4871 2049 4924 homini

464 4973 584 5031 post
609 4963 754 5016 illaut
783 4964 1157 5031 paenitentiam
1195 4963 1440 5033 peccauti
1472 4963 1675 5017 nullum
1704 4964 1771 5016 ad
1797 4964 2048 5018 virtutem

467 5069 775 5125 regressum
812 5062 1000 5123 patere
1037 5065 1210 5125 putet,
1242 5071 1341 5108 nec
1384 5054 1551 5107 ullum
1587 5053 1742 5108 alteri
1780 5056 2051 5124 paeniten-

466 5144 553 5198 tia:
592 5145 763 5199 locum
823 5160 1110 5213 superesse
1158 5146 1306 5199 velit.
1356 5143 1559 5213 thnpe
1609 5159 1674 5199 eo
1722 5145 2050 5214 impulerunt

464 5244 751 5304 utrumque
794 5251 1079 5306 perperam
1126 5247 1345 5306 accepta
1395 5238 1578 5291 isthazc
1618 5250 1684 5288 ex
1711 5235 1944 5305 Epistola
1981 5236 2049 5289 ad

463 5327 720 5382 llebrteus
744 5344 864 5396 cap.
896 5343 967 5390 vi,
1004 5343 1149 5382 vers.
1178 5328 1311 5382 4-6:
1341 5346 1359 5378 ι
1392 5327 1726 5397 lmpossibile
1778 5329 1922 5381 enim
1963 5336 2051 5382 est

462 5436 558 5475 eos
579 5420 671 5490 qui
706 5421 869 5474 semel
902 5431 1028 5475 sunt
1050 5419 1356 5481 illuminati,
1383 5428 1739 5490 gustaveruut
1765 5420 1926 5473 etiam
1950 5420 2048 5474 do-

465 5509 855 5573 numcteleste,
899 5521 955 5564 et
985 5510 1285 5579 participes
1326 5510 1453 5563 l'acti
1494 5519 1620 5563 sunt
1665 5508 1904 5580 Spiritus
1932 5526 2053 5563 san-

469 5600 565 5654 cti.
593 5599 959 5654 Gustaverunt
989 5601 1337 5655 nihilominus
1362 5600 1558 5654 bonum
1579 5600 1675 5655 Dei
1706 5602 1925 5655 verbum
1947 5602 2053 5655 vir-

466 5697 715 5757 tutesque
754 5690 933 5744 saeculi
983 5691 1216 5757 venturi,
1260 5698 1319 5746 et
1359 5690 1594 5760 prolapsi
1645 5691 1808 5762 sunt},
1834 5705 2046 5748 rursum

536 5864 580 5894 ”
612 5862 800 5920 Matth.
823 5862 1068 5930 xxVI,5l.

2160 4682 2350 4750 quaerit
2380 4694 2559 4737 utrum
2604 4685 2781 4753 positu
2810 4684 3011 4739 Christi
3065 4687 3324 4740 vaticinia
3362 4689 3480 4750 hoc,
3507 4685 3754 4740 scanda-

2160 4775 2268 4829 lum
2298 4777 2350 4830 in
2383 4790 2443 4832 se
2493 4792 2750 4849 passuros
2779 4792 2900 4833 esse
2928 4780 3201 4847 apostolos
3225 4796 3454 4846 omnes,
3487 4780 3599 4834 ﬁeri
3642 4798 3760 4849 p0.

2160 4870 2323 4924 tuerit
2357 4881 2415 4923 ut
2446 4869 2758 4924 scandalum
2782 4870 2974 4925 Petrus
2998 4888 3103 4926 non
3132 4882 3444 4943 pateretur;
3469 4874 3603 4942 quod
3638 4874 3760 4926 du-

2157 4960 2279 5031 plici
2315 4962 2475 5016 solvit
2509 4964 2898 5030 responsione;
2934 4964 3130 5033 prima,
3174 4983 3193 5016 ι
3231 4968 3488 5035 quoniam
3518 4981 3761 5019 necesse

2155 5060 2406 5114 crat,0re
2431 5052 2715 5105 Verissitno
2737 5054 3081 5120 praedicente,
3105 5055 3229 5121 quia
3263 5072 3441 5107 autne:
3475 5072 3554 5107 rus
3576 5070 3764 5106 scau-

2159 5143 2522 5197 dalizabimiui
2541 5144 2608 5208 θ’,
2635 5144 2745 5198 lieri
2768 5145 2908 5212 quod
2942 5146 3258 5214 praedictum
3294 5159 3413 5200 erat
3444 5146 3508 5200 ab
3535 5143 3675 5199 Jesu
3697 5163 3757 5212 ;›

2157 5234 2364 5299 altera,
2401 5254 2419 5287 ι
2472 5236 2727 5305 quoniam
2774 5238 2867 5305 qui
2924 5245 3184 5293 exoratus
3216 5253 3245 5291 a
3282 5230 3562 5300 Ninivitis,
3615 5251 3765 5305 qua:

2159 5326 2489 5395 praadixerat
2533 5342 2627 5395 per
2649 5322 2840 5381 Jonam
2889 5344 2993 5382 non
3027 5328 3155 5382 fecit
3200 5340 3420 5399 propter
3463 5326 3765 5397 paeniten-

2160 5418 2288 5471 tiatn
2340 5412 2721 5482 Ninivitarum,
2760 5418 2840 5474 sic
2890 5419 3147 5488 possibile
3181 5418 3302 5487 fuit,
3336 5430 3393 5473 ut
3454 5417 3771 5487 repelleret

2157 5510 2321 5564 etiam
2354 5525 2383 5563 a
2416 5509 2575 5564 Petro
2604 5510 2913 5564 scandalum
2940 5512 3288 5580 deprecante.
3324 5532 3343 5564 ι
3380 5511 3508 5565 Vera
3529 5520 3621 5562 est
3655 5527 3771 5578 po:

2157 5600 2358 5655 Sterior
2390 5599 2699 5669 responsio,
2734 5600 2884 5667 prior
2926 5600 3056 5654 falsa
3092 5618 3105 5654 :
3139 5601 3317 5670 pasito
3362 5600 3498 5652 enim
3525 5595 3774 5653 Christi

2161 5690 2439 5761 vaticinio,
2476 5701 2627 5748 certo
2658 5689 2880 5749 eﬁ'cctus
2925 5705 3247 5748 consecutus
3278 5703 3380 5758 est,
3405 5705 3505 5746 non
3536 5702 3772 5747 neces-
