3898 6540
205 440 304 498 961

981 441 1557 501 ORIGENIANORUM
1594 444 1725 500 LIB.
1769 442 1835 511 ll,
1868 444 2023 507 CAP.
2068 444 2129 514 ll,
2168 446 2454 517 QUAEST.
2495 448 2608 509 V'll.

3371 458 3479 525 902

205 566 371 635 sario.
407 565 651 635 Disputat
680 577 895 634 postea,
928 583 997 625 an
1024 579 1310 639 postquam
1346 570 1595 641 praedixit
1621 570 1782 637 Chri-
1813 574 1859 639 Α
1888 580 2015 626 test.
2040 570 2117 627 Ex
2146 587 2214 627 eo
2249 583 2428 631 autem
2460 572 2602 642 quod
2623 572 2861 631 nondum
2891 573 3048 637 datus
3073 583 3193 640 erat
3214 573 3476 645 Spiritus,

204 671 323 716 stus
355 659 590 719 futurum
628 671 686 715 ut
714 670 841 724 ante
870 661 1201 730 gallicinium
1248 672 1331 716 ter
1369 681 1398 719 a
1433 664 1592 721 Petro
1616 680 1783 736 nege-

207 760 315 815 tur,
371 751 620 821 precibus
651 752 942 829 impetrare
970 753 1205 824 potuerit
1244 753 1462 820 Petrus,
1490 756 1785 825 quominus

201 843 515 903 vaticinium
540 842 668 896 illud
706 843 1058 914 impleretur;
1097 846 1493 920 respondetque
1530 848 1781 919 precibus

201 934 477 1006 prohiberi
509 935 746 1005 potuisse
773 936 1008 992 vaticinii
1057 938 1215 1010 hujus
1262 938 1537 1004 effectum,
1562 942 1607 996 si
1650 942 1779 997 illud

198 1029 448 1095 Christus
494 1031 803 1105 juramento
855 1048 957 1095 non
1002 1034 1272 1097 firmasset
1300 1052 1316 1099 ;
1347 1036 1440 1103 sed
1477 1038 1599 1108 quia
1631 1035 1781 1105 jure-

194 1125 429 1195 jurando
493 1129 763 1181 tirtnatttm
824 1125 1001 1181 fuerat
1043 1142 1072 1181 a
1130 1128 1381 1199 Christo,
1422 1146 1544 1191 cum
1594 1132 1776 1187 dixit:

204 1216 412 1273 tAmen
435 1218 555 1271 dico
581 1217 671 1272 tibi
691 1218 760 1281 ὀ,
794 1236 812 1269 ι
848 1217 962 1273 fieri
988 1234 1092 1277 non
1124 1221 1362 1290 potuisse
1383 1231 1441 1276 ιιι
1472 1239 1574 1275 non
1607 1223 1777 1278 dene-

198 1320 371 1379 garet.
398 1309 612 1365 Falsum
654 1311 705 1366 id
739 1326 973 1383 quoque,
1002 1328 1126 1373 nam
1169 1314 1382 1373 etiamsi
1428 1326 1578 1377 certo
1613 1332 1777 1387 nega-

200 1411 351 1467 turus
384 1404 565 1466 nterii,
594 1405 764 1471 potuit
804 1416 980 1465 tamen
1020 1420 1125 1462 non
1178 1418 1397 1475 negare,
1428 1406 1627 1460 Ibidem
1665 1406 1766 1461 Pe-

199 1505 336 1555 trum
396 1513 416 1548 ι
453 1497 765 1559 derelictum
807 1515 826 1547 ι
878 1496 1044 1553 fuisse
1087 1498 1291 1553 sciscit.
1343 1518 1361 1561 ι
1395 1500 1457 1554 Ει
1497 1500 1777 1568 quoniam,

195 1584 391 1655 inquit,
454 1602 559 1641 non
597 1586 769 1640 solum
803 1587 1233 1652 inconsiderate,
1293 1590 1386 1644 sed
1433 1603 1568 1659 pene
1608 1590 1770 1655 etiam

196 1677 354 1745 impie
384 1678 554 1732 dixit:
582 1678 693 1731 Etsi
717 1695 892 1735 omnes
924 1666 1486 1746 scandalizatifuerint
1508 1684 1559 1735 in
1585 1694 1653 1750 te,
1674 1700 1768 1757 ego

194 1789 291 1826 non
311 1772 799 1840 scandalizabor",
821 1788 917 1830 nec
945 1773 1193 1843 cogitans
1218 1773 1483 1833 lubricam
1520 1786 1768 1830 naturam

195 1863 506 1927 humanam,
540 1878 793 1934 magnum
844 1864 1067 1933 protulit
1104 1865 1328 1921 verbum
1362 1882 1376 1920 :
1419 1866 1538 1919 ideo
1572 1880 1673 1920 nec
1696 1865 1774 1921 ad

1888 663 2023 716 falso
2066 664 2337 725 concludit
2383 680 2656 723 neminem
2701 667 2941 736 potuisse
2980 668 3160 724 dicere
3190 668 3474 724 Dominum

1884 753 2066 810 Jcsum
2102 755 2153 809 in
2183 754 2385 831 Spiritu
2418 766 2605 813 sancto
2630 773 2646 821 ;
2668 759 2915 835 quamvis
2936 760 3078 814 enim
3108 760 3344 815 nondum
3376 760 3477 814 da-

1886 855 1973 900 tus
2002 846 2188 901 fuissm
2240 848 2481 917 Spiritus
2527 860 2755 913 sanctus
2781 850 2928 921 larga
2983 851 3073 905 illa
3126 861 3180 907 et
3235 852 3473 913 mirabili

1885 939 2164 1005 missione,
2202 957 2306 1015 qua
2345 940 2609 1011 apostolis
2644 940 2856 1001 infusus
2898 951 2983 996 est
3038 945 3089 996 in
3129 942 3473 1004 Pentemsm,

1882 1031 2042 1084 datus
2073 1042 2246 1083 tamen
2279 1031 2456 1085 fuerat
2484 1032 2592 1084 alio
2629 1033 2788 1093 modo
2814 1032 3128 1103 virisjustis
3152 1046 3277 1088 ante
3318 1035 3476 1089 Chri-

1881 1122 1949 1179 Sil
1977 1133 2180 1190 ortum,
2216 1135 2272 1177 et
2328 1124 2455 1177 dum
2493 1123 2637 1179 inter
2688 1126 2936 1191 homines
2984 1137 3204 1197 ageret,
3237 1140 3291 1183 et
3326 1138 3475 1199 post-

1879 1231 2039 1285 quam
2068 1218 2120 1279 in
2167 1218 2366 1272 cadum
2403 1232 2463 1271 se
2508 1219 2731 1291 recepit.
2779 1218 3046 1283 Praeclara
3075 1231 3158 1275 est
3184 1221 3471 1289 Angusuni

1879 1308 1948 1369 de
1975 1323 2038 1361 ea
2094 1325 2157 1375 re
2199 1309 2515 1376 dissertatio
2574 1318 2793 1363 tractat.
2866 1327 3013 1365 xxxtt
3060 1313 3114 1364 in
3166 1310 3354 1377 Joan.,
3383 1312 3470 1367 ubi

1878 1397 2114 1454 ostendit
2134 1399 2261 1468 quid
2308 1410 2640 1473 postremam
2680 1400 2820 1457 hanc
2865 1400 3007 1454 inter
3036 1400 3271 1471 Spiritus
3297 1401 3471 1459 sancti

1881 1488 2197 1553 missionem
2251 1490 2495 1569 aliasque
2517 1492 2863 1561 superiorum
2904 1503 3206 1560 temporum
3233 1492 3469 1552 intersit.

1880 1578 2046 1649 Igitur
2093 1597 2214 1637 cum
2246 1583 2523 1637 Christum
2578 1583 2798 1652 negavit
2844 1584 3056 1646 Petrus,
3096 1584 3197 1639 etsi
3236 1585 3472 1640 nondum

1876 1675 2041 1737 datus
2068 1675 2257 1739 fuisset
2301 1675 2547 1748 Spiritus
2573 1690 2795 1733 sanctus
2832 1680 3059 1735 solemni
3103 1678 3191 1733 illa
3226 1690 3279 1737 et
3312 1694 3470 1747 astte-

1876 1765 2057 1829 ctahili
2090 1767 2348 1831 missione
2380 1784 2499 1841 qua:
2525 1770 2581 1823 iu
2610 1768 2932 1825 Pentecoste
2953 1770 3470 1840 contigit,suppete-

1877 1856 1969 1911 bat
1994 1857 2093 1927 ipsi
2126 1868 2305 1913 tamen
2337 1863 2512 1930 gratia
2552 1863 2761 1927 divina,
2789 1879 2885 1932 per
2927 1863 3189 1930 Spiritum
3218 1875 3467 1917 sanetum

191 1953 467 2013 modicum
512 1964 594 2008 est
623 1955 937 2019 derelictus,
984 1966 1042 2014 ut
1076 1957 1284 2012 scilicet
1329 1956 1647 2027 denegaret,
1682 1958 1766 2012 vel
1804 1966 1845 2029 β
1873 1960 2113 2022 erogata,
2148 1968 2252 2022 qua
2283 1952 2561 2015 Christum
2588 1956 2833 2027 neglecto
2876 1959 3066 2011 mortis
3099 1958 3340 2026 periculo
3372 1974 3468 2023 po-

190 2044 351 2101 semel
379 2045 677 2119 denegaret
705 2062 720 2109 ;
745 2047 839 2103 sed
864 2047 1222 2107 abundantius
1255 2050 1673 2119 derelinquitur,
1708 2060 1764 2104 nt

191 2149 270 2193 ter
312 2140 629 2213 denegaret.
675 2162 694 2194 ι
740 2140 1026 2213 Suhjungit
1050 2145 1392 2213 postmodum
1440 2144 1637 2199 melius
1659 2143 1762 2198 sibi

187 2234 563 2295 consulturum
622 2234 787 2290 fuisse
838 2233 1099 2303 Petrum,
1141 2236 1183 2291 si
1232 2247 1515 2306 perspecta
1562 2246 1769 2299 natura:

189 2326 436 2392 humana:
466 2328 870 2395 imbecillitate,
900 2344 1020 2401 quae
1070 2338 1261 2399 suapte
1306 2330 1355 2383 vi
1397 2340 1449 2385 et
1501 2331 1769 2395 industria

186 2419 381 2474 Christi
440 2436 632 2475 nomen
684 2421 926 2491 profiteri
987 2437 1333 2494 nequaquam
1384 2432 1583 2493 potest,
1642 2439 1770 2489 eum

184 2520 417 2578 orasset,
450 2523 507 2568 ut
535 2515 899 2575 necessariam
933 2515 999 2579 ad
1038 2516 1089 2568 ιιι
1134 2516 1364 2584 gratiam
1413 2517 1514 2569 sibi
1546 2516 1764 2575 confer-

187 2614 281 2659 ret.
306 2603 526 2673 Optime
557 2606 608 2659 id
627 2606 974 2674 quidem,sed
1001 2609 1191 2663 vitiosa
1208 2618 1334 2662 sunt
1364 2622 1485 2678 qua:
1525 2624 1765 2677 sequun-

186 2706 269 2751 tur
303 2719 314 2752 :
348 2716 369 2753 ι
416 2697 524 2752 Nec
590 2699 758 2762 enim,
806 2699 1000 2770 inquit,
1071 2708 1281 2769 poterat
1343 2700 1459 2755 fieri
1522 2712 1580 2755 ut
1623 2701 1763 2765 facta

186 2787 606 2857 interrogatione
631 2790 897 2860 potuisset
929 2790 1110 2847 dicere
1157 2791 1436 2846 Dominum
1481 2791 1667 2855 .lesum
1704 2793 1759 2848 in

184 2880 376 2948 Spiritu
413 2891 741 2947 sancto,ant
767 2881 1050 2938 confessus
1098 2883 1316 2949 fuisset,
1360 2900 1482 2938 cum
1529 2885 1761 2956 Spiritus

183 2983 391 3027 Sanctus
424 2974 661 3028 nondum
695 2973 888 3029 fuisset
942 2976 1119 3031 datus.
1159 2995 1178 3027 ι
1211 2978 1391 3046 Atque
1442 2980 1555 3035 haec
1595 2979 1762 3032 αὐτο-ο

183 3059 315 3128 λεξεὶ
340 3065 541 3134 repetit
570 3063 795 3119 inferius
828 3081 979 3119 num.
1006 3066 1125 3131 1M,
1162 3084 1285 3137 pag.
1322 3068 1448 3133 912,
1477 3079 1532 3125 cl
1564 3084 1758 3129 novum

184 3156 393 3223 insuper
428 3156 622 3224 dogma
666 3157 950 3226 congerit:
998 3177 1017 3209 ι
1072 3160 1449 3217 Abundantius
1506 3160 1761 3224 conside-

185 3259 357 3303 rantes
405 3248 553 3302 Petri
606 3250 983 3319 negationem,
1025 3252 1254 3307 dicimus
1307 3255 1563 3320 quoniam
1603 3270 1754 3316 nauta

1875 2052 2013 2097 terat
2047 2043 2309 2114 profiteri.
2340 2044 2494 2101 Ferri
2520 2062 2652 2118 ergo
2686 2064 2794 2101 non
2849 2059 3025 2118 potest
3056 2049 3201 2120 quod
3240 2050 3467 2117 subiicit

1871 2137 2135 2221 Origenes
2178 2161 2190 2195 :
2231 2161 2249 2193 ι
2290 2142 2584 2213 Propterea
2645 2161 2751 2199 non
2799 2156 2918 2201 erat
2971 2146 3261 2215 possibile,
3292 2161 3467 2216 neque

1872 2233 2022 2297 illum
2048 2235 2208 2291 talem
2235 2235 2451 2295 Petrum
2478 2247 2606 2292 tunc
2633 2236 2818 2293 Jesum
2852 2238 3127 2301 confiteri,
3159 2254 3261 2299 nec,
3281 2249 3460 2295 tamen

1871 2327 2352 2394 reprehendendus
2377 2338 2496 2389 erat
2533 2344 2636 2383 non
2688 2333 2955 2386 contitens
2979 2330 3180 2387 .Iesum.
3223 2349 3243 2389 ι
3292 2329 3403 2393 Nec
3432 2349 3462 2386 ει

1869 2416 2030 2484 Petro
2059 2419 2231 2474 solum
2265 2429 2390 2475 tunc
2425 2421 2661 2481 abfuisse
2694 2434 2847 2491 putat
2876 2423 3139 2493 Spiritum
3175 2434 3423 2485 sanctum
3444 2463 3460 2485 ,

1868 2512 1964 2573 sed
1982 2510 2221 2571 adfuisse
2242 2512 2410 2571 etiam
2439 2513 2691 2584 spiritum
2719 2512 2954 2582 Spiritus
2980 2514 3140 2591 hujus
3159 2516 3462 2589 inimicum,

1865 2614 2026 2668 quem
2059 2600 2128 2655 iis
2158 2601 2469 2670 impertitur
2504 2603 2669 2666 Deus,
2702 2620 2843 2672 quos
2884 2620 2988 2673 ope
3033 2621 3128 2661 sua
3178 2605 3464 2667 sublevare

1867 2691 2003 2765 vult,
2039 2692 2195 2751 docet
2255 2692 2399 2759 idem
2460 2704 2589 2753 tom.
2644 2711 2721 2755 xu
2783 2697 2842 2755 in.
2894 2696 3115 2762 .llalllt.,
3167 2714 3317 2761 ntun.
3367 2696 3460 2766 d0,

1866 2799 1987 2857 pag.
2022 2786 2152 2847 560,
2183 2786 2314 2851 561.

1935 2876 2098 2940 XXII.
2129 2875 2516 2937 Verumtamen
2572 2877 2697 2933 licet
2746 2879 3045 2951 aliquando
3096 2882 3294 2943 divinis
3355 2898 3459 2943 non

1866 2982 2023 3045 posse
2057 2971 2325 3027 mandatis
2361 2970 2725 3049 obtemperari
2775 2974 3001 3033 delinire
3033 2976 3181 3039 visus
3211 2977 3304 3041 sit,
3325 2991 3460 3042 con.-

1865 3062 2093 3117 trarium
2144 3071 2322 3125 tamen
2379 3064 2580 3122 oceinit
2615 3067 2758 3129 hmo.
2786 3068 2819 3120 9
2862 3067 2915 3125 in
2953 3065 3142 3131 Iosue,
3188 3084 3340 3131 num.
3371 3068 3453 3127 9:

1870 3170 1889 3205 ι
1922 3153 2140 3219 Annon,
2187 3154 2375 3223 inquit,
2417 3156 2510 3215 tibi
2556 3157 2770 3217 videtur
2798 3158 2938 3212 inter
2973 3159 3226 3221 mulieres
3273 3159 3461 3239 existi-

1865 3248 2097 3301 mandus
2128 3245 2219 3303 ille
2250 3247 2353 3311 vir,
2384 3248 2473 3316 qui
2512 3248 2649 3306 dicit
2686 3264 2699 3300 :
2728 3246 2849 3305 Non
2896 3265 3114 3319 possum
3159 3251 3459 3311 observare

182 3350 334 3406 potest
358 3339 538 3392 dicere
571 3310 852 3394 Dominum
875 3340 1195 3405 Jesum,nisi
1236 3344 1289 3397 in
1316 3343 1517 3411 Spiritu
1549 3355 1752 3417 sancto,
1787 3310 1832 3381 (ἶ
1863 3356 1985 3407 qua:
2014 3342 2221 3410 scripta
2253 3350 2405 3410 sunt,
2435 3343 2668 3403 vendere
2696 3357 2816 3411 qum
2846 3344 3040 3406 habeo,
3074 3354 3129 3397 et
3154 3345 3286 3398 dare
3320 3359 3457 3413 pau-

180 3433 313 3496 sicut
329 3431 525 3491 Paulus
553 3447 651 3487 nos
681 3432 936 3488 docet":
965 3444 1012 3499 et
1037 3437 1269 3489 nondum
1299 3446 1410 3490 erat
1437 3448 1562 3493 tunc
1585 3438 1636 3492 in
1662 3438 1760 3492 hoc.

183 3523 405 3587 minibus
425 3524 657 3593 Spiritus
674 3539 910 3592 sanctus,
928 3529 1174 3597 quoniam
1203 3528 1359 3587 Jews
1382 3531 1610 3589 nandum
1643 3530 1759 3598 [ue-

181 3624 255 3667 rat
299 3618 704 3684 honoriﬁcatus,
744 3622 884 3674 sicut
929 3619 1060 3674 dicit
1102 3619 1340 3674 Joannes
1365 3621 1432 3674 ⁸³.
1466 3621 1756 3692 Propterea

181 3723 279 3762 non
316 3722 439 3763 erat
472 3710 743 3779 possibile,
778 3726 950 3780 neque
985 3712 1134 3767 illum
1166 3712 1325 3769 talem
1363 3712 1580 3775 Petrum
1626 3725 1758 3783 tunc

177 3795 349 3855 Jesum
383 3800 658 3864 confiteri,
676 3818 772 3857 nec
795 3812 973 3857 tamen
998 3804 1473 3872 reprehendendus
1500 3823 1605 3861 non
1627 3821 1758 3863 con-

181 3890 326 3945 litens
355 3890 566 3947 Jesum.
599 3893 862 3965 Quoniam
893 3897 959 3951 ad
994 3897 1317 3961 conﬁtentes
1360 3899 1557 3963 dicitur
1588 3918 1601 3954 :
1633 3898 1755 3965 Non

176 3987 291 4038 estis
312 4002 397 4040 vos
422 3988 515 4057 qui
540 3987 837 4054 loquimini,
874 3990 966 4045 sed
1003 3989 1235 4056 Spiritus
1261 3988 1444 4051 Patris
1478 3994 1631 4053 vestri
1664 3993 1757 4063 qui

177 4076 398 4146 loquitur
437 4082 494 4133 in
522 4081 663 4134 vobis
682 4081 746 4135 9‘.
767 4080 879 4135 Non
917 4091 1127 4147 autem,
1148 4096 1270 4136 cum
1301 4084 1372 4136 sit
1398 4094 1589 4151 potens
1627 4082 1756 4151 Spi-

179 4171 302 4231 ritus
352 4173 442 4231 ille
493 4172 673 4231 Patris
722 4175 893 4230 nuslri
929 4176 1074 4247 loqui
1124 4176 1177 4230 in
1214 4178 1403 4247 nobis,
1451 4189 1505 4231 et
1545 4194 1670 4241 eum
1700 4178 1753 4233 in

179 4272 349 4319 nostra
410 4268 486 4319 sit
534 4276 800 4334 potestate
849 4267 1032 4329 locum
1075 4268 1209 4324 dare
1240 4269 1291 4323 in
1338 4271 1496 4325 nobis
1523 4271 1753 4340 Spiritui

176 4367 376 4419 saneto,
412 4369 468 4415 et
494 4374 597 4413 non
642 4358 882 4423 diabolo,
917 4359 963 4415 si
1006 4358 1480 4427 denegaverimus,
1520 4375 1751 4425 excusas

177 4447 364 4503 tionem
429 4450 595 4505 ullam
633 4449 971 4513 habebimus,
1019 4469 1039 4509 ι
1074 4452 1155 4506 Ac
1206 4452 1459 4519 primum,
1494 4450 1635 4520 quod
1680 4452 1754 4506 ait

175 4536 483 4593 derelictum
540 4537 705 4597 fuisse
749 4539 989 4601 Petrum,
1023 4556 1133 4597 non
1182 4555 1294 4595 uno
1330 4540 1488 4597 modo
1524 4542 1749 4612 intelligi

1859 3433 2078 3502 perilms
2107 3448 2210 3488 non
2242 3448 2553 3503 possum...
2578 3447 2775 3490 Caetera
2813 3436 3013 3491 similia
3042 3454 3164 3507 qua:
3193 3438 3459 3497 mandan-

1862 3532 1969 3585 tur,
1998 3525 2088 3593 qui
2122 3525 2252 3581 dicit
2283 3526 2507 3596 implere
2532 3541 2641 3583 non,
2676 3542 2915 3595 possum,
2947 3529 3075 3597 quid
3110 3528 3205 3584 tibi
3240 3530 3458 3585 videtur

1860 3614 2029 3679 aliud,
2060 3632 2221 3685 quam
2253 3618 2394 3673 inter
2419 3618 2693 3682 mulieres,
2714 3635 2834 3689 qua:
2862 3619 2993 3673 nihil
3022 3620 3178 3676 virile
3206 3630 3455 3691 possunt,

1859 3722 1981 3761 esse
2031 3711 2399 3767 numerandus
2440 3711 2464 3764 ?
2496 3729 2515 3762 ι
2578 3720 2795 3791 et'tom.
2830 3728 2918 3766 xw
2957 3713 3014 3765 in
3051 3712 3272 3778 Matth”
3302 3728 3454 3767 num.

1856 3796 1950 3861 25,
1983 3809 2037 3853 et
2074 3810 2207 3854 tom.
2253 3816 2343 3863 xv,
2389 3817 2539 3859 ntun.
2581 3800 2637 3867 5,
2675 3817 3116 3874 unumquemque
3164 3804 3297 3860 dicit
3349 3807 3456 3859 im-

1857 3902 2009 3960 petra
2022 3906 2077 3945 re
2105 3904 2266 3958 posse
2295 3907 2323 3943 a
2349 3892 2457 3946 Deo
2487 3895 2687 3947 donum
2721 3894 3009 3960 castitatis,
3054 3896 3305 3964 quamvis
3335 3895 3457 3951 uni-

1858 3985 2054 4054 cuique
2083 4000 2403 4042 concessum
2437 4003 2543 4041 non
2597 3990 2690 4051 sit.
2741 3988 3024 4058 Repugnat
3063 4000 3326 4059 praeterea
3367 4007 3456 4055 su-

1858 4092 1953 4147 pra
1986 4093 2016 4131 a
2061 4077 2217 4133 nobis
2245 4092 2543 4147 expensum
2595 4081 2813 4149 dogma,
2853 4095 2964 4148 quo
3000 4080 3183 4146 iustos
3216 4080 3453 4149 «nam;

1857 4183 1979 4233 esse
2019 4168 2225 4233 tradit;
2258 4183 2385 4223 nam
2418 4184 2542 4225 cum
2585 4186 2652 4224 ex
2692 4172 2861 4235 variis
2890 4172 3239 4237 testimoniis,
3264 4174 3455 4242 ipsius-

1856 4275 1962 4329 que
2005 4260 2169 4317 etiam
2219 4258 2532 4331 Hieronymi
2566 4263 2898 4321 auctoritate
2951 4265 3447 4333 probaveritnusin

1867 4352 1975 4415 hoc,
2030 4355 2250 4421 errore}
2273 4364 2545 4407 versatum
2600 4353 2933 4427 Origeltt'm,
2965 4358 3238 4424 quomodo
3294 4356 3453 4421 alteri

1856 4444 2005 4509 huic,
2038 4460 2200 4515 quem
2228 4444 2645 4514 investigamus,
2664 4447 2947 4507 adhaerere
2974 4450 3167 4518 potuit,
3192 4449 3451 4511 mandata

1857 4537 1951 4593 Dei
2003 4538 2189 4596 omnia
2234 4553 2302 4603 ne
2356 4540 2443 4601 vix
2485 4540 2705 4609 quidem
2744 4543 2952 4601 servari
3003 4544 3210 4612 posse?
3244 4559 3367 4603 nam
3401 4545 3446 4599 si

176 4638 373 4695 potest;
401 4647 526 4685 nam
558 4632 638 4689 vel
665 4633 813 4687 omni
842 4635 1033 4704 gratiae
1085 4633 1379 4701 cujuslibet
1411 4634 1621 4697 auxilio.
1653 4639 1745 4701 de,
1785 4658 1830 4721 υ
1855 4632 2064 4693 servari
2097 4632 2355 4687 mandata
2386 4646 2491 4687 non
2526 4643 2774 4701 possunt,
2793 4650 2951 4690 nemo
2974 4646 3153 4704 potest
3176 4636 3454 4695 inanitatis

174 4719 406 4777 stitutum
437 4722 606 4779 fuisse
630 4725 764 4785 vult.
792 4725 947 4795 cujus
968 4724 1159 4795 gratiae
1184 4740 1306 4795 ope,
1335 4735 1519 4795 spreto
1552 4727 1745 4791 mrlis

176 4820 370 4868 terrore
396 4815 672 4871 Christum
715 4828 902 4887 aperte
949 4818 1191 4875 conﬁteri
1242 4819 1746 4888 potuissetaatque

173 4903 286 4961 huic
304 4908 589 4965 sententiae
612 4924 736 4964 cum
768 4908 995 4963 solemni
1025 4924 1199 4964 sacra:
1228 4907 1502 4971 facultatis
1541 4908 1745 4971 theolot-

171 4996 292 5065 gica:
326 4998 654 5063 Parisieusis
705 5000 924 5056 decreto
972 5001 1333 5065 temeritatis,
1360 5001 1659 5070 impietatis
1693 5010 1749 5056 et

173 5088 424 5147 ltmreseos
472 5101 596 5146 nota
635 5092 812 5147 inusta
854 5094 946 5158 sit,
1005 5108 1148 5148 anno
1182 5092 1347 5155 1656,
1391 5092 1746 5147 temerarium

169 5194 372 5251 quoque
395 5194 539 5241 esset
564 5194 619 5239 et
651 5184 872 5254 impium
898 5185 1005 5245 ulla
1034 5200 1154 5241 eam
1184 5184 1532 5239 cavillatione
1561 5192 1615 5238 et
1653 5199 1745 5244 ar-

168 5284 409 5335 gumento
437 5275 576 5328 tueri
609 5291 625 5327 :
654 5274 736 5329 vel
761 5275 813 5330 ei
837 5275 1074 5333 defuisse
1103 5282 1289 5330 censet
1314 5290 1419 5328 non
1450 5275 1744 5333 vehentem

168 5369 262 5415 tem
296 5365 468 5421 solum
495 5365 639 5421 illam
673 5367 765 5421 Dei
815 5367 1228 5437 aspirationem,
1263 5374 1318 5427 et
1342 5364 1580 5423 divinam
1608 5364 1739 5443 Bap-

169 5452 382 5526 πιότητα,
409 5474 513 5527 qua
551 5458 815 5527 impulsus
836 5459 891 5512 in
927 5459 1134 5514 medios
1166 5472 1286 5517 sese
1328 5456 1523 5519 fluctus
1552 5458 1745 5531 praecis-

168 5546 438 5609 pitaverat,
469 5561 525 5605 et
567 5551 859 5607 satellitum
917 5560 1150 5605 turmam
1203 5551 1397 5609 Stricto
1423 5549 1603 5620 gladio
1646 5564 1743 5618 pro

166 5636 368 5695 Christo
395 5651 701 5698 certaturus
730 5643 1039 5709 invaserat,
1076 5644 1171 5696 sed
1212 5642 1401 5712 gratiae
1435 5643 1602 5696 etiam
1630 5642 1743 5697 elli-

180 5732 295 5784 'acis
324 5735 620 5796 auxilium;
657 5746 820 5804 atque
847 5735 896 5789 id
926 5744 1075 5789 recte
1110 5744 1166 5789 et
1193 5732 1464 5788 catholice
1498 5732 1602 5787 dici
1644 5748 1741 5802 po-

228 5911 269 5942 ο·
300 5914 487 5973 ιιειιιιι.
515 5935 659 5985 xm,
681 5919 751 5975 δι
824 5920 866 5952 ἰ
901 5921 1055 5985 iam"
1081 5921 1171 5976 55.

1858 4739 1967 4777 non
1990 4722 2281 4803 refragari,
2318 4739 2379 4787 ac
2406 4739 2565 4791 nemo
2590 4726 2815 4794 proinde
2841 4735 3016 4795 potest
3047 4742 3153 4783 non
3193 4742 3445 4797 peccare.

1855 4816 1986 4882 Qum
2023 4832 2144 4871 cum
2173 4832 2240 4871 ex
2292 4819 2521 4872 adverso
2563 4818 2807 4887 opposita
2859 4834 2982 4879 esse
3017 4820 3325 4885 videantur,
3365 4821 3452 4877 sic
3548 4887 3554 4893 .

1854 4909 2146 4971 conciliata
2182 4909 2251 4963 ab
2293 4909 2389 4971 illo,
2426 4909 2593 4965 fuisse
2641 4913 2929 4979 suspit'ort
2964 4911 3199 4983 ἀπαθεῖς
3227 4914 3445 4982 quidem

1854 5012 1974 5065 esse
2021 5000 2199 5077 iustos
2249 4999 2499 5061 homines
2538 5016 2601 5059 ae
2647 5002 2959 5070 pet-lectos,
3002 5018 3163 5079 posse
3206 5018 3302 5061 eos
3337 5020 3444 5061 non

1858 5106 2108 5160 peccare,
2144 5091 2343 5146 divinis
2375 5092 2581 5162 legibus
2618 5108 2809 5161 parere
2840 5109 2998 5164 posse
3029 5113 3045 5161 ;
3077 5095 3322 5166 reliquos
3352 5112 3448 5162 ve-

1850 5168 1921 5237 ro
1944 5183 2193 5241 homines
2221 5194 2491 5252 pratcepta
2524 5186 2706 5237 omnia
2728 5200 2951 5245 servare
2978 5202 3083 5249 non
3115 5202 3443 5256 possetnam

1860 5294 1878 5327 ι
1907 5275 2036 5335 illud
2054 5274 2307 5343 Origenis
2330 5276 2604 5345 proprium
2631 5295 2650 5327 ι
2672 5275 2835 5333 fuisse
2853 5277 3071 5341 tradidit
3090 5278 3446 5352 Hieronymus

1854 5380 2083 5436 prooem.
2112 5366 2322 5437 Dialog.
2342 5369 2548 5423 advers.
2584 5367 2791 5440 I’elag.,
2813 5389 2831 5421 ι
2869 5371 3204 5440 impossibile
3240 5383 3323 5435 est
3343 5374 3443 5428 hu-

1853 5474 2071 5523 manam
2106 5476 2133 5511 a
2171 5459 2439 5530 principio
2474 5475 2647 5532 usque
2680 5462 2747 5519 ad
2799 5472 3031 5521 mortem
3059 5479 3168 5521 non
3217 5480 3446 5535 peccare

1851 5558 2109 5613 naturam
2140 5569 2153 5604 :
2184 5561 2239 5606 et
2272 5567 2492 5611 rursum
2531 5567 2654 5611 esse
2687 5555 2973 5622 possibile,
2997 5571 3119 5617 cum
3151 5573 3210 5621 se
3247 5558 3444 5626 aliquis

1852 5645 1925 5698 ad
1959 5642 2182 5701 meliora
2207 5644 2566 5709 converterit,
2587 5645 2654 5699 ad
2679 5655 2885 5701 tantam
2915 5645 3293 5704 fortitudinem
3319 5664 3442 5718 per-

1848 5733 2061 5801 venire,
2086 5744 2143 5789 ut
2173 5733 2312 5788 ultra
2350 5749 2578 5807 peccare
2610 5752 2715 5791 non
2745 5738 2939 5808 possit.
2965 5756 2986 5791 ι
3010 5739 3228 5797 Petrum
3254 5750 3439 5797 autem

1251 5924 1295 5955 θ’
1345 5919 1362 5974 l
1396 5921 1518 5977 Cor.
1559 5937 1671 5987 xtl,
1710 5921 1761 5977 3.
1842 5919 2069 5993 "loan.
2105 5935 2225 5991 vn,
2261 5920 2348 5977 '59.
2426 5924 2472 5955 ³⁸
2510 5922 2700 5978 Matth.
2730 5940 2784 5990 ιι,
2819 5923 2907 5980 9.0.
