3898 6526
417 473 522 530 963

1697 466 1758 523 Ρ.
1797 461 2114 520 DANIEIJS
2147 459 2382 516 IIUE'I'II

3581 452 3694 506 θοι

417 591 501 647 vel
529 592 761 645 nomium
796 588 960 643 fuisse
991 587 1285 658 perfectum
1305 587 1538 654 censuit,
1561 602 1681 642 cum
1715 585 1994 640 Christum
2027 585 2073 644 Α
2102 589 2176 647 to,
2217 593 2342 634 eum
2379 576 2497 632 sine
2543 574 2802 646 operibus
2826 571 2998 628 otiosa
3031 583 3114 626 est
3145 570 3307 636 ﬁdes;
3341 569 3476 622 adeo
3511 578 3573 620 ut
3616 569 3693 620 ita

419 685 676 755 negavit;
709 692 932 750 accepto
980 695 1161 736 autem
1214 691 1403 736 sancto
1437 679 1641 750 Spiritu
1681 679 1848 734 fuisse
1877 695 2002 750 per-

422 779 616 830 lectum
648 785 700 828 et
732 773 944 844 ἀπαθῆ,
973 774 1053 827 vel
1090 782 1310 844 propter
1340 773 1614 826 ﬁrmatam
1644 770 2002 842 jurejurando

419 859 621 915 Christi
652 862 1091 915 vaticinationem
1121 861 1186 915 de
1215 860 1395 914 futuro
1419 861 1589 930 ipsius
1613 869 1855 930 peccato,
1875 875 2003 928 pec-

420 961 596 1006 catum
625 954 797 1008 vitare
829 970 937 1007 non
977 954 1237 1023 potuisse.
1260 952 1412 1019 Quod
1452 962 1630 1006 autem
1661 952 1736 1006 ait
1767 969 1779 1004 :
1818 971 1837 1004 ‹
1861 952 2004 1020 Quo-

421 1043 564 1096 niam
593 1059 814 1098 necesse
835 1053 952 1098 erat
978 1043 1095 1097 ﬁeri
1124 1045 1265 1114 quod
1296 1045 1610 1112 pradictum
1629 1054 1792 1098 erata
1816 1044 1996 1106 Jesu,»

423 1133 490 1188 ab
529 1133 824 1203 interprete
893 1133 1194 1202 profectum
1247 1134 1416 1188 fuisse
1472 1145 1675 1204 putem,
1726 1150 1848 1188 nam
1879 1135 2004 1189 Ori-

423 1241 590 1295 genes
627 1236 754 1282 tom.
788 1243 845 1281 ut
882 1227 1172 1281 Comment.
1220 1227 1273 1280 in
1330 1225 1540 1293 Genes.,
1591 1243 1740 1284 num.
1787 1226 1840 1292 6,
1878 1243 2003 1296 pag.

430 1317 512 1380 II,
567 1315 724 1369 aliter
779 1316 961 1370 sentit.
1021 1315 1192 1370 Verba
1240 1313 1359 1382 ejus
1387 1324 1510 1368 sunt
1550 1333 1565 1369 :
1607 1315 1681 1369 Οὐ
1731 1315 1837 1388 γὰρ
1881 1315 2006 1368 ἐπεὶ

423 1407 932 1476 ἐγνωσται,γίνεται
953 1424 968 1437 ο
987 1406 1101 1460 ἀλλ’
1131 1407 1252 1459 ἐπεὶ
1291 1406 1534 1476 γίνεσθαι
1568 1406 1812 1478 ἔμελλεν.
1840 1407 2008 1478 ἐγνω-

427 1513 569 1548 creat.
611 1497 907 1566 Διαστο).ἦς
949 1496 1004 1550 δὲ
1056 1495 1244 1549 δεῖται.
1275 1497 1339 1550 El
1381 1497 1479 1568 μὲν
1519 1498 1627 1568 γὰρ
1669 1497 1748 1564 τὸ,
1790 1498 2006 1562 πάντως

423 1586 596 1650 ἔσται,
633 1588 772 1641 οὔτω
810 1606 893 1652 τις
923 1587 1235 1661 ἐρμηνεύει,
1275 1589 1349 1653 ὡς
1398 1589 1641 1660 ἀνάγκην
1677 1585 1812 1644 εἶναι
1857 1591 2008 1660 γενέ-

428 1680 549 1734 σθαι
580 1681 638 1733 τὸ
673 1681 1122 1754 προεγνωσμένον
1143 1722 1156 1745 ,
1203 1681 1265 1734 οὐ
1303 1681 1554 1752 διδόαμεν
1597 1681 1745 1753 αὐτῷ
1768 1699 1781 1713 °
1807 1682 1868 1735 οὐ
1898 1682 2007 1755 γὰρ

426 1773 678 1844 ἐροῦμεν,
723 1773 842 1825 ἐπεὶ
897 1773 1271 1844 προέγνωσται
1305 1772 1505 1828 Ἰούδαν
1553 1774 1819 1846 προδότην
1853 1774 2009 1843 γενέ-

430 1865 572 1929 σθαι,
593 1866 674 1918 ὃτι
701 1866 847 1917 πᾶσα
882 1864 1093 1935 ἀνάγκη
1113 1859 1180 1935 ἦν
1209 1865 1408 1919 Ἰούδαν
1436 1865 1702 1938 προδότην
1731 1866 2002 1936 γενέσθαι.

2103 679 2148 733 si
2203 675 2607 747 intelligendus,
2645 685 2805 743 posse
2833 669 3123 739 aliquando
3165 667 3442 721 hominem
3465 706 3480 726 ,
3506 663 3696 733 qualis

2103 775 2241 828 latro
2277 773 2398 836 fuit,
2428 769 2634 826 Christi
2667 770 2720 822 in
2759 775 3003 822 extremo
3030 763 3294 833 supplicio
3340 761 3549 821 socius.
3571 759 3695 814 sola

2105 865 2208 921 ﬁde
2233 861 2538 933 justiﬁcari,
2580 860 2726 914 nullo
2755 859 2917 914 etiam
2971 855 3265 911 accedente
3302 869 3469 922 opere
3503 852 3695 912 bono;

2107 958 2319 1024 quando
2351 955 2560 1010 scilicet
2593 952 2827 1007 faciendi
2859 950 2981 1022 ejus
3007 950 3130 1005 data
3169 964 3276 1003 non
3310 958 3393 1002 est
3426 945 3697 1005 facultas.

2105 1047 2188 1100 vel
2225 1045 2479 1102 occasio:
2523 1063 2542 1096 ‹
2585 1043 2800 1098 Initium
2856 1037 3392 1110 namquejustiﬁcari
3423 1051 3455 1089 a
3492 1034 3634 1096 Deo,
3675 1053 3694 1084 ι

2103 1138 2366 1209 Origenes
2396 1135 2491 1192 lib.
2513 1150 2564 1190 tv
2597 1143 2881 1205 sequente,
2906 1149 3057 1190 num.
3086 1134 3138 1194 l,
3164 1146 3284 1201 pag.
3324 1129 3453 1188 5‘23.
3491 1147 3510 1178 ‹
3555 1127 3702 1180 ﬁdes

2103 1241 2187 1285 est
2220 1247 2338 1298 qua:
2385 1228 2560 1284 credit
2601 1229 2654 1281 in
2695 1225 3087 1296 justiﬁcantem
3112 1239 3129 1280 :
3158 1232 3212 1276 et
3240 1223 3356 1276 haec
3397 1221 3533 1273 ﬁdes
3566 1233 3698 1272 cum

2097 1324 2392 1394 iustiﬁcata
2434 1321 2616 1387 fuerit,
2637 1329 2894 1387 tanquam
2916 1316 3068 1371 radix
3091 1316 3262 1370 imbre
3286 1324 3546 1381 suscepto
3582 1309 3704 1363 hmo

2105 1427 2190 1472 ret
2219 1417 2271 1470 in
2313 1413 2506 1467 anima:
2549 1411 2696 1475 solo,
2746 1419 2805 1464 ut
2838 1425 2963 1463 cum
3014 1421 3110 1476 per
3149 1405 3320 1476 legem
3378 1402 3471 1458 Dei
3514 1399 3701 1456 excoli

2106 1506 2354 1578 coeperit,
2384 1514 2607 1575 surgant
2637 1505 2690 1557 in
2727 1517 2788 1556 ea
2821 1499 2956 1554 rami
2984 1499 3074 1568 qui
3107 1498 3312 1551 fructus
3351 1509 3584 1564 Operum
3615 1492 3700 1547 fe-

2105 1611 2247 1656 rant.
2266 1597 2378 1654 Non
2404 1612 2534 1667 ergo
2559 1613 2627 1651 ex
2651 1594 2905 1666 operibus
2933 1593 3084 1646 radix
3111 1589 3358 1658 justitize,
3383 1588 3478 1643 sed
3507 1602 3577 1641 ex
3611 1601 3706 1638 ra-

2104 1692 2227 1747 dice
2248 1690 2475 1760 iustitiae
2512 1689 2720 1742 fructus
2747 1701 2971 1756 operum
3003 1683 3219 1747 crescit,
3246 1700 3263 1732 ι
3299 1690 3357 1733 et
3395 1678 3558 1750 paulo
3601 1694 3705 1732 su-

2105 1784 2286 1852 perius
2315 1795 2435 1851 pag.
2481 1779 2585 1834 52.9.
2617 1795 2628 1829 :
2665 1795 2685 1829 ι
2716 1775 2834 1830 Iam
2865 1789 2994 1829 sane
3017 1771 3384 1828 consid.-rabis
3410 1810 3426 1834 ,
3461 1769 3509 1822 si
3543 1779 3607 1821 ut
3635 1767 3706 1819 de

2108 1869 2211 1924 ﬁde
2238 1869 2436 1924 dictum
2465 1876 2569 1933 est,
2590 1865 2714 1936 quia
2742 1875 3040 1932 reputatum
3068 1872 3140 1916 est
3173 1862 3220 1914 ei
3249 1860 3316 1912 ad
3337 1858 3613 1927 justitiam
3631 1856 3704 1915 ’³,

431 1955 956 2026 Sequentiaquoque
990 1956 1178 2012 eodem
1203 1955 1437 2011 faciunt.
1459 1958 1810 2013 Commodum
1841 1959 2005 2013 etiam
2041 1953 2083 2009 Β
2111 1964 2181 2018 ita
2235 1973 2291 2018 et
2324 1963 2392 2017 de
2439 1961 2560 2015 aliis
2611 1959 2904 2013 virtutibus
2949 1955 3057 2010 dici
3099 1953 3292 2024 possit,
3340 1953 3497 2022 quia,
3540 1950 3707 2002 verbi

431 2048 725 2102 admittunt
762 2048 1178 2116 explicationem
1233 2063 1352 2116 qua:
1398 2050 1640 2104 subnexa
1679 2058 1808 2104 sunt
1837 2050 1889 2104 in
1913 2066 2008 2105 eo-

432 2139 552 2192 dem
579 2137 969 2198 Commentario
995 2139 1047 2192 in
1071 2137 1400 2203 Matt/uvam,
1435 2147 1652 2192 tractat.
1671 2154 1836 2198 xxxv.
1861 2155 2008 2192 num.

431 2227 521 2296 88,
578 2245 701 2298 pag.
752 2230 878 2295 90l,
939 2230 1053 2284 ﬁeri
1107 2246 1212 2284 non
1263 2231 1505 2299 potuisse
1559 2241 1616 2284 ut
1664 2231 1856 2284 Petrus
1905 2246 2011 2285 non

431 2332 704 2390 peccaret,
741 2331 1026 2391 postquam
1066 2323 1387 2376 vaticinium
1434 2337 1590 2375 suum
1627 2320 2010 2391 jurejurando,

435 2415 616 2480 Amen,
649 2413 899 2468 Christus
925 2413 1292 2468 conﬁrmavit.
1314 2413 1448 2468 Nam
1470 2412 1553 2475 τὸ,
1577 2414 1888 2482 ﬁeriposse,
1915 2413 2016 2465 du-

433 2503 558 2572 plici
579 2503 739 2558 modo
766 2505 1057 2559 enuntiare
1091 2505 1281 2560 Graece
1307 2505 1482 2575 potuit
1515 2506 1778 2576 Origenes
1806 2499 1933 2573 οἷόν,
1952 2521 2014 2558 τε

434 2591 597 2660 εἶναι,
636 2605 689 2650 et
712 2595 937 2650 δυνατὸν
963 2591 1131 2650 εἶναι·
1174 2612 1406 2666 quorum
1448 2597 1597 2666 prior
1627 2596 1866 2652 excludit
1917 2611 2015 2651 ne-

435 2689 769 2751 cessitatem,
822 2697 878 2740 et
937 2703 1058 2740 cum
1104 2687 1359 2741 libertate
1413 2686 1480 2742 ad
1523 2686 1807 2756 opposita,
1840 2693 1899 2740 ut
1939 2686 2020 2740 lo-

437 2784 680 2844 quuntur
738 2775 1054 2839 consentit;
1109 2775 1378 2846 posterior
1434 2788 1568 2829 vero
1637 2773 2017 2829 necessitatem

437 2869 689 2934 includit,
717 2879 772 2924 et
802 2869 1110 2924 libertatem
1143 2868 1408 2923 excludit.
1435 2867 1815 2924 Distinctionis
1859 2867 2019 2938 hujus

439 2971 813 3032 argumentum
840 2975 1059 3016 arcesso
1082 2976 1113 3016 e
1147 2961 1268 3015 libr.
1317 2977 1354 3016 ιι
1389 2972 1570 3014 contra
1601 2959 1832 3024 Celsum,
1870 2978 2018 3016 num.

439 3055 529 3112 18.
570 3055 660 3108 ubi
696 3056 776 3108 sic
805 3055 873 3109 de
904 3053 1144 3121 ejusdem
1189 3051 1341 3106 Iudae
1389 3053 1693 3121 proditione
1733 3062 1788 3107 et
1817 3051 2020 3107 Christi

438 3145 695 3201 vaticinio
724 3145 960 3213 loquitur
992 3160 1005 3196 :
1029 3145 1141 3215 Οὐχ
1161 3143 1270 3197 οἷόν
1293 3162 1353 3197 τε
1374 3140 1440 3216 ἦν
1464 3143 1588 3197 οὔτε
1625 3143 1718 3199 τὸν
1745 3142 2023 3214 ὲγνωσμέ-
2058 3149 2063 3157 ’

437 3256 528 3292 νον
549 3237 624 3302 ὡς
649 3237 1010 3309 προδώσοντα,
1033 3236 1106 3308 μὴ
1128 3237 1434 3308 προδοῦναι,
1451 3235 1573 3290 οὗτε
1600 3235 1690 3289 τὸν
1708 3234 2026 3307 ἐλεγχθέντα

2113 2055 2308 2126 gratia,
2348 2051 2723 2108 misericordia
2774 2048 3067 2119 unicuique
3117 2043 3355 2114 reputari
3401 2051 3583 2110 potest
3640 2041 3710 2091 ad

2107 2149 2402 2216 justitiam,
2426 2154 2519 2200 aut
2564 2142 2852 2212 sapientia,
2885 2149 2978 2194 aut
3025 2139 3274 2202 scientia,
3305 2146 3402 2188 aut
3453 2146 3711 2187 mansue-

2115 2243 2263 2308 tudo,
2301 2251 2356 2295 et
2385 2237 2685 2300 humilitas,
2715 2235 2801 2291 vel
2835 2244 2982 2290 certe
3017 2233 3060 2288 si
3100 2231 3246 2287 omni
3279 2227 3528 2283 credenti
3570 2226 3712 2278 ﬁdes

2116 2335 2183 2390 ad
2208 2331 2476 2404 justitiam
2505 2338 2811 2398 reputetur.
2844 2343 2862 2378 ι
2893 2325 3031 2381 Tum
3060 2326 3116 2378 in
3151 2322 3300 2376 Rom.
3329 2337 3402 2385 iv,
3431 2321 3528 2380 18.
3549 2333 3707 2371 num.

2116 2427 2170 2494 6,
2203 2440 2325 2495 pag.
2354 2422 2450 2477 531
2487 2435 2499 2470 :
2543 2439 2562 2472 ι
2602 2420 2738 2476 Puto
2783 2420 2924 2488 quod
2978 2419 3150 2487 prima
3187 2413 3378 2467 salutis
3429 2411 3628 2475 initia,
3656 2417 3714 2463 θ’

2120 2519 2234 2588 ipsa
2268 2515 2638 2576 fundamenta,
2676 2511 2810 2565 ﬁdes
2860 2517 2944 2564 est
2977 2525 2989 2560 :
3039 2505 3316 2578 prolectus
3347 2517 3484 2558 vero
3510 2511 3566 2556 et
3605 2517 3710 2555 au-

2119 2618 2336 2682 gmenta
2361 2605 2574 2662 aediﬁcii
2598 2644 2614 2669 ,
2645 2619 2770 2674 spes
2809 2612 2894 2658 est
2924 2621 2939 2656 :
2981 2599 3244 2672 perfectio
3274 2607 3458 2650 autem
3491 2605 3548 2650 et
3595 2595 3712 2649 eul-

2121 2715 2242 2757 men
2279 2703 2442 2756 totius
2488 2699 2689 2770 operis,
2737 2697 2998 2751 charitas.
3033 2712 3052 2745 ι
3097 2693 3263 2746 Idem.
3319 2699 3454 2742 tom.
3513 2702 3604 2740 xu
3657 2688 3709 2738 in

2123 2795 2344 2859 Matth,
2376 2809 2528 2848 num.
2561 2792 2630 2846 9.7
2651 2832 2667 2854 ,
2698 2805 2822 2861 pag.
2856 2788 2982 2852 760,
3018 2786 3175 2841 ﬁdem
3218 2785 3422 2852 absque
3449 2782 3713 2850 operibus

2122 2887 2356 2943 similem
2389 2899 2509 2940 esse
2531 2884 2660 2937 dicit
2697 2882 2820 2936 licui
2863 2895 2892 2933 a
2922 2878 3137 2934 Christo
3159 2876 3435 2934 arefacta,
3476 2887 3600 2942 quae
3629 2871 3711 2925 fo-

2127 2979 2194 3032 lia
2214 2987 2422 3031 tantum
2449 2975 2652 3044 absque
2689 2973 2952 3028 fructibus
2985 2966 3522 3036 ostentabat.|taque
3556 2973 3711 3034 post-

2126 3085 2285 3140 quam
2311 3073 2542 3140 probare
2571 3075 2801 3120 conatus
2831 3071 2919 3117 est
2951 3061 3063 3116 sola
3118 3059 3224 3113 ﬁde
3261 3058 3542 3112 hominem
3568 3052 3709 3108 eam

2121 3159 2349 3229 justum,
2381 3157 2586 3226 absque
2615 3154 2872 3224 operibus
2900 3153 3053 3219 legis,
3079 3151 3265 3220 priore
3313 3148 3434 3202 loco
3479 3147 3604 3200 libri
3651 3162 3708 3200 ιιι

2127 3252 2180 3304 in
2207 3249 2376 3321 Epist.
2401 3250 2469 3303 ad
2494 3247 2646 3302 Rom.
2672 3246 2860 3302 statim
2897 3243 3115 3312 subiicit
3150 3259 3295 3297 num.
3334 3243 3393 3306 9,
3423 3256 3548 3312 pag.
3572 3239 3710 3294 517:

439 3329 832 3403 ἀρνησόμενον,
875 3328 949 3400 μὴ
975 3328 1340 3400 ἀρνήσασθαι.
1389 3329 1552 3394 Quasi
1586 3329 1736 3382 dicas
1764 3345 1778 3386 :
1818 3345 1836 3378 ι
1863 3325 2019 3380 Nullo

2132 3361 2153 3397 ι
2185 3311 2294 3400 Sed
2328 3342 2577 3399 fortassis
2623 3341 2739 3395 haec
2789 3339 2990 3409 aliquis
3034 3336 3261 3390 audiens
3305 3334 3714 3392 resolvatur,et

445 3423 605 3477 modo
635 3422 874 3476 futurum
901 3431 1040 3475 erat.
1079 3441 1098 3472 ›
1139 3423 1205 3475 At
1230 3422 1388 3488 paqu
1417 3419 1645 3474 inferius
1683 3435 1832 3472 num.
1855 3417 1927 3472 ει)
1948 3420 2026 3474 sic

443 3515 608 3570 habet
649 3532 663 3566 :
697 3514 808 3567 Καὶ
850 3513 968 3566 ὅλον
989 3530 1051 3581 γε
1093 3513 1250 3566 τοῦτο
1283 3515 1341 3566 ὲν
1365 3516 1430 3584 τῇ
1472 3511 1779 3586 προγνώσει
1806 3512 1900 3564 τοῦ
1939 3510 2026 3564 θε-

434 3606 728 3670 σπί-ζοντος
763 3606 894 3659 αὐτὸ
925 3605 1182 3675 τυγχάνει
1219 3605 1445 3658 δυνατοῦ
1491 3606 1642 3668 ὄντος
1689 3604 1845 3658 τοῦδέ
1884 3620 2027 3667 τινος

441 3697 715 3766 γενέσθαι,
738 3697 890 3750 ἔσται
923 3697 983 3750 τὸ
1009 3696 1194 3768 ἕτερον
1215 3697 1394 3751 αὐτῶν
1417 3697 1478 3750 τὸ
1509 3697 1563 3750 δέ
1588 3715 1658 3752 τι.
1689 3698 1797 3751 Καὶ
1828 3697 1886 3750 οὐ
1924 3713 2028 3765 φα-

435 3789 549 3861 ’μὲν
582 3790 664 3843 ὅτι
691 3791 719 3842 6
754 3789 1146 3860 προγινώσκων
1176 3788 1386 3858 ὑφελὼν
1413 3789 1473 3842 τὸ
1507 3789 1730 3843 δυνατὸν
1765 3784 1905 3843 εἶναι
1936 3806 2029 3856 γε-

445 3881 631 3937 νέσθαι
656 3883 750 3937 καὶ
791 3884 866 3954 μὴ
889 3882 1140 3952 γενέσθαι
1179 3883 1340 3936 οἱονεὶ
1367 3882 1606 3936 τοιοῦτόν
1638 3900 1690 3936 τι
1710 3881 1858 3952 λέγει
1878 3898 1891 3912 °
1911 3882 2029 3935 τόδε

447 3972 665 4037 πάντως
685 3973 856 4038 ἔσται,
879 3975 972 4027 καὶ
1014 3974 1272 4028 ἀδύνατον
1301 3975 1502 4047 ἑτέρως
1530 3973 1784 4043 γενέσθαι
1804 3990 1819 4006 ⁸
1843 3983 1898 4029 et
1932 3974 2024 4027 lib.

447 4080 522 4119 νιι
562 4065 851 4118 Comment.
883 4067 937 4118 in
963 4065 1133 4134 Epist.
1171 4067 1240 4119 ad
1264 4065 1440 4131 Rom.,
1471 4081 1618 4123 num.
1653 4065 1706 4129 8,
1742 4081 1862 4135 pag.
1883 4064 2024 4118 605:

455 4174 474 4208 ι
516 4155 630 4212 Νοιι
657 4172 788 4226 ergo
809 4157 932 4226 quia
966 4158 1238 4226 propheta:
1261 4159 1656 4227 pnedixerunt,
1677 4158 1880 4211 idcirco
1906 4173 2030 4227 pro-

450 4249 584 4303 didit
623 4247 792 4303 ludas
834 4266 849 4303 :
883 4250 976 4304 sed
1025 4251 1150 4320 quia
1203 4250 1419 4304 futurus
1471 4261 1619 4306 esset
1654 4251 1933 4321 proditor,
1966 4265 2027 4307 ea

451 4356 568 4410 qua:
601 4341 690 4395 ille
732 4357 798 4395 ex
830 4343 1088 4411 [ιι-οι)οείιί
1117 4343 1198 4397 sui
1223 4343 1465 4411 nequitia
1498 4352 1746 4412 gesturus
1762 4351 1877 4396 erat
1901 4357 2034 4412 prte-

453 4433 709 4486 dlxerunt
742 4435 1042 4500 pr0phetce,
1073 4449 1196 4487 cum
1231 4435 1416 4501 utique
1457 4431 1626 4488 .Iudas
1667 4435 1720 4488 in
1765 4443 2033 4503 potestate

456 4524 752 4586 habuisset,
791 4535 849 4578 ut
879 4537 1022 4578 esset
1066 4527 1262 4579 similis
1297 4525 1460 4579 Petro
1497 4536 1551 4578 et
1583 4523 1774 4581 Joannl
1804 4565 1820 4589 ,
1859 4527 1902 4581 si
1935 4542 2033 4578 vo-

457 4607 668 4661 luisset.
711 4627 728 4660 »
779 4607 917 4662 IIinc
953 4610 1088 4663 adeo
1129 4628 1146 4660 ι
1197 4609 1356 4679 Legis
1415 4611 1829 4679 possibilitatem
1881 4625 2032 4665 asse-

458 4700 630 4754 ruisse
667 4720 688 4753 ›
714 4699 1004 4768 Origenem
1051 4699 1538 4771 Magdeburgenses
1589 4703 1875 4773 conquesti
1907 4715 2033 4759 sunt

456 4800 603 4846 cent.
643 4807 722 4858 ιιι,
754 4808 874 4862 cap.
895 4792 980 4848 10.

527 4897 714 4953 XXIII.
754 4899 908 4954 Patet
948 4902 1111 4956 etiam
1147 4902 1663 4973 reprehensionibus
1713 4903 1866 4962 locus
1913 4904 2028 4960 Ori-

458 4992 612 5060 geuis
648 5005 678 5045 e
708 4993 802 5046 lib.
833 5008 891 5047 ιιι
929 4995 983 5046 in
1022 4993 1193 5060 Epist.
1234 4996 1301 5048 ad
1340 4995 1518 5061 Rom.,
1561 5012 1711 5050 num.
1737 4997 1801 5062 9,
1832 4997 1884 5051 in
1922 5011 2030 5066 quo

457 5083 721 5152 exemplis
737 5095 793 5138 et
823 5085 1120 5139 rationibus
1143 5086 1516 5142 demonstrare
1548 5088 1736 5141 nititur
1757 5087 1868 5142 sola
1906 5088 2032 5154 ﬁde,

459 5175 660 5243 absque
715 5173 837 5228 ullis
862 5173 1116 5242 Operibus
1142 5175 1296 5246 legis,
1325 5176 1596 5231 hominem
1633 5177 1837 5245 justum
1872 5176 2034 5242 eIIiei,

456 5263 610 5332 juxta
641 5265 772 5317 illud
806 5266 1050 5333 Apostoli
1083 5266 1242 5320 Rom.
1277 5267 1551 5332 ttt,‘l7,98
1585 5286 1637 5321 τι
1676 5266 1774 5322 Ubi
1803 5280 2036 5339 estergo

460 5357 713 5427 gloriatio
763 5356 1047 5411 lExclusa
1101 5371 1207 5413 est.
1253 5358 1358 5414 Per
1401 5376 1559 5429 quam
1609 5360 1782 5430 legem
1812 5361 1836 5414 τ
1871 5360 2038 5415 facto-

463 5465 579 5504 rum
607 5450 630 5502 τ
658 5447 796 5512 Νοιι,
831 5452 923 5504 sed
958 5467 1053 5521 per
1088 5451 1257 5520 legent
1311 5452 1456 5504 ﬁdei.
1504 5451 1848 5505 Arbitramur
1892 5455 2034 5506 enim

455 5539 740 5606 justiﬁeari
767 5542 1040 5596 hominem
1073 5557 1167 5610 per
1203 5543 1383 5602 ﬁdem,
1404 5543 1521 5597 sine
1549 5543 1807 5613 operibus
1840 5545 2032 5613 legis.»

462 5633 531 5684 At
561 5642 768 5684 certqu
798 5645 879 5686 est
903 5645 1082 5686 tamen
1115 5635 1598 5702 dejustilicatiouis
1630 5637 1794 5691 initiis
1828 5637 1897 5690 ibi
1927 5637 2038 5691 dis-

460 5737 644 5774 serere
669 5721 1102 5792 0rigcnem,~non
1133 5725 1198 5778 de
1238 5741 1527 5796 progressu
1554 5725 1670 5794 ejus
1701 5737 1755 5783 et
1779 5742 2036 5798 augmen-

533 5897 578 5930 ’⁵
615 5897 769 5953 Rom.
803 5915 872 5965 tv,
895 5901 948 5955 5.

2064 4671 2107 4724 D

2126 3437 2262 3490 bene
2293 3433 2485 3506 agendi
2523 3430 2906 3500 negligentiam
2957 3428 3155 3496 capiat,
3204 3425 3477 3495 siquidem
3514 3423 3580 3475 ad
3627 3421 3713 3490 ju-

2127 3528 2471 3584 stiﬁcaudum
2503 3526 2637 3579 ﬁdes
2661 3523 2775 3580 sola
2810 3521 3058 3577 suﬁiciat.
3107 3521 3185 3574 Ad
3217 3533 3380 3588 quem
3429 3517 3710 3576 dicemus,

2126 3621 2251 3691 quia
2277 3627 2397 3690 post
2435 3616 2884 3686 justiﬁcationem
2937 3614 2983 3668 si
3027 3612 3224 3681 injuste
3253 3609 3380 3679 quis
3409 3616 3571 3679 agat,
3593 3606 3714 3659 sine

2126 3711 2292 3766 dubio
2317 3707 2724 3779 justillrationis
2755 3705 2988 3776 gratiam
3030 3703 3236 3773 Sprevit
3265 3717 3281 3767 ;
3325 3720 3343 3752 ι
3375 3709 3433 3754 et
3471 3709 3713 3768 postmo-

2129 3801 2252 3854 dum
2282 3814 2433 3854 num.
2471 3797 2559 3861 ιθ,
2587 3811 2707 3866 pag.
2746 3793 2851 3850 519
2881 3811 2896 3847 :
2935 3812 2954 3845 ι
2981 3792 3132 3860 Quod
3157 3792 3202 3845 si
3241 3788 3489 3859 requirat
3519 3786 3714 3853 aliquis

2129 3891 2419 3954 curiosius,
2449 3889 2484 3942 ii
2515 3889 2606 3957 qui
2635 3901 2702 3942 ex
2736 3887 2841 3942 ﬁde
2862 3884 3270 3954 justiﬁcantur,
3304 3897 3405 3952 per
3433 3895 3595 3949 quem
3622 3878 3713 3945 ju-

2133 3981 2468 4046 stilicentur;
2499 3979 2625 4036 licet
2666 3979 2915 4033 fortassis
2967 3976 3133 4030 multa
3175 3975 3230 4027 in
3279 3974 3386 4026 hoc
3423 3971 3712 4026 curiositas

2128 4073 2400 4134 videatur,
2431 4081 2608 4126 tamen
2631 4068 3022 4124 convenienter
3039 4065 3219 4120 dicere
3241 4078 3557 4131 possumus,
3575 4060 3712 4130 quod

2130 4164 2220 4233 qui
2247 4179 2314 4218 ex
2341 4163 2443 4218 ﬁde
2465 4162 2870 4232 justiﬁcantur,
2905 4158 3059 4214 initio
3098 4172 3166 4212 ex
3204 4155 3310 4210 ﬁde
3345 4166 3589 4223 sumpto,
3621 4166 3715 4221 per

2131 4257 2572 4327 adimpletionem
2626 4256 2892 4310 bonorum
2943 4266 3166 4322 operum
3225 4257 3708 4308 consummantur;

2131 4359 2185 4405 et
2215 4351 2306 4420 qui
2333 4365 2431 4420 per
2457 4349 2615 4403 ﬁdem
2635 4345 3028 4418 justiﬁcantur,
3047 4357 3075 4396 a
3101 4341 3260 4396 bonis
3280 4342 3548 4410 operibus
3567 4353 3715 4394 exor-

2133 4440 2201 4503 si,
2235 4454 2331 4508 per
2372 4440 2529 4494 ﬁdem
2587 4453 2852 4493 summam
2908 4435 3297 4506 perfectionem
3350 4433 3651 4500 accipiunt.
3687 4447 3707 4478 ι

2133 4531 2380 4598 Quanam
2404 4544 2532 4600 ergo
2561 4529 2666 4583 ﬁde
2689 4528 3032 4599 scripserunt
3059 4523 3557 4593 Magdeburgcnses
3571 4528 3708 4575 cent.

2139 4638 2220 4687 ιιι,
2253 4638 2375 4692 cap.
2408 4620 2511 4686 I0,
2549 4619 2838 4690 Origenem
2889 4638 2908 4670 ι
2941 4615 3352 4687 justiﬁcationis
3394 4613 3600 4668 fontem
3639 4609 3711 4662 fe-

2137 4715 2278 4769 cisse
2303 4713 2444 4766 bona
2477 4711 2689 4781 opera?
2716 4728 2736 4762 ι

2214 4804 2406 4860 XXIV.
2437 4804 2515 4858 De
2551 4811 2778 4873 peccato
2797 4800 3024 4872 originis
3047 4802 3114 4854 ab
3141 4801 3352 4856 Adamo
3388 4799 3444 4852 in
3474 4794 3710 4851 homines

2137 4908 2433 4970 propagato
2458 4913 2562 4952 non
2619 4912 2723 4951 una
2755 4905 2840 4950 est
2884 4895 3118 4966 Iprensis
3163 4894 3402 4963 episcopi
3461 4891 3712 4946 adversus

2137 4990 2520 5046 Adamantium
2539 4988 2782 5058 querela.
2804 4987 2853 5041 Is
2872 4996 3005 5042 tom.
3034 4986 3072 5050 I,
3093 4986 3182 5040 lib.
3219 4999 3292 5050 VI,
3320 4999 3443 5053 cap.
3470 4981 3709 5049 Πηνει-

2141 5097 2303 5153 quam
2328 5079 2612 5149 Origenem
2647 5079 2829 5134 fassus
2856 5089 2940 5133 est
2967 5079 3032 5133 de
3061 5088 3282 5147 peccato
3310 5073 3545 5143 originis
3568 5087 3598 5124 a
3623 5084 3712 5123 ca-

2143 5172 2339 5228 tholica
2365 5171 2606 5227 Ecclesia
2653 5171 2946 5226 dissentire
2987 5171 3302 5238 neutiquam
3335 5167 3538 5229 videri,
3573 5163 3717 5218 Pela-

2139 5266 2313 5336 gianis
2345 5261 2548 5328 tamen,
2576 5275 2636 5318 ut
2660 5266 2728 5317 de
2752 5278 2814 5318 ea
2848 5278 2907 5318 re
2928 5261 3060 5316 falsa
3091 5263 3475 5330 opinarentur,
3506 5268 3712 5326 portam

2141 5357 2419 5426 aperuisse
2443 5357 2598 5411 dicit.
2619 5355 2740 5410 Mox
2759 5373 2788 5409 e
2807 5355 2950 5409 libro
2964 5371 2997 5409 ν
3013 5353 3530 5408 Commentariorum
3551 5350 3716 5418 ipsius

2138 5452 2192 5505 in
2221 5450 2392 5520 Epist.
2447 5451 2518 5504 ad
2550 5449 2702 5504 Rom.
2754 5449 3025 5518 praecipua
3053 5447 3263 5512 colligit
3287 5445 3492 5513 capita,
3527 5442 3716 5512 quibus

2141 5543 2446 5598 doctrinam
2487 5541 2610 5612 ejus
2635 5556 2800 5611 super
2828 5542 2932 5596 hoc
2966 5553 3288 5610 argumento
3327 5534 3594 5590 contineri
3620 5545 3712 5598 pn-

2143 5643 2262 5702 tat;
2292 5650 2411 5704 qute
2427 5634 2768 5704 singulatim,
2793 5635 2887 5689 sed
2917 5633 3103 5704 paucis
3119 5629 3570 5696 examinabimus.
3597 5622 3710 5676 Pri-

2144 5742 2288 5781 mum
2322 5728 2423 5781 hoc
2455 5738 2540 5782 est
2572 5725 2857 5792 mundum,
2885 5725 2936 5779 iu
2974 5738 3132 5795 quem
3170 5732 3454 5790 peccatum
3487 5719 3709 5771 intrasse
