3898 6528
194 438 302 496 965

910 465 918 471 -
999 437 1573 495 ORIGENIANORUM
1615 437 1742 492 LlB.
1786 436 1850 503 ll,
1891 437 2045 494 CAP.
2085 433 2154 501 ll,
2187 432 2473 503 QUA‘IST.
2521 433 2632 490 VII.

3355 432 3470 490 965

195 553 355 608 docet
380 554 674 625 Apostolus
706 569 804 626 per
827 566 1110 625 peccatum
1143 555 1364 619 Adatni,
1386 565 1634 610 terrenos
1656 569 1777 610 esse
1803 563 1848 619 Α
1881 555 2012 608 tioni
2047 561 2242 624 quarta
2265 567 2511 610 connexa
2541 559 2662 614 est,
2697 550 2873 604 visum
2912 548 3083 604 fuisse
3138 545 3266 618 ipsi,
3310 562 3456 602 mor-

199 645 573 706 homineszﬁ.
604 659 834 703 mortem
889 663 1010 718 qua:
1059 649 1114 702 in
1174 663 1366 704 omnes
1415 649 1770 716 pertransiit,

197 743 426 789 mortem
446 751 568 790 esse
597 737 814 802 anit‘naz,
842 752 948 792 non
973 739 1248 808 corporis;
1282 740 1337 795 5.
1365 749 1594 794 mortem
1628 739 1781 794 illam

194 841 304 881 non
321 829 682 896 pertransisse
714 831 765 884 in
794 846 1006 898 omnes,
1030 833 1124 888 sed
1145 835 1197 887 in
1225 833 1444 897 multos,
1463 834 1554 904 qui
1583 851 1784 906 nempe.

194 930 322 974 actu
361 933 756 990 peccaverunt;
801 923 858 977 4.
889 940 993 978 non
1023 924 1074 978 in
1122 940 1312 980 omnes
1345 942 1604 997 regnasse
1637 944 1775 983 tuor-

191 1015 328 1076 tem,
362 1011 454 1066 sed
485 1011 536 1065 in
567 1027 660 1068 eos
683 1014 1046 1083 duutaxatqui
1071 1017 1782 1084 peccaveruntinsitnilitu-.

190 1100 377 1156 dinem
411 1105 872 1172 przevaricationis
903 1108 1069 1174 Adae;
1113 1108 1167 1162 5.
1221 1125 1327 1164 non
1361 1125 1550 1164 omnes
1582 1110 1761 1165 homi-

190 1209 313 1260 nes,
345 1198 438 1249 sed
476 1198 676 1251 mullos
708 1198 868 1254 unius
893 1199 1096 1255 delicto
1127 1212 1446 1272 peccatores
1497 1203 1666 1258 fuisse
1693 1203 1774 1258 ei-

189 1283 408 1348 fectos;
463 1287 516 1340 6.
548 1286 829 1343 Christum
898 1291 1080 1360 plures
1131 1294 1196 1347 ad
1245 1295 1413 1348 vitam
1449 1295 1770 1358 reduxisse,

188 1393 355 1446 quam
380 1380 643 1435 Adamum
681 1383 750 1436 ad
783 1393 1051 1450 mortem;
1097 1385 1152 1440 7.
1185 1387 1453 1441 Adamum
1491 1403 1612 1442 esse
1661 1390 1772 1443 for-

189 1483 337 1522 tnam
361 1468 554 1536 futuri,
578 1473 701 1541 quia
723 1475 931 1541 peccati
963 1477 1131 1544 ipsius
1148 1477 1435 1547 exemplar
1465 1479 1778 1544 imitantes,

188 1573 510 1630 peccatores
535 1564 710 1619 eliecti
766 1578 914 1622 sunt.
971 1567 1332 1624 Observatum
1371 1583 1554 1626 autem
1605 1573 1768 1628 velim

185 1663 317 1707 ante
340 1657 544 1721 omnia,
579 1659 646 1710 ab
666 1659 898 1728 Origene
923 1661 1036 1716 hzec
1060 1661 1436 1736 ἀλληγορικῶς
1453 1662 1618 1718 fuisse
1644 1680 1770 1734 pro-

183 1749 389 1816 posita,
433 1768 537 1805 non
587 1751 936 1824 δογματικῶς
974 1755 1232 1817 deﬁnita;
1277 1766 1569 1826 antequam
1621 1757 1768 1812 enim

184 1841 254 1896 ad
282 1856 349 1896 ea
377 1843 620 1905 accedat,
658 1846 929 1914 explicato
959 1845 1156 1902 litterze
1192 1863 1379 1903 sensu.
1426 1867 1445 1900 ι
1478 1848 1768 1904 Videamus

182 1948 357 1999 nunc,
395 1953 416 1986 ι
453 1935 628 2003 inquit
664 1953 813 1990 num.
847 1939 900 2002 1,
941 1953 1064 2008 pag.
1095 1939 1222 2002 545,
1263 1958 1282 1991 ι
1320 1941 1446 2008 quid
1487 1941 1652 1996 etiam
1686 1941 1772 1996 in-

183 2027 362 2077 terior
391 2024 582 2078 habeat
613 2026 948 2082 intellectus.
981 2047 999 2080 ι
1028 2029 1182 2096 Quod
1208 2046 1273 2085 ex
1302 2031 1472 2098 ipsius
1497 2031 1771 2100 opinatio-

194 2131 332 2170 num
365 2117 728 2172 inconstantia
785 2129 835 2175 et
880 2121 1191 2176 diversitate
1227 2123 1423 2179 clarius
1447 2127 1608 2182 etiam
1651 2141 1774 2185 sese

179 2211 402 2278 prodet.
436 2210 566 2264 Nam
599 2213 831 2282 primum
853 2215 996 2282 quod
1029 2216 1246 2280 attinet,
1271 2228 1556 2289 postquam
1591 2231 1768 2277 terre-

180 2313 284 2354 nos
314 2301 562 2356 homines
588 2311 644 2356 et
679 2303 841 2357 rebus
900 2305 1130 2359 terrenis
1169 2308 1384 2364 deditos
1410 2350 1426 2375 ,
1478 2311 1770 2380 allegorice

179 2395 446 2448 mundum
485 2409 608 2450 esse
639 2396 798 2460 dixit,
859 2397 912 2451 in
965 2413 1124 2467 quem
1181 2411 1463 2467 peccatum
1521 2404 1766 2470 intravit,

176 2488 444 2541 mundum
468 2489 660 2544 deinde
687 2490 847 2544 aliter
873 2492 1115 2560 exponit,
1143 2506 1319 2563 eoque
1351 2495 1646 2565 significari
1679 2498 1771 2552 do-

176 2591 268 2633 cet
289 2595 442 2634 num.
475 2581 524 2642 1,
569 2597 689 2652 pag.
729 2583 852 2648 547,
900 2603 918 2634 ι
952 2595 1228 2639 terrenum
1265 2588 1407 2642 hunc
1455 2589 1659 2654 locum,
1712 2590 1766 2644 in

175 2684 290 2739 quo
323 2671 571 2728 homines
611 2674 858 2729 habitant
885 2692 900 2738 ;
932 2677 1016 2732 vel
1045 2687 1317 2732 terrenam
1354 2691 1406 2734 et
1426 2681 1766 2747 corporalem

174 2762 377 2827 vitam,
411 2766 590 2835 inqua
628 2781 775 2822 mors
809 2768 976 2823 habet
1018 2770 1227 2837 locum;
1274 2772 1360 2826 cui
1395 2774 1616 2835 mundo.
1665 2775 1767 2830 hoc

176 2866 288 2918 est,
319 2865 546 2910 terrena!
567 2859 1026 2924 vitte,crucillxos
1049 2878 1108 2917 se
1125 2864 1311 2918 dicunt
1341 2866 1515 2920 sancti
1538 2875 1594 2920 et
1626 2882 1769 2921 mor-

177 2957 332 3003 tuos.
371 2969 390 3001 ι
430 2949 544 3004 Non
601 2953 768 3007 multo
821 2965 1001 3010 autem
1062 2956 1288 3010 inferius
1323 2972 1445 3028 pag.
1487 2957 1614 3024 549,
1661 2959 1767 3014 alia

175 3037 382 3096 habet:
416 3059 434 3092 ι
472 3042 694 3097 Videtur
726 3045 881 3110 mihi,
918 3045 1116 3115 inquit,
1152 3047 1296 3116 quod
1333 3049 1420 3102 hic
1469 3052 1765 3120 Apostolus

175 3129 336 3185 illam
367 3141 609 3198 aetatem,
641 3152 758 3204 qua:
790 3139 1029 3191 ιιοιιιιιιιιι
1057 3139 1123 3192 ad
1155 3140 1512 3209 capacitatem
1541 3141 1766 3196 rationis

1884 655 1989 699 tem
2019 646 2163 699 illam
2188 650 2255 701 de
2283 659 2388 714 qua
2417 643 2620 698 Paulus
2651 643 2809 697 llum.
2840 658 2892 710 ν,
2919 642 3006 706 14,
3038 656 3144 696 non
3178 640 3234 694 in
3265 655 3460 696 omnes

1878 752 2160 806 regnasse,
2191 739 2288 792 sed
2335 737 2388 792 in
2419 751 2514 791 eos
2563 739 2853 797 duntaxat,
2885 734 2976 803 qui
3007 744 3374 803 peccaverunt
3403 734 3458 787 in

1874 829 2286 886 similitudinem
2315 828 2785 900 praevaricationis
2805 828 2958 882 Δότε.
2983 826 3286 896 Utrohiqne
3315 842 3457 881 mor-

1875 931 1981 976 tem
2023 922 2230 988 peccati
2262 921 2510 990 intelligit
2539 939 2554 976 :
2591 936 2653 974 ac
2691 921 2920 991 proinde
2945 922 3146 988 pendet
3169 921 3294 974 hinc
3323 934 3461 988 quo-

1874 1032 1980 1084 que
2014 1017 2204 1086 quinta
2234 1015 2535 1076 accusatio,
2571 1011 2871 1068 allirmasse
2897 1011 3098 1080 ipsum,
3132 1027 3239 1065 non
3263 1027 3458 1067 omnes

1874 1107 2147 1168 homines,
2171 1105 2264 1158 sed
2293 1103 2491 1157 multos
2522 1101 2685 1156 unius
2715 1100 2917 1154 delicto
2961 1109 3274 1167 peccatores
3335 1112 3464 1152 esse.

1873 1197 2122 1254 elleetos.
2153 1196 2447 1266 Distinguit
2479 1202 2658 1250 autem
2683 1192 2948 1262 Origenes
2982 1192 3272 1245 transitum
3309 1206 3460 1244 mor-

1874 1292 1989 1345 tisa
2009 1305 2172 1358 regno
2189 1289 2381 1343 mortis
2406 1305 2420 1342 :
2453 1308 2471 1338 ι
2498 1286 2788 1342 Peccatum
2806 1285 2972 1348 enim,
3001 1303 3018 1336 ι
3045 1281 3215 1351 inquit
3239 1283 3454 1346 nmini,

1873 1399 1994 1454 pag.
2051 1383 2158 1438 550
2189 1422 2203 1446 ,
2245 1401 2264 1434 ι
2306 1380 2624 1452 pertransiit
2673 1379 2841 1434 etiam
2899 1379 2955 1433 in
3004 1377 3206 1448 justos,
3251 1387 3306 1431 et
3352 1375 3457 1430 levi

1872 1478 2106 1547 quadam
2137 1491 2233 1530 eos
2262 1475 2593 1544 contagione
2624 1473 2946 1543 perstrinxit
2978 1491 2992 1527 :
3029 1471 3082 1525 in
3118 1469 3452 1540 prtevariea-

1875 1569 2083 1624 toribus
2116 1583 2266 1634 vero,
2292 1567 2344 1621 id
2377 1577 2508 1631 est,
2571 1565 2656 1621 his
2687 1565 2779 1635 qui
2816 1580 2874 1620 se
2905 1564 2954 1618 ci
3000 1573 3111 1618 tota
3166 1573 3354 1618 mente
3391 1575 3457 1618 ac

1871 1663 2156 1717 devotione
2205 1659 2528 1730 subjiciunt,
2557 1673 2788 1729 regnum
2838 1666 3005 1722 tenet,
3043 1665 3098 1710 et
3124 1656 3270 1709 omni
3302 1663 3458 1724 pote-

1871 1764 2012 1808 state
2049 1753 2383 1808 dominatur.
2415 1771 2434 1804 ι
2458 1737 2539 1804 Ἀι
2576 1760 2805 1804 mortem
2833 1748 2980 1802 illam
3013 1763 3179 1816 super
3206 1762 3301 1799 eos
3327 1756 3454 1798 tau-

1875 1857 1986 1902 tum
2021 1861 2243 1915 regnum
2282 1844 2524 1898 tenuisse
2548 1842 2795 1912 vult,qui
2828 1840 2990 1896 simili
3019 1855 3158 1902 sese,
3191 1849 3250 1893 ιιι
3278 1839 3449 1893 Adam

1872 1939 2105 1996 crimine
2135 1937 2584 2008 inquinaverunt.
2625 1934 2945 2004 Quanquam
3000 1932 3125 1984 alibi
3161 1939 3447 1998 peccatum

1871 2031 2104 2100 originis
2135 2042 2302 2099 super
2333 2044 2527 2083 omnes
2563 2041 2824 2094 regnasse
2866 2027 2940 2078 ait
2971 2041 2988 2078 :
3026 2042 3044 2074 ι
3083 2021 3197 2076 Νοιι
3229 2036 3381 2090 ergo,
3425 2037 3446 2074 ι

1872 2122 2049 2192 inquit
2075 2135 2222 2174 num.
2249 2118 2304 2181 2.
2335 2133 2461 2188 pag.
2495 2117 2623 2183 554,
2664 2135 2681 2168 ι
2715 2115 2849 2170 nihil
2887 2114 3242 2182 peccantibus
3276 2111 3454 2178 nobis,

1873 2229 2022 2269 mors
2054 2211 2304 2282 regnavit
2331 2211 2384 2265 in
2418 2211 2616 2266 nobis:
2659 2229 2679 2263 ι
2714 2218 2770 2264 et
2795 2223 2919 2263 mox
2955 2228 2968 2263 :
3006 2225 3025 2259 t
3063 2205 3168 2261 Sed
3203 2202 3456 2273 regnavit

1871 2320 2020 2360 mors
2051 2305 2121 2359 ab
2153 2302 2323 2358 Adam
2361 2317 2536 2372 usque
2565 2303 2630 2355 ad
2663 2300 2881 2371 Moysen
2919 2301 2972 2355 in
3010 2316 3105 2355 eos
3128 2300 3219 2370 qui
3250 2315 3450 2368 pecca-

1872 2405 2070 2452 verunt
2122 2397 2175 2450 in
2211 2395 2624 2451 similitudinem
2670 2393 3140 2464 praevaricationis
3183 2391 3328 2446 Δότε.
3366 2390 3457 2447 Vi-

1871 2489 2040 2544 desne
2068 2497 2130 2542 ut
2158 2503 2189 2542 a
2215 2496 2442 2557 peccato
2473 2486 2680 2540 nullum
2729 2485 2931 2540 Paulus
2959 2472 3228 2539 e‘xcusct?
3265 2504 3284 2537 ι
3327 2483 3456 2538 Per-

1869 2581 2158 2636 transiisse
2215 2590 2395 2634 autem
2451 2587 2684 2633 mortem
2721 2579 2776 2632 in
2824 2593 3015 2632 omnes
3048 2577 3258 2631 iteratis
3315 2577 3453 2631 locis

1869 2676 2080 2737 diserte
2104 2672 2327 2739 asserit,
2353 2680 2416 2726 ut
2443 2687 2566 2724 cum
2596 2686 2746 2723 nttm.
2785 2669 2836 2731 l,
2870 2683 2995 2738 pag.
3027 2667 3156 2732 547,
3199 2667 3453 2737 corporis

1871 2777 2097 2822 mortem
2141 2765 2390 2820 umbram
2426 2778 2552 2818 esse
2581 2761 2712 2816 dicit
2741 2762 2930 2816 mortis
2958 2761 3162 2830 peccati
3189 2777 3204 2824 ;
3238 2775 3301 2814 ac
3329 2747 3456 2829 proé

1868 2858 1995 2914 inde
2037 2856 2244 2913 nullum
2289 2867 2465 2908 morte
2520 2852 2734 2922 peccati
2783 2866 2908 2907 esse
2963 2854 3282 2911 immunem,
3328 2848 3454 2918 quia

1868 2966 2189 3023 corpoream
2219 2958 2448 3004 mortem
2481 2961 2642 3000 nemo
2684 2945 2858 2999 vitare
2888 2953 3092 3014 potest.
3153 2942 3206 2995 ld
3260 2942 3456 3010 probat

1868 3047 2062 3101 deinde
2079 3040 2525 3098 commemoratis
2557 3039 2805 3106 priorum
2831 3044 3138 3104 temporum
3171 3035 3307 3087 viris
3328 3047 3424 3086 san
3447 3063 3456 3071 -

1867 3137 2059 3192 ctitate
2076 3132 2368 3197 nobilibus,
2391 3145 2530 3198 quos
2546 3145 2634 3184 om
2644 3145 2740 3185 nes
2757 3138 2982 3199 peccato
3003 3126 3270 3182 obnoxios
3287 3123 3455 3177 fuisse

173 3224 432 3290 accessit,
459 3241 562 3279 non
587 3233 694 3279 tam
722 3227 987 3292 homines,
1019 3243 1182 3298 quam
1216 3227 1474 3282 mumlum
1513 3229 1749 3298 appella-
1790 3255 1833 3312 α
1869 3232 2229 3286 demonstrat.
2268 3224 2418 3279 Idem
2448 3240 2554 3277 non
2593 3225 2761 3277 multo
2805 3230 2930 3291 post
2964 3219 3278 3279 confirmat,
3315 3229 3454 3284 apo-

170 3313 344 3368 verit.
371 3333 390 3367 ι
422 3315 606 3369 Altera
646 3316 864 3386 querela
902 3316 1016 3372 haec
1067 3325 1174 3380 est,
1212 3317 1418 3371 dixisse
1469 3316 1760 3386 Origenem

171 3417 415 3462 mortem
458 3425 578 3478 quze
613 3411 668 3464 in
712 3425 902 3466 omnes
936 3411 1184 3465 homines
1247 3411 1580 3478 pertransiit,
1621 3424 1766 3465 mor-

174 3508 287 3553 tem
317 3515 439 3556 essc
465 3505 681 3568 animae,
719 3518 825 3558 non
881 3505 1147 3574 corporis.
1190 3503 1386 3559 Fateor
1437 3513 1665 3557 mortem
1696 3503 1761 3556 il-

171 3591 285 3645 lam
321 3594 525 3658 passim
555 3596 726 3664 accipi
756 3597 826 3651 ab
852 3611 919 3651 eo
946 3611 1043 3666 pro
1073 3607 1245 3652 morte
1267 3596 1499 3666 peccati,
1532 3596 1650 3661 sed,
1679 3606 1748 3650 ut

170 3685 415 3755 reiiqua,
480 3688 780 3757 allegorico
828 3705 1043 3744 sensu:
1092 3689 1249 3760 cujus
1308 3689 1499 3742 mortis
1531 3698 1762 3743 mortem

168 3794 500 3851 corpoream
529 3783 775 3837 umbram
809 3781 1045 3852 appellat
1075 3796 1229 3836 num.
1258 3782 1310 3848 1,
1337 3797 1459 3851 pag.
1491 3780 1762 3851 547,quia

175 3890 196 3927 ι
234 3887 576 3944 quocunque
599 3874 706 3928 illa
739 3875 1045 3941 incesserit,
1079 3873 1224 3928 hanc
1261 3887 1493 3929 necesse
1527 3881 1611 3927 est
1631 3870 1763 3927 sub-

168 3967 359 4037 sequi,
387 3967 534 4022 velut
563 3968 811 4022 umbram
850 3982 1082 4037 corpus;
1117 3987 1136 4020 ι
1171 3976 1332 4036 atque
1363 3966 1567 4021 idcirco
1616 3978 1764 4019 mor-

166 4070 334 4114 tuum
391 4059 562 4115 fuisse
613 4061 917 4127 Christum,
948 4061 1076 4130 quia
1120 4076 1218 4130 pro
1266 4060 1426 4114 nobis
1460 4057 1638 4113 factus
1679 4067 1764 4112 est

164 4161 485 4221 peccatum.
506 4154 574 4206 At
599 4161 827 4208 mortem
854 4153 1024 4216 illam,
1042 4168 1205 4222 quam
1235 4166 1488 4222 regnasse
1507 4150 1576 4205 ab
1591 4150 1760 4204 Adam

164 4259 351 4316 usque
385 4246 452 4300 ad
487 4245 709 4316 Moysen
739 4248 816 4301 ait
838 4247 1139 4317 Apostolus
1195 4245 1356 4299 Rom.
1392 4260 1446 4311 v,
1479 4243 1570 4307 14,
1612 4257 1780 4304 more

168 4350 279 4395 tem
311 4342 588 4408 corporis,
621 4351 674 4394 et
699 4341 1026 4396 descensum
1053 4339 1120 4392 ad
1167 4337 1390 4407 inferos,
1411 4351 1540 4390 .non
1589 4333 1759 4388 semel

165 4433 566 4503 interpretatur
602 4434 865 4502 Origenes
899 4433 997 4487 lib.
1049 4447 1078 4484 ν
1134 4431 1190 4484 in
1238 4428 1406 4497 Epist.
1452 4433 1521 4480 ad
1557 4426 1708 4480 Rom.
1741 4468 1756 4491 ,

164 4540 302 4593 puta
353 4542 476 4581 cum
508 4529 585 4581 ait
635 4543 786 4581 num.
815 4526 890 4580 4:
930 4543 948 4575 ι
993 4524 1277 4591 Quomodo
1318 4535 1475 4584 sane,
1509 4520 1590 4575 vel
1636 4534 1759 4588 qua:

1867 3325 2117 3378 stolicum
2150 3321 2282 3376 illud
2319 3323 2621 3392 explanans
2651 3317 2812 3371 Rom.
2845 3330 2899 3379 v,
2933 3312 3036 3368 l8:
3060 3328 3078 3362 ι
3111 3310 3279 3381 Igitur
3311 3310 3454 3364 sicut

1865 3435 1964 3489 per
1988 3419 2148 3474 unius
2175 3416 2430 3473 delictum
2463 3415 2516 3470 in
2538 3426 2730 3468 omnes
2760 3407 3008 3464 homines
3035 3406 3088 3460 in
3118 3403 3452 3458 condemna-

1869 3512 2089 3576 tionem,
2133 3528 2152 3561 ι
2185 3518 2293 3565 etc.
2319 3525 2338 3558 ι
2362 3507 2424 3562 Et
2461 3504 2730 3568 sullicere,
2773 3521 2792 3554 ι
2822 3501 2999 3569 inquit
3023 3513 3178 3552 num.
3205 3497 3260 3559 4,
3292 3517 3308 3545 ι
3339 3496 3451 3552 for-

1865 3605 2008 3660 sitan
2041 3611 2220 3670 potest
2249 3600 2551 3656 secundum
2584 3595 2891 3668 simplicem
2929 3591 3354 3663 expositionem,
3385 3594 3446 3642 ut

1861 3693 2112 3751 dicamus
2147 3692 2663 3747 condemnationem
2697 3702 2820 3742 esse
2880 3683 3068 3741 delicti
3100 3697 3446 3738 communem

1864 3788 2003 3843 hanc
2036 3799 2288 3850 mortem,
2308 3800 2428 3854 qum
2445 3782 2700 3838 omnibus
2722 3780 2896 3845 venit,
2915 3789 2971 3833 et
2997 3777 3205 3841 veniet,
3227 3773 3444 3829 etiarnsi

1857 3877 1989 3946 justi
2021 3878 2343 3943 videantur;
2378 3894 2396 3927 ι
2433 3885 2597 3943 atque
2632 3875 2772 3926 hanc
2803 3885 2924 3926 esse
2952 3868 3085 3922 dicit
3113 3866 3441 3935 simplicem.

1861 3984 1968 4023 non
2026 3967 2377 4036 allegoricam
2427 3963 2853 4032 expositionem.
2913 3958 3024 4014 Nec
3071 3955 3446 4025 superioribus

1865 4070 2146 4129 repugnet,
2179 4059 2321 4128 quod
2343 4058 2422 4111 ait
2456 4073 2607 4112 num.
2640 4056 2696 4121 2,
2725 4069 2847 4123 pag.
2885 4052 3011 4107 553.
3060 4071 3078 4103 ι
3111 4050 3225 4105 Νοη
3252 4063 3446 4104 omnes

1861 4150 2136 4214 homines,
2181 4148 2323 4203 sicut
2357 4148 2516 4211 solet,
2562 4146 2613 4198 in
2649 4144 2867 4200 caeteris
2897 4143 3048 4210 ponit
3079 4139 3444 4211 (Apostolus),

1861 4243 1952 4298 sed
1979 4242 2202 4297 multos.
2229 4240 2323 4310 qui
2357 4240 2519 4292 unius
2553 4237 2756 4290 delicto
2788 4244 3108 4304 peccatores
3155 4229 3440 4285 constituti

1860 4343 2020 4399 sunt;
2056 4352 2074 4386 ι
2129 4347 2250 4386 nam
2300 4346 2496 4386 omnes
2541 4329 2742 4383 multos
2787 4343 2908 4382 esse
2961 4325 3168 4379 fatetur
3201 4338 3347 4377 nttm.
3381 4321 3438 4389 5,

1860 4441 1984 4495 pag.
2034 4423 2160 4491 556,
2211 4425 2569 4493 consultaque
2605 4436 2792 4476 vocem
2855 4434 3031 4472 omnes
3063 4417 3132 4470 al)
3181 4413 3441 4485 Apostolo

1860 4515 2028 4571 fuisse
2049 4516 2332 4586 omissam,
2365 4535 2383 4567 ι
2421 4531 2488 4569 ne
2521 4514 2662 4568 forte
2691 4513 2734 4567 si
2763 4512 2991 4566 dixisset
3023 4525 3124 4579 per
3151 4508 3310 4562 unius
3359 4507 3442 4562 itt-

165 4616 557 4674 coudenmatio
584 4621 638 4674 in
675 4635 866 4674 omnes
910 4619 1162 4672 homines
1196 4614 1406 4670 venerit
1458 4613 1754 4667 videndum
1787 4605 1834 4661 D
1860 4609 2222 4664 obedientiam
2250 4617 2570 4676 peccatores.
2593 4603 2766 4660 iactos
2793 4618 2914 4660 esse
2941 4614 3150 4665 omnes,
3171 4609 3225 4654 et
3253 4613 3443 4654 neces-

164 4720 254 4767 cst
291 4728 307 4763 :
345 4719 401 4764 et
425 4708 669 4766 suﬂicere
700 4713 931 4769 forsitan
963 4699 1164 4780 potest,
1200 4707 1502 4764 secundum
1541 4705 1756 4774 simpli-

167 4819 290 4860 cem
314 4803 732 4874 expositionem,
758 4816 814 4858 ut
831 4806 1074 4859 dicamus
1095 4801 1610 4858 condemnationem
1634 4812 1758 4854 esse

165 4897 354 4953 delicti
391 4911 733 4950 communem
784 4899 924 4951 hanc
953 4908 1182 4952 mortem
1222 4911 1346 4965 qua:
1373 4895 1630 4949 omnibus
1659 4907 1757 4947 ve-

166 4995 250 5045 nit
283 5001 338 5045 et
367 4993 570 5052 veniet,
604 4992 816 5045 etiamsi
839 4992 969 5062 justi
995 4993 1304 5045 videantur.
1348 5009 1369 5042 ι
1408 4989 1757 5044 Existimavit

162 5102 301 5157 ergo
331 5085 593 5153 Origenes
623 5100 726 5137 non
752 5097 1035 5152 peccatum
1061 5083 1258 5146 solum,
1292 5083 1438 5151 quod
1477 5097 1622 5136 mors
1658 5090 1750 5136 est

166 5179 392 5236 animae,
417 5175 508 5228 sed
541 5183 768 5228 mortem
805 5176 970 5229 etiam
1001 5187 1318 5243 corpoream
1366 5171 1419 5226 in
1448 5187 1612 5225 omne
1661 5187 1754 5242 ge-

164 5285 272 5324 nus
299 5271 594 5322 humanum
615 5283 709 5331 per
724 5267 914 5320 Adami
936 5266 1142 5336 lapsum
1165 5266 1330 5319 fuisse
1356 5265 1754 5328 transmissatn,

163 5361 316 5433 quod
350 5362 537 5431 synodi
577 5359 912 5415 Tridentintn
942 5363 1185 5422 decreto,
1247 5372 1385 5410 sess.
1417 5355 1471 5418 5,
1528 5370 1649 5408 can.
1682 5353 1751 5416 2,

164 5458 393 5520 penitus
414 5466 838 5508 consentaneum
882 5463 993 5508 est.
1026 5451 1078 5504 ld
1109 5449 1425 5514 Jansenius,
1450 5447 1599 5502 velut
1630 5463 1659 5499 a
1693 5461 1754 5501 se

164 5549 525 5611 dissentiens,
560 5548 784 5601 minimc
817 5547 1126 5601 dissimulat
1161 5555 1290 5599 tum.
1319 5543 1359 5606 1,
1389 5543 1482 5596 lib.
1514 5556 1598 5604 ttt,
1631 5555 1754 5608 cap.

165 5641 260 5696 13.
298 5639 482 5694 Tertia
513 5640 820 5694 criminatio
843 5639 966 5693 talis
1003 5647 1104 5701 est,
1144 5637 1430 5691 censuisse
1484 5633 1756 5686 Adaman-

170 5735 334 5795 tium,
360 5743 590 5787 mortem
624 5732 768 5784 illam
809 5748 928 5799 qua:
977 5747 1033 5785 tn
1077 5744 1288 5794 omnes,
1321 5729 1472 5797 juxta
1521 5723 1749 5778 Paulum

169 5820 339 5876 ROIII.
365 5839 421 5884 ν,
455 5826 538 5887 12,
565 5825 897 5895 pertransiit,
920 5824 973 5878 in
999 5823 1197 5877 multos
1223 5831 1428 5876 tantum
1463 5828 1752 5888 pertrans-

171 5914 332 5982 iisse,
377 5914 470 5986 qui
515 5929 709 5984 nempe
759 5927 882 5974 actu
942 5924 1328 5986 peccaverunt.
1363 5913 1460 5969 Cui
1495 5909 1754 5967 crimina-

1862 4704 2010 4758 sario
2063 4701 2470 4767 subjunxisset;
2504 4699 2576 4752 ita
2624 4707 2679 4751 et
2722 4712 2818 4764 per
2861 4695 3023 4748 tmitts
3065 4690 3439 4747 obedientiam

1855 4795 1988 4865 justi
2013 4794 2418 4850 constituentur
2451 4805 2663 4854 omnes,
2717 4788 2995 4842 videretur
3029 4800 3093 4838 ex
3129 4779 3438 4850 hnjnsmodi

1860 4887 2246 4960 promissionis
2309 4883 2610 4939 securitate
2666 4881 2936 4934 resolvere
2979 4877 3193 4930 animos
3243 4883 3435 4926 eorum

1861 4983 2063 5051 quibus
2112 4977 2333 5045 expedit
2373 4989 2494 5028 esse
2523 4972 2624 5027 sub
2675 4981 2839 5022 metu.
2883 4987 2901 5020 ι
2943 4966 3146 5020 Deinde
3178 4978 3327 5017 num.
3360 4961 3434 5027 5,

1859 5089 1986 5144 pag.
2014 5070 2142 5136 556,
2168 5069 2293 5132 557,
2328 5067 2474 5120 aliud
2502 5079 2624 5118 esse
2649 5069 2806 5115 docet
2837 5073 3100 5128 peccare;
3135 5054 3279 5109 aliud
3304 5067 3434 5121 pec-

1861 5174 2100 5221 catorem
2126 5176 2284 5224 esse;
2325 5173 2555 5228 peccare
2592 5169 2782 5207 omnes
2807 5151 2970 5204 etiam
3011 5149 3210 5218 justos,
3243 5159 3438 5215 pecca-

1862 5267 2008 5311 tores
2040 5267 2163 5308 esse
2196 5253 2286 5320 qui
2327 5263 2469 5318 saepe
2522 5247 2798 5314 peccando
2835 5258 2992 5296 usum
3046 5237 3304 5308 peccandi
3369 5249 3435 5289 ac

1861 5346 2308 5404 consuetudinem
2337 5347 2764 5403 contraxerunt;
2796 5343 3108 5404 peccatores
3128 5329 3296 5400 igitur
3316 5342 3436 5381 esse

1867 5441 2085 5502 multos,
2120 5452 2225 5491 non
2257 5448 2480 5498 omnes;
2509 5444 2739 5501 peccare
2773 5437 2952 5480 autem
2981 5425 3280 5477 universos.
3306 5419 3435 5473 Per-

1864 5533 2050 5603 Spicua
2080 5544 2212 5586 vero
2239 5544 2301 5583 ea
2335 5532 2462 5582 sunt
2495 5540 2644 5577 num.
2672 5522 2724 5585 1,
2759 5535 2881 5590 pag.
2912 5517 3016 5573 544
3047 5535 3066 5568 ι
3097 5535 3109 5571 :
3135 5517 3200 5572 Et
3233 5524 3290 5570 ut
3315 5513 3434 5570 evi-

1864 5626 2082 5681 dentius
2104 5621 2422 5678 ostenderet
2455 5631 2646 5672 omnes
2676 5616 2922 5668 homines
2949 5621 3004 5665 et
3034 5610 3234 5664 inultos
3267 5607 3440 5663 homi-

1865 5735 1964 5775 nos
1992 5717 2134 5772 idem
2163 5728 2307 5778 esse,
2336 5710 2545 5766 addidit
2577 5707 2661 5762 his
2695 5724 2709 5760 :
2742 5705 2893 5760 Sicut
2925 5704 3066 5757 enim
3121 5719 3214 5772 per
3257 5700 3442 5754 inobs-

1862 5811 2114 5865 dientiam
2176 5807 2332 5861 unius
2383 5803 2607 5857 hominis
2652 5811 2944 5869 peccatores
2998 5795 3268 5851 constituti
3315 5800 3439 5849 sunt

1865 5903 2040 5968 multi,
2071 5901 2147 5956 ita
2178 5910 2225 5956 et
2269 5915 2358 5968 per
2388 5897 2542 5950 unius
2577 5892 2928 5948 obedientiam
2946 5889 3085 5960 justi
3114 5889 3443 5951 constituam
