3906 6530
452 446 559 504 967

1724 440 1785 495 Ρ.
1827 436 2147 495 DANIEUS
2186 434 2420 491 HUETII

3593 441 3692 493 9’38

453 580 542 620 (ur
564 564 719 621 multi
743 563 808 617 ".
848 563 914 618 Et
934 560 1080 636 quod
1111 561 1362 630 superius
1410 574 1602 617 omnes
1644 561 1859 616 dixerat
1928 561 2030 616 hoc
2062 569 2108 622 Α
2142 562 2501 624 propagatum
2536 554 2853 623 neutiquam
2883 552 3164 608 excludit:
3203 568 3222 609 ς
3257 555 3362 607 Atti
3392 554 3561 621 magis
3579 556 3701 608 εἰη»-

456 655 654 717 mines,
708 654 799 707 hic
832 654 1021 707 eodem
1072 668 1237 707 sensu
1290 652 1489 707 multos
1543 652 1889 718 nominavit;
1924 672 1944 705 ι
1978 662 2035 708 et

456 747 555 799 ista
588 761 737 800 num.
764 752 819 809 2,
854 760 976 817 pag.
1015 745 1164 799 535‘:
1201 762 1218 797 I
1242 745 1468 801 Mortem
1498 754 1681 799 tamen
1707 745 1864 799 istam
1890 760 2036 800 com-

455 853 671 891 munem
710 837 950 905 suscepit
980 837 1275 908 (Christus)
1313 852 1436 891 cum
1474 836 1620 890 illam
1653 838 1886 906 peccati,
1913 852 2037 906 quae

456 929 715 997 regnabat
742 929 793 980 in
838 928 1113 993 omnibus,
1157 946 1262 982 non
1301 929 1588 998 receperit.
1626 947 1643 979 ι
1683 929 1748 983 Et
1780 943 1913 982 sane
1941 945 2037 983 ne-

456 1020 653 1073 minem
684 1034 884 1074 vacare
935 1030 1161 1086 peccato
1206 1034 1527 1087 persuasum
1580 1017 1801 1087 Origeni
1866 1018 2036 1073 fuisse

449 1109 559 1179 jam
586 1113 719 1166 satis
744 1126 907 1181 supra
933 1113 1457 1168 demenstravimus.
1488 1112 1714 1167 Sextum
1736 1111 1837 1167 hoc
1860 1113 1908 1165 ei
1929 1110 2037 1165 cri-

458 1218 581 1256 men
618 1202 893 1270 objicitur,
934 1203 1247 1258 decrevisse
1279 1205 1481 1272 ipsum,
1516 1204 1795 1258 Christum
1853 1203 2036 1271 plures

457 1295 525 1349 ad
558 1296 721 1347 vitam
785 1298 1107 1359 reduxisse,
1157 1312 1319 1369 quam
1358 1298 1628 1349 Adamum
1669 1297 1735 1350 ad
1779 1306 2032 1350 mortem.

457 1385 615 1452 Quod
666 1386 825 1440 facile
870 1402 936 1440 ex
987 1388 1365 1456 superioribus
1400 1386 1687 1449 refellitur,
1723 1402 1847 1441 nam
1879 1388 1923 1440 si
1980 1388 2034 1440 in

456 1491 645 1530 omnes
670 1489 898 1531 mortem
931 1478 1047 1532 sive
1078 1478 1293 1542 animm,
1327 1477 1446 1532 sive
1465 1478 1712 1546 corporis
1738 1479 1805 1531 ab
1828 1479 2040 1531 Adamo

458 1568 781 1637 proﬂuxisse
833 1579 986 1623 ratus
1018 1579 1100 1623 est
1154 1569 1439 1637 Origenes,
1491 1586 1598 1623 non
1648 1570 1831 1639 plures
1888 1579 2043 1623 certe

457 1672 619 1726 quam
653 1674 843 1713 omnes
872 1660 938 1712 ad
980 1658 1143 1711 vitam
1196 1658 1474 1713 Christum
1511 1660 1792 1713 reduxisse
1823 1659 2036 1728 opinari

458 1750 651 1818 potuit.
710 1751 980 1805 [’Iaaterea
1013 1766 1292 1821 exponens
1338 1751 1465 1804 illud
1503 1753 1750 1820 Apostoli
1784 1750 1943 1806 Rom.
1980 1766 2034 1817 v,

458 1843 527 1897 15
562 1862 575 1898 :
609 1862 626 1894 ‹
668 1844 723 1897 Si
749 1847 892 1898 enim
930 1845 1093 1899 unius
1148 1844 1343 1900 delicto
1405 1846 1558 1899 multi
1618 1846 1819 1899 mortui
1868 1855 2035 1911 sunt;

2137 646 2374 715 pliciter,
2413 665 2434 697 ι
2460 646 2635 715 inquit
2668 662 2822 700 num.
2867 646 2920 709 l,
2966 661 3088 716 pag.
3113 646 3242 708 550.
3280 665 3299 697 ι
3337 646 3705 715 accipiendum

2136 736 2371 800 videtur,
2398 747 2458 791 et
2488 737 2788 791 similitudo
2836 738 3310 807 praevaricationis
3337 737 3473 791 Ade
3508 738 3708 802 absque

2138 828 2321 899 aliqua
2374 829 2719 885 discussione
2761 829 3112 897 recipienda,
3169 839 3229 884 ut
3284 831 3389 884 hoc
3456 844 3707 887 sermone

2137 936 2327 978 omnes
2357 923 2448 993 qui
2479 939 2545 980 ex
2594 925 2765 978 Adam
2797 925 3218 993 pmvaricatore
3249 925 3361 979 nati
3394 934 3545 989 sunt,
3581 924 3711 977 imii-

2138 1017 2253 1071 cari
2282 1017 2591 1081 videantur,
2634 1029 2689 1072 et
2725 1019 2926 1075 habere
2956 1020 3009 1073 in
3057 1020 3369 1088 semetipsis
3404 1018 3713 1071 similitudi-

2139 1123 2262 1163 nem
2287 1110 2751 1178 praavaricatiouis
2770 1110 2912 1179 ejus,
2942 1126 3046 1164 non
3077 1112 3248 1164 solum
3271 1126 3336 1165 ex
3364 1112 3602 1172 semine,
3628 1111 3710 1163 sed

2139 1215 2203 1255 ex
2239 1201 2582 1256 institutione
2604 1214 2941 1272 susceptam.
2980 1222 3000 1254 ι
3034 1200 3137 1256 Ubi
3166 1212 3447 1270 peccatum
3484 1202 3713 1271 originis

2140 1294 2349 1349 semine
2386 1295 2786 1357 transmissum,
2814 1304 2871 1348 et
2918 1306 3222 1365 peccatum,
3282 1296 3361 1348 uti
3398 1295 3673 1364 appellant
3696 1336 3710 1352 ,

2145 1385 2378 1450 actuale,
2406 1383 2750 1438 institutione
2777 1396 3087 1455 susceptum
3114 1386 3377 1454 agnoscit.
3405 1384 3519 1439 Nec
3553 1386 3713 1439 multo

2142 1486 2263 1546 post
2288 1492 2440 1532 num.
2472 1476 2526 1538 2,
2555 1491 2679 1547 pag.
2708 1476 2837 1542 555,
2863 1477 2990 1541 554,
3021 1477 3326 1533 doctrinam
3354 1479 3613 1532 eamdem
3643 1478 3706 1531 in-

2141 1568 2343 1634 culcat,
2365 1569 2564 1623 docens
2592 1570 2842 1625 homines
2885 1594 2903 1619 σ
2943 1586 3048 1624 non
3074 1578 3180 1623 tam
3220 1579 3417 1623 natura
3450 1570 3642 1640 urgeri
3666 1570 3713 1622 in

2142 1670 2376 1713 mortem
2408 1660 2638 1728 peccati,
2666 1675 2828 1730 quam
2882 1660 3229 1731 discipulam,
3267 1679 3286 1711 ι
3327 1669 3383 1716 et
3436 1670 3713 1729 peccatum

2147 1770 2166 1803 ι
2201 1768 2306 1805 non
2339 1751 2512 1811 solum
2560 1754 2882 1815 nativitatis.
2919 1755 3013 1808 sed
3057 1765 3111 1809 et
3157 1753 3424 1809 doctrinae
3442 1770 3595 1817 esse,
3630 1773 3648 1805 ι
3670 1762 3714 1806 et

2139 1840 2417 1898 Christum
2433 1845 2712 1898 contraria
2736 1845 3031 1900 contrariis
3057 1847 3395 1916 opposuisse,
3419 1846 3718 1912 vitiumque

460 1933 628 1987 multo
657 1935 831 2003 magis
876 1936 1051 2003 gratia
1087 1935 1179 1989 Dei
1237 1945 1292 1990 et
1323 1935 1525 1989 donum
1571 1937 1623 1989 in
1666 1937 1839 2004 gratia
1877 1937 2039 1991 unius
2069 1951 2111 2004 Β
2141 1933 2273 1988 illud
2302 1950 2399 2004 per
2443 1938 2851 2003 generationem
2894 1946 3256 2002 contractum,
3299 1953 3398 2008 per
3431 1953 3721 2007 regenera-

459 2025 696 2080 hominis
718 2025 843 2080 lesn
873 2027 1075 2083 Christi
1109 2029 1161 2082 in
1189 2033 1369 2099 plures
1399 2028 1722 2093 abundavit,
1756 2048 1777 2080 ι
1810 2030 2039 2099 opponit

458 2119 688 2188 gratiam
714 2119 916 2174 Christi
947 2130 1170 2189 peccato
1207 2121 1421 2184 Adami,
1454 2133 1509 2174 et
1562 2121 1822 2190 quidquid
1856 2122 2039 2179 utrin-

458 2225 563 2273 que
595 2211 906 2265 hominibus
940 2212 1064 2265 boni
1100 2212 1181 2279 vel
1224 2213 1349 2265 mali
1389 2212 1488 2266 fuit
1522 2212 1895 2281 importatutn,
1952 2214 2040 2266 in-

458 2300 635 2354 vicem
664 2311 921 2354 accurate
945 2302 1245 2366 contendit,
1279 2317 1376 2355 nec
1402 2302 1585 2370 plures
1618 2302 1794 2372 gratia
1830 2301 2039 2356 Christi

459 2393 778 2448 sublevatos
834 2393 1002 2449 fuisse
1036 2396 1315 2462 observat,
1359 2411 1522 2465 quam
1562 2406 1791 2463 peccato
1846 2396 2040 2450 Adami

460 2486 686 2542 allectos
712 2497 767 2543 et
802 2490 853 2541 in
885 2490 1130 2544 deterius
1174 2499 1561 2545 comnmtatos.
1605 2490 1878 2545 Praeclare
1907 2505 2041 2544 vero

460 2574 743 2629 Paulinam
799 2580 1131 2633 sententiam
1183 2580 1267 2633 his
1318 2579 1501 2634 verbis
1528 2589 1753 2634 enarrat
1780 2596 1928 2634 num.
1960 2580 1996 2633 ί
2019 2622 2035 2644 ,

461 2682 581 2738 pag.
612 2669 757 2723 552:
797 2689 815 2721 ι
848 2670 1151 2726 Ostendere
1192 2673 1303 2725 vull
1333 2674 1479 2741 quod
1518 2672 1689 2727 multo
1738 2675 1810 2727 sit
1839 2672 2044 2727 fortior

460 2761 570 2813 vita
613 2778 773 2831 quam
804 2780 972 2831 mors,
1000 2775 1051 2819 et
1072 2765 1283 2835 jnstitia
1318 2781 1483 2835 quam
1520 2779 1829 2835 peccatum,
1860 2775 1916 2821 ct
1947 2781 2043 2837 per

461 2850 565 2905 hoc
586 2853 840 2919 educere,
874 2856 965 2923 qui
996 2856 1038 2909 si
1077 2855 1149 2909 ita
1182 2871 1278 2924 per
1309 2869 1593 2926 peccatum
1628 2872 1778 2912 mors
1809 2871 2045 2927 regnare

462 2941 515 2995 in
539 2943 794 2999 omnibus
818 2948 1013 3015 potuit.
1048 2950 1323 3020 accipiens
1354 2964 1421 3003 ex
1458 2951 1616 3003 unius
1662 2950 1903 3005 hominis
1962 2950 2042 3005 in-

465 3036 777 3092 obedientia
815 3040 1048 3105 initium,
1076 3052 1281 3110 quanto
1319 3043 1594 3112 potentius
1622 3052 1678 3098 et
1703 3043 1918 3113 dignius
1946 3059 2045 3113 per

456 3126 724 3195 justitiam
755 3130 863 3183 vita
889 3132 1155 3199 regnabit,
1195 3132 1410 3187 initium
1446 3134 1723 3204 accipiens
1748 3149 1845 3203 per
1879 3135 2045 3189 unius

460 3219 821 3275 obedientiam
847 3224 1086 3279 Christi?
1122 3246 1140 3279 ι
1176 3227 1283 3281 Sed
1318 3237 1373 3281 ct
1407 3242 1459 3298 p.
1489 3227 1618 3289 553.
1655 3244 1673 3278 σ
1705 3227 2043 3296 simpliciore

2141 2025 2345 2079 tionem
2376 2026 2715 2091 abolevisse;
2746 2037 3101 2097 etpeccatnm
3142 2044 3239 2098 per
3266 2028 3465 2081 malam
3503 2030 3717 2082 institu-

2140 2117 2342 2173 tionem
2403 2119 2741 2187 admissum,
2807 2121 3013 2176 Salubri
3063 2121 3311 2175 doctrina
3358 2122 3717 2176 coercuisse:

2141 2216 2305 2277 atque
2340 2208 2543 2269 idcirco
2575 2209 2862 2279 discipulis
2892 2212 3009 2265 suis
3043 2226 3147 2265 non
3174 2211 3411 2265 dixisse:
3441 2230 3459 2262 ι
3488 2209 3601 2274 Ite,
3636 2211 3720 2264 ba-

2142 2302 2353 2368 ptizate
2382 2316 2574 2361 omnes
2596 2311 2820 2373 gentes;
2862 2320 2882 2354 I
2911 2304 3047 2358 sed:
3095 2320 3115 2354 ε
3165 2303 3260 2369 lie,
3289 2304 3486 2358 docete
3541 2317 3723 2358 oinaes

2143 2403 2351 2462 gentes,
2385 2395 2729 2463 baptizantes
2757 2411 2853 2451 eos
2883 2395 2938 2453 iu
2966 2397 3182 2450 nomine
3230 2395 3433 2463 Patris,
3481 2408 3550 2452 et
3587 2397 3722 2460 Filii,

2141 2492 2198 2537 et
2237 2483 2480 2554 Spiritus
2507 2486 2684 2545 sancti
2714 2486 2814 2539 “.I
2849 2485 2989 2539 Tum
3023 2486 3098 2540 ita
3132 2486 3444 2541 concludit:
3484 2507 3511 2539 a
3541 2488 3725 2542 Sciens

2140 2591 2273 2645 ergo
2305 2584 2596 2646 utrumque
2621 2592 2743 2631 esse
2770 2577 2824 2631 in
2860 2579 3040 2647 culpa,
3067 2589 3359 2648 utrumque
3416 2582 3725 2635 remedium

2142 2669 2311 2732 dedit,
2355 2680 2413 2722 ut
2440 2670 2718 2738 generatio
2745 2671 2996 2725 mortalis
3022 2672 3437 2742 regeneratione
3467 2675 3724 2742 baptismi

2144 2769 2466 2823 mutaretur,
2504 2771 2558 2816 et
2593 2761 2893 2831 impietatis
2928 2762 3233 2817 doctrinam
3263 2764 3524 2818 doctrina
3560 2768 3722 2834 pieta-

2143 2853 2213 2907 tis
2237 2854 2572 2908 exrluderet.
2607 2874 2626 2906 ι
2656 2852 2782 2907 Plus
2810 2855 3030 2922 prodest
3058 2856 3122 2908 ad
3154 2859 3587 2926 oppugnandum
3615 2857 3727 2912 Ori-

2140 2962 2354 3013 gencm,
2391 2947 2537 3014 quod
2558 2962 2623 2999 ex
2657 2946 2747 3000 illo
2778 2946 3015 3001 referunt
3049 2947 3263 3002 Catena:
3298 2951 3349 3002 in
3381 2948 3641 3005 Psalinos
3661 2949 3723 3002 ad

2144 3038 2278 3105 psal.
2335 3053 2524 3102 XLVIII,
2563 3036 2595 3090 6
2624 3078 2640 3097 .
2698 3055 2821 3109 pag.
2875 3038 3001 3100 7i8.
3060 3040 3209 3108 Μηδὲ
3239 3040 3474 3105 ἕκαστος
3500 3042 3607 3113 τὴν
3636 3040 3726 3093 τοῦ

2154 3134 2327 3205 Ἀδὰμ
2386 3133 2670 3205 παρακοὴν
2726 3134 2972 3204 φοῦεῖται
2998 3152 3011 3166 ·
3052 3134 3254 3205 ταύτην
3297 3137 3409 3208 γὰρ
3465 3136 3727 3207 ὑπῃνιξὰε

2146 3225 2284 3297 μεθα
2336 3227 2571 3297 πτέρναν
2611 3226 2841 3297 ἀνομίας
2874 3222 3049 3280 εἶναι·
3082 3227 3255 3291 οὐδεὶς
3294 3228 3406 3298 γὰρ
3442 3228 3518 3281 δι’
3574 3228 3727 3282 ἄλλον

462 3312 740 3367 intellectu
777 3333 795 3365 ι
830 3316 936 3369 dici
969 3333 1128 3386 posse
1156 3328 1343 3373 censet
1374 3319 1559 3389 plures
1594 3319 1705 3373 vita
1742 3318 1916 3374 fuisse
1942 3322 2041 3373 do—

2144 3316 2343 3371 κακιαν
2379 3314 2826 3379 καταδικάζεται.
2873 3316 3078 3381 Quibus
3138 3316 3365 3384 originis
3423 3329 3721 3385 peccatum.

464 3410 622 3457 natos
643 3420 672 3457 a
700 3406 943 3475 Christo,
975 3424 1139 3477 quam
1174 3420 1351 3465 morte
1391 3410 1619 3466 al'ectos
1680 3412 1748 3465 ab
1781 3412 1992 3465 Adamn
2020 3427 2041 3479 ;

462 3495 588 3564 quia
621 3496 861 3553 Adamus
887 3500 1138 3555 homines
1178 3511 1388 3557 tantum
1420 3518 1451 3557 a
1490 3518 1550 3558 se
1584 3503 1847 3559 oriundos
1896 3502 2043 3557 letho

464 3588 645 3655 dedit;
678 3587 933 3645 Christus
962 3602 1144 3646 autem
1172 3609 1278 3648 non
1304 3594 1429 3648 illos
1459 3602 1690 3658 tantum,
1742 3591 1838 3649 sed
1865 3593 2043 3662 ipsum

463 3679 628 3733 etiam
666 3682 934 3735 Adamutu
986 3682 1109 3737 vita:
1163 3685 1416 3739 reddidit.
1454 3704 1473 3736 ι
1523 3686 1615 3740 Sic
1642 3702 1792 3755 ergo,
1842 3684 2041 3753 inquit,

464 3771 645 3839 plures
670 3770 923 3828 Christus
956 3776 1164 3829 reducit
1190 3776 1255 3829 ad
1282 3777 1470 3842 vitam,
1506 3793 1674 3847 quam
1692 3779 1862 3831 Adam
1888 3776 2044 3831 duxit

464 3863 532 3916 ad
564 3874 833 3929 mortem;
870 3867 995 3935 quia
1048 3868 1211 3922 etiam
1245 3868 1418 3939 ipsum
1450 3869 1655 3933 Adam,
1684 3870 1777 3939 qui
1827 3872 2047 3927 etetcris

465 3970 629 4008 causa
661 3956 867 4010 exstitit
899 3960 1111 4023 mortis,
1151 3960 1405 4015 Christus
1432 3962 1706 4015 revocavit
1727 3961 1791 4016 ad
1814 3964 2043 4017 vitama

465 4044 747 4101 Postremo
777 4051 994 4105 tandem
1030 4052 1082 4105 id
1139 4052 1191 4106 in
1227 4050 1460 4123 Origene
1489 4055 1669 4124 culpat
1722 4054 2040 4121 Jansenius,
2068 4060 2080 4072 '

465 4141 607 4206 quod
626 4141 983 4197 'allirmavcrit
1008 4145 1274 4198 Adamum
1298 4162 1419 4201 esse
1444 4146 1672 4201 formam
1701 4148 1890 4213 futuri,
1918 4150 2044 4218 quia

465 4232 676 4299 peccati
711 4232 880 4301 ipsius
911 4236 1191 4304 exemplar
1223 4235 1524 4303 imitantes,
1565 4250 1886 4306 peccatores
1912 4241 2046 4296 elic-

462 4322 535 4374 cti
568 4333 712 4377 sunt.
751 4324 941 4378 Exstat
991 4326 1119 4381 illud
1147 4328 1364 4396 quidem
1400 4345 1523 4383 cum
1558 4331 1681 4386 aliis
1727 4331 1850 4387 libri
1887 4332 2047 4401 hujus

464 4415 637 4483 quinti
667 4418 722 4470 in
756 4415 1047 4483 Ερίιιοιιιηι
1079 4422 1149 4474 ad
1172 4421 1438 4479 Romanos
1468 4423 1626 4489 locis,
1671 4436 1786 4480 tum
1818 4443 2047 4497 prmer-

467 4505 563 4559 tiuI
600 4522 746 4562 num.
779 4508 839 4573 5,
886 4524 1008 4578 pag.
1043 4511 1171 4577 557,
1227 4513 1309 4566 his
1359 4514 1584 4570 verbis:
1636 4534 1654 4567 ι
1693 4516 1850 4571 Dedit
1913 4534 2045 4588 ergo

464 4596 639 4649 Adam
692 4601 1073 4666 peccatoribus
1134 4600 1363 4656 formam
1424 4619 1523 4672 per
1562 4604 2043 4677 inobedientiam;

466 4688 714 4742 Christus
738 4704 866 4742 vero
903 4706 934 4743 e
983 4693 1260 4746 contrario
1282 4694 1450 4764 justis
1500 4695 1732 4750 formam
1786 4714 1882 4766 per
1907 4700 2040 4754 obe-

466 4779 725 4833 dientiam
754 4781 1029 4849 posuit....
1060 4783 1352 4851 Propterea
1376 4786 1522 4840 enim
1555 4798 1611 4841 et
1642 4788 1757 4856 ipse
1793 4789 2042 4845 obediena

466 4872 640 4939 [actus
698 4881 776 4927 est
830 4890 995 4943 usque
1028 4875 1097 4928 ad
1128 4887 1349 4931 mortem
1383 4878 1453 4940 ”,
1484 4887 1542 4932 ut
1586 4879 1683 4949 qui
1717 4880 2042 4943 obedientite

465 4962 582 5030 ejus
614 4975 920 5034 sequuntur
963 4967 1293 5035 exemplum,
1340 4967 1472 5035 justi
1524 4970 1930 5024 constituantur
1972 4974 2071 5027 abi

469 5056 581 5124 ipsa
618 5055 851 5124 justitia,
870 5059 1012 5112 sicut
1046 5059 1119 5111 illi
1145 5058 1522 5115 inobedientite
1547 5061 1779 5119 formam
1806 5076 2045 5131 sequen-

470 5158 549 5203 tes
580 5151 864 5204 constituti
923 5158 1050 5205 sunt
1099 5161 1440 5220 peccatores.
1485 5172 1504 5204 ι
1542 5150 1738 5207 Verum
1791 5153 2040 5222 repetitis

468 5255 681 5312 quoque
714 5242 835 5296 libri
883 5242 1125 5309 ejusdem
1159 5244 1489 5300 testimoniis
1516 5244 1785 5298 AdaInqu
1839 5247 2042 5299 idcirco

468 5333 696 5388 formam
738 5334 899 5388 futuri
936 5316 1138 5389 dictum
1176 5337 1516 5405 pronuntiat,
1546 5338 1691 5406 quod
1726 5335 1929 5391 Christi
1961 5349 2044 5407 ty-

466 5440 589 5498 pum
626 5429 926 5497 przeferret.
960 5430 1115 5496 Quod
1150 5430 1338 5498 adjicit
1372 5441 1556 5485 autem
1586 5446 1683 5500 per
1712 5432 2042 5500 prevarica-

467 5521 668 5573 tionem
696 5520 1011 5575 hominibus
1038 5522 1269 5576 formam
1295 5525 1555 5592 peccandi
1582 5524 1875 5592 praebuisse
1896 5523 2043 5577 Ada-

468 5628 636 5675 Innm,
663 5623 824 5679 atque
863 5614 933 5666 ita
968 5625 1282 5683 peccatores
1307 5615 1634 5670 constitutos
1696 5614 1867 5669 fuisse
1904 5614 2043 5668 mul-

468 5707 569 5763 tos,
604 5712 884 5768 peccatum
919 5704 1064 5756 aliud
1098 5705 1327 5774 originis
1351 5720 1415 5758 ex
1452 5707 1677 5761 traduce
1704 5706 1757 5760 in
1791 5706 2044 5762 homines

2144 3409 2435 3478 debitaque
2466 3410 2565 3477 ipsi
2596 3408 2863 3478 supplicia
2892 3409 3107 3476 penitus
3145 3407 3435 3461 tolluntur.
3462 3406 3577 3461 Sed
3601 3422 3728 3475 pr:-

2131 3512 2230 3574 _ter
2257 3503 2548 3557 sublestam
2572 3500 2896 3556 Catenarmn
2923 3500 3106 3563 iideni,
3142 3499 3345 3554 faciunt
3365 3516 3469 3569 pro
3499 3499 3727 3568 Origene

2150 3609 2299 3649 sanae
2336 3594 2506 3662 ipsius
2535 3607 2702 3660 super
2751 3591 2853 3645 hoc
2888 3601 3232 3660 argumento,
3284 3600 3341 3644 et
3405 3591 3726 3645 orthodoxae

2146 3689 2434 3743 sententiae
2487 3685 2657 3739 variis
2718 3699 2925 3753 sparse
2976 3683 3147 3747 locis,
3186 3682 3330 3737 velut
3387 3683 3589 3739 homil.
3619 3683 3727 3737 8m

2146 3778 2341 3843 Lari!"
2376 3794 2523 3837 num.
2559 3777 2615 3843 5,
2643 3776 2733 3831 ubi
2758 3777 3008 3830 homines
3046 3778 3099 3830 in
3152 3776 3542 3845 iniquitatibus
3591 3792 3723 3833 cen-

2145 3873 2273 3941 cipi,
2301 3881 2355 3927 et
2382 3872 2435 3925 in
2460 3872 2694 3941 peccatis
2724 3871 2875 3929 nasci
2902 3869 3122 3934 asserit,
3151 3878 3313 3937 atque
3348 3868 3573 3923 idcirco
3592 3868 3721 3923 δαῖς

2145 3976 2295 4033 ptum
2326 3979 2483 4019 esse:
2529 3980 2549 4014 ι
2591 3963 2761 4023 Nemo
2796 3963 3031 4019 mundus
3060 3978 3088 4015 a
3137 3960 3319 4024 sorde,
3356 3977 3424 4013 ne
3465 3961 3514 4015 si
3573 3960 3723 4013 unius

2145 4056 2251 4109 diei
2288 4055 2357 4109 sit
2383 4057 2491 4110 vita
2520 4054 2641 4123 ejus
2664 4056 2710 4088 θ’
2748 4074 2767 4107 ι
2804 4056 3140 4128 (quanquam
3193 4053 3381 4109 bomil.
3420 4054 3496 4108 12
3548 4054 3605 4109 in
3634 4051 3723 4107 Le-

2145 4151 2263 4215 via,
2305 4165 2457 4204 nam.
2490 4149 2546 4215 4,
2569 4158 2623 4203 et
2653 4149 2843 4207 bomil.
2878 4149 2943 4205 14
2964 4150 3018 4202 in
3045 4147 3176 4203 Luc.
3210 4150 3406 4203 sordes
3437 4149 3565 4203 illas
3596 4159 3724 4217 quas

2148 4249 2433 4295 nascentes
2454 4240 2854 4306 contrahimus,
2880 4254 2909 4293 a
2940 4250 3167 4307 peccato
3186 4241 3500 4310 distinguit,
3515 4252 3573 4295 et
3597 4255 3721 4299 ωηο

2146 4334 2416 4402 ceptionis
2447 4343 2614 4402 atque
2637 4343 2795 4389 ortus
2834 4334 3156 4404 spurcitiem
3194 4344 3250 4388 et
3304 4333 3613 4390 fceditateia
3653 4330 3723 4387 si-

2147 4426 2393 4495 gnilicari
2434 4425 2639 4495 putat),
2684 4426 2881 4496 alioqui
2909 4426 3237 4495 baptisnmm
3286 4425 3537 4496 parvulis
3566 4426 3620 4479 in
3647 4438 3725 4476 re-

2149 4517 2467 4572 missionem
2498 4526 2847 4585 peccatorum
2866 4516 3104 4573 conferri
3128 4516 3379 4579 solitum.
3405 4529 3728 4586 supervacao

2150 4623 2311 4662 neum
2345 4608 2461 4664 fore
2492 4618 2550 4664 et
2597 4608 2862 4664 inutilem.
2893 4608 3054 4665 Paria
3101 4610 3329 4680 replicat
3366 4618 3500 4663 tom.
3557 4623 3624 4661 xv
3674 4607 3724 4659 in

2148 4699 2372 4765 Matth,
2400 4717 2549 4757 num.
2583 4701 2679 4763 23,
2717 4717 2842 4772 pag.
2902 4700 3008 4756 686
3029 4742 3044 4765 ,
3075 4710 3130 4756 et
3180 4702 3456 4768 baptismo
3490 4699 3725 4757 decernit

2148 4793 2390 4863 abstergi
2416 4793 2629 4859 sordes,
2668 4809 2807 4863 quas
2848 4804 3136 4849 nascentes
3180 4790 3605 4857 contrahimus;
3655 4792 3723 4840 vi-

2147 4886 2349 4941 delicet
2376 4898 2682 4956 peccatum,
2720 4887 2875 4955 juxta
2920 4886 3049 4942 illud
3086 4884 3304 4943 Davidis
3334 4883 3533 4953 psalmi
3569 4898 3625 4943 I.,
3660 4880 3722 4935 ῖς

2153 4994 2171 5027 ι
2210 4975 2349 5033 Ecce
2397 4978 2549 5033 enim
2593 4979 2646 5033 in
2704 4978 3078 5048 iniquitatibus
3108 4986 3404 5045 conceptus
3472 4990 3620 5038 sum,
3676 4984 3722 5022 ct

2149 5067 2204 5122 in
2234 5070 2478 5137 peccatis
2512 5069 2766 5139 concepit
2792 5084 2881 5125 me
2924 5078 3097 5123 mater
3124 5082 3264 5123 mea.
3298 5084 3319 5117 ι
3362 5064 3516 5121 Unde
3570 5064 3721 5119 solvi-

2151 5170 2261 5223 tur,
2299 5170 2358 5213 ut
2384 5160 2434 5214 id
2465 5162 2644 5216 obiter
2669 5162 2874 5224 dicam,
2924 5162 3219 5230 impactum
3265 5156 3603 5227 Origenistis
3625 5160 3717 5209 cri-

2150 5270 2273 5313 men
2298 5253 2552 5315 alterum.
2586 5255 2869 5310 censuisse
2899 5254 3047 5321 ipsos
3077 5259 3299 5321 peccata
3333 5266 3440 5307 non
3493 5248 3610 5302 tolli
3634 5259 3718 5315 per

2150 5344 2505 5413 baptismum,
2529 5347 2625 5399 sed
2662 5347 2792 5415 tegi.
2820 5344 2960 5400 Hinc
2984 5345 3098 5414 ipse
3131 5342 3422 5399 Janscnius
3440 5340 3717 5410 OrigeneIn

2151 5434 2215 5488 de
2240 5443 2469 5501 peccato
2515 5434 2746 5504 originis
2774 5449 2879 5493 non
2903 5434 3077 5493 videri
3113 5448 3143 5486 a
3180 5432 3451 5486 catholica
3481 5429 3715 5483 doctrina

2151 5514 2427 5583 dissidere,
2448 5525 2738 5584 confessus
2761 5536 2875 5583 est:
2913 5526 3039 5580 hinc
3095 5525 3269 5594 ipsum
3299 5538 3429 5578 sana
3478 5521 3719 5576 docuisse

2151 5614 2218 5669 de
2241 5613 2437 5669 cdectu
2472 5616 2755 5684 baptismi,
2792 5630 2888 5684 per
2916 5630 3039 5669 cum
3068 5628 3261 5681 nempe
3285 5610 3475 5681 deponi
3515 5605 3717 5678 peccati

2149 5706 2363 5771 sordes,
2388 5715 2442 5763 et
2464 5721 2627 5762 omne
2681 5722 2947 5763 noxarum
2999 5720 3173 5776 genus
3206 5701 3405 5758 auferri
3438 5700 3719 5771 pnedicaol

550 5875 598 5908 “
630 5873 781 5930 Rom.
816 5893 868 5945 v,
906 5879 993 5935 l9.
1055 5880 1100 5914 "
1136 5880 1366 5951 Philipp.
1399 5898 1458 5947 II,
1487 5881 1540 5938 8.
1617 5883 1661 5917 ”
1693 5882 1882 5939 Matth.
1907 5900 2042 5943 xxvi:

2144 5884 2210 5939 10.
2288 5887 2333 5917 99
2360 5886 2460 5941 Joh
2491 5902 2593 5947 xiv
2626 5887 2678 5940 .i.
