3906 6534
86 472 196 530 969

869 468 1445 526 ORIGENIANORUM
1483 468 1613 523 LIB.
1648 467 1713 534 ll,
1746 467 1899 524 CAP.
1944 468 2007 536 ll,
2041 468 2320 535 QUIEST.
2362 468 2473 526 VII.

3244 470 3346 527 970

92 590 604 661 Hagdeburgenses,
632 597 774 645 cent.
815 606 900 652 tu.
936 606 1056 659 cap.
1102 591 1190 644 lo.
1223 590 1277 644 Si
1310 592 1439 660 quid
1471 591 1523 644 in
1559 590 1666 644 illis
1696 601 1737 653 Α
1770 604 1868 644 nos
1896 590 2059 642 Deum
2089 590 2156 644 ad
2189 587 2384 643 nobilia
2411 589 2656 658 quaedam
2687 588 2739 643 in
2775 588 2933 645 terris
2958 588 3200 644 obeunda
3227 604 3347 646 mu-

89 691 273 737 tamen
294 680 701 735 Commentariis
725 682 779 735 in
799 680 1090 746 Epistolam
1115 684 1183 735 ad
1207 681 1468 735 Romanos
1485 682 1671 736 ortho-

89 774 249 827 doxae
279 771 400 826 lidei
432 787 622 841 parum
648 782 1075 827 consentaneum
1100 782 1373 835 occurret,
1404 773 1670 827 memine-

92 866 165 919 rit
193 863 637 923 ernditus.lector
668 878 773 916 non
811 872 920 917 tam
970 862 1187 918 illorum
1239 874 1514 917 auctorem
1549 863 1669 916 exi-

90 956 421 1011 stimamlum
446 968 567 1008 esse
594 953 919 1024 Origeuem,
954 970 1115 1023 quam
1144 954 1399 1009 Ruﬁnum
1426 971 1442 1019 ;
1481 969 1509 1008 a
1564 968 1670 1024 quo

92 1057 336 1101 nontam
398 1046 766 1116 interpretati,
816 1061 978 1116 quam
1039 1047 1213 1102 recusi
1256 1059 1313 1102 et
1364 1047 1670 1117 interpolati

90 1150 263 1202 sunt;
298 1138 555 1193 Ruﬁnum
588 1148 768 1193 autem
807 1150 913 1195 tam
949 1154 1116 1208 prave
1156 1140 1223 1194 de
1248 1148 1474 1210 peccato
1504 1140 1673 1210 origi-

91 1233 179 1286 nis
206 1233 471 1294 sensisse.
506 1241 565 1286 ut
598 1231 737 1301 apud
776 1231 1204 1303 Carthaginense
1232 1232 1521 1287 concilium
1547 1247 1672 1303 pro-

93 1324 272 1381 fessus
303 1325 374 1379 sit
404 1324 691 1379 Caelestius
744 1338 803 1379 se
855 1324 924 1380 ab
975 1339 1041 1379 eo
1086 1326 1360 1393 accepisse
1410 1325 1670 1380 nefarium

93 1416 226 1470 illud
270 1418 484 1485 dogma,
530 1417 812 1471 traducem
854 1416 1061 1486 peccati
1113 1432 1219 1471 non
1248 1431 1393 1481 esse,
1421 1428 1478 1470 ut
1508 1417 1674 1473 refert

89 1507 427 1576 Augustinus
457 1508 553 1561 lib.
580 1523 619 1560 tt
647 1506 724 1561 De
750 1518 949 1574 peccat.
989 1508 1209 1577 origin.,
1242 1522 1379 1576 cap.
1410 1510 1465 1562 3.

164 1594 397 1650 Notetnr
473 1598 691 1651 interim
757 1596 1005 1666 capitalis
1054 1596 1364 1668 Hieronymi
1415 1599 1673 1653 adversus

91 1686 388 1756 Origenem
432 1687 794 1753 insimulatio,
848 1688 902 1742 in
948 1705 1052 1760 qua
1091 1690 1289 1744 desinit
1333 1690 1466 1745 liber
1510 1690 1674 1758 ipsius

94 1779 292 1833 tertius
320 1782 571 1832 adversus
608 1777 922 1849 Pelagianos
954 1795 972 1833 :
1000 1796 1021 1833 ι
1062 1781 1214 1846 Quod
1248 1782 1292 1836 si
1319 1780 1539 1850 iniusta,
1588 1780 1674 1834 in.

93 1869 237 1937 quit,
273 1869 428 1923 vobis
457 1868 816 1941 (Pelagianis)
846 1872 1061 1925 videtur
1086 1873 1384 1927 alienorum
1426 1875 1672 1928 remissio

1772 681 1883 747 nia,
1915 681 2107 735 deinde
2135 695 2268 735 vero
2298 690 2422 749 post
2451 681 2658 735 obitum
2687 682 2752 735 ad
2787 681 3035 751 gloriam,
3062 682 3345 736 existima-

1774 771 1867 825 vit.
1902 771 2019 843 (44)
2046 772 2106 825 ld
2138 770 2348 824 duobus
2380 772 2645 841 praecipue
2685 771 2816 827 locis
2858 771 3072 835 asserit,
3115 786 3344 839 quorum

1771 866 1921 933 prior
1950 874 2035 919 est
2075 864 2167 919 lib.
2199 880 2216 918 ι
2254 865 2309 917 in
2342 860 2515 929 Epist.
2538 865 2606 917 ad
2638 862 2812 929 Rom.,
2836 880 2985 919 num.
3006 864 3073 930 οδ,
3116 862 3344 920 Paulum

1774 955 1845 1011 ibi
1870 970 1900 1009 a
1924 965 2115 1011 ventre
2150 957 2341 1013 matris
2366 973 2477 1013 sua:
2502 965 2786 1027 propterea
2811 966 3149 1027 segregatum
3180 956 3347 1012 luisse

1773 1047 1903 1103 dicit
1962 1048 2017 1102 in
2057 1045 2403 1121 Evangelium
2456 1049 2572 1115 Dei,
2628 1049 2753 1119 quia
2797 1068 2816 1101 ι
2846 1063 3038 1104 causas
3084 1048 3136 1102 in
3188 1063 3254 1103 eo
3293 1058 3350 1103 et

1776 1139 1995 1201 merita,
2022 1139 2217 1209 quibus
2267 1140 2319 1195 in
2367 1142 2472 1197 hoc
2501 1141 2774 1212 segregari
2801 1140 3068 1205 debuerit,
3104 1140 3236 1195 vidit
3258 1141 3347 1197 ille

1772 1242 1931 1298 quem
1980 1246 2085 1286 non
2124 1231 2254 1287 latet
2301 1248 2472 1289 mens.
2524 1232 2779 1288 vaidit
2804 1232 2949 1288 enim
2998 1234 3139 1304 quod
3176 1234 3346 1288 abun-

1774 1321 1993 1377 dantins
2018 1338 2181 1393 quam
2212 1326 2393 1379 caeteri
2428 1339 2617 1380 omnes
2645 1324 2987 1379 laboraturus
3016 1332 3159 1380 esset
3192 1325 3245 1378 in
3276 1323 3347 1378 E—

1776 1413 2025 1482 Vangelio
2175 1414 2299 1470 Rtec
2332 1431 2486 1486 ergo,
2526 1426 2579 1470 et
2619 1415 2783 1470 multa
2822 1416 2926 1471 alia
2957 1414 3039 1470 his
3064 1414 3259 1471 similia
3294 1415 3347 1469 in

1773 1512 1840 1554 eo
1873 1502 1938 1556 de
1961 1513 2151 1558 ventre
2190 1504 2381 1558 matris
2403 1505 2703 1573 praevidens
2723 1505 2898 1570 Jesus,
2936 1520 3033 1576 pro
3064 1505 3147 1561 his
3170 1519 3351 1575 segre-

1773 1594 1919 1662 gavit
1954 1608 2079 1647 eum
2118 1593 2169 1648 in
2206 1594 2575 1664 Evangelium.
2602 1615 2622 1649 ν
2675 1595 2742 1650 Et
2776 1611 2900 1651 mox
2932 1614 2945 1650 :
2988 1615 3006 1649 ι
3033 1595 3177 1663 Quos
3210 1610 3351 1666 prat-

1775 1689 1934 1743 scivit
1966 1690 2107 1744 Dens
2146 1691 2277 1745 tales
2329 1690 2539 1747 futuros
2576 1701 2635 1746 ut
2665 1691 2883 1746 Christo
2904 1707 2964 1748 se
2998 1692 3050 1747 in
3087 1692 3353 1761 passioni-

1776 1779 1877 1833 bus
1903 1780 2331 1844 conformarent,
2357 1782 2503 1851 ipsos
2534 1783 2694 1836 etiam
2724 1780 3029 1837 conformes
3054 1797 3117 1837 ac
3151 1782 3354 1838 similes

1777 1871 2026 1939 imaginis
2058 1871 2174 1940 ejus
2201 1873 2600 1941 praedestinavit
2627 1881 2680 1928 et
2703 1872 2904 1943 gloriae.
2942 1873 3202 1928 Praecedit
3223 1887 3354 1943 ergo

92 1938 475 2031 peccatorum,
496 1938 701 2034 qum-ﬁt
730 1938 823 2032 per
846 1965 1186 2033 baptismum,
1208 1979 1312 2035 qua
1334 1981 1437 2020 non
1473 1968 1675 2037 indiget
1707 1938 1748 1996 Β
1780 1938 2117 2032 przescientia
2152 1938 2244 2018 Dei
2283 1978 2377 2031 per
2399 1980 2558 2033 quam
2586 1938 2883 2020 noscuntur
2905 1965 2995 2035 qui
3025 1965 3078 2019 in
3112 1980 3172 2020 se
3202 1938 3355 2019 labe-

91 2055 182 2123 qui
220 2070 454 2125 peccare
481 2072 587 2110 non
613 2057 790 2126 potuit
822 2076 837 2113 :
874 2058 1105 2113 transite
1137 2058 1203 2111 ad
1248 2059 1528 2113 Amasinm
1586 2073 1677 2114 ve-

92 2156 299 2210 strum,
323 2148 415 2216 qui
435 2150 707 2217 praeterita
739 2149 791 2203 in
820 2149 975 2205 cmlis
995 2150 1291 2218 etantiqna
1318 2150 1510 2204 delicta
1539 2150 1676 2205 solvi

90 2239 225 2293 dicit
261 2242 315 2292 in
342 2240 653 2308 baptismo;
708 2250 769 2294 ut
811 2240 969 2310 cujus
1006 2241 1058 2295 in
1112 2240 1324 2295 caneris
1351 2240 1679 2296 auctoritate

91 2330 569 2393 ducimini,etiam
602 2332 654 2386 in
681 2332 783 2386 hac
823 2342 981 2401 parte
1015 2347 1256 2388 errorem
1290 2332 1618 2402 sequamini.
1655 2352 1674 2383 ι

94 2423 384 2477 Amasium
411 2422 582 2489 illum,
608 2423 896 2494 Origenem
940 2423 1201 2494 intelligo,
1243 2426 1395 2493 quasi
1439 2425 1512 2478 ab
1547 2424 1682 2477 ada-

98 2518 305 2566 mando
334 2514 606 2568 diceretur
627 2515 1000 2577 Adamantius,
1027 2516 1105 2570 sic
1127 2518 1193 2569 ab
1220 2516 1449 2569 amando
1478 2517 1680 2570 dictum

94 2604 405 2659 Amasium.
462 2603 633 2670 Quem
663 2621 789 2659 cum
825 2614 1049 2674 peccata
1110 2606 1161 2659 in
1215 2605 1357 2660 coelo
1388 2605 1457 2659 ab
1488 2605 1684 2659 animis

95 2695 341 2750 admissa
357 2697 655 2751 credidisse
674 2696 800 2751 fassi
820 2697 1011 2760 sinms,
1030 2699 1219 2753 eadem
1247 2699 1513 2769 baptismo
1538 2696 1681 2751 ablui

94 2798 322 2856 putasse
351 2803 457 2842 non
505 2804 804 2859 negamus:
844 2793 889 2846 si
934 2792 1095 2845 modo
1129 2795 1461 2845 concedatur
1491 2804 1681 2859 pecea-

10 2882 17 2893 ‘
97 2889 208 2932 tum
240 2894 464 2947 quoque
503 2882 843 2950 propaginis,
877 2882 946 2936 ab
978 2882 1189 2937 Atlamo
1233 2884 1561 2947 derivatum,
1592 2896 1687 2935 eo-

94 2968 215 3022 dem
257 2969 536 3039 baptismo
578 2971 751 3025 deleri
782 2974 1072 3027 censuisse
1096 2974 1259 3027 etiam
1298 2974 1510 3042 ipsum;
1539 2971 1685 3042 quod

98 3076 262 3113 unnm
294 3060 351 3113 in
381 3064 670 3130 przesentia
710 3066 1164 3135 propugnandum
1196 3065 1563 3134 suscepimus.

166 3151 343 3207 XXV.
372 3152 634 3224 Superest
663 3155 775 3223 jam
812 3167 870 3210 ιιι
903 3156 970 3211 de
998 3156 1114 3211 suis
1153 3158 1299 3211 circa
1331 3154 1687 3226 praedestina-

97 3244 309 3301 tionem
352 3247 570 3314 placitis
594 3244 862 3318 Origenes
887 3263 1112 3303 causam
1163 3249 1331 3304 dicat.
1377 3247 1688 3302 Meminisse

1779 2069 1870 2107 res
1891 2063 1945 2108 et
1973 2055 2201 2110 virtutes
2231 2056 2467 2111 habituri
2495 2057 2625 2118 sint,
2655 2066 2710 2112 et
2738 2058 2807 2111 ita
2832 2057 3234 2129 prmdestinatio
3266 2071 3355 2111 se-

1779 2146 2006 2215 quitur;
2042 2162 2143 2202 nec
2189 2155 2366 2202 tamen
2413 2163 2603 2202 rursus
2652 2148 3144 2219 prmdestinationis
3192 2146 3363 2203 causa

1783 2241 2062 2310 pntabitur
2117 2241 2482 2311 praescientia.
2528 2241 2679 2308 Quod
2718 2244 2861 2297 enim
2919 2242 3058 2313 apud
3111 2242 3358 2297 homines

1784 2332 2208 2402 uniuscujusque
2246 2332 2497 2387 meritum
2542 2342 2801 2403 pensatur
2832 2348 2896 2388 ex
2930 2333 3219 2404 prreteritis
3260 2347 3356 2403 ge—

1783 2422 2035 2497 stis,.hoc
2064 2426 2201 2493 apud
2228 2424 2396 2479 Deum
2431 2424 2706 2492 indicatur
2730 2439 2796 2480 ex
2830 2425 3041 2479 futuris.
3069 2444 3087 2477 ι
3119 2424 3361 2481 Habetur

1785 2516 1937 2570 locus
1990 2516 2129 2571 alter
2182 2515 2277 2569 lib.
2309 2530 2381 2569 vn
2422 2515 2711 2570 Comment.
2767 2518 2821 2571 iu
2850 2516 3021 2585 Epist.
3074 2519 3142 2570 ad
3184 2516 3360 2580 Rom.,

1787 2624 1935 2663 num.
1960 2606 2015 2669 8,
2044 2608 2133 2663 ubi
2160 2609 2261 2663 hoc
2278 2610 2393 2676 Apo
2413 2608 2519 2661 .toli
2537 2610 2558 2639 '
2588 2606 2885 2677 explanans
2922 2624 2936 2662 :
2971 2626 2991 2659 ι
3012 2607 3156 2675 Quos
3182 2617 3361 2662 autem

1785 2700 2208 2771 praedestinavit,
2241 2700 2339 2754 hos
2380 2711 2431 2752 et
2460 2700 2672 2753 vocavit
2703 2717 2716 2753 :
2750 2708 2805 2754 et
2845 2714 2979 2769 quos
3000 2699 3237 2764 vocavit,
3263 2698 3362 2753 hos

1783 2801 1837 2845 et
1866 2790 2218 2856 justillcavit;
2251 2803 2387 2858 quos
2424 2800 2600 2842 autem
2630 2787 2967 2857 justiﬁeavit,
3000 2788 3118 2844 illos
3154 2796 3207 2842 et
3241 2788 3358 2859 glo-

1788 2879 2040 2943 riﬁcavit,
2069 2898 2087 2930 ι
2127 2880 2359 2949 primum
2415 2881 2572 2933 aliter
2605 2880 2975 2947 accipiendum
3030 2880 3185 2935 docet
3214 2879 3362 2943 illud,

1794 2990 1812 3023 ι
1840 2986 1973 3039 quos
2007 2970 2301 3039 praeseivit,
2330 2989 2349 3023 ι
2406 2971 2686 3039 superiore
2732 2978 3212 3024 commemoratum
3246 2984 3368 3032 ver-

1788 3060 1983 3126 siculo,
2008 3074 2170 3130 quam
2209 3058 2366 3128 vulgo
2409 3058 2578 3126 accipi
2624 3057 2805 3117 solet:
2844 3059 2968 3126 quia
3006 3058 3053 3112 si
3093 3057 3127 3111 ii
3160 3065 3366 3111 tantum

1791 3163 2225 3224 praenoscuntur,
2258 3151 2348 3221 qui
2378 3151 2867 3220 prtedeslinanlur;
2901 3150 2991 3220 qui
3024 3164 3130 3205 non
3165 3148 3370 3219 praale-

1791 3246 2083 3310 stinantur,
2137 3244 2322 3313 utique
2350 3257 2454 3296 non
2504 3250 2916 3311 prtenoscnntnr
2960 3241 3367 3310 :cognitionem

96 3350 223 3405 ergo
250 3346 476 3405 Oportet
509 3338 673 3393 toties
692 3314 805 3405 iam
842 3353 872 3391 a
900 3339 1058 3393 nobis
1087 3336 1364 3393 decantati
1394 3334 1687 3406 dOgmatis,
1716 3314 1758 3372 (ἶ
1792 3353 1923 3409 ergo
1947 3338 2092 3391 illam
2124 3352 2222 3407 pro
2257 3336 2463 3390 amoris
2501 3351 2663 3402 nexu,
2694 3345 2749 3388 et
2776 3332 3000 3388 aﬁ'ectus
3034 3332 3249 3386 vinculo
3275 3348 3367 3386 su-

96 3440 202 3493 quo
233 3440 452 3483 mentes
491 3439 788 3498 antequam
849 3430 1206 3484 illaberentur
1236 3427 1563 3497 corporibus
1590 3426 1689 3480 dn-

102 3519 240 3575 xisse
266 3521 445 3574 vitam
476 3521 528 3575 in
560 3522 701 3576 ctelo
749 3524 1105 3584 asseveravit,
1131 3530 1187 3574 et
1227 3535 1323 3589 pro
1348 3530 1469 3575 acta
1496 3519 1567 3572 ibi
1602 3518 1686 3571 vel

102 3616 247 3662 recte
278 3611 367 3663 vet
386 3612 527 3667 male
552 3613 681 3679 vita,
706 3613 909 3683 partim
942 3611 1250 3681 angelicum
1284 3612 1531 3665 ordinem
1563 3609 1691 3664 ade-

101 3707 239 3765 ptas,
278 3703 482 3767 partim
532 3704 585 3759 in
629 3714 833 3759 terram
871 3704 1039 3759 fuisse
1068 3704 1357 3767 detrusas;
1409 3718 1509 3757 nec
1539 3702 1691 3758 varia

101 3790 271 3843 solum
308 3804 565 3861 corpora,
598 3797 918 3867 variamque
960 3798 1174 3852 vivendi
1207 3798 1258 3849 in
1293 3795 1453 3849 terris
1478 3805 1684 3850 sortem

102 3890 286 3937 nactas
304 3897 451 3949 esse,
472 3888 565 3941 sed
595 3889 803 3942 varium
827 3889 991 3942 etiam
1024 3888 1211 3956 gratia:
1248 3886 1443 3941 divinae
1474 3887 1691 3940 modum

100 3971 266 4029 fuisse
301 3981 667 4045 promeritae,
703 3994 944 4049 vasaqne
970 3979 1153 4033 ﬁctilia
1186 3978 1269 4032 vel
1318 3992 1506 4042 aurea,
1557 3992 1693 4032 con-

103 4067 345 4119 tumelia:
367 4068 451 4122 vel
480 4070 705 4125 honoris
728 4070 898 4126 fuisse
918 4070 1173 4137 eﬁ’ectas;
1208 4070 1280 4124 ita
1316 4080 1493 4124 tamen
1529 4079 1695 4124 utea-

101 4155 217 4211 dem
253 4158 479 4214 arbitrii
533 4162 787 4218 libertate
822 4174 1065 4227 utentes,
1108 4178 1245 4216 nova
1275 4164 1467 4233 gratia:
1514 4161 1697 4216 incre—

107 4260 280 4303 menta
334 4265 651 4319 capessere,
707 4267 761 4308 et
803 4256 870 4308 ad
902 4254 1214 4324 superiores
1247 4254 1440 4306 iterum
1506 4251 1694 4305 revehi

106 4342 327 4405 gradus,
355 4345 439 4397 vel
473 4347 541 4398 ad
578 4346 869 4401 inferiores
928 4346 1099 4401 relabi
1150 4346 1383 4414 possint.
1416 4345 1492 4398 Ac
1521 4353 1693 4397 totum

108 4432 156 4483 in
196 4431 303 4486 hoc
343 4446 662 4500 argumento
691 4438 813 4491 libri
846 4438 1068 4493 secundi
1094 4437 1233 4505 Περὶ
1261 4434 1467 4504 ἀρχῶν
1494 4450 1694 4491 nonum

105 4536 267 4593 caput
293 4524 585 4578 contrivit.
636 4531 741 4577 Sed
778 4539 832 4584 et
878 4530 1020 4585 idem
1058 4540 1248 4601 aperte
1282 4529 1451 4583 tradit
1493 4528 1589 4583 lib.
1617 4542 1694 4581 vn

1794 3430 2045 3483 mendam
2098 3429 2289 3497 probat
2331 3428 2513 3482 multis
2541 3426 2836 3496 Scriptura:
2867 3424 3209 3487 testimoniis,
3242 3432 3368 3493 puta

1795 3524 1944 3578 isto:
1983 3541 2001 3572 ι
2026 3520 2295 3589 C0gnovit
2339 3520 2597 3573 Dominus
2638 3532 2734 3572 eos
2762 3517 2851 3586 qui
2896 3525 3023 3571 sunt
3059 3516 3176 3585 ejus
3196 3514 3238 3580 ³,
3272 3533 3292 3566 ι
3319 3515 3370 3568 id

1792 3624 1879 3669 est
1923 3613 2116 3683 diligit,
2163 3627 2286 3665 eum
2318 3619 2497 3665 tamen
2544 3625 2644 3665 nec
2669 3624 2762 3664 eos
2792 3611 2883 3678 qui
2934 3624 3040 3662 non
3089 3618 3218 3661 sunt
3256 3607 3373 3676 ejus

1795 3703 2011 3772 ignoret
2040 3720 2053 3755 :
2084 3701 2449 3771 przecognosci
2476 3714 2606 3770 ergo
2635 3716 2729 3754 eos
2758 3716 2785 3752 a
2822 3699 2930 3753 Deo
2952 3697 3082 3759 vult,
3119 3716 3137 3748 ι
3164 3697 3216 3750 in
3250 3697 3375 3765 qui-

1795 3794 1915 3859 bus,
1945 3793 2127 3848 sciens
2162 3792 2347 3860 quales
2379 3800 2579 3853 essent,
2617 3804 2855 3844 amorem
2888 3804 3046 3843 suum
3075 3789 3216 3842 Dens
3243 3785 3375 3841 alie-

1795 3896 2056 3954 ctumqne
2096 3883 2391 3952 posuisset.
2427 3900 2449 3935 ι
2487 3882 2690 3947 Quaerit
2726 3881 3069 3951 postmodum
3107 3895 3215 3948 quo
3248 3894 3376 3934 sen-

1794 3992 1859 4033 su
1894 3975 2355 4045 interpretandum
2394 3976 2466 4029 sit
2495 3974 2624 4027 illud
2650 3972 2889 4041 Apostoli
2918 3988 2931 4025 :
2974 3991 2994 4023 ι
3019 3972 3167 4038 Quos
3198 3986 3377 4026 voca-

1796 4069 1899 4132 vit,
1924 4068 2025 4122 hos
2045 4074 2098 4121 et
2123 4064 2464 4135 jnstiﬁcavit,
2486 4083 2505 4117 ο
2540 4080 2663 4118 cum
2687 4064 2838 4117 nmlti
2872 4063 3047 4118 vocati
3077 4063 3207 4127 sint,
3241 4077 3376 4133 pau-

1797 4161 1846 4216 ci
1881 4159 2063 4216 electi.
2096 4157 2411 4227 Respondet
2439 4156 2635 4225 duplex
2673 4169 2793 4210 esse
2821 4155 3122 4210 vocationis
3167 4168 3376 4225 genus;

1798 4253 1947 4307 aliud
1980 4250 2279 4307 secundum
2309 4248 2668 4318 propositmn,
2705 4260 2813 4300 non
2847 4246 3094 4301 vocantis
3137 4244 3250 4307 Dei,
3284 4245 3378 4298 sed

1798 4347 1975 4403 vocati
2002 4344 2261 4410 hominis,
2295 4356 2403 4412 quo
2424 4342 2682 4395 virtutem
2716 4338 3100 4410 amplectitur;
3144 4337 3377 4407 quicun-

1798 4453 1904 4507 que
1927 4444 2108 4492 autem
2161 4435 2446 4489 vocatione
2489 4431 2757 4488 eiusmodi
2785 4430 2958 4485 vocati
3005 4430 3136 4494 sint,
3191 4429 3293 4481 hos
3324 4436 3382 4481 et

1793 4530 2119 4602 justiﬁcatos
2148 4542 2268 4583 esse
2317 4545 2330 4581 :
2382 4526 2525 4579 aliud
2564 4538 2688 4580 esse
2719 4524 3020 4578 vocationis
3048 4537 3239 4594 genus,
3274 4534 3380 4575 non

107 4618 157 4669 ίπ
187 4615 370 4686 δρία·
400 4617 471 4668 ad
512 4614 691 4679 Rom»
721 4629 872 4667 ηιηηο
899 4616 988 4677 Πν
1022 4622 1151 4676 “Iud
1175 4620 1462 4675 Paulinum
1487 4623 1504 4652 ⁸
1534 4634 1695 4675 enar—
1729 4657 1771 4713 υ
1800 4622 2096 4677 secundum
2140 4622 2340 4674 bonum
2389 4618 2745 4688 propositum,
2790 4632 2898 4687 quo
2926 4626 3188 4670 vocantur
3216 4613 3382 4669 etiam

120 4725 244 4764 rans
276 4725 292 4762 :
341 4727 363 4759 ‹
392 4710 587 4761 Annon
644 4708 808 4761 habet
866 4714 1185 4775 potestatem
1218 4705 1412 4775 ﬁgulus
1442 4712 1537 4764 luti
1564 4752 1579 4772 ,
1626 4725 1695 4765 ex

107 4804 293 4857 eadem
319 4817 506 4856 massa
542 4800 723 4855 facere
742 4798 888 4852 aliud
916 4798 1137 4867 quidem
1188 4813 1285 4852 vas
1327 4798 1379 4852 in
1412 4799 1699 4866 honorem,

109 4894 251 4949 aliud
288 4908 428 4947 vero
458 4894 512 4946 in
534 4894 927 4948 contumeliam
954 4892 978 4947 ?
1014 4911 1033 4943 ι

174 4988 649 5055 Quemadmodum
705 4997 883 5041 autem
939 4984 1237 5039 arbitratus
1283 4992 1367 5038 est
1424 4984 1699 5039 Adaman-

114 5082 235 5149 tius,
276 5099 404 5155 qnae
430 5099 457 5139 a
480 5084 637 5138 nobis
659 5092 811 5152 gesta
847 5093 973 5137 sunt
1003 5082 1171 5146 olim,
1217 5092 1508 5150 antequam
1557 5096 1684 5135 cor-

114 5189 233 5241 pora
255 5179 598 5241 Subiremus,
638 5191 859 5231 causam
906 5175 1121 5229 dedisse
1170 5175 1301 5238 Deo,
1339 5180 1451 5227 eur'
1491 5182 1702 5227 mentes

116 5277 334 5323 nostras
367 5270 602 5324 terrenis
627 5270 779 5323 hisee
808 5266 1042 5323 molibus
1077 5266 1404 5335 implicaret,
1446 5265 1590 5318 adeo
1638 5274 1700 5319 ut

115 5362 176 5411 ad
206 5362 352 5416 hanc
384 5363 437 5417 in
465 5362 627 5416 terris
650 5362 919 5429 agendam
942 5360 1109 5412 vitam
1134 5358 1277 5412 Deus
1294 5372 1393 5411 nos
1413 5356 1698 5426 praedesti-

118 5454 354 5518 naverit,
385 5470 453 5509 ex
482 5454 728 5523 praevisis
752 5454 820 5506 ab
844 5451 995 5507 omni
1023 5458 1167 5504 retro
1193 5463 1309 5503 aevo
1331 5448 1539 5502 meritis
1571 5448 1698 5502 vitm

118 5543 256 5598 illius
293 5546 350 5599 in
378 5546 517 5600 emlo
547 5547 843 5611 traductae;
879 5545 951 5597 ita
981 5557 1049 5597 ex
1083 5540 1331 5611 praevisis
1354 5539 1563 5594 meritis
1588 5547 1701 5593 ter-

121 5640 303 5693 restris
334 5638 495 5705 hujus
521 5637 643 5692 vita:
667 5652 829 5707 quam
855 5650 999 5690 nunc
1028 5635 1257 5705 agimus,
1286 5630 1701 5701 praedestinasse

186 5748 200 5777 ¹
235 5747 399 5803 Rom.
432 5764 508 5813 IX,
540 5748 630 5802 2|.
706 5748 726 5778 ’
762 5748 920 5801 Rom.
954 5759 1070 5808 vnt,
1098 5744 1189 5799 30.

1264 5741 1284 5779 ³
1313 5739 1356 5795 ιι
1387 5740 1532 5796 Tim.
1565 5755 1627 5805 ll,
1654 5737 1744 5794 l9.

1807 4714 2043 4784 reprobi,
2072 4728 2139 4767 ne
2166 4714 2374 4768 meritis
2399 4709 2666 4765 alliciendi
2692 4709 2869 4779 prunis
2909 4708 3013 4763 hoc
3035 4716 3255 4761 utantur
3284 4703 3381 4759 ob-

1804 4816 1981 4871 tento,
2028 4805 2233 4861 idcirco
2260 4819 2382 4861 sese
2408 4805 2575 4859 fuisse
2602 4816 2631 4854 a
2660 4801 2857 4854 virtute
2881 4800 3105 4861 alienos,
3136 4797 3266 4866 quia
3297 4796 3385 4849 de.

1801 4897 1968 4953 fuerit
2008 4898 2109 4953 sibi
2146 4898 2380 4952 vocatio.
2442 4896 2499 4950 Si
2535 4895 2657 4965 quis
2697 4902 2877 4947 autem
2923 4890 3261 4960 propositum
3316 4886 3380 4941 il-

1804 4989 1918 5054 1nd,
1952 4987 2248 5043 secundum
2276 4986 2421 5056 quod
2447 4984 2629 5039 vocari
2662 4998 2759 5037 nos
2788 4997 2815 5034 a
2850 4981 2959 5035 Deo
2992 4980 3129 5032 dixit
3156 4978 3383 5046 Aposto-

1802 5082 1907 5149 lus,
1946 5082 2014 5136 ad
2055 5081 2223 5134 Deum
2265 5079 2454 5133 referri
2506 5077 2657 5141 velit,
2709 5074 2949 5127 futurum
2995 5071 3125 5125 illud
3167 5083 3382 5138 quoque

1800 5173 2071 5245 posterius
2101 5182 2252 5226 recto
2279 5173 2527 5224 humanae
2554 5166 2852 5220 voluntatis
2874 5161 3172 5233 proposito,
3204 5174 3269 5213 ac
3295 5173 3385 5212 res

1800 5265 1994 5333 ligiosa
2035 5272 2234 5327 mente,
2264 5272 2320 5316 et
2356 5261 2548 5315 salutis
2589 5258 2883 5314 desiderio.
2917 5257 3141 5309 Demnm
3168 5250 3221 5306 id
3257 5252 3387 5306 sub-

1802 5351 1972 5406 nectit
1999 5367 2014 5405 :
2053 5368 2073 5401 ι
2106 5350 2219 5404 Hoc
2254 5364 2384 5419 ergo
2412 5359 2575 5417 pacto
2616 5362 2791 5416 neque
2815 5348 2869 5400 in
2896 5342 3231 5414 praeseientia
3264 5340 3386 5404 Dei,

1802 5442 1886 5497 vel
1918 5442 2131 5508 salutis,
2168 5442 2253 5497 vel
2289 5440 2607 5511 perditionis
2654 5446 2855 5492 nostrae
2900 5448 3066 5490 causa
3111 5427 3383 5489 consistit,

1804 5548 1982 5603 neque
2011 5531 2333 5601 justilicatio
2361 5546 2428 5587 ex
2458 5529 2570 5585 sola
2594 5529 2874 5584 voluntate
2904 5520 3179 5596 pendebit,
3207 5530 3387 5588 neque

1808 5626 2101 5697 gloriﬁcari
2165 5626 2234 5681 de
2274 5633 2461 5679 nostra
2523 5622 2738 5692 penitus
2794 5624 3062 5688 potestate
3111 5611 3385 5668 sublatum

178 5837 299 5908 (Η)
364 5837 432 5891 Id
470 5810 673 5893 duobus
740 5840 1018 5908 pra'cipue
1040 5835 1167 5890 locis
1218 5835 1426 5908 alserit,
1480 5842 1586 5889 etc.
1619 5828 1755 5886 Vide
1791 5829 1954 5888 etiam
2011 5829 2209 5887 librum
2266 5826 2341 5884 De
2399 5826 2635 5882 oratione
2696 5837 2846 5879 num.
2872 5820 2927 5887 6,
2969 5810 3387 5888 μελίη-209.

120 5920 168 5961 et
198 5904 393 5964 ltotnil.
423 5909 489 5963 14
516 5912 571 5963 in
594 5904 784 5972 Num},
818 5904 967 5961 num.
995 5906 1054 5969 ‘2,
1081 5921 1199 5976 pag.
1232 5904 1356 5959 325.

400 6004 673 6063 PATROL.
705 6003 823 6063 Ga.
860 6001 1033 6062 XVII

2958 5976 3030 6037 31
