3916 6534
549 431 648 490 871

1825 439 1882 493 P.
1928 440 2236 495 DANIELIS
2274 438 2504 495 IIUETII

3684 440 3793 496 972

546 564 666 622 est;
698 575 716 609 ι
759 567 810 611 ct
837 558 994 627 paulo
1019 558 1243 617 inferius
1279 578 1291 615 :
1328 580 1348 615 ι
1375 561 1443 617 Ut
1473 569 1650 617 autem
1678 562 1820 619 scias
1842 565 1966 633 quia
2004 581 2107 619 non
2140 570 2183 624 A
2212 563 2433 617 scimus.
2472 561 2815 616 Vocationem
2840 575 3054 632 quoque
3075 560 3219 615 illam
3256 558 3559 615 secundum
3583 574 3787 631 propo-

548 648 599 701 in
628 648 966 717 praescientia
1008 650 1121 717 Dei.
1149 651 1438 722 unicuique
1461 653 1652 709 salutis
1673 670 1835 709 causa
1860 657 2101 724 ponitur,

544 739 637 794 sed
664 740 714 792 in
748 739 1024 807 proposito
1064 750 1117 794 et
1146 741 1356 797 actibus
1385 744 1520 808 suis,
1556 745 1689 802 vide
1708 745 1929 801 Paulum
1957 747 1979 778 ⁸
2010 762 2103 800 ve-

544 840 747 886 rentem
778 846 845 886 ne
874 831 1011 887 forte
1037 846 1159 888 cum
1191 833 1312 890 aliis
1339 836 1734 905 przedicaverit,
1771 838 1885 907 ipse
1911 854 2106 909 repro-

540 922 641 985 bus
661 922 939 991 etliciatur,
986 940 1263 984 macerare
1293 943 1491 999 corpus
1515 945 1695 999 suum,
1742 940 1799 988 et
1838 932 2107 1003 subjicere

540 1016 808 1070 servituti.
835 1035 854 1070 ι

608 1105 798 1165 XXVI.
842 1108 994 1165 Dolet
1029 1109 1231 1182 lprensi
1274 1112 1526 1183 episcopo
1564 1114 1767 1171 dixisse
1793 1114 2103 1185 Origenem,

532 1199 1060 1266 pmdestinationem
1085 1201 1324 1272 pendere
1367 1218 1433 1258 ex
1464 1206 1708 1273 praevisis
1739 1208 1982 1262 meritis:
2010 1224 2105 1263 vo-

526 1290 808 1345 cationem
844 1291 958 1346 ﬁeri
991 1295 1285 1349 secundum
1330 1297 1662 1365 propositum
1704 1298 1962 1362 hominis,
2000 1314 2105 1355 non

530 1379 630 1438 Dei
659 1400 673 1435 :
704 1383 1039 1439 vocationem
1070 1386 1365 1439 secundum
1390 1389 1722 1456 propositum
1761 1391 1878 1457 Dei,
1914 1407 1981 1447 ex
2015 1393 2106 1447 boo

532 1476 621 1531 nis
645 1477 923 1532 hominum
972 1478 1258 1534 desideriis
1300 1490 1479 1549 aptam
1513 1495 1633 1536 esse
1676 1492 1731 1537 et
1754 1496 2054 1538 connexam
2088 1502 2101 1539 :

535 1583 755 1624 causam
782 1569 1024 1626 eamdem
1052 1585 1168 1625 esse
1199 1570 1390 1626 salutis
1419 1582 1473 1626 et
1503 1574 1888 1640 dauiuationis,
1914 1591 2105 1644 nempe

534 1662 801 1733 religiosae
834 1664 1031 1717 mentis
1062 1662 1351 1717 desideria.
1380 1662 1512 1729 Qua:
1548 1664 1726 1718 omnia
1753 1666 1807 1719 in
1851 1666 1989 1719 idem
2023 1665 2105 1719 fe-

535 1767 595 1807 re
624 1752 897 1806 recidunt.
924 1751 1158 1807 Oll'endit
1203 1765 1416 1821 quoque
1439 1751 1611 1820 ipsum
1638 1766 1915 1821 perperam
1942 1766 2100 1821 expo-

534 1843 670 1898 situs
730 1843 970 1912 Apostoli
1024 1843 1208 1898 locus“
1252 1862 1265 1897 :
1332 1861 1351 1895 ι
1404 1843 1589 1898 Posuit
1658 1843 1797 1898 Deus
1839 1841 2129 1908 membra,

2208 655 2369 709 situm
2402 653 2653 720 hominis,
2694 668 2854 723 quam
2886 668 3071 708 revera
3108 650 3417 722 Pelagianis
3451 651 3648 707 tribuit
3676 653 3790 707 Au-

2207 747 2453 816 gustinus
2502 746 2599 803 lib.
2631 761 2667 799 ll
2714 738 2910 799 Contra
2957 747 3092 799 duas
3137 746 3289 813 epist.
3346 742 3789 814 Pelagianorum,

2207 852 2312 892 non
2364 837 2437 891 ita
2489 846 2668 892 tuetur
2692 835 2973 906 Origenes,
3018 845 3093 911 ut
3123 852 3229 893 non
3256 837 3421 892 etiam
3444 837 3789 892 vocationem

2206 930 2501 985 secundum
2536 930 2871 1001 propositum
2911 930 3004 985 Dei
3048 929 3138 985 hic
3168 929 3392 1001 intelligi
3431 944 3597 1001 posse
3620 929 3789 984 fatea-

2210 1032 2330 1087 tur;
2374 1036 2499 1077 nam
2531 1021 2784 1092 proponit
2825 1032 3110 1092 utramque
3137 1030 3192 1077 et
3227 1022 3521 1077 sententiae
3559 1035 3676 1078 suae
3702 1036 3791 1075 ac-

2208 1114 2537 1168 commodat.
2577 1111 2836 1180 Quamvis
2860 1122 3037 1167 autem
3063 1128 3223 1167 unam
3254 1112 3402 1166 illam
3424 1113 3669 1182 priorem
3700 1113 3789 1166 de-

2206 1206 2474 1270 fenderet,
2500 1204 2904 1275 astipulatorem
2930 1205 3155 1260 haberet
3190 1205 3677 1275 Chrysostomum,
3711 1204 3789 1258 sic

2208 1298 2260 1352 in
2287 1297 2445 1351 Rom.
2488 1314 2641 1362 xvm,
2662 1296 2758 1361 28,
2790 1297 3142 1352 disserentem
3172 1312 3187 1350 :
3224 1295 3490 1367 Πρόθεσιν
3520 1294 3581 1347 δὲ
3605 1294 3792 1347 ἐνταῦ-

2205 1389 2277 1443 θά
2296 1406 2479 1459 φησιν,
2529 1389 2617 1441 ἵνα
2668 1389 2743 1458 μὴ
2772 1388 2834 1441 τὸ
2861 1389 2969 1441 πᾶν
3002 1388 3068 1459 τῇ
3099 1386 3287 1458 κλήσει
3325 1386 3422 1457 δῷ,
3460 1387 3591 1439 ἐπεὶ
3623 1387 3792 1449 οὕτως

2205 1480 2425 1552 ἔμελλον
2468 1483 2563 1535 καὶ
2604 1481 2861 1551 ’Έλληνες
2908 1479 3229 1549 ἀντιλέγειν,
3278 1480 3374 1533 καὶ
3416 1480 3686 1533 Ἰουδαῖοι.
3732 1480 3793 1531 El

2203 1576 2313 1646 γὰρ
2334 1577 2368 1647 ἡ
2396 1576 2586 1646 κλῆσις
2607 1577 2765 1647 ἢρκει
2789 1574 2969 1645 μόνον,
2994 1574 3136 1637 τίνος
3153 1574 3337 1626 ἕνεκεν
3360 1573 3422 1626 οὐ
3441 1574 3649 1636 πάντες
3668 1570 3795 1624 ὲσώ-

2204 1667 2407 1738 θησαν;
2446 1667 2542 1720 Διὰ
2570 1668 2750 1734 τοῦτο,
2778 1665 2961 1735 φησὶν,
2999 1665 3097 1733 οὐχ
3126 1665 3160 1735 ἡ
3200 1664 3391 1734 κλῆσις
3424 1663 3611 1734 μόνον,
3661 1660 3795 1715 ἀλλὰ

2202 1758 2343 1827 καὶὴ
2372 1757 2625 1828 πρόθεσις
2652 1756 2764 1808 τῶν
2790 1753 3141 1824 καλουμένων
3163 1752 3261 1824 τὴν
3293 1752 3574 1824 σωτηρίαν
3601 1751 3791 1823 εἰργά-

2209 1865 2358 1902 σατο.
2404 1848 2479 1900 Οὐ
2515 1847 2624 1917 γὰρ
2652 1844 3042 1917 ἠναγκασμένη
3091 1843 3313 1912 γέγονεν
3348 1844 3383 1914 ἠ
3414 1842 3639 1913 κλῆσις,
3675 1841 3794 1894 οὐδὲ

535 1936 957 2005 unumquodque
973 1949 1157 1990 eormn
1190 1935 1241 1987 in
1268 1935 1666 2002 corpore,sicut
1694 1935 1880 1999 voluit,
1907 1954 1924 1985 i
1953 1936 2101 2004 quasi

2213 1939 2567 2010 βεϐιασμένη’
2594 1938 2793 2000 πάντες
2822 1935 2953 2005 γοῦν
2990 1934 3317 2005 ἐκλήθησαν,
3347 1934 3466 1988 ἀλλ’
3500 1934 3565 1987 οὐ
3598 1933 3795 1996 πάντες

537 2024 786 2079 voluntas
824 2025 914 2078 illa
942 2025 1005 2077 ad
1033 2024 1360 2089 membrum,
1385 2042 1491 2081 non
1526 2029 1591 2079 ad
1625 2026 1789 2080 Deum
1819 2025 2105 2095 pertineat.

533 2115 710 2171 Locus
738 2117 1085 2171 habeturlib.
1122 2133 1172 2171 ix
1216 2118 1503 2173 Comment.
1539 2120 1593 2172 in
1620 2116 1790 2184 Epist.
1827 2119 1896 2170 ad
1930 2116 2105 2181 Rom.,

535 2221 685 2261 num.
710 2207 767 2273 5,
800 2221 923 2276 pag.
955 2207 1060 2262 648
1092 2227 1105 2261 :
1139 2225 1157 2257 ι
1192 2206 1369 2261 Voluit
1390 2218 1597 2271 autem,
1633 2206 1824 2276 inquit,
1861 2208 1999 2262 Deus
2018 2224 2107 2263 se-

532 2300 773 2352 cundum
828 2300 1094 2352 rationem
1128 2300 1210 2353 vel
1253 2314 1566 2352 mensuram
1602 2298 1722 2353 ﬁdei
1782 2314 1901 2367 qua:
1926 2307 2010 2354 est
2053 2300 2106 2354 in

535 2391 715 2456 nobis,
742 2390 825 2444 vel
855 2389 1026 2443 voluit
1059 2390 1125 2442 ad
1164 2389 1215 2443 id
1246 2389 1389 2459 quod
1430 2390 1669 2459 expedit.
1705 2387 1815 2443 Nisi
1851 2389 1989 2444 forte
2034 2391 2105 2445 ita

533 2483 727 2552 aliquis
752 2496 808 2540 et
840 2487 944 2541 hoc
976 2487 1104 2542 velit
1140 2488 1439 2560 intelligere
1470 2508 1483 2544 :
1523 2490 1666 2544 Deus
1702 2492 1873 2559 posuit
1908 2491 1962 2544 iu
1992 2507 2107 2543 cor-

529 2592 654 2643 pore
677 2579 1082 2647 unumquodque
1108 2581 1415 2647 membrum,
1440 2591 1594 2651 prout
1612 2582 1795 2645 voluit,
1828 2592 1886 2636 ιιι
1918 2586 2105 2648 voluit,

533 2667 601 2721 ad
625 2669 910 2722 membrum
946 2670 1117 2741 magis
1144 2672 1435 2736 referatur,
1474 2672 1577 2727 hoc
1611 2683 1714 2737 est,
1744 2684 1894 2741 prout
1926 2676 2106 2741 voluit,

537 2766 698 2823 prout
724 2757 905 2828 elegit,
930 2769 1091 2829 prout
1119 2774 1341 2828 operam
1366 2762 1534 2827 dedit,
1561 2778 1628 2817 ne
1651 2763 1896 2819 videatur
1924 2765 1990 2820 de
2012 2768 2108 2821 ho-

532 2848 675 2902 mine
709 2850 919 2905 arbitrii
956 2859 1195 2919 potestas
1223 2852 1449 2911 auferri.
1480 2873 1499 2907 ι

599 2938 1132 2996 Prmdestinationem
1186 2945 1431 3012 praavisis
1490 2946 1699 3001 meritis
1741 2947 2107 3018 postposuisse

528 3028 816 3101 Origenem
851 3034 1071 3089 minime
1115 3035 1311 3089 mirum
1361 3046 1467 3103 est,
1496 3053 1618 3093 cum
1658 3041 2007 3108 quaestionem
2045 3042 2108 3096 il-

527 3122 634 3176 lam
668 3125 860 3180 leviter
888 3134 1096 3179 tantum
1130 3136 1185 3181 et
1205 3128 1571 3196 perfunctorie
1594 3131 1871 3187 delibarin-
1912 3133 2107 3189 vetusti

524 3214 713 3272 Patres
752 3215 1056 3288 Pelagianis
1086 3220 1417 3287 temporibus
1453 3223 1813 3293 antiquiores.
1858 3233 1916 3278 ut
1943 3225 2105 3281 disci-

526 3326 646 3364 mus
674 3326 741 3365 ex
772 3311 1016 3380 epistolis
1052 3312 1304 3383 Prosperi
1348 3323 1401 3384 et
1435 3312 1624 3368 Hilarii
1668 3314 2002 3372 Arelatensis
2035 3318 2100 3373 ad

525 3404 907 3474 Augustinum,
933 3406 1135 3477 prmﬁgi
1172 3406 1350 3461 solitis
1390 3406 1559 3476 ipsius
1591 3406 1744 3463 libris
1780 3408 1852 3462 De
1894 3411 2100 3478 prwde-

524 3498 809 3551 stinatione
850 3507 1151 3552 sanctorum
1196 3510 1243 3553 et
1297 3501 1435 3554 dono
1483 3503 1901 3569 perseverantiae,
1942 3512 1998 3557 et
2033 3518 2100 3557 ex

526 3590 725 3658 prioris
752 3590 894 3644 illius
922 3592 1205 3661 Augustini
1239 3591 1357 3645 libri
1395 3592 1570 3661 capite
1594 3592 1681 3657 14,
1709 3603 1763 3647 et
1790 3594 2103 3665 posterioris

525 3682 708 3751 capite
740 3682 832 3736 20.
872 3681 928 3735 In
963 3698 1024 3737 ea
1071 3684 1271 3752 quippe
1309 3682 1478 3736 fuisse
1522 3685 1786 3738 sententia
1819 3684 2097 3752 Irenaeum,

524 3784 579 3826 et
604 3774 1095 3845 Clirysostomum;
1127 3776 1220 3829 sed
1253 3784 1308 3829 et
1335 3785 1457 3846 post
1492 3774 1833 3846 Pelagianam
1862 3787 2097 3842 aatatem,

525 3865 955 3930 Theodoretum,
985 3865 1467 3937 Theophylactum,
1498 3865 1909 3933 (Ecumeniuln,
1940 3869 2101 3923 alios-

524 3972 628 4027 que
668 3956 974 4025 complures
1002 3956 1317 4011 tralatitium
1347 3967 1451 4012 est.
1475 3957 1608 4011 Cum
1642 3967 1699 4011 et
1724 3959 1967 4013 eamdem
2005 3960 2101 4014 ho-

524 4048 720 4118 dieque
761 4063 792 4102 a
828 4049 963 4104 viris
1016 4049 1300 4104 catholicis
1344 4060 1738 4120 propugnatam
1786 4053 2096 4120 videamus;

521 4151 575 4193 et
602 4141 763 4206 hanc,
801 4140 1100 4196 alteramve
1127 4142 1202 4195 illi
1235 4142 1538 4211 oppositam
1581 4144 1830 4213 persequi
1862 4160 2101 4199 summo-

522 4247 639 4286 rum
668 4232 995 4288 auctoritate
1021 4234 1337 4298 pontiﬁcum
1386 4234 1566 4289 liceat.
1600 4235 1710 4291 Nec
1744 4240 1877 4290 adeo
1920 4248 2099 4293 tamen

520 4325 807 4379 sementim
840 4325 965 4379 huic
992 4326 1363 4393 patrocinatus
1394 4338 1479 4384 est
1502 4328 1880 4389 Adamantius.
1909 4340 1967 4381 ut
1992 4344 2097 4383 non

520 4415 849 4470 contrariam
888 4418 1051 4471 etiam
1094 4420 1385 4488 aliquando
1411 4421 1607 4476 sectari
1647 4424 1795 4474 visus
1838 4420 1931 4475 sit.
1962 4419 2098 4474 Nam

518 4506 617 4562 lib.
649 4522 723 4561 vu
766 4509 824 4561 in
869 4507 1038 4575 Epist.
1090 4512 1158 4562 ad
1207 4510 1383 4574 Rom.,
1419 4528 1567 4566 num.
1595 4510 1682 4574 ‘15,
1716 4511 1830 4565 hare
1855 4510 2047 4563 scribit
2080 4526 2095 4563 :

2212 2034 2548 2104 ὑπήκουσαν.
2594 2024 2975 2100 t-Proposit'um
3005 2038 3183 2084 autem
3213 2028 3300 2083 hic
3330 2026 3487 2092 dicit,
3518 2040 3589 2080 ne
3623 2036 3792 2080 totum

2208 2122 2475 2179 vocationi
2512 2122 2716 2177 tribuat
2761 2142 2773 2177 :
2808 2121 2889 2176 sic
2927 2120 3071 2174 enim
3107 2117 3501 2174 contradictori
3544 2126 3707 2171 erant
3742 2126 3795 2171 et

2208 2214 2382 2271 Caeci
2422 2226 2476 2269 et
2498 2213 2689 2269 Judaei.
2726 2212 2859 2267 Nam
2891 2211 2935 2266 si
2964 2209 3233 2266 sufﬁceret
3260 2208 3373 2263 sola
3407 2209 3649 2270 vocatio,
3691 2220 3795 2277 qua

2210 2306 2276 2360 de
2303 2320 2465 2359 causa
2499 2320 2603 2358 non
2626 2317 2819 2358 omnes
2839 2301 2974 2356 salvi
3006 2300 3135 2354 facti
3172 2299 3335 2354 sunt?
3362 2297 3689 2368 Propterea,
3718 2300 3797 2350 in-

2206 2400 2345 2471 quit,
2380 2413 2485 2451 non
2510 2395 2623 2450 sola
2646 2395 2880 2458 vocatio,
2914 2394 3009 2448 sed
3036 2402 3092 2447 et
3115 2391 3457 2462 propositum
3485 2405 3679 2445 eorum
3708 2389 3795 2459 qui

2212 2497 2491 2551 vocantur,
2518 2487 2747 2541 salutem
2796 2492 3074 2553 operatum
3112 2492 3196 2537 est
3227 2497 3242 2535 :
3273 2498 3373 2538 nec
3419 2481 3571 2537 enim
3610 2492 3795 2536 coacta

2208 2580 2346 2636 facta
2384 2590 2465 2635 est
2506 2579 2741 2642 vocatio,
2781 2590 2954 2646 neque
2987 2575 3247 2630 violenta.
3289 2575 3499 2630 Omnes
3538 2589 3674 2645 ergo
3703 2589 3798 2628 vo-

2208 2676 2314 2729 cati
2347 2683 2493 2736 sunt,
2545 2672 2638 2726 sed
2667 2686 2770 2724 non
2796 2683 2989 2723 omnes
3032 2669 3373 2724 obedierunt.
3403 2684 3425 2720 ι
3472 2668 3796 2723 Assentien-

2209 2778 2315 2821 tcm
2367 2779 2581 2834 quoque
2635 2763 2858 2817 haberet
2906 2761 3329 2826 Theodoretum,
3392 2769 3449 2816 et
3505 2769 3800 2829 perpetuos

2207 2855 2573 2926 (Zhrysostomi
2616 2853 2850 2908 asseclas
2887 2851 3375 2922 TheOphylactum,
3436 2859 3494 2905 et
3527 2848 3801 2904 (Ecume-

2208 2949 2379 3013 nium,
2410 2958 2463 3001 et
2484 2946 2618 3000 alios
2670 2944 2977 3000 nonnullos.
3030 2943 3253 2999 Vocatio
3282 2952 3468 2997 autem
3496 2941 3799 2996 secundum

2207 3039 2539 3110 propositum
2576 3037 2690 3101 Dei,
2724 3037 2867 3106 quod
2893 3036 3222 3105 propositum
3243 3050 3311 3088 ex
3343 3036 3645 3104 perspectis
3674 3032 3799 3085 ani-

2209 3148 2311 3188 mae
2355 3133 2459 3202 piis
2498 3131 2785 3188 desideriis
2827 3130 3079 3200 pendeat,
3115 3138 3386 3199 quatenus
3414 3143 3541 3183 cum
3568 3125 3801 3194 reliquis

2208 3225 2516 3279 Adamantii
2576 3223 2845 3294 dogmatis
2888 3222 3147 3285 cohaeret,
3213 3220 3408 3275 merito
3453 3222 3499 3272 a‘
3532 3216 3803 3274 Jansenio

2205 3317 2547 3387 exploditur;
2580 3331 2703 3370 nam
2723 3314 2808 3384 pia
2837 3314 3104 3369 desideria
3134 3314 3201 3367 ab
3227 3312 3513 3366 hominum
3543 3310 3659 3365 sola
3697 3324 3799 3363 vo-

2204 3412 2408 3465 luntate
2450 3411 2697 3474 derivat;
2733 3409 2930 3479 quibus
2980 3406 3279 3477 perspectis
3328 3405 3616 3461 desideriis
3660 3418 3795 3473 pro—

2203 3513 2366 3574 ponat
2409 3501 2722 3572 Deusipsos
2755 3515 2972 3563 vocare,
3015 3510 3233 3567 tmnqne
3278 3498 3515 3567 primum
3555 3496 3789 3564 gratiam

2201 3594 2266 3646 ad
2316 3593 2367 3646 id
2397 3600 2756 3660 opportunam
2802 3588 3083 3658 largiatur.
3133 3586 3267 3639 lliuc
3308 3584 3473 3639 aliine
3526 3577 3789 3651 quiddam

2201 3682 2371 3750 carpit
2401 3681 2453 3734 in
2485 3680 2717 3747 Origene
2747 3678 3035 3733 Jausenius
3065 3688 3194 3731 tom.
3226 3678 3265 3741 I,
3302 3677 3397 3730 lib.
3437 3690 3553 3735 vm,
3582 3684 3711 3737 cap.
3736 3668 3792 3731 ι,

2202 3775 2342 3842 quod
2390 3773 2597 3828 scilicet
2645 3771 2844 3825 dixerit
2900 3770 3156 3825 salutaris
3207 3768 3469 3823 doctrinae
3514 3772 3787 3832 praecepta

2201 3864 2475 3920 Christum
2524 3863 2833 3919 hominibus
2886 3863 3199 3926 tradidisse,
3247 3866 3411 3930 prout
3438 3854 3663 3911 affectos
3696 3866 3792 3907 eos

2200 3972 2321 4012 esse
2351 3958 2519 4020 novit,
2556 3957 2825 4025 ﬁdemque
2846 3956 2948 4011 sibi
2990 3953 3332 4008 adhibituros
3376 3947 3688 4021 praesensit.
3724 3945 3795 3998 E-

2200 4050 2416 4119 quidem
2445 4034 2549 4101 non
2586 4048 2800 4111 dubito,
2833 4047 2911 4101 uti
2937 4061 3099 4116 supra
3128 4044 3267 4111 dixi,
3301 4043 3582 4113 opinatum
3620 4038 3796 4092 fuisse

2200 4138 2509 4208 Origenem,
2547 4151 2612 4191 ex
2646 4136 2747 4191 hac
2784 4135 3117 4205 prmuolione
3170 4142 3382 4188 motum
3428 4131 3594 4184 fuisse
3622 4126 3794 4183 Chrio

2200 4241 2342 4287 stum
2373 4232 2440 4287 ad
2471 4230 2701 4300 primam
2738 4230 2842 4284 illis
2886 4228 3119 4297 gratiam
3153 4223 3573 4296 impertiendatn
3611 4238 3627 4274 :
3664 4235 3793 4290 pro-

2201 4334 2493 4393 ptereaque
2531 4322 2731 4377 nullam
2768 4320 3205 4391 Semipelagiano
3242 4317 3371 4372 huic
3398 4314 3574 4371 errori
3601 4312 3791 4364 defen-

2200 4414 2404 4469 sionem
2438 4413 2803 4468 obtendimus.
2838 4412 2935 4468 Sin
2975 4413 3047 4467 ita
3082 4410 3346 4465 sensisset
3370 4406 3652 4470 Origenes,
3687 4401 3791 4453 d0-

2201 4505 2375 4560 ctrina
2428 4520 2526 4560 sua
2563 4504 2686 4560 illos
2731 4504 2991 4558 imbuisse
3035 4501 3334 4557 Christum,
3380 4506 3517 4562 quos
3557 4490 3660 4559 ipsi
3691 4505 3791 4559 per

526 4618 546 4650 ι
575 4599 682 4655 Sed
716 4601 828 4656 haec
863 4603 1045 4657 omnia
1071 4618 1137 4657 eo
1168 4615 1437 4673 spectant,
1474 4614 1531 4658 ut
1557 4604 1687 4659 illud
1733 4604 1922 4673 probet
1950 4605 2097 4673 Apo-
2128 4606 2178 4666 ι)
2200 4598 2385 4667 gratia:
2414 4611 2528 4652 suae
2564 4611 2715 4652 mere
2735 4596 2983 4666 gratuitae
3010 4584 3271 4639 θυιίιίιιιη
3290 4597 3607 4638 assensum
3639 4597 3791 4651 ιπε-

520 4690 713 4755 stolus,
738 4694 881 4761 quod
920 4694 964 4749 si
990 4695 1073 4750 vel
1114 4696 1285 4760 Isaac,
1318 4696 1403 4749 vel
1445 4694 1614 4750 Jacob
1648 4709 1749 4765 pro
1774 4694 1860 4749 his
1885 4694 2093 4750 meritis

519 4782 677 4838 electi
711 4782 937 4839 fuissent
977 4802 1008 4840 a
1051 4788 1165 4842 Deo
1198 4803 1318 4857 qua:
1352 4789 1404 4842 in
1438 4802 1601 4843 carne
1627 4787 1785 4857 positi
1822 4787 2094 4856 acquisie-

519 4882 660 4939 rant,
684 4880 739 4928 et
757 4888 852 4944 per
874 4890 1034 4945 opera
1055 4876 1545 4946 carnisjustiﬁcari
1576 4878 1925 4943 meruissent,
1959 4893 2091 4948 pos-

517 4972 602 5018 set
631 4965 817 5035 utique
840 4967 1017 5022 meriti
1045 4984 1233 5024 eorum
1274 4970 1451 5039 gratia
1476 4973 1543 5023 ad
1574 4970 1942 5039 posteritatem
1973 4984 2096 5025 car-

519 5056 606 5111 nis
639 5070 854 5127 quoque
881 5069 934 5113 et
964 5061 1241 5131 sanguinis
1290 5062 1584 5131 pertinere.
1618 5058 1772 5116 Nunc
1808 5075 1938 5115 vero
1966 5076 2092 5115 cum

515 5146 710 5203 electio
736 5163 948 5213 eorum,
982 5166 1089 5205 non
1112 5166 1179 5207 ex
1198 5153 1453 5221 operibus
1480 5151 1625 5206 facta
1651 5152 1744 5217 sit,
1769 5152 1864 5206 sed
1882 5167 1951 5207 ex
1972 5166 2099 5221 pro-

514 5238 693 5307 posito
723 5239 841 5304 Dei,
881 5251 936 5294 et
957 5254 1024 5294 ex
1070 5242 1312 5296 vocantis
1364 5242 1617 5305 arbitrio,
1678 5242 2091 5311 promissionum

517 5322 689 5399 gratia
715 5346 820 5385 non
848 5331 898 5385 in
928 5331 1053 5387 ﬁliis
1088 5334 1273 5388 carnis
1296 5335 1569 5405 impletur,
1595 5337 1687 5390 sed
1712 5335 1767 5388 in
1795 5334 1919 5389 ﬁliis
1946 5334 2041 5389 Del
2075 5350 2093 5387 :

520 5420 625 5473 hoc
654 5429 737 5473 est
778 5421 870 5489 qui
909 5422 1161 5477 similiter
1201 5432 1261 5478 ut
1308 5425 1406 5492 ipsi
1437 5440 1503 5478 ex
1550 5426 1825 5494 proposito
1860 5423 1953 5478 Dei
1989 5422 2094 5477 eli-

518 5518 742 5579 guntur,
776 5520 832 5564 et
880 5514 1211 5583 adoptantur
1253 5515 1306 5567 in
1340 5514 1499 5569 ﬁlios.
1528 5533 1547 5567 ›
1583 5512 1807 5578 Verum,
1860 5523 1919 5568 ut
1951 5525 2095 5582 saepe

519 5599 657 5664 dixi,
692 5614 884 5669 parum
908 5601 1033 5655 huic
1055 5604 1194 5659 libro
1220 5604 1621 5675 adiungendum
1646 5614 1726 5659 est
1753 5604 1901 5669 ﬁdei,
1928 5618 2091 5673 quem

520 5692 827 5747 Ruﬁnianis
863 5694 1271 5764 opinationibus
1314 5710 1596 5765 aspersum
1652 5707 1709 5752 et
1755 5698 2093 5767 inquinatum

598 5864 805 5923 ‘lCor.
836 5884 912 5935 Ix,
941 5870 1030 5926 27.
1108 5872 1129 5905 ⁸
1153 5871 1169 5925 l
1192 5873 1317 5931 Cor.
1346 5889 1441 5942 xu,
1476 5873 1561 5928 l8.

2201 4698 2423 4745 noverat
2443 4723 2460 4749 ,
2490 4689 2572 4737 vel
2599 4686 2842 4737 futurum
2866 4688 2922 4734 et
2946 4678 3236 4749 praevisum
3264 4690 3587 4731 consensum
3614 4689 3789 4729 occa-

2197 4781 2405 4834 sionem
2437 4775 2661 4831 Christo
2699 4771 3069 4841 impertienda:
3114 4784 3229 4824 suze
3275 4769 3537 4823 doctrina
3569 4775 3625 4820 et
3658 4781 3790 4836 gra—

2199 4872 2286 4926 tiae
2308 4868 2619 4938 praebuisse,
2650 4882 2753 4920 non
2782 4874 2837 4919 ut
2886 4864 3217 4933 praeberetur
3257 4860 3610 4929 promeritqu
3646 4858 3787 4912 fuis-

2199 4977 2290 5024 se;
2327 4960 2429 5014 boc
2455 4970 2539 5013 est
2566 4956 2796 5028 gratiam
2831 4969 2983 5009 suam
3021 4961 3077 5006 et
3112 4952 3419 5005 doctrinam
3458 4964 3561 5003 non
3594 4964 3665 5003 ex
3699 4949 3753 5001 fu

2200 5053 2338 5107 turis
2362 5065 2548 5105 eorum
2576 5047 2803 5109 meritis,
2837 5044 2929 5100 sed
2956 5045 3056 5098 hac
3092 5055 3391 5095 consensus
3416 5038 3593 5094 oblata
3621 5052 3787 5091 occa-

2200 5146 2353 5201 sione
2380 5142 2653 5198 Christum
2698 5140 2866 5193 fuisse
2900 5136 3173 5205 largitum,
3220 5132 3433 5202 magnis
3468 5130 3655 5199 utique
3683 5144 3781 5195 pa-

2202 5236 2375 5292 tronis
2407 5248 2528 5290 sese
2558 5242 2836 5295 tueretur;
2871 5238 2998 5299 puta
3025 5224 3350 5294 Augustino,
3380 5223 3494 5293 qui,
3536 5231 3594 5274 ut
3613 5219 3786 5273 habet

2196 5326 2486 5384 Janseuius
2541 5338 2707 5393 supra
2766 5320 2984 5375 laudato
3013 5317 3155 5382 loco,
3208 5316 3262 5370 in
3308 5311 3533 5383 epistola
3569 5308 3663 5372 49,
3711 5310 3783 5361 ad

2199 5418 2541 5489 Deogratias,
2569 5423 2759 5484 quaest.
2792 5412 2847 5478 2,
2876 5414 3031 5465 docet
3076 5428 3093 5460 ι
3115 5418 3244 5461 tunc
3272 5405 3506 5461 voluisse
3536 5399 3781 5455 homini-

2200 5510 2301 5565 bus
2329 5522 2590 5577 apparere
2626 5504 2924 5566 Christum,
2955 5509 3010 5556 et
3051 5499 3193 5569 apud
3223 5513 3320 5552 eos
3356 5490 3639 5565 praedicari
3677 5491 3785 5543 do-

2200 5601 2434 5655 ctrinam
2464 5615 2643 5666 suam,
2680 5597 2895 5666 quando
2947 5590 3173 5655 sciebat,
3209 5598 3266 5644 et
3295 5586 3385 5641 ubi
3419 5582 3621 5638 sciebat
3652 5594 3795 5635 esse

2202 5694 2293 5764 qui
2325 5693 2378 5749 in
2423 5707 2543 5750 eam
2582 5692 2796 5747 fuerant
2827 5684 3121 5753 credituri;
3153 5702 3172 5737 ο
3218 5692 3274 5738 et
3307 5679 3583 5749 aliquanto
3608 5683 3785 5745 post:
