3906 6576
115 421 221 480 973

896 419 1476 485 ORIGENIANORUM
1518 428 1647 484 LIB.
1688 430 1753 495 ll,
1795 430 1949 488 CAP.
1990 426 2052 497 ll,
2093 420 2373 498 QUEST.
2417 418 2551 485 VIII.

3272 419 3375 482 97‘

124 567 141 598 ι
168 546 309 611 Ouid
331 560 463 618 ergo
492 546 688 604 mirum
718 550 762 606 si
795 558 902 606 tam
936 553 1245 610 inlidelibus
1273 554 1484 624 plenum
1514 554 1700 607 orbem
1732 558 1777 613 Α
1808 554 2054 623 poribus,
2090 569 2156 607 ex
2197 566 2370 621 eaque
2395 549 2714 605 diversitate
2748 547 2933 603 mundi
2966 546 3379 603 consonantiam

116 647 388 693 terrarum
422 636 675 697 Christus
705 643 984 713 prioribus
1013 647 1225 700 saeculis
1252 655 1499 712 noverat,
1541 657 1598 699 ut
1620 646 1701 700 eis

116 741 407 799 apparere,
453 733 538 788 vel
590 736 879 803 praedicari
938 737 1132 790 merito
1172 737 1359 804 nollet,
1414 753 1551 807 quos
1602 752 1699 793 nec

113 822 318 889 verbis,
352 837 454 879 nec
485 826 765 881 miraculis
803 828 917 883 suis
960 828 1269 883 credituros
1301 844 1423 884 esse
1447 829 1700 900 praescie-

112 916 244 969 bat?
269 935 289 968 ι
320 926 375 971 et
402 916 812 988 Chrysostomo,
835 919 927 988 qui
954 934 1121 975 serm.
1156 921 1190 975 4
1212 921 1268 975 in
1302 919 1472 988 Epist.
1504 923 1574 973 ad
1593 919 1698 974 Co-

113 1008 268 1071 loss.,
312 1010 379 1062 ad
420 1024 565 1066 vers.
595 1010 666 1065 25
697 1012 777 1066 sic
817 1012 980 1066 habet
1020 1029 1035 1065 :
1085 1012 1142 1063 '0
1175 1010 1283 1083 γὰρ
1315 1012 1449 1076 Θεὸς
1481 1013 1582 1066 οὐκ
1633 1013 1699 1066 ἀ-

116 1096 299 1170 θρόως
348 1100 532 1155 πάντα
577 1105 742 1165 ποιεῖ,
790 1102 928 1157 ἀλλὰ
987 1102 1252 1173 κέχρηται
1304 1103 1700 1172 συγκαταϐἀσει

108 1189 198 1241 διὰ
240 1190 339 1261 τὴν
367 1191 568 1262 πολλὴν
599 1193 763 1248 αὐτοῦ
797 1193 1225 1269 φιλανθρωπίαν.
1269 1196 1380 1249 Καὶ⁵
1411 1196 1568 1249 τοῦτο
1616 1194 1700 1250 αἴ-

107 1294 225 1335 τιον
251 1284 348 1338 τοῦ
382 1284 480 1339 νῦν
508 1286 913 1356 παραγενέσθαι
941 1286 1033 1341 τὸν
1057 1287 1308 1359 Χριστὸν,
1342 1287 1479 1341 ἀλλὰ
1504 1287 1578 1359 μὴ
1604 1286 1701 1341 πά-

111 1373 203 1427 λαι
229 1392 242 1404 ·
274 1394 294 1428 ι
321 1377 463 1433 Deus
498 1377 643 1434 enim
677 1394 784 1435 non
817 1392 1037 1450 repente
1065 1383 1193 1436 lacit
1215 1382 1419 1446 omnia,
1444 1382 1538 1436 sed
1573 1397 1699 1449 pro-

110 1474 236 1532 pter
278 1480 546 1523 summam
601 1483 752 1523 suam
808 1469 1204 1527 humanitatem
1248 1486 1369 1527 sese
1412 1471 1570 1527 rebus
1609 1488 1702 1527 ac-

109 1558 445 1613 commodat.
501 1557 566 1613 Et
594 1559 711 1615 haec
739 1574 903 1615 causa
952 1571 1056 1625 est,
1102 1577 1200 1617 cur
1235 1578 1375 1617 nunc
1423 1563 1700 1617 advenerit

110 1644 394 1713 Servator,
427 1664 531 1704 non
565 1650 694 1706 olim
722 1668 739 1719 ;
766 1670 784 1702 ι
836 1653 979 1722 quod
1012 1653 1185 1709 fusius
1233 1654 1456 1708 disserit
1491 1655 1544 1708 in
1592 1654 1699 1708 line

108 1738 350 1794 homilite
380 1741 658 1809 ejusdem;
713 1753 768 1799 et
798 1743 1040 1809 Sedulio,
1096 1746 1186 1814 qui
1220 1748 1274 1799 in
1310 1745 1534 1801 Roman.
1573 1757 1696 1812 vm,

104 1829 199 1897 28,
241 1834 580 1902 propositum
610 1835 741 1891 illud
784 1837 877 1892 Dei
907 1837 980 1892 ibi
1016 1837 1425 1909 intelligendum
1456 1852 1581 1895 esse
1613 1838 1699 1893 di-

107 1924 206 1987 cit,
259 1940 282 1975 t
311 1926 606 1982 secundum
640 1930 785 1998 quod
842 1929 1124 2000 proposuit
1167 1930 1382 1986 salvare
1423 1931 1538 1987 sola
1568 1932 1692 1999 (ide,
1728 1913 1772 1969 Β

105 2030 243 2083 quos
296 2024 611 2086 praescierat
645 2021 1017 2077 credituros.»
1079 2021 1231 2078 Ferri
1284 2024 1451 2078 etiam
1492 2034 1695 2095 posset,

103 2107 251 2175 quod
294 2109 446 2163 addit
469 2110 752 2181 Origenes,
791 2130 898 2168 non
925 2132 991 2171 ex
1037 2117 1152 2174 sola
1180 2116 1276 2171 Dei
1302 2116 1581 2171 voluntate
1612 2118 1698 2187 ju-

102 2198 497 2257 stilicationem
541 2212 786 2259 nostram
838 2209 1099 2275 pendere,
1141 2222 1317 2278 neque
1365 2208 1592 2263 salutem
1632 2210 1698 2264 de

107 2303 294 2346 nostra
333 2295 552 2361 penitus
572 2310 695 2352 esse
723 2307 992 2367 potestate
1016 2300 1318 2365 sublatam;
1351 2314 1477 2356 nam
1510 2303 1698 2373 gratim

96 2384 512 2452 justiticationis
554 2389 723 2444 libere
766 2393 1035 2447 consentit
1063 2393 1243 2458 homo,
1278 2409 1306 2446 a
1342 2407 1446 2462 qua
1484 2394 1698 2448 dissen-

103 2479 212 2533 tire
249 2488 469 2549 potest;
519 2489 574 2536 et
599 2482 836 2538 salutem
873 2494 1134 2539 aeternam
1183 2485 1555 2540 dissentiendo
1597 2502 1696 2554 po-

104 2581 215 2626 test
242 2573 517 2638 amittere,
539 2573 695 2643 juxta
724 2576 1045 2632 Tridentiua
1090 2576 1292 2647 placita
1321 2576 1457 2647 (45).
1493 2578 1694 2633 Verum

100 2664 451 2720 commodam
481 2682 698 2723 omnem
731 2670 1235 2741 interpretationem
1261 2669 1557 2723 excludunt
1578 2684 1698 2738 quae

100 2756 336 2825 apponit
362 2753 654 2827 Origenes,
706 2776 726 2811 ι
754 2774 858 2813 nou
900 2760 952 2813 in
985 2758 1327 2829 praescientia
1363 2757 1456 2813 Dei
1486 2759 1697 2813 unicui‘

98 2861 208 2915 que
241 2845 441 2902 salutis
475 2862 695 2903 causam
733 2850 881 2919 poni,
934 2850 1031 2906 sed
1068 2851 1122 2904 in
1152 2851 1433 2921 proposito
1475 2859 1532 2905 et
1560 2852 1698 2905 acti-

97 2941 201 2996 bus
235 2940 387 3005 suis;
417 2958 436 2993 ι
486 2941 785 2997 excludunt
833 2952 889 2996 et
942 2942 1150 3011 reliqua
1194 2942 1507 2997 Adamantii
1557 2957 1698 3011 pra:-

98 3030 340 3100 scripta,
371 3032 515 3087 unde
547 3033 661 3087 lucc
695 3033 1138 3102 proliciscuntur.
1162 3030 1291 3087 iure
1321 3047 1536 3102 quoque
1567 3033 1697 3087 Pau-

99 3122 193 3177 lini
234 3124 366 3191 loci,
391 3125 482 3194 qui
506 3123 728 3179 exstatI
757 3124 883 3181 Cor.
914 3140 1013 3190 xtl,
1041 3124 1134 3191 18,
1166 3126 1442 3195 proposita
1480 3125 1549 3179 ab
1579 3124 1697 3179 Ori-

96 3228 260 3281 gene,
296 3230 404 3270 non
442 3226 647 3272 asserta
678 3227 855 3272 tamen
883 3219 952 3272 ab
977 3232 1063 3281 eo,
1102 3232 1277 3287 neque
1314 3217 1540 3271 omnino
1572 3232 1697 3286 pro-

98 3306 227 3359 bata
286 3307 603 3377 explicatio,
658 3318 847 3380 utpote
891 3304 1127 3365 absurda
1169 3317 1226 3364 et
1266 3309 1499 3364 violenta
1534 3308 1695 3364 reici-

96 3397 247 3455 litur.

654 3491 981 3562 QUIES'I‘IO
1021 3491 1157 3553 VIII.

743 3603 810 3641 DE
844 3602 1057 3642 ASTRIS.

96 3712 135 3727 ..
180 3674 382 3729 Utrum
439 3691 583 3733 astra
634 3681 871 3734 animata
914 3696 1047 3743 esse,
1086 3679 1253 3733 Deum
1290 3695 1597 3749 cognoscere
1642 3688 1692 3732 et

162 3750 402 3812 precmi,
434 3767 647 3815 peccare
684 3767 856 3820 posse,
878 3751 1179 3820 judicatum
1229 3751 1317 3805 iri.
1365 3767 1427 3802 ac
1465 3750 1692 3820 salutent

164 3833 386 3877 sperare
419 3831 465 3873 et
503 3837 652 3888 posse
686 3818 931 3890 consequi
963 3818 1216 3887 Origenes
1247 3820 1595 3889 aﬁirmaverit.
1626 3818 1688 3873 II.

166 3892 207 3942 Α
248 3890 443 3959 multis
469 3892 553 3942 hic
580 3892 843 3959 arguitur.
886 3891 970 3944 III.
1020 3890 1131 3943 Nec
1166 3890 1474 3957 defensione
1513 3899 1690 3942 tamen

161 3970 339 4010 mret.
382 3958 470 4012 IV.
519 3958 669 4015 Viant
719 3961 822 4028 ipsi
846 3964 913 4012 ad
944 3961 1000 4012 id
1022 3962 1339 4015 credendum
1390 3968 1690 4013 straverunt

158 4031 401 4091 antiqui.
445 4029 505 4087 V.
546 4029 735 4084 Utrum
772 4032 1030 4084 sideribus
1080 4030 1384 4100 futurorum
1416 4028 1691 4099 signiﬁca-

159 4102 371 4153 tionem
410 4118 442 4153 a
500 4100 606 4155 Deo
637 4103 947 4169 impressam
994 4098 1275 4171 putaverit.
1336 4098 1418 4153 \‘l.
1461 4098 1541 4152 An
1584 4108 1688 4152 tres

158 4171 372 4237 priores
399 4171 679 4225 creationis
705 4174 818 4224 dies
855 4172 969 4224 sine
996 4170 1126 4237 sole,
1157 4173 1285 4223 luna
1312 4181 1358 4222 et
1399 4170 1563 4223 stellis
1587 4181 1692 4221 non

159 4240 342 4306 fuisse
366 4241 668 4295 decreverit.

160 4329 202 4383 l.
246 4333 396 4396 Quid
430 4328 691 4405 Origenes
719 4335 786 4388 de
823 4334 985 4387 astris
1033 4331 1267 4388 senserit
1299 4328 1688 4400 exploraturis,

93 4422 359 4475 snimaue
405 4440 466 4475 ea
494 4436 548 4479 et
598 4440 837 4497 corpore
869 4435 1125 4480 constare
1157 4425 1229 4478 sit
1272 4422 1590 4487 arbitratus,
1618 4436 1687 4474 an

90 4527 336 4582 corpora
365 4524 488 4565 esse
523 4512 789 4580 inanima,
845 4531 1061 4572 rursum
1097 4516 1344 4570 iteranda
1403 4522 1531 4569 sunt
1571 4528 1692 4583 quae

1802 642 2165 708 efﬂorescere,
2193 642 2343 697 addit
2375 640 2635 709 quasdam
2662 653 2731 692 ex
2755 638 2843 693 bis
2873 653 2993 707 qua:
3018 655 3038 688 ι
3069 636 3381 692 melioribus

1803 737 2016 791 meritis
2042 742 2191 803 sunt,
2248 738 2314 790 ad
2342 732 2714 789 exornandum
2753 731 2937 787 mundi
2991 740 3192 786 statum
3233 745 3381 785 com-

1801 829 1911 899 pati
1938 829 2181 897 reliquis,
2217 836 2272 882 ct
2316 825 2547 881 ollicium
2589 825 2833 896 praebere
2867 824 3237 886 inferioribus,
3273 836 3382 892 quo

1802 932 1900 988 per
1946 918 2051 973 hoc
2078 916 2372 986 participes
2418 915 2690 971 exsistant
2725 914 3006 985 patientiae
3051 912 3377 968 Creatoris:

1802 1010 2099 1066 secundum
2162 1008 2304 1078 quod
2358 1007 2651 1076 Apostolus
2708 1006 2824 1077 ipse
2879 1006 3048 1061 dicit“
3084 1023 3098 1060 :
3141 1005 3382 1060 Vanitati

1801 1102 1949 1157 enim
1979 1111 2232 1157 creatura
2276 1100 2513 1169 subjecta
2552 1111 2637 1154 est
2678 1114 2784 1153 non
2810 1099 3017 1163 volens,
3042 1098 3135 1152 sed
3164 1108 3384 1168 propter

1800 1208 1925 1248 eum
1954 1197 2047 1264 qui
2081 1194 2377 1265 subjecerit
2424 1193 2478 1248 in
2514 1207 2691 1263 spent.
2723 1210 2743 1243 ι
2790 1190 2945 1259 Quod
2968 1190 3033 1245 de
3061 1192 3223 1246 astris
3261 1191 3383 1245 sine

1801 1288 1968 1342 dubio
2002 1287 2407 1358 intelligendum
2432 1296 2535 1341 est.

1872 1379 1985 1436 Nec
2037 1381 2277 1434 animam
2334 1379 2601 1434 duntaxat
2655 1378 2929 1434 sideribus
2957 1377 3197 1432 additam
3238 1392 3379 1444 esse,

1800 1473 1895 1527 sed
1927 1484 1992 1528 ea
2014 1472 2178 1527 etiam
2209 1471 2420 1525 ratione
2445 1470 2665 1540 pollere,
2699 1469 2866 1524 Deum
2892 1482 3244 1539 cognoscere,
3273 1468 3383 1521 lau-

1800 1566 1933 1620 dare
1964 1579 2029 1619 ac
2080 1565 2289 1633 precari
2326 1574 2475 1618 ratus
2504 1573 2607 1618 est.
2632 1561 2766 1616 Nam
2795 1571 2923 1617 tom.
2952 1568 3048 1615 xui
3082 1563 3136 1615 iu
3167 1560 3383 1624 Matth,

1800 1673 1951 1711 num.
1986 1655 2078 1719 20,
2116 1656 2230 1710 hac
2263 1654 2516 1724 leguntur
2548 1672 2561 1707 :
2594 1654 2837 1709 ¹’Ἄτοπον
2865 1653 2974 1724 γὰρ
3006 1651 3182 1722 λέγειν
3221 1652 3283 1704 τὸ
3324 1652 3384 1718 ἐξ

1798 1749 2026 1821 οὐρανοῦ
2052 1742 2147 1804 καὶ
2174 1750 2278 1821 γῆς
2308 1750 2401 1802 καὶ
2425 1749 2532 1802 τῶν
2556 1750 2614 1802 ὲν
2642 1752 2825 1813 αὐτοῖς
2850 1747 3120 1818 σύστημα,
3155 1746 3282 1800 ὥστ’
3304 1748 3382 1800 εὶδ

1800 1845 1921 1896 πεῖν
1948 1841 2015 1896 ἂν
2039 1842 2118 1895 ὅτι
2149 1840 2323 1912 ἥλιος,
2352 1840 2444 1895 καὶ
2480 1840 2699 1912 σελήνη,
2736 1840 2830 1893 καὶ
2856 1842 2884 1893 ὁ
2914 1840 3073 1910 χορὸς
3096 1840 3205 1892 τῶν
3233 1837 3385 1892 ἀστὲέ

1800 1950 1931 2005 ρων,
1983 1932 2078 1987 καὶ
2126 1934 2176 1985 οἱ
2218 1933 2276 1985 ὲν
2307 1932 2413 2001 ὅλῳ
2442 1932 2521 2002 τῷ
2558 1931 2749 2003 κόσμῳ
2798 1932 2974 2003 τούτῳ
3010 1930 3231 2001 ἄγγελοι
3283 1929 3385 1982 οὐκ

1798 2025 2042 2095 ἔγνωσαν
2070 2026 2131 2079 τὸ
2154 2025 2408 2097 ἀληθινὸν
2436 2026 2570 2095 φῶς,
2601 2026 2695 2079 καὶ
2738 2024 3063 2095 ἀγνοοῦντες
3096 2024 3227 2077 αὐτὸ
3258 2023 3386 2094 ὲτήδ

1800 2133 1975 2189 ρησαν
2006 2117 2104 2189 τὴν
2129 2117 2560 2189 ὲπιτεταγμένην
2589 2117 2771 2183 αὐτοῖς
2801 2117 2909 2170 ἀπὺ
2932 2115 3066 2170 Θεοῦ
3096 2114 3267 2182 τάξιν.
3314 2117 3388 2169 Αι

1799 2209 1939 2265 libro
1962 2227 1995 2265 v
2025 2221 2209 2267 contra
2233 2211 2395 2277 Cels.,
2428 2227 2577 2268 num.
2605 2211 2693 2280 I0,
2719 2228 2841 2282 pag.
2872 2212 3001 2276 585,
3037 2221 3180 2265 astra
3207 2210 3384 2281 appeli

1798 2303 1871 2357 lat
1902 2297 2017 2366 ζῶα
2043 2303 2236 2374 λογικὰ
2268 2305 2363 2358 καὶ
2388 2304 2671 2369 σπουδαῖα,
2699 2305 2793 2358 καὶ
2818 2304 3156 2374 φωτισθέντα
3177 2302 3254 2373 τῷ
3281 2320 3386 2372 φωι

1796 2395 1851 2448 τὶ
1872 2395 1971 2466 τῆς
1986 2396 2237 2465 γνώσεως
2254 2392 2359 2454 ὑπὸ
2376 2397 2477 2468 τῆς
2499 2398 2708 2467 σοφίας,
2731 2399 2853 2469 ἥτις
2877 2397 3024 2450 ἐστὶν
3045 2396 3383 2467 ἀπαύγασμα

1799 2486 1976 2555 φωτὸς
2002 2486 2195 2541 ἀϊδίου.
2248 2488 2448 2542 Eadem
2481 2502 2669 2556 preces
2700 2488 2899 2543 olIerre
2923 2489 3030 2542 Deo
3062 2504 3158 2558 per
3194 2488 3382 2554 ttttigee

1801 2578 1978 2632 nitqu
2038 2578 2156 2647 ejus
2176 2578 2395 2643 Filium,
2434 2580 2719 2650 ipsumque
2750 2578 2972 2633 laudare
3009 2579 3203 2648 probat
3228 2593 3378 2631 num.

1799 2671 1887 2733 l5,
1924 2685 1987 2726 ex
2017 2671 2238 2726 Davidis
2268 2672 2461 2740 psalm.
2487 2687 2710 2736 chvm,
2732 2672 2786 2737 ὅ,
2821 2672 2854 2727 ι
2886 2689 2900 2725 :
2930 2690 2949 2723 ι
2973 2671 3211 2726 Laudato
3236 2686 3385 2739 eum,

1799 2780 1991 2820 omnes
2027 2766 2195 2820 stella:
2235 2778 2290 2820 et
2324 2766 2503 2821 lumen
2553 2783 2565 2818 :
2612 2765 2827 2821 laudate
2872 2782 3018 2830 eum,
3060 2764 3387 2827 cmlictelo-

1802 2872 1944 2909 rum.
1971 2876 1990 2907 ι
2030 2855 2149 2923 Quo
2197 2865 2253 2912 et
2286 2857 2419 2913 illud
2451 2858 2619 2913 refert
2661 2873 2730 2913 ex
2766 2858 2937 2929 Epist.
2970 2859 3034 2912 ad
3083 2859 3239 2913 Rom.
3267 2872 3385 2921 vm,

1807 2950 1966 3005 l9-2l
2026 2964 2042 3004 :
2100 2969 2119 3001 ι
2158 2948 2506 3019 Exspectatio
2559 2961 2826 3007 creaturae
2878 2953 3262 3007 revelationem
3320 2950 3385 3004 lie

1803 3040 1998 3096 liorurn
2036 3041 2127 3097 Dei
2166 3051 2463 3111 exspectat.
2505 3043 2740 3098 Vanitati
2784 3045 2931 3099 enim
2965 3053 3221 3099 creatura
3256 3044 3388 3097 sub-

1795 3134 1942 3204 jecta
1971 3145 2055 3190 est
2092 3149 2196 3189 non
2230 3134 2441 3198 volens,
2479 3136 2574 3188 sed
2610 3145 2833 3205 propter
2859 3150 2983 3190 eum
3023 3136 3116 3204 qui
3149 3135 3387 3204 subjecit

1803 3243 1922 3280 eam
1962 3228 2015 3280 in
2058 3241 2208 3296 spe:
2254 3227 2381 3295 quia
2412 3236 2467 3280 et
2517 3227 2628 3295 ipsa
2676 3234 2927 3281 creatura
2983 3225 3301 3281 liberabitur
3350 3243 3383 3279 ιι

1797 3319 2059 3374 servitute
2082 3317 2448 3386 corruptionis
2483 3318 2536 3371 iu
2573 3318 2874 3372 libertatem
2926 3316 3111 3387 gloria:
3146 3318 3379 3372 llliorum

1799 3412 1890 3467 Dei
1918 3429 1932 3478 ;
1964 3427 1983 3463 ι
2017 3422 2071 3465 et
2102 3410 2192 3466 lib.
2226 3426 2321 3465 vm
2353 3412 2536 3480 operis
2573 3409 2819 3479 ejusdem
2864 3425 3015 3465 num.
3046 3408 3116 3463 66
3155 3426 3168 3462 :
3200 3409 3384 3479 Εὑφηει

1800 3506 2009 3577 μοῦμεν
2038 3499 2131 3559 οῦν
2154 3505 2328 3576 ἣλιον,
2365 3505 2562 3574 inquit,
2588 3503 2664 3567 ὡς
2685 3503 2850 3558 καλὸν
2884 3503 3020 3558 Θεοῦ
3048 3502 3385 3574 δημιούργηέ

1799 3614 1874 3668 μα
1902 3596 1995 3650 καὶ
2019 3598 2147 3660 τοὺς
2179 3596 2377 3667 νόμους
2404 3595 2678 3665 φυλάσσον
2704 3593 2864 3658 Θεοῦ,
2898 3596 2993 3648 καὶ
3025 3593 3224 3647 ἀκοῦον
3249 3592 3344 3646 τοῦ
3366 3609 3379 3622 ·

1794 3692 2001 3743 Αἰνεῖτε
2020 3688 2110 3742 τὸν
2136 3689 2360 3761 Κύριον,
2377 3689 2528 3759 ἥλιος
2553 3690 2645 3741 καὶ
2668 3688 2882 3759 σελήνη.
2899 3688 2993 3742 καὶ
3016 3687 3113 3757 ὅση
3134 3686 3384 3756 δύναμις,

1796 3783 2012 3853 ὑμνεῖτε
2045 3779 2135 3835 τὸν
2164 3783 2405 3851 Πατέρα,
2442 3781 2648 3834 καὶτὸν
2676 3780 3005 3852 δημιουργὸν
3024 3779 3120 3832 τοῦ
3148 3777 3347 3841 παντός
3368 3795 3381 3807 ο

1794 3884 1851 3927 et
1909 3873 2072 3943 paulo
2127 3883 2269 3942 post.
2324 3888 2476 3927 num.
2510 3873 2580 3926 67
2616 3890 2630 3925 :
2668 3871 2978 3943 Ὑμνοῦμέν
3010 3888 3072 3939 γε
3100 3871 3252 3934 θεὸν,
3292 3872 3387 3925 καὶ

1792 3966 1882 4019 τὸν
1911 3966 2189 4037 Μονογενῆ
2231 3965 2421 4031 αὑτοῦ,
2457 3964 2533 4028 ὡς
2562 3965 2656 4017 καὶ
2694 3964 2863 4033 ἥλιος,
2906 3963 3000 4017 καὶ
3040 3963 3255 4035 σελήνη,
3290 3963 3384 4016 καὶ

1793 4062 1986 4129 ἄστρα,
2022 4059 2117 4112 καὶ
2148 4060 2297 4111 πᾶσα
2347 4061 2381 4128 ἡ
2411 4058 2639 4127 οὐρανία
2698 4056 2963 4127 στρατιά·
3007 4056 3235 4125 ὑμνοῦσι
3271 4054 3382 4126 γὰρ

1795 4154 1996 4215 πάντες
2022 4145 2193 4217 οὗτοι,
2240 4151 2384 4214 θεῖος
2422 4152 2575 4214 ὄντες
2598 4151 2756 4222 χορὸς
2794 4151 2931 4221 μετὰ
2950 4148 3058 4201 τῶν
3087 4152 3145 4202 ὲν
3176 4147 3386 4220 ἀνθρώ-

1793 4260 1917 4306 ποις
1958 4242 2183 4296 δικαίων
2209 4241 2302 4296 τὸν
2350 4242 2443 4294 ἐπὶ
2474 4232 2609 4294 πᾶσι
2639 4239 2794 4306 Θεὸν,
2849 4239 2942 4292 καὶ
2984 4238 3075 4291 τὸν
3104 4235 3385 4306 Μονογενῆ

1792 4334 1981 4390 αὑτοῦ.

1866 4427 2071 4483 Eadem
2115 4427 2353 4497 peccatis
2378 4440 2499 4482 esse
2537 4424 2813 4489 obnoxia;
2868 4436 2967 4476 nec
3003 4431 3147 4475 astra
3198 4419 3381 4484 modo.

1797 4521 1891 4575 sed
1918 4519 2195 4574 elementa
2225 4519 2415 4583 etiam,
2457 4532 2522 4571 ac
2571 4516 2801 4587 proinde
2838 4513 3102 4583 judicium
3133 4511 3223 4565 Dei
3254 4510 3382 4564 olim

94 4612 205 4658 tam
245 4618 399 4672 πρε
422 4618 585 4672 supra
619 4604 976 4661 disseruimus
1024 4628 1037 4662 :
1068 4617 1277 4663 mentes
1309 4616 1434 4660 ante
1458 4620 1688 4675 corpora
1725 4629 1768 4684 υ
1801 4609 2051 4664 subitura
2093 4608 2230 4674 fore,
2263 4607 2537 4663 sententia
2591 4606 2761 4676 ipsius
2804 4615 2911 4669 est,
2947 4604 3032 4658 his
3064 4600 3384 4672 consignata

88 4698 353 4749 conditas
398 4695 680 4763 opinatum
708 4694 1116 4764 Adamantium,
1169 4713 1235 4753 ac
1267 4714 1366 4769 pro
1400 4697 1611 4752 meritis
1638 4697 1693 4750 in

91 4788 275 4851 varia,
321 4786 590 4854 variaque
615 4801 847 4855 corpora
891 4788 1171 4856 detrusas;
1217 4790 1479 4860 quasdam
1514 4798 1693 4845 autem

88 4894 155 4934 ex
191 4879 309 4935 illis
339 4892 465 4948 quae
491 4894 595 4933 non
630 4882 864 4949 pessime
890 4896 1011 4937 sese
1033 4885 1353 4953 gessissent,
1386 4883 1697 4939 animandis

89 4973 228 5026 solis
249 4984 313 5025 et
346 4970 509 5037 lunae,
538 4971 878 5042 aliorumque
906 4975 1147 5029 siderum
1176 4976 1518 5046 corporibus,
1550 4973 1718 5030 mun—V

87 5065 277 5135 doque
301 5063 628 5117 illustraudo
654 5078 719 5118 ac
755 5069 1090 5129 excrnando,
1131 5068 1295 5121 nobili
1326 5068 1540 5122 scilicet
1573 5083 1695 5121 mu-

89 5157 208 5209 neri
241 5156 422 5210 fuisse
451 5156 755 5225 praefectos.
797 5158 851 5212 Id
882 5173 1043 5227 supra
1073 5158 1186 5227 jatn
1222 5159 1516 5213 delibatum
1549 5171 1696 5212 nunc

87 5258 154 5299 eo
180 5248 359 5301 etiam
402 5248 636 5316 amplius
676 5250 1013 5318 probandum
1045 5260 1149 5305 est.
1193 5250 1284 5306 Sic
1316 5251 1551 5305 habetur
1580 5249 1696 5318 qui-

84 5338 213 5390 dem
254 5349 409 5392 tomo
439 5356 453 5392 l
480 5339 733 5409 Origenis
760 5341 817 5395 in
841 5341 1027 5407 Joan.,
1067 5358 1216 5396 nunt.
1251 5343 1340 5406 17,
1388 5341 1486 5395 καὶ
1515 5340 1625 5412 γὰρ
1655 5343 1689 5411 ἡ

82 5430 236 5501 ψυχὴ
264 5430 368 5483 τοῦ
394 5432 545 5502 ἡλίου
575 5435 636 5485 ἐν
668 5431 903 5503 σώματι,
933 5433 1048 5487 Hoc
1076 5443 1185 5500 est,
1222 5452 1242 5484 ι
1262 5434 1445 5487 anima
1484 5433 1638 5498 solis,
1665 5450 1685 5483 ι

86 5536 194 5574 nou
229 5521 389 5584 Elim,
435 5532 494 5576 ut
539 5523 718 5592 inepte
754 5524 919 5582 vertit
968 5525 1260 5594 interpres.
1299 5522 1466 5577 Libro
1498 5538 1626 5577 vero
1650 5538 1686 5577 ιι

82 5613 232 5680 Περὶ
286 5610 518 5681 ἀρχῶν,
580 5629 704 5683 cap.
734 5615 790 5678 9,
844 5630 993 5669 num.
1029 5615 1083 5679 7,
1133 5625 1419 5684 postquam
1479 5615 1691 5669 animas

78 5709 248 5776 juxta
285 5708 518 5763 virtutes
546 5724 610 5762 ac
644 5709 835 5763 merita
865 5710 1094 5764 diversis
1117 5708 1300 5771 sanxit
1322 5708 1537 5763 adnecti
1560 5723 1688 5765 cora

153 5806 176 5836 ⁸
208 5801 382 5857 Rom.
406 5817 526 5866 vm,
551 5801 642 5855 20.
710 5802 729 5833 "
756 5802 885 5856 ibid.
920 5801 1012 5860 ‘22.

152 5897 277 5971 (45)
306 5892 551 5952 Trident.
587 5910 763 5965 conc.,
798 5911 932 5954 sess.
967 5911 1041 5965 vr,
1068 5912 1184 5969 cap.
1221 5899 1277 5965 5,
1306 5904 1357 5954 et
1389 5910 1513 5956 cnu.
1539 5898 1592 5954 ι.

1799 4700 1977 4755 verbis
2006 4700 2195 4754 homil.
2219 4699 2255 4753 4
2275 4700 2332 4753 in
2354 4698 2574 4761 Ezech.,
2598 4712 2748 4752 num.
2775 4698 2797 4750 l
2833 4714 2848 4750 :
2884 4713 2902 4747 ι
2927 4694 3190 4749 Futurum
3219 4701 3303 4747 est
3327 4698 3386 4744 ut

1798 4792 1851 4845 in
1884 4791 1974 4845 die
1995 4791 2191 4859 judicii
2221 4805 2326 4845 non
2354 4791 2531 4845 solum
2580 4790 2764 4855 homo,
2797 4788 2891 4843 sed
2924 4787 3090 4842 etiam
3126 4785 3383 4838 universa

1797 4883 2039 4938 conditio
2059 4884 2353 4952 judicetur.
2386 4882 2573 4937 Omnis
2609 4882 2811 4951 quippe
2847 4890 3089 4933 creatura
3118 4875 3381 4945 rongemi~

1796 4976 1893 5028 scit
1924 4986 1972 5028 et
1995 4974 2235 5028 condolet
2256 4975 2298 5029 '.
2338 4972 2394 5027 Si
2439 4974 2619 5028 omnis
2658 4982 2905 5026 creatura
2947 4965 3301 5036 cougemiscit
3327 4971 3383 5017 et

1795 5066 2067 5127 condolet,
2101 5076 2188 5121 est
2215 5075 2396 5121 autem
2430 5075 2804 5119 creaturarum
2838 5075 2966 5131 pars
3000 5070 3146 5114 terra
3180 5066 3235 5111 et
3264 5068 3380 5109 ete-

1795 5160 1929 5223 lum,
1960 5168 2015 5213 et
2037 5167 2235 5212 caetera
2275 5171 2504 5225 quaeque
2534 5170 2656 5221 qua:
2679 5153 2781 5209 sub
2822 5151 2963 5207 coelo
2994 5157 3141 5213 sunt,
3171 5154 3226 5202 et
3259 5159 3382 5214 qua:

1792 5266 1957 5319 super
1984 5248 2173 5314 cmlos,
2199 5257 2256 5302 et
2287 5247 2607 5302 liberabitur
2637 5244 2817 5300 omnis
2850 5250 3104 5297 creatura
3149 5254 3179 5293 a
3213 5237 3384 5293 servi-'-

1795 5352 1909 5397 tute
1930 5340 2303 5410 corruptionis
2341 5340 2397 5394 in
2432 5338 2737 5394 libertatem
2764 5335 2951 5407 gloria:
3000 5332 3231 5387 ﬁliorum
3260 5330 3379 5393 Dei,

1798 5432 1922 5501 quis
1948 5432 2053 5487 scit
2080 5441 2136 5486 et
2164 5432 2233 5486 de
2289 5442 2456 5495 terra,
2496 5445 2567 5485 an
2596 5427 2896 5485 secundum
2927 5435 3176 5480 naturam
3225 5435 3379 5475 suam

1798 5524 1854 5577 iu
1878 5524 2058 5593 aliquo
2082 5532 2307 5594 peccato
2338 5529 2584 5577 teneatur
2608 5520 2882 5575 obnoxia?
2911 5518 2968 5572 Si
3000 5517 3145 5572 enim
3173 5510 3375 5568 animal

1797 5627 1901 5684 est,
1936 5619 1984 5673 si
2016 5618 2358 5675 rationabilis
2379 5627 2480 5682 est,
2505 5618 2550 5672 si
2578 5616 2784 5686 indiget
2811 5614 3088 5670 auditione
3107 5607 3377 5669 sermonis

1795 5711 2095 5781 prophetici
2131 5710 2399 5767 dicentis:
2436 5708 2661 5764 Attende
2684 5706 2869 5762 calum
2893 5705 3172 5774 et-loquar,
3201 5709 3250 5755 et
3275 5714 3377 5754 aud
