3906 6590
598 412 708 469 975

602 536 712 590 dial
733 544 874 590 terra
897 535 1046 590 verba
1078 537 1186 590 oris
1226 536 1325 589 mei
1345 536 1403 600 8;
1437 546 1491 591 et
1531 554 1543 590 :
1576 536 1737 600 Audi,
1769 534 1977 597 (mlum,
2017 543 2062 585 et
2087 550 2183 586 au-

602 629 747 682 ribus
776 628 1001 697 percipe,
1031 638 1172 682 terra
1192 630 1212 661 ⁹
1340 641 1510 698 quare
1537 643 1644 682 non
1673 638 1829 683 teme
1856 637 1908 680 et
1932 626 2075 680 aeris
2092 624 2178 693 ju-

602 720 801 775 dicium
832 717 1242 773 sitfuturum?»
1301 718 1356 773 ld
1389 719 1585 774 deinde
1616 717 1810 788 probat
1839 716 2004 772 variis
2030 715 2173 771 Scri-

600 823 773 882 ptura)
797 813 1152 878 testimoniis;
1181 823 1294 867 tum
1325 813 1475 867 addit
1506 830 1520 867 :
1550 831 1567 865 ι
1589 813 1773 883 Capax
1800 821 1903 872 est,
1935 811 2175 879 inquam,

598 903 791 976 (terra)
821 910 884 961 ut
911 905 1112 960 animal
1149 904 1303 974 juxta
1348 904 1583 975 partium
1622 902 1941 973 qualitates.
1977 910 2032 955 et
2066 898 2174 954 ‘bo-

599 1014 790 1053 norum
825 1009 1068 1063 aetunm,
1099 1007 1155 1054 et
1186 996 1478 1063 malorum,
1513 997 1564 1050 in
1598 997 1796 1066 quibus
1829 1006 1923 1048 aut
1957 995 2170 1049 laudent

596 1101 867 1146 mereatur
894 1100 990 1145 aut
1034 1104 1272 1159 prunam.
1304 1105 1321 1140 ι
1388 1087 1565 1157 Super
1599 1104 1665 1143 eo
1712 1095 1975 1156 praeterea
2031 1085 2174 1156 quod

594 1183 825 1240 habetur
858 1183 1044 1239 Matth.
1079 1200 1225 1248 xxtv,
1259 1183 1349 1246 ⁸55,
1378 1182 1576 1237 Cretum
1598 1192 1645 1236 et
1676 1191 1815 1235 terra
1850 1180 2170 1234 transibunt.

601 1293 621 1327 ι
645 1275 753 1332 Cur
780 1274 1005 1338 ciuium,
1037 1276 1229 1346 inquit,
1257 1274 1715 1344 prmlergreditur.
1737 1287 1860 1327 cum
1891 1282 2034 1327 terra
2052 1285 2176 1339 per-

597 1369 814 1434 transit,
855 1370 956 1424 nisi
993 1370 1118 1439 quia
1160 1368 1419 1422 transitus
1455 1367 1535 1421 sui
1564 1366 1809 1436 quaedam
1837 1365 1996 1434 digna
2034 1364 2175 1419 fece-

595 1461 806 1517 runt‘h
856 1464 1036 1531 Atque
1086 1462 1201 1516 haec
1246 1470 1646 1516 commentatur
1689 1459 1743 1514 in
1794 1458 1922 1513 illud
1971 1457 2169 1514 Ezech.

592 1569 705 1618 xiv,
739 1554 843 1609 13:
881 1573 899 1607 ι
922 1553 1089 1610 Terra
1121 1569 1226 1608 non
1253 1553 1563 1621 peccaverit
1590 1553 1741 1617 mihi,
1766 1561 1825 1607 ut
1848 1556 2170 1622 praevarice-

591 1656 679 1702 tur
725 1647 1112 1715 praevaricans.
1162 1645 1451 1703 extendam
1510 1659 1728 1698 manum
1779 1660 1955 1699 meam
2011 1660 2173 1715 super

589 1752 734 1802 eam,
767 1748 823 1793 et
848 1748 1126 1792 conteram
1159 1737 1367 1806 virgam
1401 1736 1557 1805 panis
1580 1734 1715 1805 ejus.
1738 1754 1758 1787 υ
1790 1735 2018 1790 Frustra
2042 1750 2171 1791 vero

589 1830 731 1884 dicta
772 1830 886 1885 haec
924 1828 991 1884 ab
1020 1828 1255 1896 Origene
1285 1844 1380 1898 per
1414 1828 1849 1899 prosopopteiam
1893 1829 2170 1883 existimat

591 1922 781 1976 Sixtus
819 1920 1079 1976 Senensis
1127 1921 1376 1975 Biblioth.
1414 1920 1508 1974 lib.
1545 1935 1597 1983 ν,
1634 1922 1814 1974 adnot.
1864 1919 1990 1985 242,
2021 1930 2076 1974 ut
2108 1935 2168 1975 ex

588 2013 850 2072 doctrina:
883 2012 1049 2081 ipsius
1083 2013 1420 2067 connexione
1468 2010 1813 2066 manifestum
1846 2021 1949 2066 est.
1986 2009 2171 2067 Melius

586 2104 805 2175 Origeni
840 2104 1112 2159 consuluit
1145 2103 1549 2171 Genehrardns,
1608 2105 1945 2173 respondens
2003 2104 2171 2159 fuisse

586 2197 701 2251 haec
730 2196 1053 2266 inquirendo
1094 2196 1489 2251 etdisscrendo
1530 2195 1901 2265 prommtiata.
1948 2194 2086 2263 Quin
2116 2204 2171 2251 et

583 2302 681 2356 spe
728 2288 893 2342 futuri
937 2301 1082 2343 astra
1132 2288 1252 2343 duci
1295 2290 1492 2343 asserit
1531 2287 1628 2342 lib.
1674 2302 1745 2342 vn
1798 2303 1973 2344 contr.
2004 2288 2164 2353 Cels,

583 2396 736 2435 num.
761 2379 866 2447 65;
924 2395 1049 2434 nam
1082 2390 1368 2449 postquam
1404 2382 1651 2435 eumdem
1690 2380 1843 2435 Pauli
1889 2380 2066 2437 locum
2102 2399 2165 2438 ex

583 2475 819 2544 Epistula
847 2479 911 2531 ad
937 2474 1094 2531 Rom.
1124 2480 1190 2531 ad
1219 2478 1396 2533 sidera
1425 2478 1632 2541 retulit,
1660 2478 1938 2548 subjungit
1960 2478 2035 2551 μὴ
2057 2479 2166 2534 δεῖν

575 2565 646 2619 τὰ
672 2566 765 2619 ἐπὶ
791 2568 857 2638 τῇ
880 2566 1092 2636 δουλείᾳ
1116 2568 1215 2638 τῆς
1239 2568 1465 2639 φθορᾶς,
1500 2567 1593 2621 καὶ
1617 2569 1709 2621 ἐπὶ
1743 2572 1809 2642 τῇ
1845 2572 2165 2645 ματαιότητι

578 2656 1014 2729 ὑποτεταγμένα,
1046 2658 1141 2711 καὶ
1179 2660 1265 2712 ἐπ’
1288 2659 1462 2713 ἐλπίδι
1491 2661 1762 2731 κρείττονι
1787 2663 1959 2716 ταῦτα
1990 2666 2164 2736 πράτ-

578 2764 759 2813 τοντα,
793 2749 850 2801 ὲν
878 2748 1035 2821 χώρᾳ
1062 2750 1225 2821 τιμᾷν
1253 2749 1412 2805 Θεοῦ.
1453 2750 1588 2819 Spes
1626 2762 1806 2805 autem
1841 2754 1955 2808 haec
1986 2765 2071 2809 est
2102 2757 2165 2809 li-

579 2839 808 2895 bertatis
836 2841 1122 2895 etluturte
1156 2839 1512 2910 sejunctionis
1541 2857 1569 2895 a
1613 2843 1935 2911 corporibus
1967 2845 2164 2913 quibus

575 2933 861 3002 conjuncta
894 2942 1042 2999 sunt,
1079 2945 1134 2987 et
1178 2933 1389 2989 salutis.

645 3024 715 3077 At
736 3037 899 3078 omne
934 3023 986 3079 id
1014 3037 1390 3091 argumentum
1422 3024 1675 3078 exhausit
1707 3023 1801 3080 lib.
1835 3041 1850 3081 t
1883 3026 2023 3093 Περὶ
2058 3028 2162 3095 ἀρ-

574 3112 729 3182 χῶν,
766 3128 887 3183 cap.
916 3112 948 3166 7
971 3153 985 3177 ,
1019 3114 1161 3168 unde
1196 3112 1312 3167 loca
1360 3114 1541 3182 aliqua
1585 3115 1774 3185 sclegit
1796 3112 2158 3178 Justinianus,

571 3216 626 3260 et
660 3204 779 3259 fidei
808 3206 1188 3274 comparandae
1216 3207 1388 3274 gratia
1418 3207 1469 3259 in
1500 3208 1606 3260 line
1633 3209 1877 3276 epistola:
1903 3224 2013 3262 suae
2037 3225 2156 3277 quae

569 3309 652 3353 est
679 3299 744 3351 ad
773 3297 1009 3363 Menam,
1033 3297 1236 3351 retulit.
1276 3297 1513 3351 Primum
1540 3299 1756 3367 quidem
1792 3315 1943 3354 num.
1970 3302 2006 3355 2
2032 3302 2155 3356 stel-

574 3394 653 3448 las
682 3409 710 3446 a
745 3393 953 3463 peccati
1005 3394 1236 3460 contage
1279 3392 1551 3446 immunes
1605 3408 1709 3446 non
1758 3407 1878 3446 esse
1920 3394 2156 3448 ostendit

569 3498 634 3538 ex
665 3482 784 3537 Jobi
816 3497 958 3547 xxv,
998 3483 1064 3538 5:
1111 3500 1129 3533 ι
1170 3482 1352 3537 Stella:
1392 3498 1495 3539 non
1544 3492 1666 3538 sunt
1700 3487 1912 3539 mundae
1944 3485 1995 3539 in
2025 3501 2156 3540 con-

570 3585 756 3643 spectu
790 3573 928 3643 ejus.
959 3594 977 3627 l
1017 3574 1169 3641 Quod
1195 3585 1253 3628 ut
1286 3575 1477 3628 melius
1508 3584 1738 3638 astruat,
1766 3589 1860 3629 eas
1886 3591 2009 3631 esse
2038 3592 2157 3646 pro-

571 3667 664 3720 bat
693 3666 982 3733 animalia;
1016 3668 1159 3735 quod
1211 3666 1459 3720 mandata
1512 3684 1541 3721 a
1590 3666 1699 3721 Deo
1731 3669 1982 3723 dicantur
2013 3668 2152 3723 acci-

571 3774 737 3828 pere;
787 3759 1045 3813 mandare
1085 3768 1266 3812 autem
1309 3758 1439 3828 ipsis
1466 3757 1654 3821 Deum,
1695 3769 1754 3813 ut
1783 3759 1939 3813 statis
1968 3774 2156 3813 move-

569 3861 733 3905 antur
761 3853 1135 3921 temporibus;
1194 3860 1372 3905 motus
1403 3866 1532 3905 vero
1566 3850 1689 3906 illos
1721 3864 1895 3921 neque
1937 3850 2149 3907 absolvi

566 3957 725 4012 posse
753 3942 870 3997 sine
898 3945 1115 4008 anima;
1150 3958 1324 4013 neque
1349 3943 1465 3998 sine
1505 3954 1649 3998 motu
1692 3958 1813 3999 esse
1844 3959 2005 4015 posse
2028 3959 2152 4014 qua:

567 4036 747 4090 anima
776 4035 1000 4105 praedita
1031 4038 1139 4091 sint
1166 4050 1183 4092 :
1219 4050 1318 4091 nec
1347 4036 1526 4089 anima
1557 4036 1734 4089 solum
1758 4074 1773 4100 ,
1812 4037 1908 4091 sed
1956 4044 2009 4089 et
2059 4051 2149 4089 ra-

568 4133 713 4187 tione
755 4131 997 4203 pollere;
1045 4149 1109 4186 ac
1160 4133 1387 4202 proinde
1425 4134 1761 4187 incrementa
1803 4146 1997 4202 capere
2029 4132 2151 4187 sine

566 4225 727 4279 dubio
758 4225 995 4288 virtutis,
1028 4225 1109 4279 vel
1141 4226 1490 4279 decrementa
1520 4242 1534 4278 :
1568 4226 1633 4277 ad
1669 4224 1782 4277 haec
1808 4223 2019 4277 animas
2048 4238 2149 4276 an-

568 4314 828 4383 tiquiores
876 4316 1272 4369 recentioribus
1307 4316 1548 4369 siderum
1583 4317 1909 4384 corporibus
1940 4319 2148 4369 extrin-

566 4420 725 4460 secus
755 4405 918 4459 inseri
959 4407 1153 4475 probat
1196 4407 1432 4476 printum
1468 4409 1679 4461 ratione
1707 4409 1829 4474 hac,
1857 4408 1998 4476 quod
2022 4424 2144 4461 cum

565 4496 816 4549 humanae
844 4499 1057 4561 animm,
1106 4513 1227 4566 quae
1271 4498 1400 4553 dum
1450 4500 1725 4554 hominum
1771 4500 1965 4554 anitnae
1995 4510 2140 4565 sunt,

1906 409 1965 465 P.
2005 407 2326 464 DANIELIS
2361 407 2599 467 llUETll

2184 3257 2226 3311 C

3676 422 3741 478 976

2215 537 2261 591 Α
2292 531 2398 585 Deo
2428 542 2479 586 et
2509 531 2678 595 Patri,
2713 542 2839 588 tunc
2869 533 3033 587 etiam
3081 532 3184 588 ista
3216 533 3490 589 animantia
3519 552 3614 592 cum
3647 541 3742 606 prius

2288 637 2511 692 regnum
2556 624 2756 681 Christi
2813 625 3013 682 fuerint
3060 625 3276 691 eﬂecta,
3333 627 3479 682 simul
3520 643 3616 683 cum
3650 636 3743 686 omni

2286 728 2453 785 regno
2492 716 2657 771 etiam
2691 716 2838 773 Patri
2879 719 3117 788 regenda
3167 719 3415 773 traditum
3463 720 3551 782 iri;
3589 732 3634 777 ut
3668 738 3743 777 uta

2288 806 2424 863 Deus
2481 809 2585 863 erit
2635 810 2816 865 omnia
2875 811 2928 865 in
2984 812 3276 879 omnibus,
3347 813 3497 867 etiam
3554 815 3633 870 ista
3669 830 3744 870 an

2284 898 2393 954 sint
2444 914 2509 954 ex
2557 902 2845 967 omnibus,
2911 903 2985 958 sit
3041 912 3097 958 et
3142 902 3199 957 in
3251 904 3366 960 istis
3406 904 3532 962 Deus
3572 908 3677 964 sicut
3712 908 3742 962 ia

2283 991 2554 1047 omnibus.
2575 1010 2595 1045 ι

2356 1083 2416 1140 ll.
2457 1082 2772 1155 Opportuna
2826 1084 2925 1142 fuit
2983 1088 3071 1142 illa
3102 1085 3354 1159 Origenis
3403 1091 3671 1146 adversariis
3706 1094 3742 1144 tl

2285 1174 2457 1241 ipsum
2507 1176 2926 1230 insimulamlum
2974 1181 3211 1234 occasio.
3266 1179 3569 1249 Theophilus
3593 1183 3743 1238 Alcm

2283 1268 2470 1323 drinus
2500 1268 2694 1323 Pasch.
2739 1272 2892 1339 epist.
2929 1272 2949 1325 l
2989 1282 3044 1327 et
3075 1271 3112 1325 2
3148 1274 3289 1327 inter
3316 1275 3553 1330 damnosa
3589 1276 3675 1345 ejus
3700 1276 3743 1329 d-

2283 1359 2389 1412 l'ata
2426 1361 2576 1429 ponit
2607 1360 2758 1415 illud.
2792 1361 2951 1417 Ponit
2989 1371 3045 1417 et
3078 1362 3435 1435 Hieronymus
3463 1363 3513 1419 in
3539 1366 3665 1435 epist.
3692 1364 3742 1427 59.

2280 1449 2347 1502 ad
2376 1448 2618 1515 Avitum,
2657 1466 2776 1521 cap.
2806 1453 2925 1519 1-5,
2956 1462 3010 1507 et
3043 1452 3095 1507 in
3120 1455 3278 1524 epist.
3309 1454 3397 1519 Gl,
3421 1456 3484 1509 ad
3506 1454 3744 1519 Palamedi,

2280 1558 2401 1611 cap.
2428 1542 2493 1605 5.
2529 1554 2693 1614 atque
2743 1545 2793 1599 id
2834 1560 2956 1601 esse
3000 1547 3076 1599 ait
3114 1546 3309 1618 dogma
3340 1548 3624 1619 gentilium,
3654 1560 3691 1602 et
3708 1564 3746 1602 et

2279 1642 2433 1702 parte
2455 1633 2817 1692 Platonicum.
2844 1636 3071 1693 Orosius
3095 1638 3146 1692 in
3162 1637 3554 1694 Commonitorio
3574 1641 3746 1709 adAugu-

2280 1729 2484 1782 stinum
2540 1730 2912 1801 opinationem
2970 1732 3111 1786 hanc
3154 1728 3477 1802 Origenistis
3520 1733 3745 1801 quibusdam

2279 1830 2389 1871 sum
2419 1820 2597 1874 anatis
2622 1821 2890 1889 ascribit;
2924 1835 3155 1891 eamque
3188 1822 3366 1877 valide
3399 1823 3619 1877 convellit
3637 1824 3747 1891 lugu

2206 1904 2247 1959 Β
2276 1911 2453 1963 stinus
2479 1909 2530 1964 in
2559 1911 2741 1965 libello
2768 1922 2953 1966 contra
2980 1910 3415 1967 Priscillianiuas
3436 1925 3480 1968 et
3497 1913 3746 1982 Ongeainn,

2274 2016 2392 2070 cap.
2420 2003 2574 2071 8-H,
2609 2003 2823 2073 duoque
2863 2005 3137 2075 dogmatis
3186 2005 3348 2073 hujus
3381 2006 3675 2062 fundamenta
3702 2006 3747 2057 b-

2273 2094 2530 2162 befactat,
2593 2112 2877 2167 perversos
2925 2098 3181 2154 nimirum
3228 2098 3636 2169 interpolationes
3664 2097 3747 2149 Pau-

2272 2186 2396 2243 lin:e
2449 2187 2611 2259 hujus
2645 2190 3041 2247 sententiae”:
3085 2210 3104 2244 ι
3130 2191 3368 2248 Vanitati
3415 2194 3547 2247 enim
3584 2203 3747 2245 creatur:

2269 2277 2511 2347 subjecta
2544 2294 2626 2336 est
2656 2298 2760 2337 non
2797 2284 3003 2346 volens,
3053 2285 3146 2341 sed
3192 2294 3414 2354 propter
3439 2299 3551 2338 eum
3577 2284 3645 2352 qui
3669 2281 3747 2333 sub-

2264 2369 2393 2441 jecit
2418 2386 2537 2426 eam
2568 2372 2618 2427 in
2649 2388 2772 2443 Spe;
2808 2392 2827 2426 ι
2863 2383 2916 2429 et
2950 2376 3105 2430 istius
3129 2390 3248 2444 quae
3273 2382 3452 2429 exstat
3476 2371 3582 2428 Jobi
3604 2386 3677 2434 tv,
3698 2370 3747 2430 l5.

2273 2484 2290 2515 ι
2319 2464 2453 2519 Caeli
2483 2480 2585 2520 non
2618 2478 2744 2521 sunt
2772 2468 2957 2521 mundi
2984 2469 3036 2521 in
3072 2478 3367 2537 conspectu
3403 2467 3579 2537 ejus;i
3610 2464 3672 2518 cui
3693 2462 3747 2515 ad-

2265 2567 2423 2613 sonat
2449 2558 2536 2613 illa
2555 2574 2676 2630 cap.
2706 2576 2833 2627 xxv,
2850 2574 2989 2615 vers.
3007 2560 3061 2626 5,
3096 2577 3115 2610 ι
3143 2559 3326 2616 Stella:
3353 2574 3457 2613 non
3481 2565 3594 2613 sunt
3615 2554 3750 2609 tuundz

2267 2651 2319 2705 in
2376 2663 2668 2721 conspectu
2725 2654 2865 2722 ejus.
2895 2671 2914 2704 ι
2972 2652 3294 2722 Quanquam
3336 2652 3456 2706 sine
3501 2662 3652 2705 errore
3687 2646 3749 2699 dici

2266 2758 2426 2813 posse
2475 2745 2729 2800 concedit
2766 2761 2834 2798 ne
2877 2744 3101 2815 angelos
3135 2744 3356 2814 quidem
3400 2742 3588 2798 ratione
3623 2738 3752 2794 divina

2259 2840 2485 2910 jnstitia:
2538 2839 2718 2909 justos
2765 2853 2920 2902 esse;
2960 2854 3023 2894 ac
3061 2839 3287 2909 proinde
3318 2838 3364 2894 si
3402 2838 3548 2893 detur
3568 2833 3753 2891 sideribus

2266 2935 2449 2989 inesse
2498 2933 2760 3003 angelos;
2812 2933 3156 3002 perspicuum
3206 2932 3324 2987 fore
3373 2932 3448 2985 ait
3497 2944 3581 2985 cur
3622 2922 3754 2979 dixerit

2261 3026 2431 3083 Johns
2461 3026 2646 3081 stelias
2674 3041 2778 3080 non
2807 3040 2929 3081 esse
2971 3026 3203 3080 mundas
3231 3025 3283 3078 in
3315 3032 3588 3094 conspectu
3609 3018 3690 3072 Dei.
3714 3016 3754 3065 At

2264 3132 2443 3177 utrum
2480 3121 2707 3174 rationis
2738 3127 3021 3188 compotes
3053 3118 3280 3189 spiritus
3328 3119 3413 3172 his
3460 3114 3609 3170 insint
3627 3106 3754 3163 lucidis

2263 3216 2584 3287 corporibus
2618 3213 2830 3266 nescire
2865 3226 2924 3266 se
2954 3211 3171 3274 fatetur,
3201 3219 3253 3264 et
3287 3222 3447 3264 caute
3479 3202 3753 3273 indagandum

2262 3318 2469 3362 monet.
2521 3306 2649 3361 Utnt
2682 3313 2766 3360 est
2793 3345 2808 3369 ,
2852 3319 2918 3358 ex
2955 3304 3237 3374 Augustini
3288 3302 3599 3357 auctoritate
3631 3294 3755 3352 multis

2257 3400 2567 3471 opinionem
2610 3400 2767 3454 iszam
2810 3397 3065 3467 Origenis
3115 3399 3396 3467 impugnat
3432 3396 3671 3465 Remigius
3693 3390 3754 3441 lle-

2259 3493 2463 3548 mensis
2488 3492 2542 3546 in
2572 3490 2725 3545 Rom.
2755 3507 2870 3551 vnn.
2898 3490 2990 3544 20.
3015 3490 3314 3559 Consurgit
3337 3501 3393 3545 et
3409 3491 3640 3544 adversus
3660 3481 3752 3534 illam

2255 3584 2595 3643 Justinianns
2632 3586 2684 3639 in
2723 3585 2955 3655 epistola
2993 3586 3061 3638 ad
3092 3583 3329 3647 Menam,
3359 3594 3413 3638 et
3445 3581 3606 3635 Basilii
3633 3579 3753 3627 aucta

2257 3680 2475 3733 ritatem
2507 3678 2786 3742 adsciscit,
2836 3678 2924 3747 qni
2974 3677 3160 3732 homil.
3190 3677 3225 3731 '5
3268 3677 3324 3731 in
3358 3665 3749 3733 IIexaem.Orig¢'

2255 3785 2376 3824 nem
2406 3770 2603 3840 carpit,
2628 3771 2771 3840 quod
2818 3782 2989 3838 aquas
3017 3785 3139 3838 qua:
3173 3785 3339 3839 supra
3375 3779 3432 3823 et
3477 3768 3600 3821 infra
3628 3761 3749 3813 ϐιηιιο

2255 3869 2495 3916 mentum
2527 3870 2691 3925 sunt,
2725 3863 2951 3927 angelos
2981 3864 3188 3933 tropice
3218 3864 3528 3935 significare
3551 3851 3750 3913 docuerit;

2255 3969 2354 4009 nec
2409 3953 2610 4009 idcirco
2657 3970 2819 4010 sensu
2873 3957 3158 4025 prreditnm
3196 3958 3403 4011 animal
3441 3956 3753 4009 ﬁrmamentum

2251 4062 2371 4104 esse
2404 4049 2596 4114 tradit,
2625 4052 2771 4121 quod
2804 4051 3031 4122 gloriam
3066 4052 3158 4106 Dei
3190 4062 3433 4118 enarret,
3458 4046 3661 4117 alioquin
3680 4038 3755 4092 ani-

2252 4141 2412 4196 malia
2449 4141 2631 4197 futura
2668 4159 2870 4209 rorem,
2909 4155 2965 4199 et
2989 4146 3263 4213 pruinam,
3298 4154 3355 4200 et
3385 4145 3638 4215 abyssum.
3663 4128 3755 4201 (ιυοδ

2249 4233 2315 4289 iis
2359 4234 2573 4290 laudem
2601 4235 2694 4290 Dei
2729 4237 2990 4306 propheta
3024 4238 3392 4292 commendet.
3429 4235 3582 4291 Sexto
3604 4230 3752 4284 dumet

2248 4339 2313 4379 ex
2348 4328 2825 4383 anathematismis
2858 4330 2984 4384 huic
3014 4328 3312 4385 Justiniani
3345 4328 3579 4398 epistola:
3616 4320 3754 4375 sum“

2246 4419 2330 4472 xis
2358 4420 2547 4474 eadem
2575 4420 2689 4475 haec
2712 4420 2969 4490 Origenis
3001 4422 3273 4476 sententia
3301 4422 3370 4475 de
3406 4417 3649 4476 sideribus
3672 4406 3753 4461 aui-

2248 4512 2409 4566 matis
2436 4511 2770 4567 confoditur.
2809 4512 2865 4567 In
2903 4528 3011 4582 quo
3054 4526 3187 4567 sane
3230 4513 3403 4589 miror
3433 4506 3609 4573 ecquid
3637 4502 3686 4555 de
3709 4498 3754 4551 ti-

567 4586 852 4641 inleriores
890 4596 1017 4641 sunt
1046 4590 1283 4642 siderum
1335 4590 1561 4655 animis,
1611 4592 1931 4660 corporibus
1970 4593 2145 4647 homi-
2179 4603 2222 4658 ι)
2248 4601 2472 4657 aeribus
2495 4616 2719 4673 peccaro
2741 4600 3019 4666 obnoxiis,
3045 4605 3111 4656 de
3132 4586 3323 4654 eorum
3351 4615 3447 4668 spe
3471 4608 3520 4652 et
3544 4596 3684 4650 futura
3702 4606 3753 4641 sa-

567 4695 693 4734 num
740 4680 847 4735 sint
900 4682 1273 4751 antiquiores,
1328 4682 1622 4737 verisimile
1673 4684 1743 4736 sit
1802 4683 2141 4752 antiquiores

565 4785 685 4825 esse
714 4785 928 4839 quoque
955 4774 1191 4828 siderum
1234 4774 1441 4829 animas
1482 4776 1722 4829 siderum
1768 4776 2090 4844 corporibus
2126 4795 2139 4829 :

561 4861 757 4931 prohat
805 4864 1035 4933 idipsnnt
1084 4864 1281 4920 deinde
1309 4881 1468 4935 supra
1502 4867 1737 4922 adducto
1774 4867 1919 4923 Pauli
1958 4868 2079 4924 loco
2110 4884 2143 4923 e

562 4953 792 5012 ltoman.
849 4972 966 5020 vin,
1021 4957 1221 5022 19-22;
1281 4960 1573 5015 vanitatem
1629 4962 1828 5030 quippe
1880 4961 2141 5030 appellari

562 5066 758 5121 corpus
787 5051 914 5107 illud
943 5056 1263 5120 auhereunt,
1304 5057 1446 5125 quod
1486 5056 1651 5110 invita
1674 5057 1821 5111 subit
1854 5057 2034 5111 anima
2065 5060 2139 5111 si-

561 5144 726 5209 deris,
755 5160 981 5214 sperans
1014 5146 1254 5201 futurum
1283 5157 1342 5202 ut
1371 5149 1586 5218 expleto
1613 5149 1715 5205 hoc
1744 5150 2045 5203 ministerio
2074 5150 2138 5203 Ii-

561 5233 783 5290 bet'etur
813 5254 832 5287 ι
852 5253 879 5289 a
922 5239 1183 5293 servitute
1220 5241 1584 5312 corruptionis
1613 5251 1669 5295 et
1693 5241 1968 5304 vanitatis,
2013 5257 2134 5296 cum

560 5326 946 5396 redemptionis
993 5332 1178 5401 gloria:
1214 5332 1449 5387 filiorum
1488 5332 1580 5387 Del
1632 5342 1847 5404 tempus
1900 5336 2136 5391 advene-

561 5416 670 5481 rit;
703 5436 724 5469 ι
762 5420 917 5489 cujus
955 5423 1063 5476 voti
1101 5424 1443 5493 adeptionem
1489 5424 1618 5478 dum
1670 5434 1991 5495 exspectat,
2049 5439 2142 5495 ge~

561 5522 727 5576 mere,
744 5523 801 5569 et
826 5533 845 5567 ι
883 5525 1070 5585 utpote
1092 5516 1341 5573 allectum
1366 5519 1654 5575 habentem
1677 5535 1805 5591 erga
1829 5535 1924 5575 eos
1945 5520 2142 5588 quibus

560 5605 854 5674 ministrat,
881 5611 1167 5669 condolere
1197 5632 1211 5669 :
1245 5633 1264 5665 ι
1308 5615 1522 5668 demum
1560 5624 1739 5670 autem
1771 5615 2033 5669 servitute
2068 5614 2139 5668 li-

560 5695 805 5753 beratum
842 5702 931 5767 iri,
977 5722 996 5755 ι
1024 5713 1079 5759 et
1115 5719 1237 5759 cum
1289 5706 1571 5760 tradiderit
1606 5706 1860 5761 Christus
1892 5718 2121 5771 regnum

630 5873 651 5903 ⁸
688 5874 840 5929 Deut.
868 5892 1037 5941 xxxu,
1068 5877 1120 5930 Ι.

1196 5880 1217 5910 ⁹
1240 5877 1359 5932 lsai.
1392 5894 1429 5947 ι,
1457 5880 1511 5934 9..
1590 5882 1634 5914 ⁸ο
1665 5880 1826 5940 Rom.
1859 5897 1974 5947 vm,
2007 5881 2096 5937 20.

2245 4693 2359 4749 lute
2383 4710 2449 4749 ne
2475 4695 2697 4749 verbum
2722 4696 2938 4764 quidem
2965 4696 3015 4747 in
3039 4691 3512 4746 anathematismis
3536 4689 3754 4755 imperator

2245 4787 2335 4841 ille
2366 4786 2584 4851 fecerit,
2615 4802 2737 4840 cum
2769 4785 2887 4853 ejus
2918 4795 3095 4839 tamen
3124 4783 3288 4838 verba
3318 4784 3435 4853 ipsa
3461 4799 3491 4837 e
3519 4783 3634 4835 lib.t
3659 4770 3750 4839 Περέ

2241 4875 2445 4945 ἀρχῶν
2463 4917 2479 4943 ν
2508 4892 2631 4947 03p.
2655 4878 2685 4931 7
2709 4918 2726 4942 ,
2774 4879 2938 4948 petita
2980 4884 3364 4944 repmseutet,
3414 4873 3601 4944 quibus
3624 4866 3751 4922 verbis

2242 4976 2297 5022 et
2324 4968 2505 5022 anima
2531 4967 2804 5023 sideribus
2836 4965 3115 5030 tribuitur,
3141 4975 3196 5020 et
3224 4963 3306 5019 sol
3335 4963 3599 5018 inducitur
3620 4958 3746 5012 dicm5

2247 5067 2508 5125 pmstare
2555 5058 2776 5114 dissolvi
2823 5066 2879 5112 et
2920 5071 3041 5112 esse
3083 5069 3205 5109 cum
3233 5053 3459 5109 Christo
3488 5054 3552 5117 ι’,
3591 5048 3663 5104 sed
3688 5056 3746 5096 ικο

2246 5152 2543 5206 cessarium
2579 5151 2756 5222 magis
2799 5166 2921 5207 esse
2958 5162 3176 5203 manere
3225 5146 3277 5200 in
3318 5160 3565 5215 corpore,
3592 5145 3746 5211 prop“?r

2246 5243 2636 5299 revelationem
2696 5243 2936 5299 liliorum
2972 5241 3089 5307 Dei,
3120 5249 3176 5295 et
3200 5243 3389 5295 eadem
3418 5239 3602 5293 acriter
3622 5239 3747 5297 ηντεο

2244 5332 2447 5389 hendat
2472 5334 2527 5388 in
2562 5335 2789 5403 epistola
2826 5332 2895 5389 ad
2929 5334 3179 5404 quintum
3200 5330 3511 5392 concilium,
3535 5338 3667 5397 quem
3692 5331 3747 5370 re-

2246 5421 2352 5477 fert
2372 5424 2686 5491 Cedrenus;
2725 5441 2889 5479 unum
2919 5425 2970 5479 id
2998 5422 3323 5493 culpandum
3358 5436 3426 5476 ac
3454 5410 3744 5475 damnandum

2243 5516 2571 5584 susceperit,
2602 5516 2749 5585 quod
2783 5514 2900 5570 suis
2940 5526 3259 5585 tameenon
3302 5522 3454 5567 caret
3482 5503 3683 5579 patronis
3704 5510 3747 5548 ιε

2241 5606 2641 5663 defensoribus.
2688 5606 2919 5662 Rufinus
2951 5622 3169 5677 quoque
3196 5606 3515 5661 Palaestinos
3545 5600 3592 5654 in
3618 5590 3748 5649 libello

2244 5698 2319 5753 De
2344 5699 2469 5764 ﬁde,
2505 5700 2810 5756 doctrinam
2852 5699 2993 5755 hanc
3027 5699 3332 5755 Adamantii
3363 5693 3606 5767 gravibus
3637 5696 3747 5755 arfi-

2178 5884 2218 5915 ιι
2255 5880 2450 5949 Philip.
2486 5892 2527 5945 ι,
2558 5877 2649 5932 es.
