3916 6564
160 538 233 597 9'17
911 529 1484 588 OBIGENIANORUM
1521 531 1651 587 LIB.
1696 532 1763 596 ll,
1804 532 1956 589 CAP.
2002 532 2066 600 ll,
2108 527 2384 599 QUASST.
2431 527 2561 584 VIII.

3241 534 3355 588 978‘

160 658 306 713 mentis
326 654 487 717 elidit,
517 653 1033 721 fundam‘entumque
1067 652 1280 707 subruit
1314 653 1366 707 in
1394 654 1496 708 hoc
1520 652 1668 709 Scri—
1694 659 1741 712 Α
1767 654 1821 707 in
1870 669 1965 723 spe
1993 672 2007 720 ;
2054 654 2181 719 quia
2240 660 2462 724 sperant
2503 650 2662 706 etiam
2696 649 2856 717 hujus
2886 650 3084 705 laboris
3114 662 3344 721 gratiam

159 762 283 819 ptum
310 745 414 801 loco
441 745 817 813 constitutum,
846 744 946 799 Job
987 759 1116 812 xxv,
1149 744 1219 799 5:
1257 763 1276 796 ι
1303 745 1462 804 Astra
1488 756 1664 799 autem

159 856 235 895 non
272 827 387 892 sunt
430 839 632 893 munda
683 839 738 893 in
773 846 1064 908 conspectu
1102 836 1241 905 ejus.
1283 835 1466 905 Neque
1498 837 1665 903 enim,

157 934 312 1000 inquit,
343 946 403 986 ex
442 944 511 986 eo
540 932 685 1002 quod
735 948 839 987 non
876 940 1003 986 sunt
1034 930 1230 985 munda
1279 930 1335 985 iu
1375 941 1666 1001 conspectu

157 1026 246 1087 Dei,
284 1023 389 1077 ideo
420 1023 677 1078 dicuntur
712 1023 963 1078 animalia
986 1061 1002 1087 ,
1038 1022 1274 1090 alioquin
1316 1023 1478 1076 etiam
1518 1036 1665 1075 men-

152 1127 260 1172 strua
302 1115 580 1170 mulierum
645 1117 712 1170 ab
759 1115 890 1185 ipsis
938 1115 1194 1169 animalia
1246 1124 1663 1185 nuncupentur;

151 1221 189 1266 et
212 1211 388 1279 leprosa
423 1208 645 1275 domus,
686 1208 942 1278 quoniam
974 1222 1041 1264 ne
1081 1207 1182 1261 ista
1211 1206 1425 1277 quidem
1465 1206 1666 1262 munda

148 1309 238 1357 sctit
274 1302 398 1371 apud
432 1300 627 1367 Deum,
694 1297 989 1355 secundum
1053 1298 1224 1370 legem
1256 1297 1446 1370 Moysi.
1500 1296 1664 1351 Multa

147 1394 250 1448 enim
268 1408 437 1449 eorum
470 1408 596 1463 qua:
632 1395 749 1449 sine
779 1393 960 1448 anima
991 1401 1140 1457 sunt,
1176 1391 1392 1446 ratione
1429 1390 1662 1459 quadam

145 1502 247 1556 saepe
281 1485 495 1557 legimus
536 1485 835 1541 immunda.
887 1504 904 1537 ι
934 1485 1025 1538 Ait
1066 1484 1229 1538 etiam
1274 1481 1502 1536 Ruﬁnus
1552 1482 1665 1537 haec

147 1578 384 1647 Scriptura:
423 1577 546 1633 loca
587 1577 641 1632 in
671 1577 953 1632 sententia:
982 1592 1094 1633 sua!
1130 1573 1350 1629 tutelam
1377 1572 1663 1642 Origenem

143 1680 445 1725 convertere:
479 1686 499 1722 ς
525 1667 621 1724 Sol
656 1667 906 1739 cognovit
949 1682 1199 1724 occasum
1232 1680 1412 1728 suum,
1460 1683 1478 1716 ι
1520 1663 1661 1723 Psal.

142 1774 222 1825 tut,
246 1759 341 1828 I9;
400 1770 455 1815 et
518 1760 718 1814 illum:
763 1778 782 1812 ι
816 1760 931 1831 Ego
985 1758 1241 1814 omnibus
1295 1756 1466 1811 stellis
1517 1771 1665 1809 Inan-

140 1850 244 1914 dari,
276 1870 293 1903 ι
330 1850 473 1905 Isaiae
500 1849 736 1913 xsv,l2.
781 1851 1022 1917 Denique
1050 1847 1385 1917 Nicephorus
1416 1843 1507 1899 lib.
1536 1861 1663 1910 xvu,

140 1957 226 2011 cap.
259 1942 341 2009 28,
386 1958 635 1997 errorem
697 1942 839 1996 hunc
893 1943 959 1996 de
998 1941 1253 1997 animatis
1299 1938 1568 1995 sideribus
1611 1941 1663 1992 in

138 2036 276 2103 quinta
299 2036 502 2107 synodo
534 2036 852 2091 damnatum
889 2032 1057 2088 fuisse
1090 2044 1301 2087 narrat.

181 2125 249 2182 Ill.
285 2127 346 2180 At
380 2140 506 2180 eum
555 2126 806 2196 quamvis
851 2124 997 2176 omni
1043 2122 1401 2178 allirmatione
1446 2133 1666 2175 asseve-

137 2229 246 2270 rasse
283 2217 424 2270 visus
476 2216 555 2271 sit
603 2214 882 2286 Origenes,
934 2216 1035 2270 hoc
1093 2224 1271 2268 tamen
1320 2212 1665 2283 pronuntiato

134 2305 304 2361 lectoris
329 2308 574 2361 animum
610 2308 899 2376 occupavit
927 2307 978 2361 in
1011 2304 1273 2375 prooemio
1313 2302 1437 2357 libri
1466 2301 1666 2371 prioris

134 2396 319 2464 ejusdem
352 2399 493 2469 Περὶ
544 2399 785 2470 ἀρχῶν,
820 2414 965 2452 num.
1004 2397 1072 2453 10
1101 2415 1114 2452 :
1140 2416 1157 2448 ι
1180 2397 1255 2452 De
1298 2394 1412 2450 sole
1460 2404 1662 2459 autem,

130 2503 167 2545 et
194 2493 322 2558 luna,
356 2508 409 2549 et
443 2494 644 2555 stellis,
688 2504 868 2547 rutrum
912 2490 1210 2546 animantia
1246 2489 1376 2553 sint,
1424 2503 1495 2541 an
1538 2501 1667 2540 exa-

132 2582 255 2647 nima,
282 2582 573 2637 manifeste
602 2597 708 2636 non
746 2581 1012 2645 traditur;
1050 2602 1069 2632 ι
1124 2595 1243 2648 qua!
1276 2578 1437 2633 verba
1471 2577 1664 2646 repetit

126 2670 389 2742 Pamphilus
423 2675 477 2728 in
511 2673 797 2743 Apologia.
840 2670 1032 2741 Capite
1080 2684 1294 2739 quoque
1323 2669 1382 2724 ll
1420 2667 1543 2723 libri
1576 2682 1663 2722 se-

127 2764 317 2830 quentis,
369 2780 524 2819 num.
559 2764 631 2828 '1,
683 2763 831 2822 velut
882 2763 1123 2817 incertus
1160 2772 1216 2815 et
1256 2759 1495 2816 titubans
1542 2758 1658 2812 ait:

126 2850 262 2906 «Cum
287 2867 445 2923 ergo,
480 2853 643 2908 verbi
677 2854 885 2920 gratia,
938 2854 1006 2907 ad
1041 2850 1287 2910 coelestia
1318 2850 1435 2907 loca
1473 2864 1661 2919 perve-

125 2944 257 2998 nerint
281 2947 473 3011 sancti,
507 2956 645 3001 tunc
676 2945 789 3017 jam
827 2947 1089 3001 rationem
1120 2954 1390 2999 astrorum
1421 2956 1517 3013 per
1552 2942 1664 2997 sin—

120 3033 209 3100 gula
251 3037 656 3104 pervidebunt,
710 3047 766 3093 et
813 3038 928 3093 sive
980 3035 1278 3091 animantia
1322 3045 1495 3098 sunt,
1552 3035 1665 3089 sive

121 3126 327 3196 quidquid
352 3129 481 3184 illud
510 3139 624 3194 est,
656 3130 1140 3198 comprehendent.
1174 3147 1191 3180 ι
1223 3127 1288 3180 Et
1319 3137 1467 3182 tomo
1490 3126 1666 3195 prium

118 3218 155 3269 in
175 3216 408 3275 Joannem
428 3262 443 3287 ,
480 3237 645 3280 num.
667 3220 764 3286 40,
796 3236 917 3291 pag.
947 3220 1045 3287 ἃ,
1081 3218 1427 3290 hyperbolice
1462 3219 1663 3272 dictum

117 3312 372 3378 suspicatur
396 3329 426 3367 a
447 3312 604 3368 John
624 3353 640 3379 ,
672 3323 816 3367 astra
855 3328 988 3381 pura
1021 3328 1127 3366 non
1163 3326 1284 3365 esse
1309 3325 1488 3365 coram
1518 3309 1626 3362 Deo

116 3399 193 3453 Kal
224 3401 320 3474 γὰρ
357 3403 577 3459 ἄτοπον
619 3404 762 3475 ὑπὲρ
801 3402 1159 3474 ἀνθρωπίνων
1214 3401 1310 3475 μὲν
1352 3400 1516 3454 αὐτὸν
1564 3400 1667 3469 φά-

117 3506 227 3548 σκειν
259 3497 689 3571 ἁμαρτημάτων
740 3494 1033 3566 γεγεῦσθαι
1065 3494 1316 3559 Θανάτου,
1348 3494 1449 3547 οὐκ
1485 3493 1567 3546 ἔτι
1610 3492 1667 3545 δὲ

114 3584 180 3636 καὶ
204 3587 325 3662 ὑπὲρ
349 3590 520 3646 ἄλλου
572 3590 717 3654 τινὸς
747 3588 898 3661 παρὰ
928 3588 1036 3641 τῶν
1062 3586 1362 3661 ἀνθρώπων
1399 3589 1457 3639 ὲν
1488 3587 1667 3657 ἀμαρ-

111 3679 272 3745 τήμασι
314 3682 734 3755 γεγενημένου,
775 3674 885 3734 οἷον
918 3680 1060 3752 ὑπὲρ
1101 3679 1347 3750 ἄστρων*
1398 3678 1520 3732 οὐδὲ
1557 3676 1669 3731 τῶν

111 3767 281 3841 ἇπρων
328 3776 559 3841 πάντως
595 3774 856 3847 καθαρῶν
900 3774 1068 3828 ὄντων
1110 3771 1338 3827 ἐνώπιον
1375 3771 1472 3826 τοῦ
1506 3770 1664 3835 Θεοῦ,

110 3859 163 3921 ὡς
198 3864 247 3915 ὲν
281 3866 356 3939 τῷ
400 3865 531 3920 Ἰὼϐ
586 3865 929 3935 ἀνέγνωμεν.
979 3864 1189 3933 Ἀστρα
1237 3862 1295 3917 δὲ
1338 3862 1398 3915 οὐ
1450 3859 1669 3933 καθαρὰ

110 3950 293 4009 ἐνώπιον
331 3958 537 4013 αὐτοῦ’
582 3960 636 4011 εἰ
670 3957 745 4029 μὴ
777 3956 888 4029 ἄρα
918 3955 1290 4027 ὑπερῶλικῶς
1327 3954 1485 4010 τοῦτο
1513 3954 1667 4026 εἴρη-

106 4059 188 4099 ται.
225 4049 452 4105 llomilia
482 4052 722 4106 demum
756 4052 809 4105 in
831 4050 1120 4106 Jeremiam
1152 4050 1362 4105 decima
1383 4088 1397 4112 ,
1434 4064 1584 4102 num.
1608 4048 1664 4111 6,

107 4140 361 4209 explanant:
406 4145 552 4202 illud
588 4144 797 4203 Jerem.
829 4161 933 4210 xu,
966 4145 1035 4207 4.
1078 4163 1096 4196 ι
1126 4143 1423 4211 Quousque
1465 4140 1668 4210 lugebit

106 4237 234 4295 terra,
254 4253 272 4286 ι
314 4246 529 4292 terram
578 4251 785 4305 corpus
827 4250 949 4291 esse
979 4236 1055 4290 ait
1090 4234 1270 4288 anima
1301 4241 1358 4287 et
1381 4246 1542 4288 sensu
1571 4245 1667 4287 ca-

107 4336 215 4389 rens,
238 4329 328 4384 sed
360 4339 540 4387 terrae
571 4330 802 4386 nomine
829 4329 1089 4399 appellari
1118 4327 1373 4397 angelum
1401 4335 1560 4381 terrae
1588 4340 1669 4380 as-

103 4417 379 4489 sistentem,
440 4439 513 4478 ac
588 4421 780 4476 itidem
841 4435 1034 4490 aquai,
1085 4418 1414 4481 elementis,
1469 4427 1526 4472 et
1580 4433 1669 4471 re-

104 4506 176 4563 bus
222 4512 476 4584 singulis.
551 4514 694 4580 Qum
754 4513 898 4567 inter
946 4510 1349 4567 ecclesiasticos
1416 4510 1668 4564 doctores

101 4600 343 4659 tritissima
377 4615 469 4660 est
505 4604 734 4675 opinio,
775 4604 1015 4657 animata
1048 4616 1169 4659 esse
1202 4601 1380 4656 sidera
1424 4616 1521 4669 per
1558 4598 1670 4655 lor-

1772 745 1839 801 ab
1867 760 1935 800 eo
1977 746 2071 815 qui
2112 747 2345 816 subjecit
2386 761 2501 802 eas.
2553 742 2786 816 Ideoque
2835 754 3053 813 propter
3086 759 3211 799 eum
3254 760 3342 799 su-

1772 834 1997 900 Stinent,
2022 835 2179 890 idest
2222 846 2445 907 propter
2471 836 2590 906 ejus
2616 837 2971 892 voluntatem.
3006 834 3115 891 Nec
3150 834 3343 890 mirum

1770 930 1815 984 si
1851 930 2122 999 patienter
2154 931 2460 995 sustinent,
2493 945 2616 984 cum
2660 932 2837 985 sciant
2880 930 3342 988 Dorninunrsmtm

1771 1032 1827 1077 et
1858 1021 2171 1079 Creatorem
2202 1024 2468 1085 omnium,
2497 1023 2612 1077 sive
2640 1038 2765 1093 quae
2806 1024 2859 1077 in
2894 1024 3053 1089 coelo,
3084 1026 3194 1079 sive
3221 1040 3345 1095 quae

1773 1116 1825 1169 in
1860 1123 2005 1170 terra
2054 1125 2212 1183 sunt,
2253 1116 2557 1186 suscepisse
2591 1115 2760 1171 nostri
2794 1116 3037 1185 corporis
3078 1116 3341 1185 fragilita-

1773 1217 1900 1262 tem.
1933 1226 1952 1260 ι
1998 1207 2203 1264 Deinde
2239 1224 2253 1261 :
2299 1225 2317 1259 ι
2351 1207 2493 1263 Illius
2545 1223 2677 1277 ergo
2727 1208 3000 1263 imitantes
3045 1208 3340 1265 bonitatem

1770 1300 2019 1357 caelestes
2052 1310 2320 1356 creatura:
2341 1340 2357 1367 ,
2401 1301 2526 1355 licet
2555 1301 2947 1371 ingemiscant,
2982 1300 3126 1370 quod
3155 1300 3344 1356 mundi

1772 1394 1932 1462 hujus
1962 1392 2188 1449 vanitati
2220 1392 2473 1459 subjecta:
2501 1393 2610 1446 sint
2632 1432 2648 1457 ,
2677 1392 3032 1447 consolantur
3074 1406 3135 1449 se
3167 1404 3343 1449 tamen

1772 1486 1912 1555 quod
1960 1486 2339 1540 liberabuntur
2378 1501 2408 1540 a
2450 1485 2713 1541 servitute
2765 1484 3126 1554 corruptionis
3172 1487 3225 1540 in
3282 1488 3347 1541 li-

1772 1574 2038 1629 bertatem
2097 1574 2302 1645 gloriae.
2330 1594 2351 1628 ι
2393 1574 2725 1644 Augustinus
2768 1589 2981 1644 quoque
3036 1575 3132 1630 lib.
3177 1592 3215 1633 ιι
3268 1576 3346 1631 De

1773 1663 1957 1720 Gener.
1991 1668 2060 1720 ad
2096 1668 2248 1721 litter.
2277 1706 2293 1733 ,
2330 1675 2384 1721 et
2416 1667 2469 1720 itt
2501 1665 2771 1720 Euchirid.
2803 1667 2871 1719 ad
2894 1666 3146 1723 Laurent.
3169 1709 3183 1732 ,
3220 1682 3341 1737 cap.

1773 1758 1863 1825 58,
1897 1759 1965 1813 de
1992 1772 2078 1823 eo,
2117 1766 2302 1827 utpote
2340 1772 2398 1812 re
2442 1758 2670 1813 obscura
2697 1765 2751 1811 et
2774 1758 3000 1822 incerta,
3031 1759 3257 1815 delinire
3285 1776 3344 1815 se

1773 1848 1917 1905 nolle
1944 1850 2241 1919 quidquam
2267 1850 2526 1904 declarat.
2566 1847 2701 1903 Hinc
2734 1849 2851 1919 ipse
2882 1847 3131 1920 Origenis
3161 1866 3345 1923 repre-

1774 1942 1978 1998 hensor
2028 1940 2390 2012 Hieronymus
2431 1942 2484 1993 in
2522 1940 2720 1994 Eccles.
2753 1956 2792 2006 I,
2825 1939 2881 2005 6,
2921 1940 3134 1997 dubitat
3166 1958 3344 1998 annon

1699 2021 1740 2076 Β
1769 2033 2043 2089 sideribus
2073 2034 2306 2086 animam
2333 2032 2593 2087 Salomon
2626 2032 2818 2087 adesse
2855 2035 3127 2102 putaverit
3155 2049 3174 2099 ;
3204 2042 3256 2089 et
3290 2036 3344 2090 in

1768 2122 1961 2193 Ephes.
1998 2139 2052 2190 ι,
2086 2123 2196 2189 22,
2243 2138 2311 2177 ne
2344 2123 2521 2177 sidera
2553 2122 2769 2192 quidem
2822 2123 2937 2193 ipsa
2979 2125 3176 2180 munda
3225 2141 3346 2182 esse

1766 2232 1950 2271 coram
1992 2216 2126 2282 Deo,
2154 2230 2327 2285 eaque
2357 2215 2665 2270 Servatoris
2707 2216 3000 2271 adventum
3048 2216 3347 2274 formidare

1766 2308 1977 2365 scribit.
2009 2307 2165 2366 Unde
2189 2307 2240 2360 in
2265 2305 2492 2375 epistola
2518 2306 2607 2372 61,
2631 2308 2718 2361 ’21]
2768 2305 3080 2361 Pammach.
3101 2346 3117 2371 ,
3141 2323 3259 2378 cap.
3287 2307 3346 2377 5,

1767 2401 1834 2456 de
1886 2400 1994 2454 hoc
2041 2413 2208 2469 agens
2263 2400 2555 2468 dogmate:
2590 2418 2609 2451 (
2641 2398 2759 2453 Non
2805 2410 2909 2466 est,
2953 2400 3153 2471 inquit,
3184 2400 3345 2457 istius

1769 2490 2030 2558 temporis
2057 2500 2247 2545 contra
2280 2492 2476 2560 dogma
2509 2490 2823 2561 gentilium,
2866 2500 2920 2546 et
2945 2506 3011 2546 ex
3039 2503 3194 2563 parte
3223 2491 3345 2547 Pla-

1770 2582 2005 2637 tonicum
2036 2581 2295 2643 scribere.
2323 2592 2451 2640 ante
2486 2598 2657 2637 annos
2686 2582 2858 2638 ferme
2886 2583 3074 2639 decem
3117 2586 3170 2639 in
3198 2601 3347 2640 com-

1768 2673 2047 2729 mentariis
2078 2673 2446 2738 EcclesiaStis,
2484 2684 2538 2728 et
2576 2674 2956 2743 eXpIauatione
2990 2671 3244 2742 Epistula
3277 2673 3347 2729 ad

1767 2767 2028 2837 Ephesios
2080 2768 2316 2822 arbitror
2359 2782 2579 2822 sensum
2629 2766 2794 2820 animi
2842 2766 2945 2821 mei
2992 2766 3349 2836 prudentibus

1766 2860 2117 2931 explicatum.
2148 2880 2166 2913 ι
2206 2859 2335 2928 Qua:
2379 2874 2501 2914 cum
2550 2861 2648 2926 ipsi
2685 2859 2912 2915 fuissent
2955 2877 2984 2912 a
3023 2860 3217 2917 Rntiuo
3246 2862 3348 2915 ob-
3442 2862 3450 2873 '

1764 2953 1905 3020 jecta
1940 2950 2194 3006 lnvectiv.
2224 2965 2241 3006 ι
2271 2951 2476 3005 crimen
2508 2950 2664 3005 diluit
2687 2950 2908 3019 Apolog.
2951 2951 3042 3006 lib.
3076 2968 3116 3017 ι,
3151 2968 3270 3021 cap.
3293 2953 3343 3010 ι.

1769 3040 1908 3107 Quin
1967 3040 2131 3095 etiam
2190 3038 2690 3095 Pseudo-Clemens
2746 3041 2799 3096 in
2857 3040 3346 3111 Recognitionibus,

1769 3133 1861 3188 lib.
1903 3148 1957 3199 ν,
2018 3141 2073 3189 et
2124 3132 2191 3186 ll.
2226 3129 2401 3187 Moses
2452 3130 2554 3186 ben
2614 3131 2869 3198 Maimon,
2922 3133 3131 3189 animas
3186 3135 3349 3188 astris

1768 3224 2050 3296 alllngunt.
2097 3224 2338 3294 Denique
2381 3223 2439 3279 S.
2469 3223 2708 3278 Thomas
2748 3223 2840 3276 lib.
2874 3238 2912 3277 ll
2964 3234 3133 3281 contr.
3165 3222 3346 3289 Germ,

1721 3361 1733 3379 .
1769 3333 1890 3387 cap.
1921 3317 2025 3381 70,
2065 3315 2130 3369 ad
2168 3316 2290 3370 ﬁdei
2322 3315 2623 3372 doctrinam
2663 3315 2936 3382 pertinere
2964 3325 3161 3386 negat,
3198 3327 3347 3370 astra

1768 3408 2007 3461 animata
2071 3407 2360 3466 dicantur.
2416 3419 2483 3458 an
2549 3402 2827 3467 inanima;
2881 3405 3022 3458 unde
3077 3405 3350 3458 aestimare

1769 3500 1892 3555 licet
1929 3514 2039 3570 quo
2067 3497 2597 3554 numerolustiniani
2635 3498 3118 3553 anathematismos
3136 3497 3346 3553 habue-

1772 3593 1861 3659 rit,
1907 3592 1997 3663 qui
2028 3592 2386 3647 allirmantem
2417 3592 2744 3646 sententiam
2778 3588 3112 3644 confodiunt.

1842 3684 1929 3739 IV.
1965 3686 2118 3741 Viam
2160 3682 2384 3750 Origeui
2437 3682 2502 3737 ad
2563 3681 2615 3736 id
2672 3682 2862 3751 dogma
2913 3681 3352 3752 praemonstravit

1768 3777 1956 3843 Plato,
1997 3777 2090 3847 qui
2149 3776 2203 3830 in
2254 3773 2450 3831 Timreo
2493 3773 2619 3828 coeli
2670 3774 2905 3826 animam
2955 3773 3180 3827 rationis
3227 3787 3351 3829 esse

1768 3878 2075 3940 compotem
2101 3867 2199 3932 ait,
2230 3882 2407 3936 eaque
2438 3864 2573 3919 nihil
2603 3881 2631 3917 a
2667 3864 2776 3917 Deo
2804 3865 3149 3933 praestantius
3179 3864 3350 3920 fuisse

1771 3971 2147 4033 procreatum;
2186 3969 2242 4015 et
2276 3960 2328 4012 in
2364 3957 2678 4026 Epinomide
2712 3954 2855 4008 θεῖον
2888 3956 3145 4023 praedicat
3193 3957 3351 4027 γένος

1767 4055 2005 4126 ἄστρων,
2056 4051 2307 4122 σώματος
2367 4049 2466 4119 μὲν
2509 4048 2670 4117 τυχὸν
2708 4046 3024 4111 καλλίστου,
3069 4046 3247 4118 ψυχῆς
3293 4046 3351 4101 δὲ

1768 4145 2257 4217 εὐδαιμονεστάτης
2300 4158 2358 4195 τε
2394 4141 2489 4196 καὶ
2521 4139 2770 4211 ἀρίστης,
2820 4138 3267 4195 Przetnonstravit
3296 4150 3354 4194 et

1769 4237 1990 4302 Thales,
2028 4235 2221 4291 Ionica:
2258 4242 2421 4289 secta:
2450 4232 2721 4300 princeps,
2759 4231 2851 4299 qui
2889 4234 3050 4286 rebus
3083 4231 3353 4286 universis

1770 4334 2004 4385 animam
2062 4326 2359 4384 tribuebat.
2421 4323 2873 4378 Prtemonstravit
2916 4333 2973 4378 et
3013 4322 3353 4395 Pythagoras

1769 4422 1863 4494 qui
1901 4430 2049 4477 astra
2110 4420 2243 4475 deos
2295 4432 2414 4473 esse
2462 4416 2741 4471 censebat.
2791 4415 3356 4471 Pracmonstravernut

1774 4524 1829 4572 et
1855 4512 2036 4577 stoici,
2087 4519 2145 4568 et
2180 4511 2318 4580 ipse,
2368 4510 2413 4565 si
2450 4508 2767 4574 Plutarcho,
2798 4506 3109 4563 Alexandro
3140 4506 3354 4576 Aphro-

1771 4608 1956 4670 disaao,
1990 4615 2046 4664 et
2083 4604 2206 4659 aliis
2239 4603 2541 4666 credimus.
2570 4602 2914 4658 Aristoteles.
2952 4601 3195 4657 Platonis
3227 4616 3355 4655 sen-

100 4707 207 4749 mam
237 4698 605 4753 assisteutem
637 4704 694 4751 et
722 4696 1116 4760 cohaerentem,
1156 4708 1261 4748 non
1295 4693 1665 4748 intromissam
1698 4700 1744 4755 D
1775 4702 1999 4757 [entiam
2032 4713 2099 4754 ac
2133 4699 2249 4767 ipsa
2296 4697 2686 4767 propemodum
2730 4696 2897 4749 verba
2939 4708 3037 4763 pro
3065 4707 3216 4746 more
3253 4706 3355 4747 suo

96 4792 136 4836 et
160 4786 572 4844 inlormantem.
618 4786 800 4854 Atque
832 4800 900 4842 ex
937 4785 1025 4841 bis
1056 4785 1192 4841 satis
1240 4793 1388 4854 patet
1419 4783 1668 4855 Origenis

98 4878 342 4940 limitatio.

142 4970 211 5025 Ad
246 4973 363 5028 haec
413 4968 760 5042 Pamphilus
806 4968 860 5024 in
909 4967 1262 5038 responsione
1307 4969 1375 5023 ad
1418 4978 1665 5023 octavam

94 5061 502 5119 criminationem
529 5103 550 5130 ,
609 5062 905 5132 unicuique
944 5058 1381 5116 Christianorqu
1422 5060 1501 5113 l'as
1544 5074 1670 5114 esse

92 5150 191 5207 dicit
216 5165 360 5211 astra
400 5156 671 5211 animata
714 5153 799 5207 vel
840 5170 945 5207 non
989 5153 1230 5206 animata
1268 5164 1533 5216 censere;
1569 5165 1669 5205 nec

90 5245 305 5314 cuiquam
338 5249 648 5320 opinionis
681 5246 1000 5302 alterutrins
1043 5260 1207 5301 causa
1242 5243 1518 5299 [haereseos
1549 5244 1670 5297 inu-

89 5341 275 5397 rendam
319 5360 453 5401 οςνθ
495 5350 722 5407 notam,
769 5354 944 5409 «prop
968 5354 1030 5395 er
1078 5340 1181 5393 hoc
1233 5337 1376 5408 quod
1432 5352 1538 5392 non
1594 5338 1666 5391 ita

88 5444 240 5499 aperte
276 5438 343 5491 de
393 5438 487 5492 his
538 5434 815 5489 traditum
847 5443 932 5488 est
974 5433 1026 5487 in
1058 5431 1365 5502 apostolica
1396 5429 1666 5501 pradica-

86 5534 259 5583 ωηο.»
319 5530 487 5599 Quod
552 5530 746 5598 ipsum
790 5541 902 5596 pra:
942 5542 1002 5582 se
1053 5526 1174 5581 tulit
1208 5524 1568 5581 Adamantius
1612 5524 1666 5577 in

87 5627 315 5686 prtia:in
347 5624 643 5679 librorum
662 5619 807 5687 Περὶ
834 5617 1056 5689 ἀρχῶν,
1098 5634 1249 5673 num.
1279 5618 1368 5684 10,
1404 5618 1480 5671 uti
1512 5631 1672 5686 supra

83 5718 415 5774 ostendimus.
450 5715 702 5771 Penitus
729 5726 863 5766 vero
881 5710 1185 5781 origenizat
1221 5709 1564 5773 Ambrosius,
1593 5709 1673 5765 sic

85 5805 321 5866 disserens
369 5811 427 5865 in
474 5807 660 5877 epist.
686 5802 783 5869 '58,
830 5803 898 5858 ad
941 5801 1339 5857 Horontianum
1384 5819 1398 5856 :
1441 5821 1461 5853 ι
1491 5801 1672 5856 Stella:

83 5900 259 5959 nebulis
314 5904 595 5960 obductae
654 5904 975 5961 vanescunt,
1009 5911 1128 5964 quae
1177 5892 1449 5949 sustinent
1508 5893 1671 5948 mini-

84 5992 204 6049 sterii
227 5994 390 6067 huius
421 5987 718 6049 mundani
752 6001 901 6055 usus,
944 6001 1051 6044 non
1083 5996 1275 6058 sponte
1318 5988 1504 6057 utique
1528 6028 1542 6056 ,
1573 5988 1665 6043 sed

1771 4792 1959 4850 retulit
1991 4791 2186 4857 Philo;
2226 4805 2351 4844 nam
2387 4790 2441 4843 in
2477 4788 2613 4842 libro
2640 4787 2782 4857 Περὶ
2804 4787 2911 4843 τοῦ
2944 4784 3356 4854 θεοπέμπτους

1770 4883 1923 4942 εἶναι
1971 4884 2113 4950 τοὺς
2146 4882 2419 4951 ὀνείρους
2444 4920 2459 4944 ,
2493 4889 2549 4934 et
2586 4879 2713 4934 alibi
2750 4888 2894 4934 astra
2937 4893 3045 4933 non
3100 4874 3354 4930 animalia

1773 4978 1952 5040 modo,
2008 4978 2102 5030 sed
2151 4987 2363 5030 tuentes
2405 4974 2572 5027 etiam
2613 4970 2931 5040 purissimas
2962 4982 3084 5023 esse
3131 4966 3350 5020 asserit.

1772 5068 1831 5126 In
1864 5069 2004 5125 libro
2039 5080 2217 5121 tamen
2249 5066 2324 5119 De
2358 5065 2542 5117 mundi
2582 5061 2825 5128 api/icio,
2858 5070 2912 5114 et
2957 5059 3130 5112 altero
3159 5056 3241 5109 De
3273 5056 3355 5125 gi-

1771 5161 2043 5233 gantibus,
2081 5173 2147 5211 ea
2177 5172 2296 5212 esse
2344 5156 2456 5209 vult
2484 5156 2549 5209 δι’
2572 5156 2693 5209 ὅλου
2728 5151 2991 5207 σπουδαῖα
3040 5152 3227 5217 (quam
3254 5161 3351 5200 vo-

1774 5270 1892 5309 cem
1922 5250 2200 5320 usurpavit
2222 5248 2507 5318 Origenes)
2552 5249 2647 5301 καὶ
2670 5244 2876 5307 παντὸς
2905 5239 3232 5295 ἀνεπίδεκτα
3255 5254 3354 5289 κα-

1773 5343 1874 5399 κοῦ
1893 5384 1910 5408 ,
1938 5343 2033 5397 καὶ
2069 5341 2325 5413 ἀκήρατα
2346 5379 2360 5404 ,
2388 5340 2531 5409 quod
2560 5338 2778 5408 Origeni
2809 5351 2914 5391 non
2945 5332 3168 5402 placuit.
3213 5328 3352 5384 Huic

1770 5449 1986 5505 quoque
2034 5431 2101 5487 ad
2148 5446 2265 5487 eam
2320 5430 2723 5499 capessendam
2768 5426 3082 5497 opinionem
3141 5420 3352 5491 praeivit

1769 5522 2022 5578 Clemens
2053 5520 2456 5576 Alexandrinus
2484 5520 2539 5574 in
2572 5518 2781 5588 Eclogis
2817 5517 2886 5571 ἐκ
2919 5513 3039 5569 τῶν
3067 5525 3353 5582 προφητι-

1772 5613 1917 5670 κῶν.
1958 5613 2333 5669 Perseveravit
2359 5621 2541 5665 autem
2585 5610 2654 5664 ad
2689 5617 2925 5665 nostram
2957 5614 3175 5659 aetatem
3218 5603 3351 5657 illud

1772 5708 1840 5764 de
1885 5707 2141 5763 animatis
2181 5705 2454 5760 sideribus
2484 5703 2768 5774 placitum,
2803 5700 3230 5769 defensoresque
3262 5699 3353 5753 ha-

1768 5801 1889 5858 buit
1941 5802 2089 5857 viros
2134 5800 2416 5872 quantivis
2472 5799 2633 5871 pretii
2695 5798 3007 5869 Tycboneni
3063 5805 3120 5852 et
3168 5796 3351 5867 Κερυ-

1768 5893 1967 5949 lerum.

1843 5987 1910 6043 ν.
1941 5985 2273 6058 Augustinus
2301 5984 2397 6042 lib.
2429 6000 2461 6041 ν
2494 5983 2569 6041 De
2596 5985 2741 6041 civit.
2772 5982 2891 6052 Dei,
2923 5999 3042 6055 cap.
3073 5984 3124 6052 l,
3158 5995 3346 6040 eorum
