3916 6566
549 513 653 569 979
1840 508 1902 563 P.
1941 503 2259 562 DANIELIS
2294 499 2527 559 HUE’I‘II
3687 482 3786 549 989

549 629 836 684 confutans
885 627 1078 697 dogma
1109 625 1200 696 qui
1246 643 1265 676 ι
1291 626 1408 681 sine
1453 625 1547 682 Dei
1599 625 1876 681 voluntate
1925 626 2114 681 decer-
2143 631 2191 686 Α
2218 636 2271 676 v1
2303 629 2487 675 contra
2513 616 2718 672 Ceisum
2760 615 2956 685 legitur
2981 627 3129 667 num.
3157 611 3246 676 50,
3275 611 3368 676 SI,
3400 609 3513 664 falli
3549 624 3671 674 eos,
3698 613 3780 678 qui

551 735 686 774 nere
709 720 1000 788 opinantur
1032 719 1210 774 sidera
1229 718 1356 786 quid
1390 733 1633 788 agamus.
1666 719 1749 772 vel
1789 717 1916 788 quid
1943 715 2112 770 bono-
2213 728 2340 768 vera
2367 712 2577 766 dierum
2605 723 2698 763 sex
2727 708 2905 776 spatia
2943 705 3178 776 Moysem
3212 704 3266 758 in
3295 703 3482 757 mundi
3517 702 3781 756 narranda

551 825 671 863 rum
702 809 1018 874 habeamus,
1060 808 1391 864 malorumve
1438 809 1740 878 patiamur;
1775 826 1795 860 ι
1830 808 1944 863 lucc
1983 806 2115 861 sub-
2215 803 2490 860 creatione
2533 801 2870 870 signiﬁcasse
2917 807 3160 868 putant:
3197 810 3446 867 quosque
3478 810 3539 851 se
3578 795 3636 848 in
3678 797 3785 850 suis

546 897 724 968 jungit
749 914 763 950 :
805 916 825 950 ι
855 898 1008 966 Quod
1042 897 1088 953 si
1115 897 1372 954 dicuntur
1403 899 1573 954 stella:
1596 899 1908 970 signiﬁcare
1932 899 2115 968 potius
2215 899 2284 947 ad
2306 891 2545 947 Genesim
2570 889 2974 946 Commentariis
3009 888 3272 944 refellisse
3294 889 3390 942 ait.
3433 886 3494 941 In
3527 901 3643 954 quo
3665 884 3784 938 Phi-

551 989 675 1053 ista,
706 1003 866 1058 quam
899 990 1092 1055 facere,
1133 998 1196 1043 ut
1232 991 1386 1058 quasi
1415 990 1617 1045 locutio
1648 992 1892 1060 quaedam
1921 989 1993 1042 sit
2023 988 2112 1042 illa
2215 985 2392 1039 Ionem
2447 992 2669 1038 secutus
2727 992 2834 1044 est,
2887 982 3042 1050 cujus
3097 982 3216 1034 Iure
3262 979 3426 1034 verba
3467 987 3604 1033 sunt
3648 977 3781 1030 lih.t

549 1081 750 1152 positio
787 1083 1086 1151 praedicens
1119 1085 1317 1152 futura,
1344 1100 1448 1140 non
1479 1098 1644 1154 agens
1666 1082 1796 1154 (non
1824 1082 1970 1136 enim
1997 1096 2110 1136 me-

2215 1075 2469 1145 Allegor.,
2515 1073 2721 1145 Εὓηθες
2761 1073 2901 1127 πάνυ
2927 1072 2986 1126 τὸ
3012 1071 3219 1125 οἴεσθαι
3252 1070 3314 1136 ἓξ
3337 1069 3601 1140 ἡμέραις,
3629 1068 3666 1139 ἢ
3695 1084 3785 1121 κα·-

550 1171 808 1229 diocriter
844 1174 1123 1230 doctorum
1149 1175 1426 1230 hominum
1463 1172 1771 1245 [Origenem
1803 1168 1976 1242 notat]
2014 1168 2110 1223 finit

2215 1165 2367 1219 θόλου
2402 1164 2580 1236 χρόνῳ
2613 1163 2814 1234 κόσμον
2847 1163 3147 1232 γεγονέναι.
3202 1161 3404 1232 Nempe
3436 1162 3557 1215 ha’c
3588 1161 3784 1228 tropice

549 1264 654 1321 ista
691 1265 1000 1338 sententia),
1052 1283 1158 1322 non
1185 1269 1399 1337 quidem
1427 1267 1500 1323 ita
1531 1265 1704 1321 solent
1724 1265 1870 1335 loqui
1905 1264 2114 1318 mathe-
2217 1258 2561 1327 intelligenda
2606 1258 3033 1327 explicandaque
3083 1256 3340 1310 censebat
3381 1253 3685 1325 Origenes,
3733 1262 3788 1306 ut

549 1354 756 1418 matioi,
790 1364 850 1409 ut
883 1355 1029 1410 verbi
1059 1354 1235 1425 gratia
1261 1354 1464 1421 dicant,
1491 1353 1634 1408 Mars
1664 1354 1735 1408 ita
1775 1353 1984 1422 positus
2012 1352 2114 1406 bo-
2216 1349 2318 1402 alia
2352 1349 2628 1417 pleraque,
2669 1349 2721 1402 in
2762 1349 2962 1417 quibus
2993 1346 3284 1417 allegorico
3328 1345 3513 1400 sensui
3560 1343 3783 1398 nimium

555 1444 806 1500 micidam
861 1446 1161 1515 signiﬁcat;
1211 1449 1306 1502 sed
1358 1445 1682 1502 homicidam
1733 1445 1883 1499 facit.
1913 1463 1932 1498 ι
1997 1443 2110 1508 His,
2218 1439 2480 1505 tribuens,
2533 1439 2774 1494 nativum
2804 1449 2862 1494 et
2921 1439 3214 1493 litteralem
3263 1437 3639 1491 subvertebat.
3689 1435 3784 1500 Qui

549 1533 794 1603 inquam,
822 1535 1110 1608 Origenem
1140 1537 1452 1608 designasse
1471 1538 1709 1592 creditus
1737 1546 1821 1592 est
1850 1554 1865 1591 :
1902 1551 2028 1591 nam
2059 1537 2112 1589 in
2214 1529 2469 1598 quoniam
2495 1543 2655 1584 error
2676 1545 2832 1586 suum
2867 1529 2970 1584 sibi
2998 1527 3237 1598 postulat
3260 1540 3494 1582 examen
3515 1563 3534 1592 ,
3564 1526 3786 1581 verbum

550 1635 617 1678 eo
637 1623 940 1695 fragmento
967 1628 1109 1697 quod
1141 1643 1172 1682 e
1201 1626 1707 1683 Commentariorum
1747 1629 1916 1698 ipsius
1940 1629 1996 1682 in
2019 1627 2115 1686 Ge-
2216 1633 2320 1672 non
2363 1617 2584 1675 addam.

547 1715 715 1772 nesim
757 1727 907 1772 tomo
939 1718 1002 1773 III
1048 1731 1362 1792 excerptum
1395 1720 1663 1778 Eusebius
1693 1721 2112 1792 Prceparationis

547 1809 858 1878 evangelicae
908 1811 1048 1867 libro
1081 1823 1241 1869 sexto
1284 1815 1551 1880 inseruit,
1599 1816 1763 1871 astris
1807 1816 2110 1872 futurorum

548 1899 730 1955 inesse
755 1901 1201 1966 signiﬁcationem
1241 1904 1492 1971 afﬁrmat,
1533 1922 1682 1960 num.
1707 1907 1774 1972 5,
1807 1908 1842 1962 9
1869 1917 1928 1962 et
1957 1923 2110 1975 seq.,

2781 1687 3109 1756 QUIESTIO
3147 1685 3240 1743 IX.

2530 1797 2598 1837 DE
2645 1796 3078 1840 RESURBECTIONE
3111 1792 3466 1835 IORTUOBUI.

2215 1871 2259 1929 1.
2299 1872 2480 1928 Status
2504 1875 2811 1943 quaestionis
2840 1875 3176 1941 proponitur.
3213 1871 3566 1943 ΙΙεροιξι-νὶηα
3601 1867 3787 1937 Orige-

757 1938 1201 2011 fi’lf"f'r““"""°"i’
1241 1938 1492 2011 "'_":""_"
1533 1938 1682 2011 f“:_'"‘
1707 1938 1774 2011 "Af
1869 1938 1928 2011 cf
1957 1938 2110 1975 °°""
2149 1963 2191 2011 ῃ
2297 1945 2379 1996 nis
2419 1946 2484 1997 de
2508 1938 2888 1996 resurrectione
2915 1938 3358 2011 enucleaturJJI.
3399 1938 3594 2011 Utrum
3617 1956 3788 1992 resur-

550 2006 656 2048 ¹¹⁰⁰
698 1997 861 2047 etiam
892 2010 1137 2061 causam:
1174 1999 1315 2065 «ιυοά
1348 1997 1554 2053 Γθοῖυηι
1579 1999 1917 2055 Genelhliaci
1945 2018 1961 2064 ἶ
1994 2015 2112 2054 ιηο·
2150 1997 2191 2018 υ
2296 2014 2578 2066 rectionem
2631 2013 2867 2066 absolute
2909 2013 3195 2066 sustulerit.
3255 2009 3342 2064 IV.
3397 2009 3516 2062 Hoc
3574 2011 3789 2062 crimine

551 2093 661 2138 tum
691 2098 823 2152 ergo
855 2084 918 2139 iis
945 2100 974 2139 a
1011 2085 1118 2140 Deo
1146 2095 1202 2140 et
1227 2088 1474 2142 ordinem
1503 2088 1758 2155 inditum,
1787 2098 1847 2142 ut
1876 2088 2002 2143 inde
2032 2087 2117 2142 fu-
2228 2120 2232 2126 -
2292 2093 2575 2155 purgatur.
2612 2081 2674 2134 V.
2699 2079 3167 2155 Utrumcorporis
3200 2081 3652 2155 resurrectionem
3699 2081 3789 2155 ad-

549 2181 792 2228 turoru-m
847 2174 1208 2248 cognitionem
1255 2176 1430 2247 angeli
1478 2177 1765 2243 hauriant;
1809 2177 1963 2246 cujus
1995 2179 2110 2245 qui-

2292 2148 2528 2248 miserit:
2562 2151 2738 2248 carnis
2776 2148 3040 2217 inﬁciatus
3079 2153 3170 2204 sit.
3200 2150 3286 2204 Vl.
3321 2148 3389 2202 In
3418 2165 3480 2202 eo
3504 2150 3667 2248 etiarn

547 2216 792 2317 :1""’"'"
849 2216 1208 2278 f‘ﬁ’~‘"',"‘""'"'
1248 2216 1430 2279 ,“’“’δ⁹”
1478 2216 1765 2282 ’¹““”⁸’“““ζ“’
1810 2216 1963 2246 “’“¹“’”
1995 2216 2115 2245 “¹“’“
2290 2223 2442 2287 sitat,
2482 2231 2528 2274 et
2572 2216 2863 2274 multorum
2895 2233 3148 2290 prteterea
3190 2236 3405 2273 assensu
3433 2220 3658 2288 gaudet.
3682 2216 3787 2270 VII.

547 2355 560 2360 _
583 2278 669 2317 em
713 2275 1038 2360 εοειιιιξοηιε
1082 2265 1448 2360 εξᾲθβυοηθῐηο
1485 2283 1610 2360 imi"
1657 2284 1803 2324 "res
1834 2279 2117 2339 ευβοητθί
2291 2291 2484 2344 Utrum
2530 2301 2578 2343 et
2609 2290 2867 2360 quomodo
2911 2306 3130 2360 corpora
3164 2291 3642 2360 infesurreetione
3673 2304 3788 2339 mu-

545 2355 832 2421 humanas,
862 2357 930 2411 ab
959 2356 1165 2428 angelis
1191 2358 1459 2426 apostatis
1487 2358 1538 2413 in
1571 2359 1819 2416 homines
1844 2360 2024 2430 aliqua
2046 2376 2114 2416 ex
2289 2370 2456 2414 tatam
2494 2361 2563 2412 iri
2597 2354 3009 2416 e'xistimaveritf
3030 2357 3160 2413 VIII.
3197 2357 3298 2430 Hic
3331 2374 3540 2430 quoque
3567 2354 3790 2410 Patrum

544 2453 699 2513 parte
761 2445 927 2500 fuisse
977 2427 1395 2510 transmissam;
1453 2448 1662 2502 nullam
1715 2459 1897 2503 autem
1937 2427 2110 2504 libero

2291 2431 2492 2500 aliquot
2516 2431 2856 2513 consensione
2907 2445 2962 2511 se
3007 2438 3199 2513 tuetur.
3231 2427 3444 2482 ΙΧᾏΑη
3487 2443 3713 2506 corpora
3726 2430 3790 2513 ‘i’n

545 2536 771 2591 arbitrio
800 2539 908 2592 vim
946 2537 1033 2592 vel
1067 2538 1446 2593 necessitatem
1492 2537 1622 2593 hinc
1655 2537 1867 2592 inferri.
1912 2535 2110 2594 Praeter

2292 2496 2677 2554 resurrectione
2729 2499 2987 2566 sphaarica
3041 2498 3228 2566 futura
3294 2497 3679 2552 autumarerit.
3726 2496 3788 2549 Χ.

2290 2568 2478 2622 Utrum
2502 2571 2686 2636 impios
2715 2569 3048 2636 afﬁrmaverit
3075 2573 3379 2636 neutiquam
3408 2569 3466 2621 in
3487 2567 3647 2620 vitam
3674 2567 3795 2619 red-

548 2586 636 2590 ""
671 2586 772 2640 "'j
959 2586 1033 2592 "'
1067 2586 1446 2593 ""‘"'""‘"
1492 2586 1621 2640 "'1'
1912 2586 1934 2592 ”
1957 2586 2107 2594 '""‘
2290 2586 2478 2622 Utrum
2502 2586 2569 2621 tm
2610 2586 2686 2622 tos
2715 2586 3048 2636 antrmavem
3075 2586 3379 2638 neutiquam
3408 2586 3466 2621 in
3487 2586 3647 2620 vitam
3674 2586 3793 2619 rea-

545 2626 905 2698 Augusltnum
938 2629 1053 2683 Ιιωο
1078 2628 1431 2683 vehementer
1458 2636 1724 2698 castigant
1749 2627 1976 2684 “Minus
2005 2627 2110 2682 Ρόο
2285 2640 2473 2692 ituros.
2517 2586 2608 2692 XI:
2652 2637 2801 2692 Unde
2841 2655 2991 2692 suam
3012 2642 3075 2690 de
3089 2641 3469 2692 resurrectione
3494 2638 3793 2690 doctrinam

545 2717 786 2774 lmstinus
818 2719 871 2772 in
905 2718 1086 2774 libello
1115 2717 1192 2772 De
1226 2717 1333 2787 ﬁde
1353 2760 1368 2785 ,
1398 2728 1452 2774 et
1477 2718 1774 2788 Procopius
1799 2718 2024 2775 Gazazus
2056 2720 2110 2772 in

2287 2709 2546 2791 hauserit,
2575 2709 2834 2791 aperitur.
2881 2707 2992 2788 XII.
3040 2706 3422 2791 Non‘nulIaAad
3479 2706 3602 2791 eius.
3629 2721 3791 2791 caltu-

543 2811 676 2868 Cen.
707 2828 765 2880 ι,
818 2813 915 2878 M,
951 2813 1042 2883 qui
1071 2814 1138 2867 ab
1163 2773 1434 2883 Or'igen'e,
1468 2827 1630 2882 quem
1655 2773 1717 2866 in
1747 2811 1870 2867 aliis
1892 2773 1964 2867 ad
1990 2826 2110 2867 ver-

2287 2781 2542 2832 sationem
2567 2773 2762 2845 pra’ter
2787 2777 3058 2845 superiora
3091 2776 3431 2846 colliguntur.
3484 2773 3625 2831 XIII.
3669 2773 3790 2840 Quo

2287 2865 2443 2902 sensu
2475 2848 2670 2902 dixerit
2719 2858 3052 2902 peccatorum
3085 2862 3302 2900 causam
3351 2849 3422 2900 ad
3469 2861 3664 2902 corpus
3704 2860 3786 2897 re-

549 2860 676 2868 ”’⁷“
707 2860 726 2869 ”
749 2860 765 2880 ’
822 2860 915 2878 ’”’
954 2860 1042 2915 τῖ’
1071 2860 1135 2867 ⁷⁷
1170 2860 1394 2914 "'°,'"'
1420 2860 1434 2877 ’
1472 2860 1630 2882 ‘"""
1749 2860 1866 2915 “j'”
1899 2860 1964 2867 ““
2003 2860 2073 2867 "'
2287 2865 2443 2903 sensu
2475 2860 2670 2902 autem
2719 2860 3052 2916 peccatorum
3085 2862 3302 2900 causam
3351 2860 3422 2900 ad
3469 2861 3664 2913 corpus
3704 2860 3786 2897 re-

541 2904 668 2958 bum
709 2902 822 2958 fere
854 2914 1122 2973 sequitur,
1163 2903 1264 2960 hac
1297 2920 1352 2958 in
1391 2913 1546 2974 parte
1574 2905 1844 2960 discessit.
2284 2918 2433 2987 [ατί.

612 2996 756 3057 Sane
784 2996 833 3052 si
879 2997 1056 3051 futura
1091 2995 1258 3051 multa
1294 3011 1403 3050 non
1450 2997 1518 3051 ab
1559 2996 1724 3052 astris
1755 2994 2107 3066 pramuntiari

2286 3011 2327 3064 I.
2365 3029 2384 3062 ι
2414 3007 2782 3064 Transeamus
2830 3008 2957 3062 hinc
3004 3007 3071 3062 ad
3123 3006 3548 3062 famosissimum
3595 3007 3668 3062 de
3714 3020 3801 3061 re-

541 3092 827 3156 dnntaxat,
859 3089 954 3148 sed
983 3097 1039 3144 et
1069 3089 1205 3144 elﬁci
1232 3089 1457 3144 dixisset
1480 3087 1764 3158 Origenes,
1787 3099 1842 3144 et
1871 3089 2106 3144 siderum

2215 3100 2563 3159 surrectione
2591 3100 2772 3154 carnis
2805 3109 2861 3154 et
2887 3098 3132 3169 corporis
3162 3099 3547 3168 quaestionem.
3574 3082 3596 3149 ἰ
3639 3097 3802 3152 Licet

542 3181 743 3237 Viribus
773 3194 1002 3250 corpora
1040 3181 1154 3235 haec
1183 3189 1398 3238 ιθηθηδ
1426 3181 1590 3234 variis
1634 3180 1773 3235 εαῑοί
1811 3181 2020 3246 modis,
2052 3187 2110 3234 ει
2208 3193 2359 3249 enim
2398 3191 2479 3247 uti
2501 3192 2681 3247 verbis
2705 3191 3013 3262 Hieronymi
3043 3191 3202 3260 epist.
3233 3190 3324 3255 6t,
3352 3191 3420 3243 ad
3447 3189 3799 3256 Pammach.,

541 3273 607 3327 ad
645 3273 758 3327 lucc
802 3271 964 3326 illave
1010 3271 1342 3327 commoveri
1392 3280 1447 3325 ει
1491 3271 1780 3338 inclinari,
1817 3271 1870 3326 in
1916 3273 2103 3326 eadem
2133 3303 2176 3362 α
2210 3299 2330 3354 (περ,
2373 3283 2426 3347 7,
2459 3283 2562 3338 hoc
2596 3293 2974 3351 argumentum
3029 3283 3294 3336 adversus
3340 3283 3634 3352 Origene")
3668 3297 3800 3351 per-

539 3375 683 3420 esset
715 3378 881 3420 causa
921 3378 987 3417 ac
1011 3362 1479 3433 Apostelesmatici
1511 3377 1724 3428 omnes,
1754 3372 1810 3418 et
1857 3363 2104 3419 hodierni

2215 3375 2508 3444 sequentis.
2539 3373 2790 3429 Cohaeret
2812 3383 2993 3428 autem
3019 3373 3104 3426 illa
3134 3387 3350 3442 quoque
3381 3389 3510 3428 cum
3538 3375 3796 3442 superio-

541 3454 846 3523 astrologia:
875 3456 1112 3524 patroni,
1141 3469 1374 3525 quorum
1397 3454 1688 3518 sententia,
1716 3454 1926 3525 integra
1951 3454 2109 3509 modo

2215 3466 2384 3531 ribus,
2437 3480 2564 3520 nam
2615 3473 2758 3519 statu
2813 3463 3116 3519 animarum
3147 3472 3275 3518 ante
3310 3464 3453 3518 hanc
3481 3465 3648 3517 vitam
3697 3479 3798 3517 ex-

541 3554 790 3606 servetur
834 3546 1052 3600 humani
1090 3546 1317 3603 libertas
1371 3548 1607 3615 arbitrii,
1659 3548 1932 3602 haereseos
1981 3556 2106 3602 nota
2208 3558 2436 3630 quisilo,
2482 3557 2719 3626 ipsarum
2763 3568 2982 3625 quoque
3028 3553 3206 3608 futura
3259 3561 3382 3622 post
3432 3553 3576 3607 hanc
3621 3552 3797 3606 vitam

540 3636 796 3691 immunis
826 3647 928 3693 est.
965 3639 1034 3692 At
1062 3654 1185 3694 cum
1209 3639 1661 3710 signiﬁcationem
1691 3640 1862 3696 solum
1894 3639 2106 3696 futuro-
2210 3665 2332 3707 sors
2351 3647 2681 3720 exploranda
2709 3655 2792 3702 est
2820 3663 2835 3699 :
2870 3645 3126 3700 nimirum
3147 3644 3370 3700 solasne
3393 3659 3458 3700 ac
3489 3643 3796 3702 solitarius,

544 3743 686 3793 nun,
717 3728 900 3784 itidem
930 3738 989 3783 ut
1015 3729 1276 3800 Synesius
1301 3731 1394 3785 lib.
1423 3730 1500 3786 De
1529 3733 1823 3794 insomniis,
1849 3748 1955 3788 non
1986 3748 2109 3788 cau-
2210 3755 2277 3795 an
2356 3737 2672 3806 conjunctae
2756 3736 3072 3804 corporibus
3140 3736 3339 3805 quibus
3429 3736 3798 3790 convixerunt

542 3836 658 3879 sam
691 3822 856 3881 astris
882 3821 1238 3891 ascripserit,
1267 3823 1433 3879 illaasa
1467 3823 1676 3878 arbitrii
1724 3823 1974 3879 libertate
1998 3864 2014 3888 ,
2044 3840 2110 3879 eo

2215 3842 2542 3903 postremum
2575 3830 2854 3885 subituras
2876 3827 3167 3894 judicium,
3199 3827 3509 3896 iisdemque
3535 3825 3803 3894 deinceps

541 3914 722 3970 minus
767 3915 932 3971 etiam
987 3915 1223 3970 decretis
1285 3915 1543 3970 Ecclesiae
1599 3915 1914 3970 adversatur
1967 3915 2111 3971 illius
2210 3923 2524 3978 adhaesuras
2558 3919 2945 3976 autumaverit.
3001 3919 3076 3973 Ac
3127 3933 3385 3989 magnum
3417 3917 3666 3989 profecto
3697 3917 3802 3970 ha-

537 4008 763 4078 0pinio;
793 4023 1236 4079 quaminanasse
1259 4023 1291 4063 e
1323 4006 1720 4063 Platonicorum
1743 4008 1946 4064 scholis
1976 4009 2110 4063 satis
2209 4015 2461 4071 heremus
2488 4013 2554 4066 ad
2585 4011 2899 4082 quaestionis
2927 4008 3072 4064 illius
3107 4009 3496 4063 tractationem
3525 4021 3801 4075 compen-

539 4108 764 4167 apparet
807 4115 874 4155 ex
913 4097 1108 4154 Plotini
1141 4097 1282 4159 Enn.
1316 4115 1379 4167 ιι,
1429 4099 1523 4155 Iib.
1548 4116 1588 4166 I,
1629 4115 1751 4169 cap.
1798 4100 1824 4153 1
1859 4111 1915 4155 et
1955 4099 2009 4164 7,
2055 4108 2111 4154 et
2209 4107 2380 4170 dium,
2405 4105 2449 4160 si
2483 4103 2642 4173 hujus
2669 4101 2974 4170 argumenti
3005 4111 3062 4155 et
3092 4099 3234 4154 tituli
3268 4099 3435 4158 libris
3469 4099 3538 4153 ab
3573 4110 3635 4150 eo
3660 4111 3808 4150 con-

541 4189 682 4245 E'm-
710 4207 806 4258 ιιι,
865 4189 960 4246 “b-
994 4206 1034 4254 ιν
1065 4205 1185 4260 cap.
1215 4193 1282 4254 6,
1319 4204 1478 4260 quem
1522 4201 1742 4247 secutus
1783 4201 1867 4246 εει
1902 4190 2109 4247 ΜειοΓοο
2210 4195 2430 4265 scriptis
2461 4194 2726 4263 temporis
2780 4192 3112 4248 diuturnitas
3158 4190 3526 4260 pepercisset;
3565 4196 3810 4254 etquie-

538 4280 658 4336 bins
691 4281 784 4337 lib.
819 4297 834 4335 I
876 4284 931 4335 in
963 4281 1150 4338 Somn.
1187 4280 1374 4352 Scip.,
1414 4296 1534 4351 cap.
1563 4283 1614 4337 l.
2211 4300 2426 4358 cunque
2461 4287 2513 4340 in
2566 4285 2634 4340 iis
2680 4283 2811 4337 olim
2851 4283 3076 4338 fuerunt
3129 4282 3490 4351 reprehensa,
3541 4287 3804 4332 veterum

609 4371 742 4425 Cum
787 4371 838 4430 in
869 4387 934 4428 eo
963 4381 1165 4438 autem,
1202 4372 1345 4442 quod
1390 4371 1654 4438 diximus,
1702 4371 2026 4444 fragmento,
2055 4383 2111 4428 et
2213 4385 2561 4432 monumenta
2595 4389 2705 4442 prae
2732 4388 2792 4428 se
2824 4371 3066 4427 ferrent:
3101 4373 3165 4426 de
3191 4386 3250 4425 se
3280 4371 3482 4440 quippe
3512 4369 3621 4436 ipse
3659 4381 3805 4419 nar-

540 4461 667 4517 alibi
701 4477 916 4532 quoque
942 4503 959 4528 ,
999 4477 1218 4519 causam
1273 4466 1580 4518 futurorum
1628 4465 1897 4520 sideribus
1930 4466 2109 4520 neuti-
2212 4478 2296 4525 rat
2324 4469 2418 4524 lib.
2453 4485 2490 4523 II
2519 4466 2662 4534 Περὶ
2712 4465 2934 4534 ἀρχῶν,
2959 4479 3078 4534 cap.
3110 4464 3201 4528 ιο,
3227 4478 3376 4516 num.
3420 4463 3474 4520 1.
3504 4457 3808 4528 publicatis

539 4569 704 4624 quam
753 4556 934 4610 inesse
986 4572 1182 4625 magno
1239 4564 1438 4612 conatu
1465 4556 1728 4627 Origenes
1777 4558 2106 4626 probaverit,
2213 4559 2325 4614 suis
2373 4557 2450 4617 De
2489 4565 2865 4612 resurrectione
2913 4549 3413 4612 lucubrationibus,
3477 4564 3497 4596 ι
3547 4543 3806 4600 oﬁ'eusos

541 4645 710 4700 miror
758 4645 809 4700 id
871 4646 924 4700 ei
975 4647 1166 4717 dogma
1230 4646 1464 4702 afﬁctum
1505 4671 1518 4704 ;
1557 4649 1644 4705 ὅτι,
1696 4647 1952 4719 ποιητικὴ
2003 4649 2108 4701 τῶν
2141 4648 2186 4702 D
2214 4648 2475 4717 quosdam
2515 4646 2568 4699 in
2612 4641 2982 4698 ecclesiastica
3033 4643 3156 4706 ﬁde,
3193 4637 3351 4709 quasi
3403 4637 3546 4693 velut
3593 4636 3801 4700 stulte,

542 4737 926 4808 πραττομένων
968 4740 1003 4810 ἡ
1048 4740 1401 4816 ἀστρονομία,
1438 4758 1456 4791 ι
1485 4741 1871 4795 astronomiam
1918 4755 2106 4794 eorum

2215 4748 2268 4794 et
2325 4737 2542 4808 penitus
2587 4736 2912 4806 insipienter
2960 4734 3030 4788 de
3073 4732 3478 4788 resurrectione
3513 4728 3808 4792 crederet,

539 4843 661 4895 qtae
717 4827 853 4882 ﬁunt
909 4844 1130 4884 causam
1183 4843 1323 4894 esse,
1353 4849 1374 4884 ι
1420 4831 1564 4900 quod
1611 4833 1754 4885 inter
1797 4833 1900 4889 alia
1932 4832 2105 4887 eidem
2217 4828 2492 4899 prarcipue
2523 4827 2832 4881 haereticos.
2885 4843 2904 4877 ι
2960 4822 3184 4879 Multum
3220 4837 3440 4892 quoque
3467 4821 3806 4891 prodessent

538 4919 857 4988 exprobrari
917 4920 1076 4976 solita
1141 4923 1352 4977 decimo
1410 4922 1527 4979 loco
1597 4932 1841 4983 recenset
1897 4940 2107 4998 anony-
2213 4921 2281 4975 ad
2317 4919 2482 4987 hujus
2503 4918 2808 4987 argumenti
2828 4916 3242 4971 illustrationem
3261 4910 3803 4968 HammonisAdria—

539 5026 660 5068 mus
695 5021 885 5068 auctor
915 5013 1188 5083 Apologite
1241 5031 1338 5084 pro
1371 5013 1631 5086 Origene,
1675 5017 1817 5086 apud
1856 5015 2106 5076 Photium
2215 5012 2472 5081 nopolitte
2509 5011 2632 5067 libri
2668 5010 2927 5064 adversus
3001 5007 3288 5076 Origenem
3333 5019 3495 5074 super
3531 5017 3594 5056 ea
3631 5017 3803 5070 quaa-

537 5103 659 5159 cod.
685 5119 854 5160 cxvn.
2213 5102 2392 5159 stione
2417 5101 2626 5169 scripti,
2657 5100 2702 5154 si
2728 5101 2812 5154 vel
2833 5107 3176 5169 superessent
3212 5098 3313 5164 illi,
3336 5096 3422 5152 vel
3452 5094 3802 5150 tantumdem

609 5191 696 5249 Vl.
731 5193 934 5256 Praeter
971 5195 1417 5266 snperiora,illud
1433 5210 1651 5266 quoque
1674 5195 2104 5266 reprehendendi
2214 5198 2366 5247 certe
2389 5205 2457 5244 ex
2485 5190 2550 5244 iis
2583 5190 2963 5259 depromptum
2987 5186 3331 5258 pervenisset
3361 5186 3429 5240 ad
3461 5198 3584 5247 nos,
3609 5196 3804 5250 quan-

539 5300 704 5345 causa
725 5287 867 5348 elih.
886 5305 937 5346 tv
954 5288 1329 5365 Περὶὰρχῶν,
1348 5303 1498 5347 num.
1528 5289 1616 5351 I6,
1642 5286 2106 5344 recitatlustinia-
2215 5292 2327 5337 tum
2355 5297 2386 5335 e
2411 5281 2668 5336 Metltodii
2703 5294 2868 5348 opere
2897 5279 3136 5347 ejusdem
3172 5276 3403 5331 instituti
3446 5272 3806 5344 Epiphanius

539 5388 645 5430 nus
671 5374 740 5433 ad
772 5374 982 5430 calcem'
1001 5378 1157 5445 epist.
1187 5378 1254 5430 ad
1279 5377 1522 5430 Menam:
1555 5377 1652 5439 Τίς
1681 5375 1806 5429 νοῦν
1833 5375 1972 5446 ἔχων
1994 5377 2106 5448 ὁρί-
2211 5383 2268 5428 et
2300 5373 2527 5431 Photius
2554 5380 2873 5441 excerptum
2924 5379 3232 5424 servarunt.
3268 5365 3469 5420 Verum
3510 5371 3808 5418 vetustate

485 5514 490 5520 .
538 5460 688 5530 ζεται
708 5466 954 5538 πρώτην,
963 5469 1056 5522 καὶ
1071 5469 1351 5540 δευτέραν,
1368 5469 1461 5530 καὶ
1476 5469 1663 5541 τρίτην
1687 5471 1922 5541 ἡμέραν,
1939 5470 2106 5522 ἐσπέη

2215 5466 2548 5533 consumptis
2583 5464 2668 5519 his
2712 5461 3285 5525 commentationibus,
3326 5459 3431 5513 hac
3461 5470 3560 5524 ope
3600 5454 3806 5508 desti-

541 5571 643 5631 ραν
670 5573 729 5608 τε
755 5559 847 5611 καὶ
874 5561 1084 5629 πρωΐαν
1106 5561 1276 5636 χωρὶς
1300 5562 1451 5632 ἡλίου
1478 5559 1756 5634 γεγονέναι
1781 5599 1796 5625 ,
1828 5559 1923 5614 καὶ
1952 5559 2108 5630 σελή-

2215 5556 2338 5619 tuti.
2390 5557 2587 5624 partim
2641 5570 2709 5610 ex
2751 5553 2999 5624 Origenis
3064 5554 3376 5620 dogmatum
3436 5546 3810 5618 ἀλληλουχῑᾳ,

541 5659 662 5714 νης,
695 5645 790 5698 καὶ
833 5648 1111 5721 ἀστέρων;
1163 5667 1182 5700 ι
1212 5650 1343 5715 Quis
1392 5651 1588 5706 mentis
1633 5665 1855 5719 compos
1910 5659 2110 5704 statuat

2215 5648 2411 5718 partim
2461 5663 2527 5704 ex
2576 5649 2810 5703 aliorum
2853 5643 3412 5716 expostulationibus,
3461 5638 3662 5710 partim
3725 5654 3810 5691 ex

542 5739 802 5809 primum.
835 5747 890 5792 et
923 5741 1236 5804 secundum,
1271 5750 1325 5798 et
1370 5742 1591 5798 tertium
1613 5742 1781 5806 diem,
1821 5750 1876 5797 et
1912 5755 2108 5811 vespe-
2211 5736 2330 5806 ejus
2361 5739 2604 5808 scriptis,
2640 5735 2947 5806 cujusmodi
3001 5735 3069 5790 ad
3118 5744 3362 5789 nostram
3415 5737 3814 5802 pervenerunt

545 5840 684 5892 ram,
714 5832 775 5881 ac
799 5831 1122 5885 matutinum
1151 5841 1363 5901 tempus
1383 5836 1503 5890 sine
1523 5833 1639 5889 sole
1666 5832 1854 5897 fuisse,
1885 5841 1938 5886 et
1960 5832 2104 5896 luna,
2210 5837 2450 5897 mtatetu,
2495 5829 2624 5900 quid
2675 5829 2775 5900 ipsi
2830 5827 3009 5884 visum
3055 5827 3126 5883 sit
3158 5840 3258 5899 pro
3302 5824 3502 5881 viribus
3541 5821 3811 5875 :rstimev

552 5920 604 5972 et
634 5912 879 5972 stellisti
919 5915 1018 5971 Cui
1059 5927 1114 5979 et
1140 5919 1268 5978 illud
1319 5931 1496 5997 potest
1525 5921 1765 5998 adjungi,
1817 5923 1958 6002 quod
2001 5921 2097 5982 lib.
2211 5935 2351 5978 mus.
