3906 6534
182 450 283 507 981

995 449 1572 509 ORIGENIANORUM
1612 451 1735 506 LIB.
1775 448 1839 517 ll,
1879 450 2028 507 CAP.
2069 450 2134 519 il,
2171 449 2451 518 QUEST.
2486 450 2575 506 lX.

3311 444 3419 509 9.8%

261 570 329 627 ll.
372 570 526 637 Quod
565 569 609 625 si
643 584 759 625 rem
786 571 1019 641 primum
1050 588 1115 629 ex
1144 575 1405 630 doctrinm
1439 575 1608 645 ipsius
1638 584 1750 630 tex—
1781 576 1825 633 Α
1857 587 1956 627 nec
1984 573 2145 626 ullam
2174 573 2399 643 proinde
2430 580 2765 627 mortuorum
2794 582 2915 624 esse
2937 563 3413 622 resurrectionem.

184 668 309 714 tura
342 668 591 729 spectare
622 659 876 727 velimus,
926 665 1235 720 meminisse
1281 675 1499 735 Oportet
1530 681 1751 722 accusa~

185 762 301 806 tum
350 751 519 807 fuisse
575 767 722 821 eum,
775 757 920 824 quod
967 757 1202 813 animam
1257 759 1426 814 solam
1477 760 1750 814 hominem

181 841 545 905 constituere,
594 851 717 911 post
766 842 1073 910 Platonem,
1104 847 1303 902 dixerit
1333 866 1347 901 :
1379 858 1433 903 et
1466 851 1607 918 quod
1635 849 1751 903 ani-

183 942 306 983 mas
333 943 429 998 pro
458 931 701 999 peccatis
737 932 791 986 in
826 934 975 988 varia
1008 949 1264 1005 corpora,
1297 938 1376 992 sic
1409 947 1666 1007 tanquam
1696 939 1748 993 in

179 1019 401 1076 vincula
448 1022 728 1090 coniectas
777 1025 1080 1089 tradiderit,
1133 1038 1193 1081 ut
1237 1043 1400 1097 supra
1436 1029 1751 1086 observavi—

183 1126 329 1167 mus.
359 1110 564 1168 Ferunt
596 1124 856 1184 praeterea
894 1132 1213 1186 persuasum
1258 1118 1427 1174 fuisse
1467 1117 1570 1184 illi,
1608 1118 1750 1174 Ada-

182 1218 334 1257 mum
369 1213 591 1274 propter
640 1220 835 1261 noxam
872 1209 1087 1263 mortali
1138 1208 1304 1264 fuisse
1333 1225 1562 1281 corpore
1592 1212 1750 1266 indu-

181 1300 328 1357 tum,
356 1308 466 1364 quo
488 1294 642 1363 prius
668 1297 914 1366 carebat,
944 1312 1065 1353 cum
1084 1300 1405 1357 immortalis
1434 1317 1463 1355 a
1492 1303 1600 1358 Deo
1625 1301 1749 1357 fuis~

178 1394 267 1439 set
296 1396 645 1454 procreatus;
676 1387 1044 1459 pelliceasque
1072 1390 1303 1458 tunicas,
1337 1408 1471 1462 quas
1513 1396 1560 1449 ei
1606 1394 1748 1451 Deus

178 1485 307 1543 post
348 1478 850 1547 praevaricationem
880 1483 1335 1553 circumposuisse
1360 1486 1576 1552 dicitur,
1615 1488 1744 1544 nihil

180 1569 358 1625 luisse
389 1571 533 1627 aliud
566 1586 728 1642 quam
770 1587 1000 1642 corpora
1052 1578 1301 1631 mortalia
1341 1595 1355 1645 ;
1387 1595 1509 1635 ossa
1539 1595 1668 1635 vero
1697 1591 1750 1635 et

178 1675 378 1715 carnes
431 1676 570 1731 quas
638 1670 766 1716 ante
820 1674 1101 1733 peccatum
1170 1666 1425 1725 habuisse
1484 1670 1747 1725 Adammn

181 1752 470 1823 Scriptura
526 1764 943 1819 commemorat,
979 1771 1171 1811 carnes
1209 1773 1330 1812 esse
1362 1759 1744 1827 intelligihiles,

178 1856 237 1901 et
288 1861 412 1900 ossa
459 1845 844 1916 intelligibilia.
886 1845 1018 1900 Cum
1070 1846 1238 1917 igitur
1282 1848 1510 1903 mortale
1552 1864 1748 1920 corpus

178 1937 542 1992 adventitium
579 1938 709 2008 quid
748 1952 811 1991 ac
844 1947 1166 1991 extraneum
1192 1954 1314 1995 esse
1336 1940 1628 1996 arbitratus
1650 1911 1746 2009 sit,
1782 1911 1825 1970 Β

178 2032 436 2100 sequitur
462 2033 590 2090 inde
615 2040 944 2104 necessario,
990 2041 1302 2111 expurgatis
1352 2042 1609 2111 peccatis,
1653 2056 1753 2096 exc

180 2124 497 2196 solutisque
550 2128 858 2197 suppliciis,
924 2130 1150 2188 liberam
1205 2133 1419 2188 tandem
1467 2134 1752 2204 aliquando

180 2219 450 2282 animam.
488 2222 961 2292 corporaliumque
1014 2226 1333 2294 compedum
1384 2226 1623 2294 pondere
1652 2241 1750 2281 ex-

182 2320 473 2367 oneratam
505 2328 813 2385 resurgere.
848 2314 979 2370 Nam
1012 2315 1056 2371 si
1087 2331 1243 2386 poena
1274 2327 1355 2372 est
1380 2327 1599 2388 gestare
1628 2334 1751 2373 cor-

175 2417 313 2471 pus,
344 2413 559 2469 gestare
579 2416 731 2461 certe
747 2421 944 2477 corpus
966 2408 1181 2463 desinet
1214 2409 1414 2473 anima,
1443 2425 1562 2464 cum
1594 2425 1751 2478 poena

180 2494 451 2549 cessabit.
509 2496 719 2566 Corpus
761 2496 888 2552 illud
928 2496 1192 2568 intelligo,
1238 2499 1384 2567 quod
1425 2499 1479 2553 in
1525 2500 1750 2555 sceleris

179 2584 386 2639 lnelam
418 2586 585 2641 subiit
613 2586 749 2656 ipsa,
778 2601 941 2657 grave
989 2587 1117 2642 illud
1146 2603 1358 2657 nempe,
1397 2597 1669 2643 terrenum
1700 2596 1755 2644 et

176 2691 493 2741 carneum;
527 2692 634 2732 non
664 2677 791 2732 illud
821 2688 1004 2734 autem
1035 2679 1254 2749 quicum
1308 2688 1592 2748 procreata
1640 2680 1752 2750 pri-

178 2781 339 2820 mum
380 2774 437 2820 et
490 2781 519 2820 a
552 2767 663 2821 Deo
707 2768 938 2823 formata
987 2778 1090 2824 est.
1166 2767 1304 2824 Huic
1352 2770 1752 2825 consectarium

176 2867 289 2920 est,
335 2856 573 2911 futurum
604 2867 662 2912 ut
693 2859 874 2913 anima
904 2859 1266 2914 humanorum
1323 2859 1469 2915 illam
1512 2860 1755 2931 conligu-

183 2947 462 3002 ralionem
536 2947 901 3004 membrorum
944 2964 974 3002 a
1002 2962 1075 3002 se
1115 2948 1352 3015 abjiciat,
1393 2959 1577 3018 utpote
1635 2964 1756 3019 qua:

176 3039 375 3092 carnei
418 3040 665 3107 corporis
712 3040 924 3108 pmpria
968 3040 1088 3104 sit;
1144 3040 1423 3094 meliorem
1472 3051 1651 3094 autem
1699 3049 1756 3095 et

178 3128 575 3199 perfectiorem
625 3129 854 3183 formam
897 3128 1181 3199 suscipiat,
1223 3140 1281 3182 ut
1320 3144 1439 3198 qua?
1470 3129 1523 3184 in
1561 3128 1754 3186 melius

1853 665 2038 735 itaque
2088 666 2419 736 Augustinus
2477 667 2543 719 ad
2597 662 3021 731 Quodvultdeum
3069 660 3200 713 hmr.
3259 670 3416 721 mn,

1854 757 2307 811 resurrectionem
2362 757 2431 811 ab
2488 755 2741 824 Origenis
2770 752 3129 807 sectatoribus
3163 756 3414 817 negatam

1852 848 2060 902 scribit.
2089 848 2447 918 Hieronymus
2487 847 2539 900 in
2582 846 2739 915 epist.
2773 844 2870 911 59,
2906 843 2970 897 ad
3002 840 3173 905 Avit.,
3204 854 3328 908 cap.
3359 837 3411 899 l.

1852 939 2056 995 dixisse
2101 937 2395 1010 Origenem
2447 938 2610 992 tradit
2652 955 2670 987 ι
2716 934 3028 1006 corporales
3081 930 3414 988 substantias

1851 1033 2068 1101 penitus
2107 1031 2411 1100 dilapsuras
2444 1048 2459 1097 ;
2510 1038 2603 1083 aut
2628 1038 2778 1083 certe
2814 1029 2866 1081 in
2915 1026 3019 1080 line
3043 1024 3281 1080 omnium
3312 1022 3415 1075 hoc

1850 1138 1974 1180 esse
2028 1123 2206 1178 futura
2253 1138 2508 1192 corpora,
2538 1122 2681 1192 quod
2712 1134 2856 1174 nunc
2893 1127 2975 1173 est
3004 1116 3191 1181 aether,
3218 1121 3272 1169 et
3304 1127 3413 1166 coe-

1853 1214 1989 1279 lum,
2025 1214 2151 1269 etsi
2202 1217 2343 1284 quod
2390 1213 2535 1268 aliud
2583 1227 2780 1282 corpus
2822 1209 3093 1265 sincerius
3126 1216 3181 1261 et
3227 1205 3415 1275 purius

1852 1304 2074 1376 intelligi
2108 1314 2321 1374 potest;
2356 1324 2373 1356 ι
2410 1314 2519 1361 tum
2551 1305 2739 1360 addit:
2795 1322 2812 1354 ι
2852 1300 3007 1367 Quod
3053 1314 3172 1353 cum
3204 1299 3274 1351 ita
3317 1297 3411 1360 sit,

1849 1395 1977 1462 quid
2028 1397 2097 1450 de
2140 1395 2539 1451 resurrectione
2590 1394 2787 1449 sentiat
2834 1392 3179 1461 perspicuum
3225 1395 3325 1442 est.
3390 1406 3408 1439 ι

1853 1487 2055 1543 Deinde
2102 1488 2266 1543 verba
2310 1487 2562 1556 Origenis
2616 1487 2669 1541 in
2742 1485 2985 1539 eamdem
3040 1479 3412 1550 conspirantia

1849 1577 2178 1632 sententiam
2211 1577 2566 1647 sequentibus
2588 1574 2858 1644 capitibus
2891 1572 3161 1643 producit.
3204 1569 3412 1626 Similia

1850 1670 2027 1740 carpit
2066 1670 2119 1724 in
2186 1669 2394 1725 Joanne
2456 1668 2935 1739 Jerosolymitano,
2989 1665 3149 1734 epist.
3201 1664 3291 1730 6i,
3347 1662 3412 1716 ad

1850 1760 2169 1816 Pammacb.
2223 1761 2341 1828 Quo
2388 1771 2443 1816 et
2509 1760 2640 1815 illud
2695 1760 2928 1828 pertinet
3001 1758 3142 1826 quod
3200 1754 3417 1825 scripsit

1851 1852 1943 1907 lib.
1992 1867 2065 1907 χιι
2112 1853 2165 1905 in
2209 1849 2397 1905 Ezech.
2457 1865 2566 1905 ιιι
2606 1868 2625 1903 ι
2659 1848 2775 1904 Νοη
2801 1850 2941 1917 quod
2979 1847 3133 1916 juxta
3181 1844 3415 1899 saevissi-

1854 1960 1997 1998 mam
2028 1944 2279 1998 haeresim
2310 1958 2540 2011 corpora
2572 1942 2830 1997 abolenda
2862 1939 3168 1995 credamus.
3193 1957 3211 1990 ι
3241 1938 3419 1992 Theo-

1852 2036 2031 2105 philus
2063 2035 2464 2090 Alexandrinus
2496 2035 2662 2103 Epist.
2707 2032 2896 2087 Pasch.
2927 2031 2962 2085 9.
3005 2048 3018 2085 :
3076 2050 3094 2083 ι
3138 2031 3286 2086 lnter
3315 2045 3420 2085 ca:-

1854 2137 1967 2181 tera
1997 2128 2162 2182 etiam
2193 2126 2651 2181 resurrectionem
2683 2141 2711 2180 a
2742 2127 2992 2191 mortuis,
3021 2140 3142 2196 quae
3172 2137 3295 2194 spes
3324 2138 3417 2177 sa-

1854 2219 1981 2274 lutis
2010 2228 2210 2274 nostra:
2246 2228 2354 2282 est,
2387 2218 2459 2271 ita
2492 2217 2793 2286 corrumpit
2826 2226 2883 2270 et
2921 2217 3084 2271 violat
3111 2210 3417 2287 (Origenes)

1852 2321 1912 2365 ut
1944 2311 2140 2364 audeat
2166 2310 2347 2364 dicere
2370 2324 2600 2378 corpora
2628 2318 2808 2364 nostra
2833 2324 3049 2363 rursum
3083 2304 3417 2375 corruptioni

1852 2410 1909 2456 et
1938 2401 2097 2454 morti
2129 2399 2466 2469 subjacentia
2495 2399 2788 2466 suscitari;
2835 2417 2854 2450 ι
2888 2408 2943 2452 et
2973 2406 3196 2466 postea:
3229 2413 3248 2447 ι
3283 2392 3422 2448 Dicit

1854 2505 2083 2561 corpora
2116 2505 2238 2560 qua:
2266 2500 2557 2560 resurgunt
2590 2498 2710 2559 post
2739 2488 2902 2543 multa
2934 2487 3149 2553 saecula,
3190 2487 3244 2540 in
3274 2485 3419 2539 nihi—

1854 2581 1962 2636 lum
2000 2578 2367 2646 dissolvenda,
2417 2593 2515 2634 nec
2557 2577 2737 2632 futura
2791 2576 3015 2645 aliquid,
3057 2576 3160 2629 nisi
3202 2589 3322 2628 cum
3353 2574 3421 2628 de

1853 2673 2116 2730 ctelorum
2149 2670 2526 2727 mansionibus
2570 2670 2764 2724 animae
2795 2669 2861 2723 ad
2908 2667 3164 2721 inferiora
3204 2666 3424 2735 dilapsa:

1855 2763 2184 2835 indiguerint
2210 2763 2386 2829 nobis,
2412 2778 2535 2833 qua:
2563 2762 2679 2816 alite
2716 2774 2934 2815 rursum
2973 2758 3123 2823 ﬁant,
3154 2756 3424 2826 prioribus

1854 2856 2075 2910 omnino
2096 2854 2321 2922 deletis;
2362 2872 2380 2906 ι
2432 2863 2547 2908 tum
2610 2852 2792 2908 infra:
2843 2871 2863 2904 ι
2890 2850 3041 2917 Quod
3088 2849 3157 2913 si,
3194 2859 3254 2903 ut
3288 2846 3424 2902 falso

1855 2955 2004 3014 putat
2062 2944 2343 3013 Origenes,
2408 2959 2514 2999 non
2564 2943 2737 2997 solum
2789 2940 3164 3011 corruptibile,
3218 2940 3313 2995 sed
3369 2946 3427 2993 et

1856 3035 2085 3091 mortale
2114 3050 2309 3105 corpus
2347 3044 2433 3090 est
2462 3034 2850 3097 suscitandum,
2900 3048 3029 3102 ergo
3056 3047 3220 3087 unum
3257 3038 3425 3093 atque

1858 3129 1997 3183 idem
2039 3130 2319 3198 corruptio
2364 3137 2418 3182 et
2454 3127 2805 3196 incorruptio.
2848 3144 2866 3178 ι
2911 3125 3064 3180 Alter
3112 3124 3228 3194 eius
3276 3122 3426 3178 locus

178 3229 418 3284 mutata,
448 3230 504 3275 et
536 3218 847 3289 perfectiori
880 3220 1045 3273 statui
1078 3220 1284 3274 reddita
1310 3220 1413 3287 sit;
1458 3221 1751 3276 formarum
1780 3249 1823 3308 ϐ
1858 3220 2117 3274 adversus
2148 3219 2288 3273 hanc
2318 3218 2565 3273 haeresim
2597 3232 2663 3271 ex
2697 3216 2927 3286 quadam
2955 3214 3176 3284 epistola
3207 3213 3272 3267 ad
3296 3228 3424 3267 san-

175 3322 372 3366 autem
424 3313 666 3367 omnium
717 3326 841 3367 cum
881 3311 1275 3382 perfectissima
1332 3312 1405 3367 sit
1463 3312 1749 3381 sphaerica,

174 3406 430 3459 futurum
457 3418 672 3473 quoque
700 3413 760 3458 ut
795 3405 849 3458 in
888 3403 1103 3473 globum
1153 3404 1350 3459 anima:
1396 3404 1753 3473 perfectiores

176 3511 217 3547 a
250 3494 481 3550 mortuis
523 3493 797 3549 suscitata:
843 3493 1226 3548 rotundentur.
1265 3493 1342 3548 Ex
1383 3508 1445 3549 ea
1487 3509 1750 3563 praeterea

174 3584 516 3647 assertione.
567 3598 689 3653 qua;
729 3582 928 3637 animis
961 3598 1059 3652 pro
1096 3583 1385 3638 criminum
1435 3584 1592 3639 modo
1627 3599 1753 3638 cor-

171 3691 321 3745 pora
357 3675 475 3746 plus
511 3676 757 3730 minusve
796 3689 978 3730 crassa
1039 3674 1239 3744 imponi
1268 3675 1476 3740 sciscit,
1522 3675 1757 3732 ellicitur

174 3765 345 3831 illud,
393 3766 665 3821 diversum
708 3764 826 3820 fore
873 3765 1185 3835 resurgendi
1231 3767 1751 3836 modum;splendi-

176 3856 423 3925 diusque
452 3870 515 3909 ac
539 3854 795 3911 subtilius
824 3855 1052 3909 inituras
1076 3869 1272 3923 corpus
1300 3855 1530 3920 animas,
1556 3872 1678 3926 quae
1701 3858 1751 3911 in

176 3946 484 4002 virtutibus
532 3961 674 4010 sese,
727 3947 854 4001 dum
904 3948 958 4001 in
1005 3948 1168 4002 terris
1205 3956 1396 4015 agunt,
1440 3947 1755 4018 diligentius

175 4046 487 4100 exercent;
518 4053 639 4106 qua:
662 4047 850 4091 contra
885 4046 1244 4106 prorumpunt
1275 4038 1328 4091 in
1356 4037 1507 4103 vitia,
1541 4040 1759 4095 densio-

178 4128 345 4181 ribus
369 4142 433 4179 ac
466 4128 778 4182 rmlioribus
809 4128 1127 4196 corporibus
1147 4127 1457 4196 adjunctum
1487 4128 1573 4181 iri.
1606 4127 1759 4185 Nunc

177 4226 371 4271 utrum
417 4218 678 4273 doctrinae
727 4235 837 4273 sum
902 4220 1148 4273 ordinem
1208 4233 1272 4272 ac
1316 4219 1756 4273 consecutionem

174 4308 453 4378 Origenes
510 4312 768 4375 tennerit,
831 4327 897 4364 ex
958 4310 1187 4364 aliorum
1260 4308 1756 4375 criminationibus,

177 4402 472 4470 ipsiusque
500 4403 742 4471 scriptis,
766 4404 1151 4473 expendamus.

258 4512 352 4567 ill.
381 4514 714 4569 Accusatum
744 4529 866 4569 eum
914 4512 1082 4567 refert
1120 4512 1458 4582 Pamphilus,
1504 4515 1645 4582 quod
1675 4530 1761 4570 re-

1858 3322 1974 3381 ctos
2011 3312 2101 3381 qui
2131 3321 2285 3367 erant
2321 3309 2373 3363 in
2406 3309 2570 3373 Sceti,
2598 3309 2932 3376 depromitur
2965 3323 2995 3359 a
3026 3306 3334 3362 Justiniano
3362 3304 3415 3358 in

1859 3402 2086 3471 epistola
2124 3404 2191 3457 ad
2241 3402 2494 3457 Menam:
2546 3415 2753 3457 necnon
2800 3408 2856 3453 et
2901 3398 3051 3454 locus
3095 3413 3164 3453 ex
3198 3396 3425 3467 epistola

1860 3493 2044 3564 Cyrilli
2069 3493 2135 3547 ad
2168 3492 2462 3547 monachos
2489 3491 2578 3560 qui
2611 3500 2765 3544 erant
2796 3490 2846 3543 in
2878 3486 3050 3553 Phua,
3082 3504 3189 3558 quo
3217 3485 3428 3556 signiﬁ-

1862 3592 2018 3636 catur
2055 3580 2389 3636 anathemati
2412 3581 2713 3650 subjectum
2749 3579 2913 3633 l'uisse
2946 3579 3257 3649 Origenem,
3282 3576 3426 3645 quod

1863 3681 2195 3726 mortuorum
2231 3673 2685 3728 resurrectionem
2717 3672 3011 3742 negaverit.
3030 3670 3164 3724 Huic
3183 3667 3430 3738 epistolae

1863 3768 1929 3818 ad
1954 3763 2163 3818 Menam
2199 3764 2471 3835 geminum
2507 3762 2856 3833 subiungitur
2891 3778 2958 3818 ex
2992 3762 3224 3831 Origene
3273 3762 3430 3814 testi-

1863 3860 2105 3914 monium
2129 3860 2231 3914 hoc
2250 3874 2437 3914 errore
2467 3874 2783 3927 aspersum;
2818 3857 2961 3911 aliud
2985 3873 3051 3911 ex
3079 3857 3170 3928 lib.
3201 3870 3239 3910 ll
3290 3854 3429 3921 Περὶ

1866 3949 2089 4020 ἀρχῶν,
2133 3967 2240 4020 quo
2270 3965 2496 4019 corpora
2546 3950 2613 4005 ab
2656 3950 2911 4003 omnibus
2946 3947 3270 4016 depositum,
3298 3956 3351 3997 ct
3377 3946 3431 3998 in

1867 4044 2093 4096 nihilum
2127 4042 2404 4097 redactum
2438 4042 2503 4095 iri
2536 4041 2815 4106 statuitur,
2842 4055 2962 4093 cum
2984 4038 3092 4092 Deo
3108 4036 3286 4091 omnia
3310 4037 3435 4089 sul)-

1858 4132 2157 4200 jicientur;
2189 4147 2509 4201 rursumque
2538 4132 2717 4185 futura
2754 4146 3005 4200 corpora,
3054 4129 3097 4184 si
3134 4127 3429 4183 rationales

1865 4240 1896 4278 a
1925 4224 2297 4293 superioribus
2325 4224 2687 4279 descendant:
2727 4223 2872 4278 aliud
2915 4239 2986 4279 ex
3035 4223 3175 4278 libro
3206 4229 3424 4291 quarto,

1865 4331 1973 4385 quo
2000 4318 2139 4372 idem
2177 4315 2533 4385 significatur.
2562 4316 2818 4383 Queritur
2865 4326 3126 4386 prteterea
3171 4313 3435 4368 Jnstinia-

1868 4422 1968 4462 nus
2001 4408 2140 4475 apud
2182 4408 2426 4476 quintam
2469 4410 2758 4479 synodum.
2791 4409 2842 4463 in
2869 4407 3094 4475 epistola
3140 4423 3299 4474 quam
3335 4405 3435 4459 de-

1867 4498 2086 4567 scripsit
2108 4496 2407 4563 Cedrenus,
2439 4497 2709 4553 ail‘n'mare
2747 4498 3105 4569 Origenistas.
3132 4496 3256 4548 Ὅτι
3293 4510 3434 4548 παν-

178 4602 591 4657 surrectionem
625 4611 961 4656 mortuorum
988 4599 1238 4655 absolute
1265 4601 1570 4671 sustulerit,
1599 4613 1761 4672 atque

1866 4590 2025 4661 τελής
2056 4591 2171 4643 ἐστι
2210 4590 2319 4643 τῶν
2360 4588 2629 4659 σωμάτων
2673 4588 2967 4661 ἀναίρεσις,
2998 4586 3163 4642 αὐτοῦ
3200 4585 3294 4639 τοῦ
3326 4587 3439 4637 Κυ-

180 4694 338 4749 lianc
393 4694 831 4748 criminationem
871 4692 1105 4761 septimo
1148 4692 1268 4747 loco
1313 4693 1542 4761 positam
1572 4696 1762 4749 contu.

184 4796 292 4840 tat.
342 4784 678 4855 Epiphanius
717 4784 849 4839 hair.
888 4799 1031 4850 thv,
1083 4799 1201 4852 cap.
1253 4785 1340 4849 li,
1388 4795 1642 4839 conatum
1687 4786 1768 4840 ait

178 4896 318 4937 eum
346 4880 398 4933 in
433 4866 822 4933 Commentario
871 4879 925 4931 in
963 4877 1225 4945 psalmum
1256 4894 1294 4941 t,
1335 4878 1430 4931 Ἐκ
1479 4878 1590 4932 τῶν
1624 4877 1768 4931 κατὰ

180 4972 359 5042 φύσιν
380 4972 512 5042 ἡμῖν
547 4970 951 5041 συμϐαινόντων
984 4968 1279 5041 ἀνατρέψαι
1311 4970 1408 5039 τῆς
1440 4969 1609 5039 αὐτῆς
1640 4972 1769 5023 ἀνα-

183 5064 440 5126 στάσεως
492 5063 647 5134 ἡμῶν
692 5063 750 5114 ὲν
797 5060 1024 5133 ἀληθείᾳ
1065 5060 1274 5124 ἐλπίδος
1312 5059 1410 5131 τὴν
1455 5059 1762 5131 ὁμολογίαν.

190 5172 214 5206 ε
244 5154 330 5209 Ex
366 5153 434 5208 iis
487 5152 642 5221 ipsis,
692 5165 814 5220 quae
866 5150 1189 5203 naturaliter
1214 5149 1368 5203 nobis
1391 5149 1676 5213 eveniunt,
1710 5148 1763 5203 id

188 5243 422 5313 assequi
479 5253 540 5297 ut
589 5240 1010 5297 resurrectionis
1052 5250 1251 5295 nostrae
1298 5253 1421 5295 cum
1468 5253 1580 5308 spe-
1614 5248 1764 5294 certa

184 5332 543 5401 coniunctam
584 5331 977 5403 professionem
1036 5328 1277 5384 funditus
1327 5328 1562 5385 tolleret.
1615 5327 1761 5383 idem

187 5440 326 5495 cap.
375 5425 447 5480 63
496 5422 726 5478 subdole
765 5438 887 5477 eum
927 5422 1003 5475 ait
1055 5430 1109 5475 et
1140 5419 1293 5476 vafre
1350 5420 1767 5476 resurrectionis

192 5531 406 5575 nomen
436 5516 746 5581 admittere,
781 5530 896 5570 rem
929 5515 1102 5585 ipsam
1131 5512 1364 5567 iniiciari
1385 5529 1401 5566 :
1426 5512 1629 5582 quippe
1655 5527 1771 5566 cor-

189 5627 303 5683 pus
332 5612 643 5680 neutiquam
673 5621 977 5679 resurgere,
995 5604 1090 5661 sed
1118 5603 1286 5659 solam
1315 5605 1552 5657 animam
1584 5604 1772 5658 decer-

194 5709 335 5763 nat;
392 5699 628 5752 animam
681 5707 861 5752 autem
929 5711 1035 5751 non
1100 5709 1411 5763 resurgere,
1481 5708 1603 5763 qua:
1663 5707 1772 5746 non

196 5789 377 5856 cadit,
419 5804 519 5845 nec
555 5790 957 5860 exstinguitur;
992 5802 1194 5857 corpus
1239 5800 1453 5855 quoque
1484 5783 1636 5853 juxta
1688 5784 1769 5853 ip-

188 5885 315 5941 sius
357 5884 567 5941 sancita
606 5899 714 5939 non
745 5897 1066 5953 resurgere;
1112 5879 1433 5947 nihiligitur
1462 5892 1769 5947 resurgere,

1873 4683 1987 4755 ρίου
2031 4680 2249 4754 πρώτου
2293 4681 2684 4753 ἀποτιθεμένου
2730 4680 2793 4734 τὸ
2838 4680 2969 4734 ἴδιον
2996 4679 3175 4749 σῶμα,
3205 4675 3439 4731 καὶτῶν

1870 4777 2071 4832 λοιπῶν
2143 4776 2419 4841 ἁπάντων,
2488 4777 2582 4829 καὶ
2638 4776 2720 4827 ὅτι
2793 4772 3215 4844 ἀνακομίζονται
3276 4769 3437 4822 πάλιν

1873 4868 2112 4929 ἅπαντες
2169 4866 2247 4930 εἰς
2300 4866 2398 4937 τὴν
2446 4866 2615 4935 αὐτὴν
2654 4862 2836 4924 ὲνάδα,
2881 4862 2973 4915 καὶ
3016 4860 3255 4929 γίνονται
3296 4857 3439 4919 νόες,

1873 4958 2015 5013 καθά
2042 4958 2136 5011 καὶ
2170 4959 2227 5010 ὲν
2271 4961 2339 5029 τῇ
2391 4955 2728 5028 προῦπάρξει
2775 4954 3091 5024 ἐτύγχανον.
3150 4970 3169 5002 ι
3197 4950 3437 5018 Corpora

1872 5051 2086 5121 penitus
2114 5049 2363 5113 interire,
2406 5049 2524 5116 ipso
2568 5047 2796 5100 Domino
2846 5046 3080 5115 primum
3139 5042 3443 5109 deponento

1870 5141 2144 5212 proprium
2170 5155 2390 5209 corpus,
2426 5150 2481 5193 et
2525 5138 2745 5205 reliquis
2787 5136 3040 5190 omnibus
3081 5150 3097 5199 ;
3152 5142 3208 5186 et
3251 5144 3440 5185 omnes

1870 5247 2059 5287 rursus
2081 5232 2146 5284 ad
2176 5234 2419 5286 eamdem
2451 5231 2709 5284 unitatem
2745 5228 2945 5291 redire,
2977 5238 3032 5280 et
3057 5233 3266 5280 mentes
3303 5222 3440 5286 lieri,

1873 5323 2178 5393 cuiusmodi
2231 5330 2387 5375 antea
2430 5330 2605 5376 erant.
2654 5339 2673 5372 ι
2717 5318 2902 5391 itaque
2933 5326 3154 5389 propter
3176 5314 3441 5390 sublatam

1876 5429 2162 5484 corporum
2215 5414 2672 5469 resurrectionem
2713 5414 3025 5467 damnatum
3068 5401 3240 5465 fuisse
3282 5423 3309 5461 a
3359 5422 3447 5477 sy~

1881 5511 2022 5563 nodo
2070 5507 2257 5576 quinta
2298 5504 2585 5575 Origenem
2630 5512 2859 5557 testatur
2906 5500 3132 5555 Photius
3172 5499 3225 5552 in
3267 5496 3448 5551 libello

1882 5599 1958 5655 De
1986 5599 2222 5669 synodis,
2268 5605 2325 5651 et
2364 5604 2555 5650 auctor
2594 5595 2835 5649 incertus
2878 5590 3043 5647 libelli
3090 5588 3169 5643 De
3208 5587 3446 5657 synodis,

1879 5691 1970 5760 qui
2004 5692 2055 5744 in
2089 5688 2371 5744 Jttstellina
2404 5685 2885 5754 Bibliotltecajuris
2917 5678 3159 5736 canonici
3215 5681 3448 5734 insertus

1876 5791 1977 5847 cst,
2009 5792 2062 5835 et
2086 5795 2259 5835 canon
2290 5780 2500 5849 primus
2528 5778 2717 5848 synodi
2764 5775 3112 5845 quinisextte,
3151 5779 3206 5827 et
3249 5771 3447 5825 σεσιω-

1885 5889 2011 5929 uus.
2046 5871 2312 5929 Placitum
2350 5871 2475 5927 huic
2529 5870 2669 5926 idem
2700 5868 2982 5925 ascribunt
3022 5864 3361 5934 Sophronins
3392 5863 3445 5915 in
