3906 6548
503 421 611 476 983

1810 423 1868 478 Ρ.
1912 420 2228 477 DANELIS
2266 418 2498 474 llUETll
3605 424 3683 477 93;

502 535 728 603 epistola
774 536 841 591 ad
870 536 1169 608 Sergium,
1205 549 1258 593 et
1302 554 1606 611 anouymus
1641 540 1779 610 apud
1824 539 2074 594 Phntium
2106 540 2152 596 Α
2182 534 2412 588 mediam
2445 535 2683 589 tenuisse
2724 533 2862 587 viam
2900 533 3038 589 inter
3076 534 3379 589 Catholicos
3406 550 3568 589 veram
3590 552 3678 591 car-

499 624 621 679 cod.
652 642 825 689 cxvtt,
854 639 910 682 et
946 627 1181 688 Joannes
1210 632 1575 689 Damascenus
1607 634 1657 687 in
1701 633 1839 688 libro
1871 632 1944 685 De
1970 633 2069 687 Iuc-

500 718 725 783 resibus,
758 730 814 774 et
842 722 1234 780 Constantinus
1284 726 1713 799 llarmenopolus
1742 727 1795 781 in
1826 726 1963 780 libro
1995 726 2071 779 De

501 813 677 875 sectis,
731 825 787 868 et
839 824 968 870 ante
1016 832 1139 871 eum
1200 818 1398 890 Glycas
1457 821 1744 875 Annalium
1793 829 1931 891 part.
1986 833 2067 884 ιιι,

498 907 748 969 quamvis
821 916 977 970 parte
1030 924 1080 961 tv
1135 925 1357 979 corpora
1401 914 1616 980 quidem
1670 923 2068 973 resurrectura,

499 995 592 1048 sed
624 1013 727 1050 non
763 999 952 1054 eadem
988 1003 1264 1057 censuisse
1294 1003 1464 1072 ipsum
1502 1014 1797 1060 assereret.
1830 1005 2070 1073 Denique

497 1082 762 1152 Cyriacns
787 1091 926 1157 apud
963 1088 1274 1145 Simeonem
1318 1091 1739 1161 Metaphrastem
1764 1094 1964 1148 dixisse
1995 1094 2070 1147 ait

496 1173 834 1245 Origettistas
889 1179 1050 1235 Nova:
1099 1181 1290 1238 Laurte
1327 1185 1379 1238 in
1424 1184 1738 1250 l’alzestina,
1782 1204 1801 1238 ι
1841 1201 2069 1255 corpora

498 1278 682 1321 nostra
712 1284 832 1338 qua:
862 1270 1210 1325 habuerimus
1239 1288 1306 1327 ex
1343 1276 1766 1341 resurrectione,
1815 1292 1935 1331 esse
1969 1294 2066 1348 pe-

497 1359 646 1414 nitus
682 1372 911 1416 ventura
942 1364 1007 1417 ad
1037 1363 1345 1429 interitum,
1376 1377 1428 1421 et
1459 1366 1660 1421 Christi
1695 1368 1876 1437 primi.
1905 1388 1924 1422 ι

566 1449 655 1505 ιν.
686 1453 768 1506 Ab
798 1455 882 1509 his
913 1454 1230 1512 criminibus
1280 1468 1475 1529 purgat
1512 1459 1900 1514 Adamantintn
1927 1462 2070 1530 quod

498 1558 661 1612 supra
690 1547 1205 1613 demonstravimus,
1238 1563 1481 1605 creatmn
1522 1552 1677 1615 nihil,
1726 1569 1793 1606 ex
1854 1553 2073 1608 decreto

498 1635 769 1706 Origenis,
820 1654 1050 1709 corpore
1089 1658 1305 1709 carere,
1358 1646 1497 1699 unde
1547 1646 1793 1713 sequitur
1815 1646 1898 1697 vel
1936 1646 2073 1715 inju-

496 1730 633 1781 riatn
668 1730 792 1785 huic
825 1730 1029 1801 facere,
1073 1735 1165 1804 qui
1211 1736 1448 1790 sensisse
1493 1752 1616 1791 eum
1651 1736 1830 1790 ferunt
1858 1737 2074 1805 penitus

495 1820 783 1878 interitura
813 1839 1068 1893 corpora,
1104 1835 1162 1881 et
1206 1827 1260 1880 in
1306 1827 1532 1883 nihilum
1584 1829 1945 1892 dissolvenda,
1982 1828 2070 1885 vel

496 1912 671 1982 ipsum
725 1926 897 1983 certe,
949 1917 1103 1986 juxta
1150 1936 1353 1975 morem
1417 1921 1737 1990 Scripturte,
1794 1923 2072 1977 interitum

495 2004 795 2073 appellasse
828 2008 1273 2065 instaurationem
1301 2011 1430 2066 etin
1466 2013 1659 2067 melius
1687 2014 2070 2069 mutationem:

495 2095 578 2148 sic
607 2097 751 2150 enim
806 2097 1111 2154 Metltodius
1142 2101 1274 2154 liter.
1309 2117 1453 2165 utv,
1483 2117 1605 2171 cap.
1636 2104 1728 2168 52,
1762 2103 1922 2166 Ἐοος
1955 2106 2074 2168 ταῖς

496 2188 740 2260 Γραφαῖς
789 2190 1014 2262 λέξομεν
1058 2195 1158 2266 τὴν
1196 2196 1276 2259 εἰς
1322 2196 1382 2249 τὸ
1430 2201 1675 2268 κρεῖττον
1720 2198 1815 2252 καὶ
1868 2198 2068 2265 ἐνδοξό-

492 2296 648 2347 τερον
690 2281 1130 2339 ἀποκατάστασιν
1174 2289 1379 2359 ταύτην
1417 2289 1511 2342 τοῦ
1583 2289 1788 2360 κόσμου
1838 2291 2071 2360 μεταϐο-

493 2368 591 2440 λὴν
640 2369 915 2428 ἀπώλειαν
967 2374 1168 2444 λέγειν,
1220 2372 1331 2432 οἷον
1377 2379 1472 2435 τοῦ
1532 2379 1766 2451 πρόσθεν
1796 2380 2073 2450 σχήματος

494 2460 870 2532 ἀπολλυμένου
913 2466 1055 2519 κατὰ
1086 2467 1186 2539 τὴν
1221 2470 1301 2532 εἰς
1331 2468 1392 2521 τὸ
1424 2469 1779 2539 φαιδρότατον
1816 2469 2071 2523 ἁπάντων

498 2548 821 2624 ἐξαλλαγήν.
862 2572 879 2605 t
912 2554 1116 2611 Morem
1148 2559 1291 2611 hunc
1318 2573 1439 2612 esse
1467 2561 1707 2614 dicemus
1751 2560 2069 2629 Scriptor-1',

497 2650 560 2695 ut
590 2646 773 2699 nntndi
807 2647 1281 2714 instaurationem,
1310 2660 1473 2720 atque
1505 2654 1557 2706 itt
1592 2652 1783 2707 melius
1826 2662 1879 2707 et
1933 2668 2071 2721 prae-

495 2736 734 2792 stantius
766 2742 1137 2807 mutationem,
1168 2743 1445 2798 lnteritunt
1477 2745 1727 2815 appellet,
1756 2755 1944 2814 utpote
1974 2746 2063 2800 in-

495 2838 746 2885 tereunte
771 2832 952 2899 priore
986 2833 1329 2902 fortna,dunt
1368 2836 1420 2890 itt
1453 2837 1812 2907 pulchriorem
1834 2838 2064 2893 formam

492 2924 849 2977 convertitur.
877 2942 897 2978 ι
942 2923 1146 2995 Purgat
1187 2943 1310 2983 eum
1350 2944 1568 3001 quoque
1605 2929 1972 3001 Hieronymus
2010 2930 2063 2986 in

492 3016 654 3084 epist.
702 3019 768 3072 ad
804 3016 1144 3089 Pammach.,
1194 3037 1317 3093 cap.
1364 3022 1420 3090 8,
1477 3039 1599 3078 cum
1650 3024 1825 3093 ipsum
1875 3024 2069 3078 scribit

2178 622 2263 677 nis
2314 625 2770 678 resurrectionem
2809 630 3042 688 tuentes,
3092 633 3148 678 et
3192 625 3470 680 haereticos
3499 624 3684 681 Marcio-

2173 727 2320 777 netn,
2368 710 2630 781 Apellem,
2692 710 3045 767 Valentinum
3094 724 3148 768 et
3192 713 3420 780 Martem,
3486 730 3681 772 resurre.

2173 805 2408 860 ctionem
2442 805 2653 860 nonnisi
2689 805 2740 859 in
2775 806 3153 875 phantasmate
3186 806 3417 861 futuram
3467 812 3685 865 arbitrati.

2180 905 2279 953 tes.
2313 914 2331 947 ι
2361 896 2472 951 Sibi
2521 907 2702 951 autem
2756 908 3043 967 utramque
3078 899 3364 967 displicere
3420 902 3685 955 sententiam

2183 989 2406 1059 (asserit
2461 989 2751 1058 Origenes)
2808 990 2995 1060 fugere
3026 1008 3083 1045 se
3116 1001 3167 1045 et
3211 1002 3514 1047 nostrorum
3543 1011 3688 1049 carnes

2177 1078 2365 1147 (verba
2418 1090 2544 1136 sunt
2588 1080 2929 1151 llieronytni)
2970 1092 3025 1136 et
3082 1082 3457 1137 hzereticorutn
3510 1086 3687 1153 phanta.

2174 1186 2370 1237 smata,
2402 1174 2525 1241 quia
2566 1182 2794 1242 utraque
2848 1188 2974 1240 pars
3020 1174 3072 1227 in
3117 1174 3448 1228 contrarium
3467 1175 3605 1229 nimia
3623 1180 3686 1243 sit,

2175 1265 2296 1318 aliis
2326 1266 2376 1319 id
2408 1265 2708 1320 volentibus
2736 1280 2795 1318 se
2824 1279 2945 1318 esse
2973 1265 3116 1333 quod
3150 1268 3387 1330 luerunt,
3417 1267 3532 1321 aliis
3550 1282 3686 1323 resur~

2184 1358 2481 1411 rectionem
2510 1372 2798 1427 corporum
2822 1358 3046 1412 omnino
3077 1358 3480 1428 denegantibus.
3517 1378 3535 1414 ι

2249 1449 2312 1503 ν.
2355 1449 2604 1507 Ostendit
2642 1449 2804 1505 etiam
2855 1466 2960 1504 non
2998 1452 3214 1520 penitus
3252 1452 3514 1506 sublatam
3556 1452 3611 1506 ab
3643 1470 3688 1507 re

2175 1541 2343 1595 fuisse
2376 1556 2661 1611 corporum
2692 1543 3167 1607 resurrectionem,
3190 1543 3332 1611 quod
3370 1552 3546 1596 narrat
3572 1542 3687 1596 Pam.

2175 1632 2355 1701 philus
2395 1633 2447 1686 in
2475 1632 2751 1701 Apologia,
2789 1653 2807 1683 ι
2832 1648 2956 1687 eum
2982 1650 3182 1701 corpus
3210 1635 3429 1703 quidem
3464 1651 3688 1703 resurgere

2174 1724 2443 1789 conliteri,
2474 1738 2695 1778 carnem
2722 1739 2853 1778 vero
2888 1739 3106 1794 negare.
3134 1744 3153 1777 t
3196 1724 3343 1779 ldent
3385 1726 3436 1779 itt
3463 1742 3523 1781 eo
3554 1727 3687 1793 culpat

2179 1814 2511 1879 Methodius,
2543 1815 2596 1869 in
2630 1815 2773 1870 libro
2810 1816 2887 1869 De
2914 1819 3318 1881 resurrectione,
3343 1834 3452 1887 quo
3474 1818 3564 1873 hoc

2106 1910 2148 1966 B
2180 1909 2332 1979 genis
2366 1909 2559 1979 dogma
2589 1908 2863 1974 convellit,
2896 1920 2950 1964 et
2997 1911 3153 1981 cujus
3186 1911 3467 1980 Epitomen
3500 1910 3686 1965 Patieris

2178 2015 2279 2054 suo
2329 2000 2559 2053 inseruit
2606 2000 2942 2070 Epiphanius
2991 2001 3123 2056 liter.
3172 2018 3318 2068 LXIV,
3347 2018 3595 2072 quamque
3626 2018 3687 2055 re»

2174 2093 2520 2163 praesentavit
2553 2092 2776 2147 Photius
2807 2092 2925 2150 cod.
2949 2108 3207 2159 ccxxxw,
3233 2095 3420 2165 aitque
3453 2094 3685 2166 Origencta

2175 2202 2341 2256 super
2391 2187 2748 2255 responsione
2807 2184 3116 2240 Sadduczeis
3160 2202 3190 2241 a
3232 2187 3462 2243 Domino
3503 2189 3606 2243 data
3633 2190 3689 2241 di.

2173 2280 2320 2335 xisse
2370 2278 2613 2333 futurum
2672 2288 2730 2333 ut
2782 2278 2990 2348 angelis
3043 2279 3249 2336 similes
3301 2282 3599 2347 evadamus,
3644 2296 3689 2334 ac

2174 2372 2399 2442 proinde
2447 2385 2617 2426 carne
2669 2372 2961 2428 nudemttr.
3011 2372 3154 2438 Quin
3191 2373 3360 2427 etiam
3414 2373 3689 2443 Origenistas

2173 2465 2367 2533 carpit,
2396 2463 2541 2517 velut
2578 2478 2796 2519 carnem
2841 2464 2986 2518 inter
3025 2476 3079 2519 et
3118 2480 3317 2537 corpus
3351 2466 3541 2536 aliquid
3567 2466 3687 2519 inter-

2170 2572 2288 2613 esse
2333 2558 2670 2627 suspicantes
2697 2557 2846 2629 (46);
2876 2559 3032 2628 quasi
3064 2574 3264 2629 corpus
3309 2562 3384 2615 sit
3412 2561 3585 2614 animm
3606 2574 3691 2628 pro-

2173 2650 2372 2720 priunt,
2409 2650 2551 2720 quod
2583 2654 2732 2705 cerni
2768 2668 2872 2706 non
2903 2653 3073 2722 possit
3115 2671 3130 2720 ;
3174 2668 3306 2708 caro
3344 2664 3517 2708 autem
3546 2655 3603 2706 sit
3621 2669 3692 2705 es-

2174 2751 2385 2796 ternum
2431 2739 2583 2804 illud,
2654 2742 2799 2810 quod
2853 2742 3028 2796 oculis
3098 2752 3416 2811 usurpatur.
3471 2742 3692 2795 Adversus

2171 2834 2429 2887 eumdem
2510 2846 2754 2887 errorem
2825 2833 3153 2888 auctoritate
3216 2833 3475 2889 Methodii
3534 2842 3692 2901 pugnat

2173 2924 2491 2981 Anastasius
2524 2922 2733 2979 Sinaita
2765 2923 3121 2995 Cuntemplat.
3142 2926 3383 2997 Anagog.
3415 2926 3505 2980 lib.
3525 2940 3589 2979 ιι.
3610 2922 3691 2976 Nec

2174 3017 2282 3073 alio
2310 3015 2530 3071 videtur
2558 3025 2809 3086 spectare
2834 3015 3126 3087 Epiphanii
3154 3018 3423 3073 adversus
3455 3016 3689 3085 Origeneut

557 3196 679 3268 μδ)
712 3196 855 3262 Quin
882 3198 1038 3252 etiam
1068 3197 1397 3267 Origenisttts
1435 3203 1627 3269 carpit,
1692 3198 1831 3271 velut
1863 3214 2075 3253 carnem
2104 3204 2146 3260 C
2188 3196 2424 3271 ratione.
2462 3195 2555 3271 llis
2580 3197 2888 3271 praemissis
2924 3197 3083 3254 facile
3119 3200 3449 3271 intelligetur
3472 3194 3687 3271 qttid__sibi

496 3267 636 3321 inter
667 3276 716 3321 et
768 3284 956 3336 corpus
1014 3270 1216 3337 aliquid
1273 3267 1536 3325 interesse
1570 3270 1918 3331 suspicantes,
1959 3280 2067 3323 etc.

494 3337 659 3411 Certe
695 3338 892 3406 ubique
920 3339 1183 3409 Origenes
1207 3355 1303 3408 per
1320 3356 1518 3411 corpus
1544 3339 1795 3411 intelligit
1817 3353 2064 3411 carnem,

498 3408 641 3480 sicut
693 3408 1041 3480 percarnetn
1078 3411 1329 3480 intelligit
1379 3408 1593 3479 corpus.
1644 3408 1753 3465 Sed
1802 3409 2070 3478 quemad-

497 3478 717 3532 modum
764 3478 965 3543 aliquid
1026 3478 1294 3545 interesse
1361 3478 1554 3536 statuit
1601 3483 1743 3535 inter
1772 3494 1975 3548 corpus
2015 3488 2072 3532 et

494 3563 716 3616 corpus,
745 3563 965 3601 carnem
1002 3559 1056 3604 et
1079 3566 1321 3611 carnem,
1347 3552 1528 3605 habita
1568 3551 1701 3604 varii
1738 3550 1854 3617 ejus
1893 3560 2069 3603 status

493 3620 751 3681 ratione;
789 3619 872 3689 sic
912 3619 1115 3689 aliquid
1166 3622 1429 3675 interesse
1471 3622 1605 3673 dicit
1661 3623 1803 3673 inter
1843 3634 2068 3673 carnem

493 3698 551 3743 et
579 3704 796 3756 corpus.
850 3688 951 3742 Per
987 3704 1207 3744 carnem
1251 3692 1398 3744 enim
1435 3691 1571 3745 nihil
1619 3690 1762 3745 aliud
1811 3689 2068 3756 intelligit

494 3773 660 3828 quam
697 3774 937 3812 crassam
985 3760 1130 3812 illam
1182 3777 1247 3814 ac
1294 3772 1564 3815 terrenam
1596 3763 1845 3827 corporis
1871 3761 2066 3813 molem

492 3839 548 3884 et
569 3844 880 3898 compagem
909 3832 1244 3898 corruptioni
1267 3833 1629 3900 omnibusque
1661 3830 2067 3900 inﬁrmitatibus

492 3900 791 3955 obnoxiam
833 3916 849 3963 ;
902 3916 1000 3969 per
1057 3917 1257 3970 corpus
1308 3917 1436 3965 vero
1486 3899 1657 3971 ipsam
1710 3899 2067 3968 eamdemque

495 3985 740 4029 carnem.
772 3973 865 4024 sed
902 3987 1043 4040 quae,
1074 3973 1451 4040 qualitatibus,
1482 3990 1587 4027 non
1622 3981 1838 4034 natura,
1888 3982 2064 4022 muta-

497 4040 587 4105 tis,
649 4041 771 4095 talis
804 4041 856 4094 itt
895 4043 1297 4098 resurrectione
1344 4045 1537 4109 evasit,
1584 4043 1798 4111 qualem
1853 4048 2069 4111 oportet

495 4126 618 4165 esse
660 4127 781 4165 eam
815 4128 937 4180 qua:
973 4115 1025 4167 in
1057 4114 1263 4168 aethere
1301 4128 1474 4182 eoque
1526 4110 2065 4183 superioribusloeis

496 4184 706 4234 versari
740 4183 921 4246 debet,
957 4198 1130 4251 neque
1153 4186 1264 4249 jam
1306 4180 1663 4253 corrttptioni,
1696 4197 1794 4253 nec
1837 4180 2065 4234 ittlirttti-

499 4253 593 4304 tati
655 4252 743 4304 ulli
800 4254 1063 4321 subjacet.
1118 4254 1272 4321 Quod
1318 4252 1662 4309 manili-stunt
1715 4252 1774 4306 lit
1825 4261 1935 4305 tum
1994 4265 2061 4303 ex

496 4321 592 4375 lib.
626 4336 684 4376 ttt
716 4324 857 4389 Περὶ
904 4323 1123 4391 ἀρχῶν,
1148 4320 1286 4393 cap.
1328 4326 1381 4391 6,
1425 4342 1573 4379 tttttn.
1619 4323 1653 4377 5
1689 4342 1703 4376 :
1755 4341 1772 4373 t
1826 4320 2064 4393 Denique

496 4405 627 4445 caro
685 4404 869 4447 neStra
923 4397 990 4447 ab
1042 4392 1307 4463 imperitis
1355 4405 1412 4449 et
1467 4394 1775 4449 intidelibns
1828 4392 1901 4444 ita
1939 4401 2063 4463 post

498 4470 730 4515 mortem
766 4464 1012 4530 deperire
1028 4462 1399 4530 existimatur,
1425 4485 1442 4516 ι
1482 4480 1616 4529 etc.,
1643 4478 1811 4530 usque
1837 4462 1928 4527 ad,
1959 4480 1977 4511 ‹
2006 4462 2057 4513 itt

2183 3265 2417 3321 voluerit
2462 3264 2722 3337 Origenes
2766 3268 2819 3337 in
2856 3269 2920 3324 iis
2943 3264 3561 3325 cotttextibtts'inlraab
3588 3264 3689 3318 litie-

2180 3338 2276 3409 lio,
2316 3348 2385 3409 et
2434 3336 2599 3409 supra
2651 3339 2719 3391 ab
2760 3336 3093 3409 Hieronymo
3138 3353 3191 3395 et
3237 3340 3508 3395 Methodio
3534 3336 3687 3389 allatis.

2177 3407 2328 3473 Quod
2362 3408 2507 3461 enim
2547 3409 2646 3467 ait.
2682 3428 2701 3459 ι
2737 3408 2921 3477 ingere
2950 3407 3011 3464 se
3043 3420 3354 3465 nostrorum
3411 3422 3583 3465 carnes
3624 3419 3689 3456 tte-

2177 3492 2331 3531 cesse
2376 3494 2499 3532 esse
2553 3488 2613 3531 ut
2665 3480 2719 3532 itt
2778 3481 3176 3535 resurrectione
3222 3498 3395 3536 cat-ne
3449 3480 3683 3533 imitemur:

2177 3562 2279 3600 nec
2313 3549 2530 3602 easdem
2561 3564 2758 3602 carnes
2804 3562 3235 3616 resurrecturas,
3276 3572 3294 3604 ι
3338 3563 3465 3608 etc..
3498 3548 3541 3602 id
3570 3546 3688 3599 intel-

2177 3616 2290 3687 ligit
2335 3619 2401 3671 tle
2439 3632 2607 3671 carne
2644 3619 2983 3686 corruptibili
3030 3630 3085 3675 et
3132 3622 3531 3675 inlirtnitatihus
3556 3616 3690 3687 adhuc

2176 3685 2436 3759 obnoxia,
2480 3703 2641 3755 quam
2693 3690 2773 3742 sic
2814 3685 3123 3759 acceptam,
3168 3692 3422 3746 videlicet
3456 3690 3504 3743 in
3545 3685 3687 3759 iisdem

2176 3757 2607 3823 inﬁrmitatibus,
2647 3759 2901 3828 nullaque
2941 3755 2993 3813 in
3042 3764 3237 3816 melius
3277 3763 3421 3815 facta
3449 3755 3689 3812 mutatione

2176 3840 2607 3903 resurrecturattt
2642 3843 2765 3903 esse
2805 3841 2987 3903 negat:
3040 3835 3134 3885 sed
3168 3836 3302 3886 hanc
3339 3834 3524 3901 ipsam,
3552 3832 3689 3903 muta-

2178 3898 2247 3970 tis
2294 3898 2672 3970 qualitatibus,
2722 3900 2772 3952 in
2824 3901 3253 3970 incorruptione,
3292 3898 3561 3970 in'virtute
3584 3898 3687 3949 etin

2174 3968 2341 4037 gloria
2399 3982 2827 4040 resurrecturum
2889 3986 3007 4025 esse
3046 3968 3413 4040 'pronuntiat.
3477 3969 3584 4022 llam
3627 3971 3687 4016 est

2173 4046 2431 4111 constans
2461 4037 2712 4111 Origenis
2737 4040 2921 4111 opinio
2950 4037 3113 4110 quam
3139 4043 3345 4111 apertis
3378 4042 3542 4111 vet-his
3566 4047 3689 4111 εξροο

2175 4110 2256 4183 till.
2309 4108 2403 4163 lib.
2450 4123 2507 4162 ttl
2551 4106 3121 4183 [ιερὶμάρχῶνίρεψ.
3170 4106 3224 4176 li,
3271 4129 3419 4165 ttttttt.
3455 4110 3485 4161 5
3518 4106 3687 4183 taliet

2172 4176 2266 4252 lih.
2293 4196 2387 4252 “tu
2440 4176 2639 4252 contra
2677 4176 2908 4252 Celsum,
2968 4176 3113 4235 ntttn.
3156 4183 3243 4239 4:2,
3302 4183 3473 4252 Εἴπερ
3514 4176 3687 4252 δηνίτὸν

2170 4246 2418 4323 ςιμείϐειν
2433 4249 2723 4323 ποιότητας
2739 4249 2833 4321 τὴν
2845 4252 3217 4323 ὑποκειμένην
3236 4246 3686 4323 πάσαιςποιᾴτησιγ

2171 4318 2336 4393 ὕληνξ
2395 4322 2512 4383 πῶς
2560 4318 2620 4372 οὐ
2648 4392 2653 4393 ν
2679 4318 2900 4374 δυνατὸν
2943 4318 3183 4393 καὶίτὴκί
3210 4323 3391 4393 σάρκα
3422 4320 3506 4373 τοῦ
3552 4318 3683 4393 iis?“

2167 4384 2479 4461 ἀμέίψασαν
2537 4392 2827 4461 ποιότητας
2888 4384 3165 4460 γεγονέναι
3230 4384 3498 4459 τοιαύτην,
3545 4384 3687 4461 etquid?

2169 4457 2334 4533 ὲῂρῆκ)
2366 4458 2503 4515 εἶναι
2537 4462 2634 4532 τὴν
2675 4457 2729 4533 ei
2773 4457 2975 4533 αἰθέρι⁷
2998 4464 3091 4515 καὶ
3122 4466 3232 4526 τοῖς
3269 4457 3518 4515 ἀνωτάτω
3561 4457 3684 4533 αὑτοῦ

498 4524 970 4610 gloria__curporis
1022 4538 1280 4610 pr0l_icie_l_
1321 4524 1614 4610 spiritalisi
1657 4554 1676 4586 ι
1725 4524 1846 4610 qua:
1895 4524 2056 4610 verba

2174 4524 2611 4610 πολιτευομέγηνζ
2643 4532 2860 4610 ’,οὐκέτι
2901 4524 3155 4603 ’ἔχουσαν
3212 4524 3281 4585 τὰ
3324 4535 3422 4602 τῆς
3472 4524 3682 4610 σαρκαῆς

501 4617 605 4653 non
661 4602 821 4655 aliter
872 4619 937 4655 ac
985 4602 1085 4657 nus
1133 4602 1466 4661 intellexisse
1520 4605 1732 4657 videtur
1790 4602 2052 4663 lluetius,

496 4670 696 4740 quippe
721 4687 840 4744 qua:
866 4673 1126 4744 catholica
1162 4679 1432 4744 reperiat:
1468 4685 1579 4728 tutn
1608 4689 1675 4727 ex
1706 4673 1835 4744 ipsis
1875 4672 2058 4744 verbis

500 4758 623 4808 quae
652 4742 790 4796 infra
829 4743 996 4796 refert
1038 4745 1182 4797 idem
1219 4740 1559 4799 clarissimus
1583 4740 1776 4812 pra-sul
1806 4757 1837 4796 e
1864 4740 2069 4795 Catena

497 4812 827 4867 (iortleriana
890 4816 945 4867 in
995 4813 1186 4882 psalm.
1244 4832 1435 4879 cxvut,
1499 4831 1641 4869 vers.
1689 4814 1785 4875 25,
1848 4827 2077 4880 qumque

500 4883 768 4939 catholica
817 4884 998 4937 itidem
1054 4888 1297 4953 reperire
1346 4888 1649 4951 debuisset,
1721 4894 1908 4951 utpote
1940 4898 2077 4953 pra:-

500 4954 818 5009 cedetttibns
854 4956 907 5008 in
936 4951 1190 5011 omnibus
1238 4958 1435 5011 similia
1460 4974 1473 4986 °
1502 4955 1617 5010 Νῦν
1668 4955 1767 5023 μὲν
1811 4951 2075 5023 ἐκολλήθη

498 5024 578 5094 τῷ
641 5026 826 5094 ἐδάφει
876 5026 910 5095 ή
960 5025 1129 5099 ψυχὴ,
1190 5029 1285 5081 καὶ
1330 5028 1520 5097 γέγονε
1562 5021 1698 5097 σάρξ
1730 5042 1742 5055 ·
1796 5026 1889 5099 νὺξ
1918 5021 2076 5093 σάρξέ

499 5110 649 5158 caro,
682 5099 817 5150 ιιιΙιὶΙ
854 5099 999 5168 aliud
1035 5096 1308 5168 stgttiltcat
1354 5096 1514 5168 quam
1546 5096 2075 5168 Car’ttcntiltilt‘tttatlt

498 5175 556 5241 et
588 5167 994 5241 corruptibilettt
1020 5189 1033 5222 :
1070 5164 1159 5221 Ἐν
1191 5169 1248 5221 δὲ
1272 5172 1338 5241 τῇ
1369 5164 1664 5223 ἆναστὰσει
1686 5164 2077 5241 κολλΔηρήσετ-αι

497 5235 709 5361 ἓσὰρξ
738 5226 906 5309 ψυχῇ,
959 5241 1054 5293 καὶ
1095 5240 1247 5293 ἔσται
1292 5226 1439 5312 ᾤὐχὴ
1480 5242 1600 5310 ἥτις
1634 5226 1969 5315 κολληθὲίσαο
2000 5233 2079 5304 τῷ

555 5309 693 5361 enim
736 5311 792 5361 ὲν
816 5313 879 5361 τῆ
912 5311 1172 5361 καθολικῆ
1192 5313 1485 5361 ἀναστάσει
1510 5312 1718 5361 γίνεται
1750 5308 1807 5360 ἓν
1831 5308 2077 5361 [Iw-zona.

555 5305 693 5387 upiip
736 5305 792 5361 ἒν
912 5311 1174 5387 nullo}.th
1192 5305 1485 5365 ἀναστᾶσει
1504 5305 1718 5387 ὴῃίνεταιῘ
1742 5305 1807 5387 es
1831 5305 2077 5387 ῌνεῦρα,

502 5377 605 5433 καῖ
634 5377 949 5454 γ’ίνεταξτδ
999 5377 1174 5453 σῶμὰῗ
1218 5377 1634 5454 πνευματικόν,Δ
1663 5381 1755 5454 tibi
1809 5377 1872 5431 τὸ
1919 5377 2078 5447 σῶμα

503 5452 899 5521 πνευματικόν,
950 5450 1192 5522 «corpus
1242 5450 1510 5523 spiritale,
1558 5473 1577 5507 ι
1624 5450 1767 5505 idem
1814 5458 1971 5523 sonat
2016 5462 2081 5501 ac

503 5536 635 5592 caro
650 5519 947 5591 spiritalis,
973 5519 1127 5592 cujus
1159 5519 1353 5592 nem-pe
1372 5534 1593 5579 mutatae
1613 5530 1741 5575 sunt
1760 5519 2076 5592 qualitates.

506 5591 643 5645 ﬁam
689 5589 738 5647 si
780 5608 911 5647 caro
953 5589 1075 5663 post
1121 5589 1578 5649 resurrectionem
1614 5589 2082 5663 adltwt'etattitttte

504 5663 648 5735 etiit
674 5679 873 5735 corpus
898 5660 1169 5735 spiritale,
1200 5681 1334 5735 ergo
1363 5665 1599 5734 resurgit
1623 5678 1754 5716 caro
1781 5660 1923 5735 et_lit
1950 5674 2081 5712 caro

507 5730 791 5798 spiritalis,
837 5730 1084 5803 nihilque
1135 5730 1291 5789 aliud
1326 5730 1557 5789 interesi.
1601 5747 1801 5801 corpus
1846 5731 1991 5783 inter
2027 5738 2082 5781 et

507 5815 754 5865 carnem.
790 5818 954 5871 quam
996 5806 1137 5874 quod
1180 5809 1409 5861 interest
1445 5820 1663 5860 carnem
1707 5803 1847 5874 inter
1875 5810 1930 5855 et
1961 5814 2082 5852 car—

511 5885 660 5941 ηοιηρ
697 5888 895 5943 corpus
944 5872 1249 5947 et'corpus,
1307 5876 1492 5934 habita
1547 5874 1683 5931 varii
1736 5872 1855 5943 ejus
1909 5881 2082 5929 status

2161 4597 2440 4666 ἀσθενείαξ
2468 4597 2608 4667 tam;
2637 4600 2692 4655 Si
2724 4597 3323 4670 materiai!qualitatibus
3360 4597 3578 4654 euntibus
3602 4597 3685 4673 stti-

2161 4676 2323 4740 jectte
2355 4686 2547 4726 muturt
2579 4674 2774 4740 possint
2810 4675 3113 4741 qualitates,
3142 4691 3236 4725 cur
3264 4674 3383 4741 ﬁeri
3417 4688 3511 4724 non
3539 4675 3682 4741 potuit.

2178 4759 2231 4795 ut
2296 4760 2421 4795 raro
2477 4736 2631 4804 Jesu,
2669 4736 2886 4795 mutaiis
2923 4736 3287 4807 qualitatibus,
3321 4743 3444 4797 talis
3492 4736 3682 4794 erant“.

2177 4815 2383 4881 qualem
2428 4814 2656 4877 aporlttit
2712 4828 2822 4865 esse
2877 4829 3015 4873 eam,
3055 4831 3173 4881 qum
3217 4814 3270 4868 in
3316 4814 3521 4869 u'there,
3564 4817 3684 4870 «σοφαί

2177 4886 2530 4951 superioribus
2559 4884 2686 4935 locis
2722 4893 3038 4947 versaretur,
3079 4885 3304 4949 nihilque
3325 4885 3521 4935 haberet
3547 4890 3680 4930 cetum

2177 4971 2294 5020 qua:
2342 4956 2565 5021 inﬁrma:
2608 4954 2783 5006 carnis
2822 4956 3035 5020 propria
3081 4956 3259 5007 sunt?
3302 4954 3399 5007 llis
3439 4952 3559 5005 adde
3592 4958 3682 5021 qum

2179 5017 2433 5095 leguntur
2460 5025 2551 5077 lib.
2594 5039 2606 5077 I
2653 5021 2753 5095 De,
2776 5017 3055 5095 resurrect.
3081 5035 3135 5077 et
3165 5027 3218 5079 in
3246 5023 3434 5095 psaltn.
3466 5036 3543 5073 xv.
3584 5017 3681 5069 Cou-

2179 5092 2263 5147 [εἷ’
2291 5095 2452 5149 etiam
2494 5110 2616 5163 quae
2674 5094 2941 5146 habentur
2974 5094 3069 5148 lib.
3112 5112 3147 5149 tt
3189 5092 3253 5149 et
3294 5109 3346 5147 tv
3392 5094 3462 5146 De
3496 5102 3679 5143 resum-

2180 5166 2388 5229 ctione;
2424 5165 2516 5219 lib.
2556 5182 2570 5219 t
2602 5163 2739 5230 Περὶ
2771 5163 2993 5232 ἀρχῶν,
3024 5180 3143 5232 cap.
3182 5165 3283 5231 10;
3326 5165 3421 5217 lih.
3449 5178 3495 5217 tv
3544 5164 3679 5211 contra

2181 5234 2411 5305 Celsum,
2442 5253 2592 5290 ttttttt.
2612 5235 2713 5299 15;
2742 5235 2833 5288 lib.
2860 5250 2911 5299 v,
2930 5251 3075 5290 Itlllll.
3112 5236 3310 5302 “~23;
3358 5234 3449 5287 lib.
3476 5247 3549 5305 η,-
3568 5240 3677 5305 ttttttt.

2179 5304 2270 5370 29,
2313 5309 2363 5358 iu
2399 5298 2587 5374 psalm.
2622 5320 2661 5367 t,
2700 5298 2852 5358 ’vcrs.
2896 5298 2952 5368 5,
2990 5316 3043 5358 et
3087 5306 3179 5361 lib.
3216 5298 3407 5366 xxvttt.
3446 5304 3496 5357 in
3526 5298 3678 5374 Isaiuttl

2180 5362 2503 5444 prophetam,
2534 5387 2589 5429 et
2622 5362 2686 5429 ex
2716 5362 3049 5444 singulorum
3077 5376 3316 5431 locorum
3355 5362 3582 5444 accurata
3600 5362 3679 5444 w‘l'

2185 5390 2503 5443 prophetam,
2534 5390 2589 5429 et
2622 5392 2686 5429 ex
2716 5391 2797 5429 sm
2842 5390 3049 5429 tuorum
3078 5390 3316 5431 lucorum
3355 5390 3582 5429 accurata
3600 5390 3676 5417 υυι-

2185 5446 2382 5500 latione
2412 5447 2669 5502 fateberis
2692 5390 2837 5498 nihil
2857 5446 2962 5499 illis
3000 5447 3179 5500 inesse
3200 5448 3341 5515 quod
3378 5435 3676 5515 catltolicotlc

2183 5515 2602 5571 llesurrectione
2654 5516 2891 5586 dogmati
2935 5532 3039 5569 non
3077 5504 3245 5584 possit
3274 5516 3463 5586 aptari,
3492 5513 3530 5565 si
3560 5504 3676 5586 tundo

2181 5589 2443 5655 quasdam
2482 5585 2766 5655 exceperis
2810 5587 3231 5658 quaestiunculas
3280 5602 3416 5658 quas
3454 5585 3676 5658 luxuriam

2183 5648 2435 5730 Origcnis
2463 5648 2738 5730 ingenium
2764 5648 3033 5730 curiosius
3060 5648 3414 5730 persequens,
3444 5648 3673 5730 paulolOIt:

2182 5709 2730 5798 giusrprosei’ptitur.
2776 5709 2910 5798 Nam
2960 5709 3578 5796 aliquandtivita'carnis
3613 5709 3672 5798 te]

2184 5794 2431 5866 corporis
2459 5800 2712 5852 immutat
2750 5794 3067 5866 qualitates,
3110 5809 3170 5850 ut
3196 5808 3250 5850 et
3292 5799 3454 5867 ipsius
3476 5794 3670 5849 natura!!!

2184 5870 2470 5927 immutare
2500 5869 2768 5925 videatur.
2795 5868 2871 5923 De
2896 5881 3004 5937 quo
3024 5867 3166 5924 infra
3192 5869 3435 5924 lluetius.
