3916 6526
180 452 250 509 985
930 438 1509 497 ORIGENIANORUM
1548 438 1675 493 LIB.

1822 435 1981 492 CAP.
2024 436 2087 502 ll,
2126 435 2402 503 υυιιεετ.
2447 435 2535 492 lx.
2625 398 2632 411 ’

3273 439 3384 495 986

180 560 339 634 querela
380 560 513 613 hmr.
544 574 693 623 wa,
718 573 838 625 cap.
867 559 919 623 ι,
944 557 1056 627 Τὴν
1103 556 1213 612 τῶν
1249 558 1482 629 νεκρῶν,
1502 556 1699 626 inquit,

1811 555 1930 625 quia
1988 555 2132 635 sicut
2179 556 2570 626 primogenitus
2612 568 2679 607 ex
2734 555 3061 610 nlortllisest
3097 554 3385 620 Chrisws,

178 654 411 711 ἀνάστασιν
446 649 644 720 ἐλλιπῆ
678 653 935 712 ποιεῖται,
966 650 1041 721 πῆ
1094 649 1190 719 μὲν
1237 650 1380 719 λόγῳ
1420 648 1700 719 παριστῶν

180 745 339 815 ταύτην,
380 742 456 813 πῆ
509 742 567 794 δὲ
626 741 1020 814 ἐξαρνούμενος
1063 740 1390 807 τελεώτατα,
1429 740 1616 794 ἄλλοτε
1645 741 1701 794 δὲ

180 839 239 894 καὶ
258 836 397 908 μέρος
421 834 480 900 ἐξ
497 835 675 905 αὐτῆς
704 835 1046 897 ἀνίστασθαι·
1081 855 1098 886 ι
1134 835 1466 890 Mortuorum
1513 849 1702 889 resur-

182 931 414 984 rectionem
473 927 854 997 imperfectam
907 944 1026 983 csse
1080 930 1284 994 docet;
1327 928 1529 1000 partim
1576 941 1700 982 eam

177 1020 301 1077 verbis
324 1033 610 1083 asserens,
652 1020 849 1089 partim
875 1020 1116 1075 funditus
1152 1020 1384 1086 tollens;
1418 1016 1553 1073 alias
1574 1033 1703 1072 vero

180 1122 328 1182 partem
358 1110 479 1178 ejus
501 1109 775 1164 duntaxat
822 1125 1111 1180 resurgere
1159 1111 1419 1176 tradens;
1464 1126 1484 1162 ι
1517 1118 1572 1164 et
1611 1108 1699 1162 illa

180 1202 393 1257 Vincentii
419 1200 829 1258 Bellovacensis
857 1200 1068 1270 Speculi
1099 1201 1384 1256 doctrinat.
1414 1200 1511 1256 lib.
1540 1215 1701 1266 xvnl,

175 1311 254 1364 cap.
300 1294 389 1359 45,
450 1309 579 1351 cum
629 1308 814 1348 veram
866 1295 943 1348 ait
998 1294 1447 1349 resurrectionem
1520 1294 1704 1348 carnis

176 1388 406 1456 Origenem
459 1400 716 1455 negasse.
773 1383 887 1439 Non
941 1384 1080 1439 satis
1137 1394 1320 1439 autem
1373 1384 1703 1453 intelligitur

174 1479 256 1548 quid
274 1477 373 1532 sibi
411 1476 651 1531 voluerit
675 1476 1036 1546 Theophanes
1070 1475 1391 1540 Cerameus,
1416 1490 1539 1530 cum
1571 1477 1704 1530 scri-

174 1573 243 1638 psit
264 1567 442 1623 llomiI.
468 1568 564 1635 22,
612 1569 707 1622 Ἐκ
734 1569 920 1639 μέντοι
939 1568 1032 1621 τοῦ
1068 1570 1243 1621 εἰπεῖν
1262 1586 1276 1598 ⁸
1323 1570 1396 1623 Ἦ
1426 1586 1481 1622 τι
1508 1568 1703 1638 ςδώσει

172 1665 427 1731 ἄνθρωπος
446 1662 843 1733 ἀντάλλαγμα
866 1663 976 1731 τῆς
1002 1664 1212 1734 ψυχῆς
1231 1664 1458 1730 αὐτοῦ;
1485 1666 1701 1719 ὲπιστορ

173 1757 329 1827 μὶζεται
358 1758 392 1827 ή
424 1756 581 1828 παρὰ
612 1756 707 1809 τοῦ
741 1755 1029 1827 ἐπωνύμου
1058 1757 1156 1827 τῆς
1183 1757 1351 1828 ὀργῆς
1393 1757 1705 1829 Ὠριγένους

171 1846 474 1918 πεπλασμένη
536 1847 856 1911 ἀνάστασις.
900 1868 917 1899 ‹
955 1848 1223 1902 Caeterum
1273 1848 1506 1905 dicendo
1536 1866 1549 1880 '
1598 1850 1701 1902 Aut

169 1956 274 2008 quant
306 1941 456 1994 dabit
490 1941 650 1995 homo
678 1942 1114 2009 permutationem
1140 1958 1236 2011 pro
1278 1946 1461 1997 anima
1491 1960 1588 1998 sua
1617 1943 1702 1997 "‘1
1732 1907 1775 1961 Β

170 2030 391 2085 relellitur
422 2031 657 2085 conﬁcta
689 2031 1025 2086 resurrectio
1067 2033 1133 2088 ab
1170 2032 1424 2105 Origene,
1475 2035 1561 2090 cui
1604 2034 1703 2091 fuit

169 2140 312 2177 nomen
334 2123 445 2177 ἀπὸ
468 2124 569 2194 τῆς
596 2124 766 2196 ὀργῆς
800 2124 1122 2179 derivatum.
1174 2144 1194 2177 ι

211 2215 300 2271 Νοιι
343 2217 517 2272 semel
556 2217 609 2271 id
641 2219 815 2286 ipsum
862 2231 1238 2281 asseverasse,
1272 2217 1413 2286 quod
1447 2218 1699 2287 proxime

166 2309 531 2364 commemorati
554 2308 849 2379 scriptores
876 2307 1167 2377 objiciunt,
1186 2306 1463 2362 fatendum
1483 2309 1702 2378 quidem

166 2409 398 2473 tst:puta
456 2402 551 2457 lib.
611 2416 672 2465 ιι,
730 2402 872 2470 Περὶ
920 2399 1146 2470 ἀρχῶν,
1181 2416 1307 2472 cap.
1357 2404 1414 2468 5,
1463 2418 1611 2456 num.
1645 2401 1701 2469 2,

168 2492 302 2547 illira
348 2508 481 2565 ergo
518 2492 749 2556 ratione,
805 2493 979 2561 inquit
1026 2501 1250 2548 sanctus
1296 2493 1585 2563 Apostolus
1638 2493 1704 2548 ad

164 2584 425 2651 generalem
484 2584 719 2651 primam
784 2598 1006 2639 causam
1063 2585 1403 2654 respiciens,
1464 2587 1706 2643 malerim

163 2676 441 2746 corporalis,
464 2675 622 2744 cujus
648 2675 891 2731 materiae
915 2676 1096 2730 anima
1123 2692 1276 2730 usum
1301 2693 1516 2748 semper
1544 2679 1708 2733 habet

164 2769 196 2820 ill
217 2769 443 2838 qualibet
477 2766 745 2838 qualitate
780 2768 970 2837 positae
992 2809 1006 2833 ,
1038 2783 1180 2822 nunc
1218 2768 1438 2837 quidem
1476 2770 1704 2834 carnali,

163 2862 461 2929 postmodum
512 2876 644 2916 vero
690 2859 959 2916 subtiliori
1006 2868 1061 2914 et
1114 2860 1345 2930 puriori,
1398 2876 1516 2930 qua:
1548 2861 1707 2931 spiri-

164 2956 248 3008 talis
283 2952 613 3023 appellatur,
663 2952 777 3017 ait,
816 2950 1051 3005 Necesse
1108 2958 1194 3009 est
1232 2950 1573 3018 corruptibili
1605 2950 1706 3004 hoc

163 3048 346 3102 induere
391 3044 857 3114 incorruptionem
912 3041 1023 3106 ",i
1086 3050 1232 3109 etc.;
1289 3050 1345 3096 et
1398 3044 1451 3096 in
1503 3042 1704 3098 Catena

160 3138 450 3193 Corderiana
510 3145 567 3191 in
621 3135 812 3207 psalm.
861 3149 1054 3199 εινιει,
1096 3133 1190 3199 25,
1257 3149 1380 3203 pag.
1417 3134 1703 3190 ’799εΝὔν

1802 647 1877 702 ita
1928 647 2140 718 primus
2183 661 2404 701 carnem
2464 646 2643 699 evexit
2688 646 2752 697 all
2785 646 3061 712 coelump
3123 656 3177 700 et
3227 650 3386 715 paulo

1802 746 1926 806 post
1965 754 1978 791 :
2017 754 2036 789 ι
2063 737 2189 792 Ilaec
2213 747 2432 806 propter
2472 737 2598 791 illud
2646 736 2787 806 quod
2826 738 3029 791 dictum
3065 748 3187 792 est:
3219 736 3369 803 Quo-

1803 831 1949 885 niam
1989 848 2115 886 caro
2146 848 2260 885 mea
2286 831 2565 900 requiescet
2596 829 2649 882 in
2672 845 2762 897 spe
2786 829 2850 880 “’.
2874 828 2928 881 Ill
2956 842 3061 898 qua
3083 827 3220 897 spe?
3255 825 3374 882 Non

1803 922 1981 976 solum
2010 922 2135 990 quia
2167 936 2231 976 cx
2278 921 2505 976 mortuis
2539 919 2800 987 resurgit;
2849 935 3037 986 parum
3086 919 3231 973 enim
3282 917 3383 973 hoc

1803 1022 1888 1069 est
1915 1029 1930 1066 :
1962 1014 2057 1068 sed
2084 1012 2139 1066 in
2169 1027 2231 1066 ea
2257 1027 2351 1081 spe
2384 1011 2696 1080 requiescit,
2724 1010 2868 1078 quod
2907 1020 3183 1078 assumpta
3211 1018 3298 1064 est
3327 1009 3381 1065 in

1803 1104 2025 1160 caelum.
2056 1123 2077 1158 ι
2103 1102 2311 1171 Quibus
2341 1104 2593 1157 adderem
2624 1112 2679 1157 et
2704 1102 2829 1155 illud
2860 1116 2890 1156 e
2928 1100 3255 1170 1ἰὺ.ιιιΠερὶ
3278 1101 3383 1171 dp-

1803 1195 1953 1267 χῶν,
1992 1212 2113 1269 cap.
2144 1196 2199 1262 6,
2242 1211 2393 1250 num.
2436 1195 2494 1261 5,
2526 1194 2630 1249 nisi
2684 1194 2864 1248 Iiuﬁni
2902 1194 3209 1263 interpretis
3239 1194 3385 1248 frau-

1804 1289 1902 1345 des
1929 1290 2275 1343 subvererer.
2319 1303 2339 1338 ι
2391 1286 2630 1355 Denique
2657 1300 2782 1339 caro
2814 1294 2997 1340 nostra
3025 1287 3092 1339 ab
3123 1285 3387 1355 imperitis

1804 1390 1861 1435 et
1910 1379 2226 1435 inﬁdelibus
2269 1379 2343 1433 ita
2386 1388 2508 1449 post
2540 1388 2767 1433 mortem
2812 1376 3061 1446 deperire
3107 1378 3385 1435 existima-

1807 1481 1915 1535 tur,
1934 1480 1993 1525 ut
2021 1472 2152 1526 nihil
2173 1486 2394 1540 prorsus
2421 1470 2685 1540 reliquum
2708 1469 3024 1525 substantia:
3049 1485 3160 1525 sure
3184 1470 3387 1525 habere

1805 1566 2085 1623 credatur.
2124 1563 2233 1618 Nos
2258 1578 2389 1619 vero
2415 1564 2506 1631 qui
2552 1564 3007 1619 resurrectionem
3057 1560 3173 1631 ejus
3212 1564 3387 1618 credi-

1807 1656 2419 1722 mus,,immutationem
2444 1655 2561 1722 ejus
2587 1657 2958 1712 tantummodo
2998 1665 3121 1725 post
3155 1665 3385 1710 mortem

1806 1750 2010 1805 factam
2054 1748 2432 1820 intelligimus,
2457 1747 2816 1801 substantiam
2855 1761 2985 1801 vero
3021 1748 3139 1815 ejus
3178 1759 3385 1803 certum

1806 1852 1890 1899 εει
1918 1856 2259 1911 permanere,
2297 1850 2352 1894 et
2375 1839 2655 1893 voluntate
2679 1838 2957 1895 Creatoris
2980 1840 3098 1906 sui,
3125 1850 3386 1910 certoque

1810 1952 2052 2011 tempore
2105 1954 2298 1994 rursus
2340 1939 2585 2009 reparari
2623 1938 2689 1992 ad
2726 1937 2932 2001 vitam,
2986 1945 3148 2004 atque
3191 1936 3386 1990 iterum

1807 2033 2271 2103 permutationem
2301 2030 2419 2101 ejus
2460 2030 2575 2084 ﬁeri
2602 2072 2618 2096 ,
2655 2039 2713 2083 ut
2749 2045 2869 2099 quae
2904 2028 3080 2097 primo
3116 2026 3217 2081 fuit
3259 2041 3387 2081 caro

1805 2142 1869 2182 ex
1897 2136 2041 2181 terra
2070 2136 2309 2189 terrena,
2333 2132 2447 2177 tum
2475 2122 2671 2177 deinde
2699 2121 2957 2176 dissoluta
2979 2130 3103 2190 post
3131 2130 3382 2183 mortem,

1805 2228 1859 2274 et
1892 2220 2090 2273 iterum
2133 2217 2273 2271 facta
2312 2216 2453 2270 cinis
2480 2229 2544 2268 ac
2576 2223 2764 2281 terra;
2815 2215 3066 2284 quoniam
3101 2225 3241 2266 terra
3285 2230 3341 2267 es
3366 2254 3385 2280 ,

1807 2310 2004 2381 inquit,
2040 2320 2089 2365 et
2122 2312 2177 2364 in
2221 2318 2416 2362 terram
2462 2308 2560 2361 ibis
2598 2308 2662 2373 ",
2705 2322 2920 2361 rursum
2968 2307 3319 2361 resuscitetnr
3352 2322 3385 2361 e

1808 2414 1990 2469 terra;
2023 2412 2076 2458 et
2108 2412 2227 2471 post
2248 2402 2351 2456 hoc
2374 2399 2484 2468 jam
2524 2399 2668 2455 velut
2711 2400 2964 2454 meritum
3018 2400 3378 2455 illllabitaulis

1807 2501 2003 2552 animai
2066 2494 2419 2565 poposcerit,
2489 2492 2544 2547 ili
2591 2491 2761 2563 gloria
2824 2493 3074 2561 corporis
3134 2492 3383 2561 proﬁciet

1807 2588 2091 2660 spiritalis.
2131 2606 2149 2639 ι
2177 2584 2380 2655 Nempe
2418 2585 2507 2639 hic
2537 2598 2776 2653 quoque,
2803 2594 2859 2636 ut
2880 2584 2929 2636 ill
2964 2583 3085 2638 aliis
3113 2584 3388 2653 plerisque

1804 2682 1907 2738 sibi
1935 2697 2041 2737 non
2072 2689 2287 2735 constat
2325 2677 2610 2748 Origenes,
2643 2686 2699 2731 et
2740 2676 2899 2731 modo
2922 2677 3038 2740 llas,
3077 2678 3235 2731 modo
3267 2676 3387 2730 illas

1807 2784 2051 2830 sectatur
2080 2782 2302 2842 partes,
2330 2780 2387 2825 et
2415 2782 2474 2824 ιιι
2518 2770 2570 2824 in
2615 2769 2778 2824 rebus
2818 2768 3165 2823 adolescente
3210 2768 3389 2821 adhuc

1808 2866 2232 2922 Cllristianismo
2286 2862 2658 2928 subobscuris,
2707 2870 2765 2916 et
2811 2863 3049 2915 nondum
3080 2874 3174 2928 per
3196 2857 3387 2912 Eccle-

1807 2960 1945 3015 siam
1975 2957 2215 3013 deﬁnitis
2244 2955 2428 3008 animo
2461 2953 2721 3022 indulget,
2758 2961 2815 3007 et
2844 2952 3106 3022 quidquid
3150 2949 3250 3003 sibi
3288 2963 3388 3017 pro

1810 3060 2052 3117 tempore
2086 3048 2145 3100 ﬁt
2162 3044 2537 3105 verisimilius,
2572 3042 2784 3111 arripit.
2821 3042 2976 3097 Unde
3010 3056 3078 3095 ne
3124 3041 3237 3109 ipse
3265 3039 3387 3109 qui-

1807 3145 1927 3199 dem
1954 3141 2208 3213 Origenis
2226 3140 2522 3207 castigator
2553 3134 2860 3191 Methodius
2881 3136 2998 3190 sine
3028 3134 3382 3204 cespitatione

160 3230 234 3299 μὲν
260 3230 515 3300 ἐκολλήθη
544 3227 623 3299 τῷ
654 3227 840 3295 ἐδάφει
870 3227 903 3297 ὴ
927 3225 1097 3296 ψυχὴ,
1128 3226 1222 3278 καὶ
1249 3225 1438 3294 γέγονε
1461 3225 1627 3297 σάρξ·
1645 3230 1703 3280 ὲν

1811 3239 1915 3293 hoc
1962 3242 2342 3301 argumentum
2397 3233 2685 3295 tractavit,
2736 3228 2985 3285 homines
3019 3228 3225 3297 [ingens
3263 3233 3384 3296 post

158 3322 192 3373 δὲ
215 3323 276 3392 τῇ
316 3321 611 3374 ἀναστάσει
646 3316 1040 3389 κολληθήσεται
1069 3318 1102 3388 ἡ
1140 3316 1278 3388 σὰρξ
1308 3319 1374 3387 τῇ
1405 3315 1574 3388 ψυχῇ,
1610 3317 1705 3371 καὶ

158 3412 277 3467 ἔσται
300 3415 441 3485 ψυχὴ
468 3414 593 3485 ἥτις
624 3410 945 3483 κολληθεῖσα
963 3410 1041 3481 τῷ
1061 3409 1252 3481 Κυρίῳ
1279 3411 1335 3461 ἐν
1352 3411 1417 3480 τῇ
1443 3408 1705 3481 καθολικῇ

156 3506 409 3560 ἀναστάσει
448 3505 659 3575 γίνεται
698 3504 756 3558 ἓν
793 3503 1030 3574 πνεῦμα,
1076 3504 1171 3556 καὶ
1208 3502 1415 3571 γίνεται
1443 3502 1504 3555 τὸ
1548 3501 1707 3573 σῶμα

157 3599 506 3670 πνευματικόν.
530 3597 643 3652 Nec
671 3596 832 3651 aliter
859 3595 1229 3665 intelligimus,
1253 3610 1374 3663 quae
1394 3595 1707 3663 consignata

156 3699 256 3742 snut
299 3690 387 3745 lib.
440 3703 476 3741 ν
532 3697 720 3742 contra
759 3684 925 3751 Cels.,
970 3702 1123 3741 num.
1165 3685 1252 3750 i8,
1296 3684 1435 3739 Οΰτε
1484 3686 1582 3757 μὲν
1614 3683 1708 3739 οὖν

156 3782 302 3852 ἡμεῖς,
330 3781 453 3835 οὕτε
484 3780 554 3834 τὰ
598 3780 716 3833 θεῖα
759 3779 1068 3850 γράμματα
1113 3779 1307 3841 αὐταῖς
1340 3796 1477 3849 φησι
1514 3777 1707 3850 σαρξὶ,

158 3874 389 3944 μηδεμίαν
424 3870 726 3945 μεταϐολὴν
751 3870 1128 3941 άνειληφυίαις
1148 3870 1246 3941 τὴν
1270 3872 1363 3923 ἐπὶ
1393 3870 1454 3923 τὸ
1479 3870 1707 3941 βέλτιον,

156 3961 381 4034 ζήσεσθαι
410 3965 537 4028 τοὺς
570 3962 740 4017 πάλαι
774 3961 1163 4029 ἀποθανόντας,
1188 3963 1296 4017 ἀπὸ
1325 3963 1423 4034 τῆς
1453 3962 1558 4034 γῆς
1578 3964 1709 4019 ἀνα-

153 4055 334 4121 δύντας.
368 4056 503 4111 Nam
531 4055 825 4127 quominus
858 4064 1006 4109 recta
1056 4054 1143 4111 bis
1191 4055 1461 4110 sententia
1497 4071 1712 4111 accom-

156 4151 332 4205 modari
401 4149 614 4220 possit,
680 4147 1072 4218 impedimento
1146 4156 1233 4204 est
1308 4148 1398 4203 hic
1466 4149 1708 4218 Apostoli

156 4241 279 4297 locus
307 4243 348 4274 "
379 4260 395 4297 :
432 4260 452 4293 ι
483 4240 601 4295 Hoc
622 4248 805 4294 autem
834 4239 980 4303 dico,
1026 4238 1251 4303 fratres,
1299 4240 1427 4310 quia
1473 4253 1605 4294 caro
1656 4249 1712 4295 et

153 4334 341 4403 sanguis
397 4347 629 4403 regnum
682 4330 775 4385 Dei
838 4330 1161 4386 haereditare
1205 4346 1312 4386 non
1375 4338 1647 4401 possunt:
1686 4350 1704 4383 ι

154 4440 243 4492 quo
266 4426 512 4480 sensilenl
556 4424 703 4479 hanc
737 4431 792 4478 et
831 4424 1222 4491 aspectabllem
1272 4437 1434 4492 quam
1474 4423 1712 4493 gerimus

152 4529 340 4570 carnem
358 4533 523 4588 regno
548 4516 760 4572 caelesti
777 4516 1190 4582 excludelldam,
1214 4525 1269 4571 et
1290 4515 1711 4571 resurrectionis

156 4606 389 4665 beneﬁcio
436 4609 764 4679 privandam
821 4607 1122 4677 signiﬁcari
1172 4617 1346 4675 putat.
1414 4604 1552 4663 Hinc
1609 4608 1709 4679 τὴν

154 4701 540 4773 κεκηρυγμένην
561 4699 667 4771 τῆς
701 4698 903 4770 σαρκὸς
940 4698 1236 4753 ἀνάστασιν
1266 4699 1324 4752 ὲν
1348 4702 1468 4763 ταῖς
1506 4698 1708 4769 ἐκκλη-

156 4793 293 4858 σίαις,
347 4796 449 4849 ὑπὸ
492 4795 604 4849 τῶν
655 4793 1038 4864 συνετωτέρων
1090 4794 1414 4865 τρανότερον
1474 4793 1709 4849 νοεῖσθαι

156 4886 324 4942 ibidem
359 4889 586 4954 scribit;
617 4897 674 4943 et
707 4887 834 4941 alibi
868 4887 1321 4941 resurrectionem
1380 4887 1439 4940 ὲν
1478 4890 1545 4958 τῇ
1581 4903 1707 4942 συν-

153 4976 286 5050 ηθείᾳ
319 4979 826 5053 τῶνάπλουστέρων
852 4977 1213 5049 ὀνομάζεσθαι
1248 4979 1543 5033 ἀνάστασιν
1575 4996 1707 5049 σαρ-

155 5070 249 5133 κός.

212 5160 295 5218 V'I.
338 5164 699 5231 Quantumvis
734 5170 915 5219 autem
960 5163 1250 5233 perspicua
1300 5163 1551 5216 videatur
1589 5162 1708 5218 Ori-

156 5252 285 5317 genis
309 5264 361 5309 et
385 5266 649 5311 constans
678 5251 902 5323 opinio,
939 5261 1208 5323 repugnat
1235 5259 1413 5307 tamen
1449 5249 1708 5319 Pamphi-

157 5342 243 5407 ius,
295 5356 344 5400 et
397 5363 467 5402 ne
511 5362 542 5401 a
602 5359 772 5400 carne
820 5344 1038 5413 quidem
1074 5344 1187 5412 ipsa
1250 5344 1706 5398 resurrectionem

156 5434 466 5502 abjuliicasse
530 5452 659 5493 eum
718 5436 1100 5502 demonstrat,
1162 5436 1495 5506 depromptis
1566 5435 1710 5491 illius

155 5530 309 5584 verbis
344 5546 372 5586 e
407 5529 801 5586 Commentario
847 5528 904 5581 in
962 5528 1223 5597 psalmum
1283 5542 1371 5593 xv,
1420 5542 1541 5596 qua:
1584 5536 1713 5583 sunt

156 5618 473 5686 llujusmodi:
513 5640 532 5675 t
558 5620 883 5678 Oﬁ'endatur
930 5620 1024 5692 qui
1085 5620 1198 5674 vult
1245 5635 1311 5673 ex
1368 5628 1554 5673 nostro
1592 5632 1709 5673 ser-

154 5726 290 5769 mone
323 5733 337 5770 :
370 5731 471 5787 ego
523 5723 709 5770 autem
780 5728 901 5773 cum
958 5713 1110 5768 omni
1175 5712 1373 5768 ﬁducia
1430 5725 1706 5775 assevero,

220 5900 456 5961 "Matth.
488 5917 601 5969 xvi,
632 5901 724 5958 9.6.
805 5900 847 5933 ⁸³
874 5899 893 5957 I
917 5900 1039 5957 Cor.
1074 5914 1163 5969 xv,
1190 5898 1277 5955 55.

1361 5902 1401 5933 “
1434 5899 1599 5957 ICor.
1627 5915 1717 5965 xv,
1754 5897 1841 5954 50.

1809 3326 2262 3383 resurrectionem
2291 3324 2628 3378 habilaturos
2658 3323 2708 3376 III
2743 3331 2884 3375 terra
2919 3320 3026 3389 iam
3056 3320 3380 3384 instaurata,

1808 3426 1863 3475 ct
1892 3432 1989 3485 per
2016 3430 2194 3470 aerem
2219 3413 2732 3483 teulperatissilnunl
2757 3412 3084 3467 ambientem
3115 3410 3166 3463 in
3195 3407 3387 3465 melius

1810 3518 2037 3575 mutata,
2071 3517 2125 3562 et
2150 3509 2203 3562 in
2237 3506 2476 3578 paradisi
2510 3505 2732 3560 deliciis
2764 3505 2978 3560 beatum
3023 3518 3194 3556 aevum
3232 3509 3389 3556 actu-

1811 3618 1901 3657 ros
1925 3619 1941 3666 ;
1982 3601 2189 3671 angelis
2224 3610 2405 3654 autem
2435 3597 2689 3653 cwlestes
2717 3596 2883 3652 orbes
2908 3595 3238 3650 destinatum
3264 3606 3390 3646 esse

1809 3693 2168 3749 domicilium.
2208 3691 2501 3745 Eusebium
2527 3704 2746 3759 quoque
2785 3687 3040 3759 Origenis
3069 3684 3388 3753 partiarium

1812 3785 2270 3841 resurrectionem
2305 3792 2642 3836 mortuorum
2683 3780 2971 3835 sustulisse
3013 3787 3204 3832 narrat
3242 3776 3389 3831 Pho-

1815 3878 1921 3931 tius
1947 3876 2001 3928 in
2026 3874 2251 3942 epistola
2281 3873 2515 3941 quadam
2558 3873 2625 3926 ad
2656 3870 3098 3926 Constantinum.
3145 3869 3202 3922 In
3248 3867 3392 3935 ejus-

1812 3970 1933 4022 dem
1957 3968 2163 4021 erroris
2184 3964 2566 4033 suspicionem
2602 3972 2792 4016 mutuo
2821 3976 2941 4016 sese
2974 3968 3172 4015 vocant
3202 3958 3394 4012 Hiero-

1815 4073 2010 4131 nymus
2068 4064 2124 4111 et
2186 4054 2437 4118 Ruﬁnus,
2492 4068 2650 4121 quem
2687 4063 2868 4106 tamen
2906 4062 3133 4118 uterque
3177 4064 3388 4103 summa

1812 4167 1940 4208 cura
1974 4149 2185 4205 diluere
2215 4154 2465 4202 conatur.
2504 4144 2644 4197 Huic
2690 4143 2857 4196 etiam
2893 4141 3189 4195 adhaesisse
3217 4142 3392 4194 Aruo-

1814 4244 1959 4299 bium
1986 4237 2283 4295 verisimile
2307 4246 2420 4301 est;
2458 4236 2533 4288 ait
2556 4233 2701 4288 enim
2740 4232 2834 4286 lib.
2868 4247 2906 4285 ιι
2943 4228 3145 4284 Contra
3175 4238 3350 4298 gentes
3372 4242 3392 4281 :

1820 4354 1838 4386 ι
1872 4333 2098 4389 Audetis
2140 4331 2325 4385 videre
2385 4344 2503 4390 nos,
2562 4327 2706 4396 quod
2759 4332 3096 4378 mortuorum
3148 4322 3392 4375 dicamus

1816 4424 2273 4482 resurrectionem
2315 4422 2575 4485 futuram,
2610 4431 2771 4487 quam
2814 4415 3034 4484 quidem
3080 4427 3177 4466 nos
3213 4412 3395 4465 dicere

1814 4516 2175 4577 conﬁtemur;
2234 4514 2331 4570 sed
2380 4528 2409 4565 a
2450 4510 2605 4565 vobis
2656 4509 2816 4563 aliter
2853 4520 3014 4574 quam
3065 4504 3391 4566 sentiamus,

1816 4607 2013 4664 audiri.
2041 4626 2060 4659 ι
2115 4605 2270 4673 Quod
2321 4605 2464 4658 idem
2506 4610 2588 4657 est
2625 4615 2686 4655 ac
2741 4598 2871 4652 illud
2914 4596 3167 4666 Ot'igenis
3210 4593 3395 4647 carnis

1818 4697 2273 4753 resurrectionem
2312 4711 2434 4750 esse
2474 4693 2703 4749 dicentis
2740 4689 2844 4742 ὑπὸ
2876 4687 2984 4742 τῶν
3018 4685 3396 4757 συνετωτέρων

1817 4791 2144 4862 τρανότερον
2176 4787 2531 4858 νενοημένην.
2599 4785 2840 4853 Denique
2881 4782 3154 4851 proditum
3200 4789 3281 4833 est
3326 4779 3395 4832 ab

1815 4884 2121 4954 Epiphanio
2147 4892 2201 4936 et
2229 4880 2555 4948 llieronymo
2596 4877 2737 4930 hanc
2767 4877 2937 4943 ipsam
2969 4872 3136 4925 fuisse
3166 4868 3395 4922 Marcio-

1816 4978 1900 5033 nis
1933 4977 2272 5042 aliorumque
2324 4971 2711 5025 haereticorum
2752 4971 2817 5021 de
2860 4962 3261 5019 resurreCtione
3293 4958 3394 5012 fal-

1812 5084 1929 5126 sam
1974 5063 2317 5120 sententiam.

1887 5157 1999 5211 VII.
2048 5153 2309 5221 Quamvis
2355 5166 2601 5206 crassam
2662 5149 2807 5203 illam
2855 5146 3037 5201 carnis
3094 5142 3290 5198 molem
3338 5150 3397 5196 ct

1816 5261 2131 5317 compagem
2169 5259 2199 5297 a
2227 5241 2551 5311 corporibus
2592 5236 2985 5292 resurrecturis
3013 5243 3287 5289 secretum
3329 5232 3395 5285 il-i

1816 5338 2049 5395 senserit
2089 5336 2352 5405 Origenes
2386 5352 2399 5387 :
2430 5333 2628 5403 quibus
2678 5341 2857 5385 tamen
2904 5326 3133 5397 praedita
3166 5338 3228 5377 ca
3277 5323 3397 5378 fore

1818 5429 2175 5501 qualitatibus
2200 5437 2349 5482 ratus
2383 5426 2476 5492 sit,
2516 5439 2640 5478 cum
2684 5429 3004 5491 resurgcnt,
3037 5431 3198 5485 quam
3236 5430 3394 5484 passa

1819 5522 2207 5586 mutationem,
2261 5533 2367 5588 qua
2400 5518 2660 5571 instructa
2696 5512 2905 5571 forma,
2942 5525 3046 5563 non
3075 5512 3208 5563 satis
3238 5508 3399 5577 liqui-

1817 5613 1945 5666 dum
1964 5620 2069 5666 est.
2099 5609 2502 5677 Nonnunquam
2528 5605 2676 5659 enim
2713 5603 3038 5658 suscitatun:
3069 5601 3134 5653 iri
3169 5599 3353 5654 eadem
3379 5640 3395 5663 ,

1818 5703 2104 5761 subtiliora
2139 5702 2266 5758 licet
2290 5716 2356 5757 ac
2382 5678 2792 5771 splendidiora,
2823 5696 3041 5751 asserit.
3097 5692 3256 5750 Velut
3302 5693 3395 5749 lib.

1924 5895 1965 5927 ι’
1993 5892 2191 5952 l’salm.
2220 5908 2308 5962 xv,
2344 5892 2426 5949 19.
2507 5891 2548 5923 ”
2577 5888 2715 5945 Gen.
2755 5902 2835 5955 ιιι,
2874 5885 2953 5943 19.
