3916 6528
412 473 517 525 (ιε-ι

416 612 455 651 ιι
481 592 615 661 Περὶ
645 588 864 659 ἀρχῶν,
890 599 1008 652 cap.
1058 580 1151 644 10,
1194 590 1344 632 num.
1392 572 1417 625 ι
1457 587 1470 623 :
1502 568 1598 622 «Si
1637 577 1863 623 necesse
1904 566 1988 614 est
2014 560 2061 615 Δ

418 703 518 744 nos
538 700 659 740 esse
681 685 734 737 iu
767 676 1109 746 corporibus,
1143 670 1285 725 sicut
1306 674 1456 721 certe
1485 670 1707 715 necesse
1732 662 1850 719 est,
1878 666 1984 706 non

421 782 474 837 in
510 778 633 835 aliis
660 788 822 845 quam
852 771 903 825 in
935 765 1137 822 nostris
1171 758 1490 831 corporibus
1516 768 1637 809 esse
1662 748 1980 812 debemusp

421 882 478 928 et
500 871 629 925 ibid.
663 840 812 921 tium.
853 862 886 917 8
916 880 930 916 :
969 879 987 913 ι
1017 857 1321 913 Videndum
1365 861 1579 918 quoque
1607 853 1709 909 est,
1743 856 1811 898 ne
1850 840 1990 896 forte

422 965 582 1018 etiam
607 958 737 1013 illud
767 956 870 1011 iste
912 966 1090 1009 sermo
1126 945 1426 1019 signiﬁcet,
1470 938 1613 1009 quod
1643 938 1784 992 sicut
1817 930 1989 988 sancti

421 1066 650 1123 corpora
681 1063 799 1113 sua,
834 1046 888 1101 in
916 1044 1114 1115 quibus
1150 1046 1344 1095 sancte
1376 1045 1430 1090 et
1453 1031 1654 1104 purein
1687 1025 1846 1095 hujus
1870 1025 1994 1077 vita:

424 1122 852 1200 habitationibus
872 1136 1151 1199 vixerunt,
1180 1129 1356 1185 luclda
1383 1136 1438 1180 et
1465 1122 1699 1195 gloriosa
1725 1134 1790 1173 ex
1817 1129 1997 1170 resur-

425 1235 669 1292 rectione
707 1230 1008 1299 suscipieut
1038 1245 1053 1281 :
1087 1226 1159 1281 ita
1195 1233 1250 1277 et
1284 1219 1432 1290 impii
1461 1217 1661 1287 quique
1690 1211 1779 1280 qui
1812 1211 1864 1263 in
1895 1209 1998 1261 hac

424 1325 536 1380 vita
559 1337 807 1380 errorum
837 1317 1092 1374 tenebras
1116 1324 1167 1367 et
1200 1322 1408 1366 noctem
1446 1302 1764 1377 ignorantia:
1798 1299 1999 1355 dilexe-

427 1426 589 1484 runt,
612 1413 862 1469 obscuris
889 1419 945 1465 et
979 1407 1133 1462 tetris
1167 1412 1289 1473 post
1316 1397 1773 1456 resurrectionem
1811 1404 2001 1459 corpo—

430 1509 583 1564 ribus
649 1506 1014 1561 induauturzt
1074 1508 1128 1554 et
1179 1496 1274 1550 lib.
1336 1509 1420 1560 ιιι,
1471 1508 1592 1558 cap.
1632 1488 1687 1554 6,
1734 1501 1883 1539 num.
1930 1484 1999 1537 ιιι

434 1619 456 1653 ι
490 1598 604 1654 Non
662 1608 843 1651 autem
901 1590 1258 1647 dubitandum
1315 1594 1399 1640 est
1450 1593 1696 1638 naturam
1761 1576 2004 1647 corporis

432 1687 592 1758 hujus
637 1684 849 1746 nostri.
900 1680 1183 1736 voluntate
1222 1674 1318 1729 Dei
1365 1671 1456 1742 qui
1490 1670 1650 1725 talem
1677 1666 1810 1721 fecit
1862 1677 2004 1726 eam,

436 1754 608 1849 usque
639 1777 706 1831 ad
737 1775 884 1829 illam
912 1770 1231 1842 qualitatem
1254 1759 1621 1825 subtilissimi,
1653 1766 1707 1812 et
1731 1754 2005 1827 purissimi

437 1886 502 1926 ac
522 1844 947 1939 splendidissimi
980 1858 1225 1930 corporis
1248 1870 1408 1925 posse
1438 1869 1467 1906 a
1490 1853 1749 1908 Creatore
1764 1844 2007 1918 perduci,

436 1970 601 2031 prout
628 1973 812 2014 rerum
844 1965 1045 2016 status,
1065 1949 1378 2014 vocaverit,
1406 1956 1459 2001 et
1490 1943 1743 1998 meritum
1771 1938 2012 1995 rationa-

439 2052 564 2108 bilis
602 2062 810 2107 natura:
856 2047 1195 2118 poposcerit;
1224 2063 1242 2096 ι
1278 2052 1333 2097 ει
1391 2054 1517 2094 mox
1578 2052 1729 2092 num.
1755 2035 1789 2089 6
1834 2052 1847 2088 :
1885 2050 1904 2085 t
1935 2031 2011 2086 Ita

440 2146 605 2200 etiam
634 2143 701 2197 de
726 2152 918 2195 natura
951 2140 1196 2210 corporis
1219 2134 1559 2191 sentiendum
1584 2137 1698 2192 est,
1727 2127 1867 2197 quod
1903 2140 2010 2178 non

440 2236 584 2289 aliud
611 2248 809 2304 corpus
842 2241 947 2294 cst,
987 2247 1098 2300 quo
1128 2244 1272 2285 nunc
1330 2228 1383 2281 in
1441 2226 1809 2297 ignobilitate,
1862 2230 1919 2279 et
1958 2222 2010 2275 in

439 2326 791 2395 corruptione
838 2334 894 2378 et
941 2323 1257 2377 inﬁrmitate
1313 2321 1553 2381 utimur;
1608 2326 1661 2372 et
1711 2316 1857 2370 aliud
1910 2314 2017 2369 erit

440 2422 571 2477 illud
603 2436 711 2489 quo
740 2420 792 2472 in
823 2414 1236 2484 incorruptione
1268 2422 1322 2466 et
1368 2412 1421 2466 in
1460 2413 1660 2464 virtute
1678 2418 1734 2464 et
1760 2409 1812 2463 in
1843 2406 2011 2479 gloria

440 2522 695 2567 utemur:
728 2509 820 2564 sed
880 2510 981 2562 hoc
1023 2508 1162 2561 idem
1220 2506 1443 2574 abiectis
1502 2502 1908 2558 inﬁrmitatibus
1961 2500 2013 2553 in

440 2605 638 2673 quibus
670 2621 810 2658 uttnc
829 2613 937 2667 est,
968 2604 1021 2656 in
1046 2601 1270 2671 gloriam
1306 2596 1763 2653 trausmutabitur
1794 2594 2015 2665 spirita-

445 2698 495 2750 ie
546 2696 816 2760 effectum,
841 2703 898 2748 ut
918 2692 1059 2763 quod
1093 2689 1538 2760 fuitiudignitatis
1559 2703 1674 2752 vas,
1704 2686 1809 2741 hoc
1834 2687 2008 2755 ipsum

443 2803 803 2863 expurgatum
841 2790 933 2847 ﬁat
961 2806 1056 2845 vas
1087 2790 1310 2845 honoris
1335 2831 1350 2854 ,
1396 2798 1452 2844 et
1478 2785 1832 2843 beatitudinis
1860 2783 2019 2839 habi-

446 2884 772 2946 taculum;i
833 2881 1026 2937 deinde
1073 2881 1316 2935 ostendit
1355 2895 1458 2933 non
1510 2877 1666 2932 nobis
1710 2892 1775 2932 ex
1830 2876 2021 2945 quinto

448 2976 539 3030 illo
571 2974 1013 3045 philosophorum
1047 2988 1274 3042 corpore
1304 2972 1482 3024 ﬁctum
1505 2969 1568 3023 iri
1601 2985 1630 3023 a
1658 2969 1768 3024 Deo
1800 2982 2018 3037 corpus,

449 3085 616 3123 «cum
663 3067 949 3123 manifeste
997 3065 1221 3121 deﬁniat
1268 3072 1487 3118 sanctus
1532 3060 1843 3131 Apostolus,
1894 3060 2019 3128 quia

446 3178 554 3217 non
593 3176 727 3216 nova
768 3160 949 3227 aliqua
995 3172 1223 3226 corpora
1263 3152 1672 3224 resurgentibus
1715 3166 1744 3204 a
1796 3149 2021 3204 mortuis

1684 440 1746 497 P.
1786 429 2106 492 DANIELIS
2142 422 2375 482 HUETII

3559 391 3677 448 985

2092 548 2316 604 arbitrio
2358 538 2667 609 impositum
2720 531 2821 597 iri;
2868 537 2978 582 tum
3029 520 3301 578 concludit
3354 528 3506 570 num.
3550 510 3670 564 25:

2097 603 2285 711 :Hpsig
2322 636 2418 707 μὲν
2434 603 2526 685 οὖν
2550 628 2610 682 οὔ
2648 643 2825 697 φαμεν
2858 622 2917 675 τὸ
2943 616 3234 687 διαφθαρὲν
3253 611 3414 711 causa.
3438 603 3673 711 επανξρσ

2088 694 2282 798 χεσοςιιι⁷
2306 694 2385 785 εἰς
2422 719 2518 790 τὴν
2551 717 2609 782 ἐξ
2636 694 2809 787 ἀρχῆς
2840 710 3023 780 φύσιν,
3048 707 3123 769 ὼς
3162 702 3283 757 οὐδὲ
3324 700 3417 798 τὸν
3444 694 3677 798 δισῐφθα-

2092 786 2250 890 ξέντα
2276 786 2487 867 κόκκον-
2501 807 2595 863 τοῦ
2627 786 2773 859 σίτου
2804 795 3199 870 ἐπανέρχεσθαι
3236 794 3315 854 εἰς
3346 789 3442 843 τὸν
3471 786 3677 840 κόκκον

2091 873 2183 964 ⁵εοῦ
2217 906 2362 960 σίτου
2392 919 2406 933 ⁸
2435 902 2663 970 λέγομεν
2709 891 3044 966 γὰρκῶσπερ
3072 884 3163 940 ἐπὶ
3196 882 3292 936 τοῦ
3336 879 3539 935 κόκκου
3580 873 3677 928 τοῦ

2095 1001 2243 1055 σίτου
2281 996 2552 1067 ἐγείρεται
2600 989 2824 1059 στάχυς,
2855 984 2996 1039 οὕτω
3030 980 3185 1049 λόγος
3209 994 3294 1040 τις
3327 975 3578 1043 ἔγκειται
3601 969 3680 1041 τῷ

2098 1063 2332 1161 σώματιέ
2374 1063 2465 1154 ἀφ’
2499 1078 2560 1139 οὗ
2606 1082 2680 1154 μὴ
2715 1077 3069 1151 φθειρομένου
3109 1071 3381 1142 ἐγείρεται
3414 1066 3478 1119 τὸ
3521 1063 3686 1134 σῶμα

2097 1183 2154 1235 ὲν
2181 1157 2459 1248 ἆφθαρσίᾳ
2487 1191 2502 1204 ·
2531 1184 2587 1227 et
2629 1174 2785 1242 paulo
2832 1168 3102 1238 superius,
3145 1178 3294 1218 num.
3333 1161 3444 1214 22:
3491 1157 3685 1226 Ἡμεῖς

2098 1274 2156 1329 δὲ
2201 1271 2511 1342 πειθόμενοι
2570 1267 2653 1319 ὅτι
2698 1264 2758 1318 τὸ
2807 1260 3159 1333 σπειρόμενον
3208 1255 3267 1309 οὐ
3313 1252 3685 1319 ζωοποιεῖται,

2101 1368 2195 1421 ἐὰν
2249 1365 2322 1437 μὴ
2361 1361 2608 1430 ἀποθάνῃ
2635 1374 2649 1389 ·
2676 1359 2767 1411 καὶ
2818 1356 2901 1409 ὅτι
2929 1355 2990 1406 οὺ
3019 1352 3079 1407 τὸ
3106 1349 3476 1421 γενησόμενον
3526 1343 3691 1412 σῶμα.

2104 1432 2383 1528 σπείρεσιαι
2417 1471 2429 1484 ·
2460 1455 2489 1507 ό
2515 1451 2624 1521 γὰρ
2667 1448 2798 1512 Θεὸς
2846 1444 2996 1515 αὐτῷ
3041 1444 3223 1496 δίδωσι
3273 1440 3458 1509 σῶμα,
3504 1432 3690 1497 καθὼς

2104 1527 2354 1621 ὴθέλήσε,
2383 1555 2489 1601 etc.
2518 1541 2726 1597 Similia
2754 1540 3003 1610 leguntur
3028 1536 3166 1589 libro
3196 1550 3234 1588 ιι
3288 1530 3431 1600 Περὶ
3458 1527 3690 1597 ἀρχῶν,

2108 1620 2231 1710 cap.
2259 1639 2347 1706 10,
2374 1652 2522 1693 ηυιη.
2562 1638 2615 1690 ‘5.
2648 1634 2764 1699 Quo
2796 1631 2914 1685 loco
2938 1639 3101 1697 atque
3133 1628 3260 1680 item
3292 1624 3389 1677 lib.
3424 1638 3466 1676 ιι
3498 1620 3575 1674 De
3612 1636 3695 1674 re-

2108 1731 2455 1792 surrectione,
2496 1746 2515 1779 ι
2542 1722 2867 1781 substantia:
2895 1720 3161 1774 rationem
3192 1735 3210 1768 ι
3240 1714 3485 1786 appellat
3511 1727 3698 1766 resur-

2110 1822 2372 1879 rectionis
2398 1834 2640 1890 germen,
2677 1831 2786 1885 quo
2820 1826 3046 1881 corpora
3074 1807 3378 1879 reparanda
3408 1804 3696 1869 censebat,

2042 1908 2083 1961 Β
2111 1927 2272 1982 quam
2311 1926 2341 1964 a
2365 1904 2709 1963 scholasticis
2756 1920 2775 1955 ‹
2806 1898 3165 1957 substantiam
3211 1894 3511 1951 radicalem
3535 1912 3555 1944 ι
3590 1891 3698 1946 dici

2116 2012 2264 2058 recte
2294 1996 2574 2055 adnotavit
2603 1991 3025 2056 Genebrardus;
3060 1989 3185 2043 licet
3213 1986 3322 2042 alio
3364 1984 3588 2055 penitus
3636 1996 3703 2036 ac

2111 2095 2326 2148 diverso
2359 2090 2518 2146 modo
2551 2085 2764 2143 effectio
2799 2083 2916 2151 ejus
2952 2096 3015 2137 ac
3061 2080 3235 2134 virtus
3264 2076 3333 2132 ab
3379 2075 3577 2132 iisdem
3616 2072 3702 2127 in-

2113 2185 2407 2255 telligatur.
2450 2182 2643 2250 Itaque
2685 2174 2999 2231 Gennadius
3051 2172 3148 2228 lib.
3201 2169 3280 2224 De
3339 2166 3700 2238 dogmatibus,

2114 2292 2234 2346 cap.
2267 2275 2321 2340 6,
2346 2274 2426 2329 sic
2453 2272 2693 2341 disputat
2724 2285 2739 2322 :
2774 2285 2792 2319 ι
2822 2267 2890 2321 Ει
2920 2280 3025 2321 non
3074 2263 3371 2318 secundum
3410 2259 3703 2327 Origenem

2115 2367 2417 2426 immutatio
2448 2377 2730 2433 corporum
2767 2360 2893 2424 erit,
2935 2358 2990 2411 id
3018 2366 3102 2411 est
3130 2355 3275 2410 aliud
3342 2367 3549 2405 novum
3583 2366 3705 2405 cor-

2115 2474 2213 2531 pus
2243 2473 2342 2527 pro
2384 2468 2585 2519 carne;
2638 2451 2734 2507 sed
2769 2448 2957 2505 eadem
3006 2460 3138 2500 caro
3180 2440 3559 2510 corruptibilis
3588 2454 3706 2506 qua:

2115 2530 2277 2615 cadit,
2314 2559 2418 2602 tam
2438 2545 2705 2614 justorum
2735 2554 2898 2612 quam
2928 2535 3255 2605 iuiustorum
3280 2573 3297 2601 ,
3363 2530 3704 2599 incorrupti-

2117 2642 2238 2699 bilis
2266 2645 2532 2707 resurget.
2575 2655 2593 2687 ι

2187 2732 2444 2800 Quamvis
2474 2738 2652 2784 autem
2698 2723 2841 2779 aliud
2886 2719 3224 2792 proditurum
3267 2730 3514 2786 corpus.
3571 2721 3625 2767 et
3674 2726 3704 2764 a

2118 2826 2296 2897 priore
2328 2823 2602 2877 diversum
2643 2815 2860 2872 ﬁnxerit
2906 2812 3012 2869 sibi
3055 2809 3421 2865 Adamantius
3450 2848 3465 2871 ,
3513 2805 3706 2862 iisdem

2120 2925 2300 2969 tamen
2334 2912 2498 2977 notis,
2526 2911 2716 2964 eadem
2746 2906 2921 2960 forma
2957 2903 3169 2972 insigne
3196 2900 3442 2954 futurum
3471 2898 3709 2953 aﬁirmat

2119 3007 2176 3063 in
2206 3004 2597 3060 Commentario
2632 3002 2701 3055 ad
2744 2999 2934 3070 psalm.
2964 3013 3004 3063 t,
3050 3010 3174 3065 pag.
3213 2992 3343 3060 534,
3376 2992 3509 3056 535,
3546 3004 3707 3061 quem

2120 3095 2571 3155 commentarium
2606 3094 2658 3147 in
2684 3093 2957 3162 epitomeu
2986 3104 3016 3143 a
3062 3086 3336 3142 Methodio
3364 3092 3709 3139 contractum

2122 3196 2474 3260 repraesentat
2500 3185 2834 3255 Epiphanius
2869 3184 3061 3236 haeres.
3092 3195 3237 3242 uuv,
3261 3193 3385 3245 cap.
3412 3177 3482 3231 12
3511 3185 3565 3230 ει
3592 3189 3707 3244 seq.

446 3255 660 3349 qenm.“
691 3252 786 3349 Sed
820 3252 935 3349 hinc
966 3251 1104 3349 ipsa“
1127 3262 1245 3349 qua?
1287 3246 1530 3349 ""°_“‘°s
1574 3244 1909 3346 l'abuerﬂ"
1948 3256 2016 3295 ﬂ
2045 3270 2090 3330 C
2185 3244 2323 3349 rergo
2352 3293 2474 3347 cap.
2526 3244 2827 3331 liscribit
2870 3287 3104 3341 corpora
3148 3286 3268 3341 qua:
3297 3244 3394 3338 per
3422 3268 3711 3322 alimento-

447 3343 809 3401 deteriorihus
866 3344 918 3397 in
981 3340 1176 3396 melius
1235 3339 1622 3393 transformata
1686 3334 2011 3402 recipiant.»

449 3436 691 3499 Denique
717 3435 855 3488 libro
884 3433 1058 3502 primo
1090 3432 1166 3486 De
1196 3428 1577 3485 resurrectione
1597 3465 1615 3490 ,
1657 3435 1718 3480 ut
1755 3433 1842 3479 est
1883 3423 2021 3492 apud

454 3528 793 3595 Pamphilum
823 3528 875 3580 in
901 3525 1181 3595 Apologia,
1213 3522 1508 3575 absurdum
1547 3528 1603 3574 et
1638 3518 1880 3587 iniquum
1908 3515 2024 3569 fore

451 3620 547 3682 ait,
583 3621 629 3674 si
674 3636 769 3673 sua
812 3617 1061 3671 mercede
1112 3614 1390 3669 fraudetur
1446 3625 1668 3681 corpus,
1722 3610 1862 3678 quod
1900 3623 2020 3660 cum

454 3715 636 3768 anima
670 3713 885 3768 fortiter
916 3709 1244 3774 decertavit;
1276 3722 1337 3762 ea
1365 3714 1543 3760 autem
1566 3703 1839 3773 privatum
1871 3700 1934 3753 iri
1969 3699 2021 3752 ni

456 3813 722 3874 resurgat.
781 3803 931 3858 Hanc
978 3799 1223 3871 corporis
1270 3797 1670 3869 reparationem
1723 3793 1777 3846 in
1834 3790 2024 3845 melius

456 3896 746 3967 cogitabat,
782 3895 837 3949 ni
872 3893 1046 3954 fallor.
1090 3891 1288 3962 Glycas
1343 3904 1465 3944 cum
1511 3887 1789 3954 opinatum
1838 3881 2027 3936 scribit

454 3987 739 4060 Origeuem
773 3987 843 4041 τὰ
872 3984 1098 4056 σώματα
1134 3982 1291 4054 ἡμῶν
1323 3981 1396 4052 μὴ
1428 3977 1744 4033 ἀνίστασθαι
1770 3972 1939 4028 ταῦτα
1969 3975 2026 4025 ὲν

455 4084 521 4153 τῇ
555 4080 884 4135 ἀναστάσειο
919 4094 1038 4148 qua:
1061 4077 1225 4128 verba
1269 4075 1467 4142 repetit
1504 4070 1780 4125 Cedrenus
1806 4071 1872 4121 ile
1902 4066 2028 4121 Ori-

456 4171 680 4243 genistis
714 4171 939 4238 loquens
971 4168 1021 4221 in
1050 4167 1242 4237 quinto
1271 4164 1505 4220 concilio
1531 4160 1820 4217 damnatis.

524 4281 831 4351 Aliquando
856 4294 983 4333 vero
1016 4293 1079 4331 ue
1111 4278 1249 4331 idem
1277 4276 1495 4345 quidem
1530 4289 1729 4343 corpus
1768 4272 1819 4326 iu
1863 4271 2026 4324 vitam

458 4378 756 4431 rediturum
779 4374 928 4425 visus
958 4379 1037 4425 est
1069 4368 1377 4422 tradidisse.
1411 4366 1507 4419 His
1540 4365 1787 4419 videlicet
1809 4376 2029 4431 persua-

458 4481 552 4520 sus
578 4463 819 4532 Apostoli
852 4460 870 4513 l
898 4462 1024 4515 Cor.
1055 4475 1146 4523 xv,
1172 4456 1341 4513 42-44
1373 4473 1387 4509 :
1424 4475 1442 4507 ι
1472 4454 1785 4510 Seminatur
1824 4454 1877 4507 iu
1907 4469 2030 4508 cor-

456 4559 741 4625 ruptione,
796 4553 967 4622 surgit
1026 4551 1078 4603 in
1134 4547 1568 4617 incorruptione;
1624 4546 1921 4600 seminatur
1975 4546 2026 4599 in

2121 3389 2238 3428 rum
2269 3368 2668 3438 susceptionem
2698 3366 2866 3420 vitam
2902 3363 3156 3426 tolerant,
3208 3374 3491 3429 nunquam
3521 3358 3708 3412 eadem

2123 3474 2437 3523 remanere,
2474 3457 2569 3513 sed
2601 3472 2697 3526 per
2747 3454 2993 3510 ciborum
3034 3466 3186 3506 esum
3235 3460 3291 3503 et
3340 3448 3710 3504 excretionem

2122 3552 2268 3606 ﬂuvii
2322 3550 2534 3613 instar,
2595 3555 2858 3616 perpetuo
2919 3543 3088 3597 ﬁuere
3137 3551 3193 3597 et
3252 3539 3709 3595 mutarizeadem

2125 3653 2302 3697 tamen
2345 3654 2561 3695 manere
2600 3652 2831 3707 corpora
2864 3638 3002 3697 haec,
3052 3648 3158 3688 non
3190 3633 3404 3687 ratione
3452 3632 3714 3685 duntaxat

2125 3734 2341 3797 animae,
2365 3746 2483 3801 quae
2505 3731 2692 3785 eadem
2718 3743 2935 3798 semper
2962 3735 3045 3782 est
3069 3744 3082 3789 ;
3121 3724 3213 3780 sed
3250 3733 3477 3793 propter
3498 3737 3712 3776 earum-

2127 3827 2248 3880 ilem
2286 3824 2446 3878 etiam
2482 3820 2781 3875 formarum
2810 3857 2824 3880 ,
2857 3834 2977 3887 quae
3028 3830 3317 3885 corporum
3379 3812 3709 3883 singulorum

2127 3925 2266 3970 nota:
2297 3915 2541 3980 quaidam
2590 3911 2826 3982 proprias
2854 3919 2978 3965 sunt
3007 3924 3069 3964 ac
3098 3910 3450 3963 characteres
3481 3948 3496 3970 ,
3535 3918 3711 3973 perse-

2128 4006 2447 4067 verantiam,
2496 4003 2641 4057 unde
2699 4001 2988 4069 lentigines
3020 4039 3036 4065 ,
3079 3997 3395 4060 cicatrices,
3449 4010 3589 4050 nzcvi
3642 3992 3707 4046 ad

2130 4106 2358 4151 mortem
2415 4109 2588 4163 usque
2639 4091 2956 4162 corporibus
3014 4090 3330 4153 adhaerent;
3406 4086 3461 4140 in
3529 4098 3708 4138 resur-

2129 4186 2369 4240 rectione
2420 4183 2588 4254 igitur
2632 4182 2831 4235 anima:
2871 4177 3208 4247 circumponi
3252 4176 3487 4230 formam
3542 4174 3709 4234 illam,

2129 4288 2232 4345 qua
2262 4272 2458 4326 Petrus
2501 4271 2652 4324 verbi
2702 4270 2874 4341 gratia
2918 4266 3285 4327 constituitur,
3334 4265 3548 4318 diversa
3590 4262 3712 4315 licet

2133 4365 2358 4420 materia
2390 4364 2481 4431 sit,
2529 4378 2593 4417 ac
2634 4362 2904 4416 diversum
2954 4373 3193 4427 corpus;
3249 4356 3462 4409 animas
3518 4353 3711 4424 quippe

2135 4458 2299 4512 variis
2358 4471 2458 4526 pro
2514 4454 2753 4509 locorum
2801 4451 3063 4505 varietate
3122 4448 3197 4500 liti
3249 4446 3602 4513 corporibus;
3656 4453 3710 4498 et

2134 4546 2588 4619 quemadmodum
2619 4545 2763 4597 aliud
2815 4555 3038 4595 necesse
3085 4538 3227 4592 foret
3260 4537 3446 4591 subire
3495 4550 3705 4602 corpus,

458 4646 816 4717 ignobilitate,
844 4643 1016 4711 surgit
1054 4643 1107 4696 in
1143 4641 1353 4712 gloria;
1388 4639 1683 4694 seminatur
1712 4638 1763 4691 iu
1798 4637 2026 4691 inﬁrmi-
2060 4622 2103 4676 Ῑ)
2133 4641 2177 4695 si
2207 4640 2259 4694 in
2285 4638 2443 4708 aquis
2471 4636 2665 4689 victuri
2703 4646 2966 4696 essemus,
3012 4630 3082 4683 ita
3117 4628 3274 4683 nobis
3300 4628 3469 4680 vitam
3514 4625 3709 4679 acturis

459 4748 589 4803 tate,
621 4738 797 4807 surgit
827 4737 879 4790 in
910 4738 1108 4789 virtute
1137 4752 1151 4801 ;
1190 4733 1492 4788 seminatur
1519 4745 1717 4799 corpus
1756 4730 2024 4795 animale,

458 4833 631 4902 surgit
697 4845 895 4899 corpus
958 4826 1270 4899 spiritale,»
1335 4838 1535 4892 corpus
1590 4832 2023 4878 resurrecturum

454 4924 673 4993 quidem
702 4922 1055 4986 existimavit,
1101 4918 1197 4973 sed
1233 4919 1577 4973 immutatum
1626 4924 1840 4980 natura,
1896 4925 1951 4970 et
1998 4930 2027 4968 a

457 5017 644 5086 priore
674 5015 970 5078 diversum,
1007 5030 1073 5068 ac
1107 5012 1261 5082 plane
1285 5010 1466 5074 aliud;
1502 5007 1959 5078 quemadmodum
1996 5022 2028 5061 ε

458 5123 627 5178 grano
670 5108 838 5162 tritici
871 5106 1022 5176 spica
1062 5106 1234 5176 surgit
1285 5121 1314 5159 ε
1355 5118 1527 5175 grano
1578 5102 1829 5165 diversa;
1886 5098 2030 5169 quod

454 5200 769 5254 conﬁrmari
790 5208 935 5269 puta|
955 5198 1070 5253 isto
1088 5213 1118 5253 ε
1141 5198 1318 5261 priore
1341 5195 1407 5249 ad
1432 5194 1681 5249 Corinth.
1712 5208 1802 5257 xv,
1829 5190 2029 5247 56-58:

464 5310 482 5342 ι
512 5292 798 5360 lnsipiens,
834 5300 889 5344 tu
932 5290 1079 5359 quod
1117 5289 1357 5343 seminas
1401 5302 1506 5341 non
1559 5284 1888 5347 viviﬁcatur,
1930 5280 2032 5335 nisi

462 5384 613 5450 prius
638 5383 923 5437 moriatur.
959 5381 1023 5435 Et
1056 5380 1199 5451 quod
1227 5379 1489 5445 semiuas,
1520 5394 1625 5432 non
1664 5388 1863 5443 corpus
1893 5372 2035 5440 quod

465 5474 704 5529 luturum
730 5482 815 5529 est
845 5474 1107 5539 semiuas,
1148 5473 1244 5527 sed
1276 5470 1479 5524 nudum
1510 5483 1762 5538 granum,
1794 5474 1851 5519 ut
1884 5471 2034 5533 puta,

466 5567 633 5622 tritici
655 5576 749 5620 aut
792 5564 1021 5631 alicujus
1047 5574 1392 5620 caeterorum.
1445 5562 1586 5615 Deus
1632 5568 1811 5612 autem
1840 5557 1931 5611 dat
1960 5554 2035 5608 illi

468 5671 668 5725 conpus
685 5656 824 5711 sicut
848 5654 1043 5715 voluit,
1066 5665 1120 5707 et
1147 5654 1440 5722 unicuique
1466 5651 1731 5704 seminum
1761 5646 2036 5716 proprium

471 5761 687 5816 corpus.
720 5765 738 5799 t
771 5746 925 5801 Unde
958 5746 1057 5801 lib.
1101 5760 1132 5796 ν
1162 5757 1350 5799 contra
1381 5742 1697 5805 Cels.,num.
1724 5738 1813 5802 22,
1831 5746 2042 5792 mortuo

474 5838 686 5907 corpori
724 5838 872 5894 velut
919 5852 1105 5893 semen
1156 5834 1321 5890 futuri
1372 5834 1615 5902 corporis
1667 5834 1845 5885 inesse
1890 5826 2042 5892 dicit,

482 5929 801 6009 hominique
841 5944 870 5983 e
898 5926 1125 5984 mortuis
1156 5924 1452 5993 resurgcuti
1489 5938 1684 5991 corpus
1718 5936 1817 5993 pro
1866 5919 2047 5974 divino

2132 4733 2184 4786 in
2217 4730 2375 4795 coelo,
2417 4727 2675 4797 spiritalia
2740 4722 3082 4785 necessario!
3117 4734 3345 4790 corpora
3407 4732 3524 4772 esse
3579 4716 3708 4770 asci-

2131 4822 2363 4889 sccuda;
2404 4820 2497 4874 sed
2536 4826 2742 4872 mutato
2796 4816 2923 4870 licet
2961 4827 3212 4882 corpore,
3254 4810 3500 4865 eamdem
3534 4818 3704 4863 tamen

2134 4913 2445 4983 neutiquam
2470 4908 2797 4963 exstinctum
2826 4905 2891 4959 iri
2915 4904 3148 4973 speciem
3176 4917 3239 4957 ac
3260 4902 3508 4966 formam,
3526 4912 3708 4968 quem-

2132 5005 2419 5062 admodum
2474 5000 2654 5062 Jesus.
2709 4999 2881 5053 Moses
2934 5012 2998 5050 ac
3066 4996 3212 5049 Elias
3263 4995 3316 5048 iu
3369 4990 3707 5046 transforma-

2139 5101 2287 5154 tioue
2317 5111 2438 5151 sese
2477 5096 2666 5148 eadem
2715 5088 3086 5160 aguosccndos
3132 5086 3313 5154 specie
3354 5082 3705 5153 praebuerunt.

2144 5188 2671 5260 Explanatidipsum
2712 5181 2942 5237 subinde
2970 5177 3276 5233 Methodius
3324 5190 3446 5244 cap.
3497 5172 3595 5234 58,
3642 5183 3709 5221 ac

2140 5296 2260 5335 eam
2289 5293 2503 5347 quoque
2531 5272 2783 5344 Origenis
2825 5268 3263 5326 dissertationem
3315 5266 3368 5320 in
3408 5261 3704 5333 Apologiam

2142 5387 2295 5426 suam
2321 5367 2635 5438 Pamphilus
2666 5364 2901 5419 infersit.
2928 5360 3245 5416 Eustathius
3270 5356 3623 5412 Antiochenus
3645 5349 3704 5400 in

2149 5466 2291 5519 libro
2317 5462 2394 5516 De
2422 5454 2860 5529 Engastrimytlto
2894 5461 3079 5507 narrat
3122 5450 3410 5519 Origeucm
3458 5444 3586 5498 male
3632 5442 3708 5493 de

2147 5553 2547 5610 resurrectione
2577 5547 2905 5603 sententiam
2942 5542 3156 5598 abunde
3181 5537 3505 5607 aMetbodio
3542 5533 3708 5587 fuisse

2146 5642 2508 5701 confutatum,
2541 5639 2608 5692 ab
2640 5651 2812 5704 eoque
2838 5644 3023 5704 aperte
3068 5634 3491 5686 demonstratum
3523 5640 3705 5680 ansam

2148 5736 2275 5792 inde
2326 5730 2594 5788 barreticis
2637 5727 2938 5799 prazbitam,
2992 5738 3090 5777 cur
3141 5721 3321 5789 specie
3369 5719 3555 5779 solum,
3592 5727 3708 5767 non

2153 5840 2378 5896 corpore
2406 5823 2522 5893 ipso
2552 5819 2797 5874 homines
2828 5816 2955 5871 olim
2997 5812 3113 5868 fore
3154 5810 3489 5865 suscitandos
3520 5802 3707 5872 opina—

2158 5926 2363 5976 rentur.
2390 5912 2648 5970 Notabilis
2678 5925 2803 5966 vcro
2827 5918 2911 5964 est
2945 5906 3142 5961 Nicetes
3170 5903 3468 5958 Acominau
3492 5908 3708 5978 accusa-
