3916 6524
226 483 322 544 989

1039 485 1618 543 ORIGENIANORUM
1659 485 1785 543 LIB.
1828 484 1893 549 ll,
1933 482 2085 538 CAP.
2130 481 2191 547 ll,
2230 478 2504 548 QUIEST.
2544 477 2638 536 IX.

3357 473 3461 529 990

227 600 414 657 tioAl-ib.
447 616 505 658 tv
536 600 696 659 Thes.
737 603 945 656 ortltod.
981 602 1097 667 βά..
1143 603 1336 659 haeres.
1366 620 1517 671 xxxi,
1548 621 1652 675 qua
1679 603 1801 660 Ori-
1830 606 1878 664 Α
1907 602 2075 667 nitur,
2115 614 2216 655 nec
2249 600 2484 669 pondere
2529 601 2919 667 praegravatur,
2952 600 3006 646 et
3053 604 3151 659 pro
3197 589 3459 652 locorum,

230 692 371 763 genis
414 695 744 748 sententiam
795 695 879 748 his
912 693 1133 763 exponit
1178 696 1379 762 verbis,
1435 696 1590 767 juxta
1646 696 1796 755 Petri

233 783 423 839 Morelli
461 784 962 854 interpretationem
992 802 1007 839 :
1045 802 1064 836 ι
1095 784 1303 855 Corpus
1330 787 1799 857 hocquoinvolvi-

235 891 361 936 mur,
408 876 828 930 resurrectionis
884 876 1025 931 illius
1076 878 1162 931 die
1216 894 1321 933 non
1368 889 1635 950 resurget,
1685 879 1782 935 sed

236 965 457 1018 humana
486 973 698 1019 tantum
725 966 920 1032 forma,
949 980 1058 1035 qua
1095 965 1293 1021 Paulus
1319 967 1455 1022 forte
1482 968 1567 1021 vel
1608 951 1797 1023 Petrus

238 1055 604 1127 dignoscitur;
672 1067 835 1126 atque
901 1057 1036 1113 adeo
1102 1058 1411 1114 extrinseca
1480 1058 1571 1113 illa
1625 1058 1793 1128 figura

238 1154 498 1216 resurget,
541 1162 664 1216 quae
691 1148 792 1202 sub
835 1147 1009 1203 forma
1038 1163 1252 1219 quoque
1301 1150 1793 1220 comprehenditur.

240 1241 397 1295 Porro
426 1239 731 1308 subjectum
766 1241 964 1310 ipsum,
992 1241 1104 1296 sive
1137 1256 1354 1312 corpus,
1383 1241 1794 1310 haudquaquam

240 1334 371 1387 idem
425 1331 713 1387 manebit:
751 1331 1062 1389 Seminatur
1099 1334 1243 1387 enim
1294 1349 1480 1403 corpus
1527 1334 1791 1398 animale,

237 1421 718 1493 inquitApostolus
745 1424 814 1490 ⁸⁷,
838 1428 1036 1493 corpus
1059 1424 1333 1493 spirituale
1364 1424 1605 1494 resurgit.
1655 1423 1796 1490 Qua-

237 1519 449 1581 propter
503 1526 735 1567 necesse
785 1521 893 1577 est,
954 1522 1013 1569 ut
1070 1513 1522 1569 resurrectionem
1576 1514 1628 1568 in
1681 1516 1793 1570 sola

238 1603 403 1671 forma
436 1602 675 1658 futuram
721 1619 1038 1674 speremus;
1090 1604 1144 1659 iu
1205 1605 1449 1674 subjecto
1508 1619 1639 1659 vero
1686 1620 1793 1660 non

236 1697 374 1750 item.
406 1713 427 1747 ι
472 1696 638 1750 Addit
685 1696 881 1752 deinde
929 1696 1150 1751 Nicetes
1175 1697 1501 1753 sententiam
1529 1710 1681 1751 suam
1727 1698 1793 1754 de

236 1789 628 1843 resurrectione
647 1805 675 1841 a
707 1788 1005 1845 Platonicis
1030 1788 1313 1859 Origenem
1344 1791 1653 1860 accepisse;
1684 1800 1795 1846 tra-

235 1878 353 1932 dere
379 1889 561 1934 autem
591 1880 719 1934 illos
748 1880 944 1950 duplex
983 1880 1109 1934 idoli
1146 1896 1314 1950 genus
1345 1882 1541 1936 animae
1583 1883 1793 1937 unicui-

1902 692 1956 747 in
1996 691 2191 762 quibus
2222 689 2457 744 futurum
2488 695 2591 752 est,
2623 687 2887 740 varietate
2921 681 3233 737 mutabitur.
3260 699 3279 732 ι
3321 679 3460 734 Tum

1898 781 2003 837 sibi
2037 778 2238 835 Christi
2267 776 2713 833 resurrectionem
2744 773 2988 844 opponit,
3035 779 3091 825 et
3138 769 3459 825 suscitatam

1896 870 2013 939 ejus
2068 884 2284 940 corpus,
2337 878 2512 932 stans,
2555 864 2865 930 ambulans,
2922 861 3110 925 latere,
3172 858 3460 924 manibus,

1896 961 2173 1025 carnibus,
2204 960 2414 1015 ossibus
2445 958 2767 1012 instructum
2800 970 2815 1008 :
2850 955 2942 1009 sed
2974 954 3076 1007 alia
3106 952 3310 1006 virtute
3341 949 3461 1021 pol-

1896 1054 2007 1109 lere
2035 1067 2230 1123 corpus
2258 1050 2566 1121 reapondet,
2591 1048 2733 1118 quod
2756 1049 2823 1101 de
2853 1046 2954 1099 viri
2996 1045 3201 1100 semine
3225 1059 3459 1099 concre-

1896 1151 2010 1197 tum
2044 1157 2149 1196 non
2186 1148 2290 1205 est,
2340 1154 2404 1194 ac
2455 1146 2640 1193 nostra
2672 1150 2938 1207 corpora;
2989 1142 3045 1188 et
3096 1133 3201 1188 tale
3254 1133 3465 1187 idcirco

1895 1232 2210 1301 apparuisse
2259 1228 2460 1284 Christi
2502 1241 2717 1296 corpus,
2764 1243 2783 1277 ι
2839 1234 2897 1279 ιιι
2934 1222 3302 1279 dubitantibus
3333 1235 3464 1290 apo-

1894 1326 2051 1382 stolis
2078 1324 2234 1379 ﬁdem
2267 1322 2467 1376 faceret
2493 1319 2938 1383 resurrectionis;
2980 1336 2996 1370 ι
3026 1330 3239 1370 aereum
3282 1322 3459 1367 tamen

1894 1422 1949 1469 et
1980 1412 2259 1481 spirituale
2292 1411 2480 1475 fuisse,
2508 1418 2567 1464 ut
2591 1410 2733 1479 quod
2762 1407 2961 1463 clausis
2986 1406 3142 1460 ostiis
3163 1405 3459 1475 ingressum

1894 1506 1984 1571 sit,
2016 1515 2069 1559 et
2096 1504 2149 1558 in
2180 1503 2442 1557 fractione
2463 1502 2616 1569 panis
2648 1516 2714 1555 ex
2752 1498 2923 1554 oculis
2956 1497 3255 1551 evanuerit.
3290 1494 3460 1561 Quam

1896 1595 2324 1665 responsionem,
2364 1608 2433 1647 ac
2473 1593 2732 1659 reliquam
2776 1591 2903 1645 item
2948 1588 3196 1655 Origenis
3226 1588 3463 1656 disputa-

1898 1687 2096 1741 tionem
2145 1685 2323 1738 valide
2369 1684 2422 1736 in
2483 1682 2840 1751 sequentibus
2900 1679 3256 1749 Hieronymus
3293 1693 3463 1748 oppu—

1896 1785 2041 1847 gnat.
2073 1774 2151 1830 Ac
2182 1774 2346 1837 idem,
2374 1788 2497 1827 cum
2540 1773 2647 1826 sibi
2686 1772 2876 1826 fuisset
2902 1773 3264 1841 propositum,
3305 1785 3466 1824 accu—

1897 1878 2017 1921 rate
2043 1879 2256 1937 quoque
2286 1864 2536 1920 dissolvit
2563 1863 2894 1934 Augustinus
2924 1862 3079 1932 epist.
3109 1861 3201 1927 49,
3242 1863 3305 1915 ad
3332 1863 3466 1915 Deo-

237 1985 333 2039 que
359 1972 638 2027 adhaerere
666 1991 682 2039 ;
715 1973 859 2027 aliud
887 1972 955 2026 ab
975 1982 1178 2027 aeterno
1201 1973 1249 2027 ei
1286 1973 1578 2039 adnexum,
1614 1975 1791 2045 Splen-
1829 1952 1870 2006 Β
1900 1958 2124 2029 ἐνθάδε·

236 2064 408 2118 didum
435 2074 488 2118 et
513 2064 700 2118 lucens
721 2081 737 2129 ;
762 2064 987 2119 alterum
1011 2065 1269 2130 crassius,
1294 2065 1502 2135 ipsique
1528 2082 1593 2121 ex
1616 2076 1794 2122 astro-

238 2168 348 2207 rum
395 2153 760 2223 dispositione
819 2155 1291 2222 circumpositum;
1352 2156 1475 2211 huic
1527 2156 1792 2213 deteriora

238 2245 424 2299 animaa
480 2245 687 2311 munia,
748 2245 824 2299 illi
878 2247 1251 2315 praestantiora
1301 2247 1792 2318 deberizseparari

238 2335 357 2390 illud
381 2352 775 2408 nonnunquam
802 2340 869 2391 ab
911 2339 1086 2393 anima
1114 2354 1341 2407 corpore
1364 2340 1628 2404 exsoluta,
1653 2350 1707 2395 et
1726 2340 1793 2396 ad

236 2428 512 2496 pristinam
536 2434 721 2484 sedem
760 2429 1039 2485 revolare:
1074 2430 1178 2485 hoc
1212 2432 1280 2486 ab
1325 2431 1412 2485 illa
1454 2430 1590 2486 solvi
1617 2433 1793 2487 neuti-

237 2534 390 2587 quam
425 2534 603 2588 posse,
633 2519 729 2574 sed
768 2519 820 2573 in
855 2518 1083 2585 Orcmn,
1125 2520 1208 2574 vel
1248 2520 1394 2577 inter
1446 2522 1625 2577 sidera
1678 2531 1797 2591 post

238 2620 462 2665 mortem
514 2611 690 2665 abire.
733 2609 941 2677 Quibus
989 2611 1059 2664 ita
1107 2610 1366 2679 expositis
1416 2612 1530 2666 haec
1578 2613 1792 2667 demum

237 2701 503 2771 subjungit
534 2719 547 2753 :
577 2719 596 2751 ‹
624 2700 812 2770 Itaque
851 2700 1132 2771 Origenes,
1181 2710 1240 2754 ut
1292 2715 1407 2754 mea
1440 2702 1661 2770 quidem
1691 2700 1797 2756 fert

236 2794 522 2854 sententia,
556 2807 678 2845 cum
714 2791 950 2847 animum
989 2790 1134 2845 idolo
1165 2791 1466 2858 hujnsmodi
1505 2792 1795 2859 vestiisset,

234 2883 372 2949 quod
399 2883 655 2952 proprias
691 2882 968 2945 actiones,
1020 2883 1227 2952 sibique
1260 2882 1523 2938 involutas
1558 2884 1795 2939 circum-

236 2971 419 3039 ferret,
442 2971 558 3027 fore
579 2971 837 3039 subjecit,
862 2981 918 3026 ut
948 2988 1049 3025 una
1073 2989 1191 3027 cum
1220 2974 1322 3027 hoc
1354 2972 1441 3027 illa
1470 2982 1795 3043 resurgeret,

234 3063 521 3132 futuraque
573 3062 781 3131 judicio
827 3063 1205 3131 subjiceretur,
1249 3078 1352 3132 qua
1393 3064 1444 3117 in
1501 3080 1559 3119 re
1611 3073 1799 3134 gentes

235 3170 461 3223 prorsus
492 3155 772 3219 imitatur;
805 3154 1046 3209 mortalis
1089 3165 1269 3208 autem
1312 3154 1582 3224 tactuique
1633 3170 1798 3226 expo-

232 3246 327 3299 sita
361 3260 493 3301 caro
522 3243 784 3300 deﬂueret
824 3254 985 3315 atque
1008 3252 1372 3299 evanesceret.
1404 3262 1422 3295 ι

299 3335 546 3392 Ulterius
575 3335 740 3391 etiam
773 3336 883 3389 abit
916 3350 1302 3406 nonnunquam
1343 3334 1622 3406 Origenes,
1648 3350 1712 3390 ac
1733 3350 1800 3391 ne

234 3425 463 3479 formam
490 3426 714 3495 quidem
743 3426 915 3495 ipsam
946 3435 1002 3480 et
1032 3425 1255 3496 ﬂguram
1287 3425 1605 3493 corporibus
1636 3428 1802 3482 susci-

236 3517 411 3571 tandis
456 3517 789 3572 inhaesuram
830 3517 1173 3586 pronuntiat;
1220 3527 1274 3572 et
1306 3519 1804 3585 quemadmodume

232 3622 401 3677 grano
430 3607 603 3662 tritici
633 3608 783 3677 spica
821 3607 995 3677 surgit
1033 3622 1204 3678 grano
1250 3609 1541 3671 absimilis,
1598 3624 1697 3664 nec
1735 3625 1801 3664 ex

233 3697 340 3769 hoc.
361 3698 565 3753 transit
609 3698 664 3752 in
702 3697 846 3752 illam
872 3698 1163 3767 quidquam
1213 3699 1379 3765 aliud,
1412 3708 1608 3769 praeter
1641 3698 1806 3754 ratio-

232 3806 347 3845 nem
373 3790 633 3858 seminis,
667 3804 763 3846 seu
793 3792 1205 3863 σπινθηρισμὸν,
1238 3791 1307 3845 ita
1347 3793 1561 3860 corpori
1595 3800 1806 3845 mortuo

231 3884 412 3939 inesse
436 3899 649 3946 semen,
672 3883 814 3961 quod
835 3883 1158 3953 germinabit
1176 3883 1462 3937 novissima
1488 3890 1807 3953 personante

230 3976 378 4039 tuba,
405 3984 469 4029 et
494 3974 641 4027 aliud
674 3974 741 4028 de
771 3989 829 4029 se
860 3990 1058 4044 corpus
1089 3974 1260 4029 dabit.
1294 3972 1437 4029 Fuse
1461 3974 1574 4027 haec
1604 3973 1810 4029 edisse-

230 4068 298 4119 rit
328 4066 706 4137 Hieronymus
739 4067 791 4120 in
820 4067 1043 4135 epistola
1072 4068 1333 4120 adversus
1364 4065 1622 4120 Joannem
1651 4064 1807 4119 Jcro-

228 4155 651 4227 solymitauum,
680 4165 738 4210 et
771 4155 1057 4226 Origenem
1081 4155 1162 4209 sic
1192 4154 1397 4208 inducit
1426 4155 1808 4222 disputantem,

227 4263 345 4317 cap.
378 4249 414 4303 8
450 4263 466 4300 :
506 4266 527 4299 ι
557 4247 693 4302 Cum
728 4254 908 4299 autem
948 4245 1135 4312 iudicii
1171 4244 1288 4298 dies
1319 4244 1617 4307 advenerit,
1655 4250 1711 4295 et
1753 4240 1809 4295 in

227 4356 359 4397 voce
395 4340 749 4410 archangeli,
796 4347 851 4393 et
878 4338 930 4391 in
963 4337 1253 4392 novissima
1290 4339 1415 4390 tuba
1448 4335 1493 4366 ¹⁸
1533 4333 1813 4388 tremuerit

230 4441 399 4499 terra,
429 4432 809 4486 movebuntur
826 4430 1008 4483 statim
1035 4427 1263 4492 sentina,
1288 4438 1341 4481 et
1369 4426 1419 4479 in
1446 4435 1644 4495 puncto
1666 4426 1813 4479 hora:

226 4536 483 4577 mortuos
514 4521 904 4591 germinabunt
932 4536 949 4572 :
976 4535 1082 4573 non
1128 4528 1305 4571 tamen
1343 4518 1559 4571 easdem
1597 4530 1810 4580 carnes,

229 4631 329 4670 nec
369 4617 427 4669 in
474 4615 551 4668 iis
580 4612 776 4666 formis
806 4609 1116 4682 restituent,
1146 4623 1266 4677 quae
1293 4609 1530 4662 fuerunt.
1562 4625 1582 4659 ι
1630 4606 1814 4675 Capite

228 4705 431 4760 deinde
463 4700 751 4771 sequenti,
790 4701 864 4752 ita
888 4698 1196 4769 loquentem
1231 4699 1382 4769 lingit
1413 4697 1810 4762 Adamantium,

224 4797 484 4857 ossium,
545 4790 827 4860 sanguinis
904 4805 967 4844 ac
1057 4790 1420 4844 membrorum
1483 4788 1813 4858 singulorum

228 4886 531 4955 repudiata
588 4880 1035 4937 resurrectione:
1066 4898 1084 4930 ι
1113 4880 1265 4935 Nunc
1331 4880 1505 4935 oculis
1549 4881 1813 4943 videmus,

228 4977 457 5030 auribus
486 4974 772 5037 audimus,
806 4970 1057 5026 manibus
1086 4972 1296 5040 agimus
1322 5012 1337 5035 ,
1368 4972 1594 5042 pedibus
1623 4971 1814 5025 ambu-

229 5067 447 5131 lamus;
477 5067 539 5119 in
586 5065 680 5119 illo
709 5074 890 5118 autem
921 5079 1154 5132 corpore
1184 5063 1449 5132 spirituali
1482 5063 1579 5117 toti
1611 5062 1816 5115 videbi-

229 5177 369 5226 mus,
399 5160 507 5215 toti
545 5158 855 5220 audiemus,
898 5158 995 5211 toti
1036 5157 1402 5226 operabimur,
1440 5156 1536 5209 toti
1569 5154 1817 5208 ambula-

229 5250 433 5317 bimus,
467 5260 531 5304 et
572 5247 972 5316 trans/igurabit
997 5246 1250 5300 Dominus
1287 5262 1472 5313 corpus
1509 5244 1824 5298 humilitatis

230 5352 426 5396 nostra
468 5338 754 5402 conforme
797 5338 1007 5404 corpori
1060 5337 1318 5390 claritatis
1362 5352 1473 5390 sua:
1522 5334 1705 5405 gloria:
1756 5336 1822 5388 ¹⁹.

230 5431 463 5495 Quando
547 5427 736 5490 dixit,
781 5427 1209 5497 transﬂgnrabit,
1257 5427 1308 5480 id
1349 5436 1433 5479 est
1471 5441 1823 5495 μετασχημα-

229 5523 389 5587 τίσει,
425 5521 813 5575 membrorum
856 5520 1052 5587 quibus
1099 5532 1240 5571 nunc
1271 5518 1496 5581 utimur,
1539 5516 1822 5570 diversitas

230 5613 569 5682 denegatur.
616 5606 777 5659 Aliud
812 5608 965 5661 nobis
996 5607 1239 5676 Spiritalc
1277 5615 1330 5659 et
1365 5605 1655 5659 aetherenm
1697 5620 1822 5672 pro-

234 5705 498 5767 mittitur,
531 5700 685 5768 quod
713 5713 814 5753 nec
846 5698 1012 5752 tactui
1047 5698 1291 5765 subiacet
1311 5737 1327 5762 ,
1370 5712 1469 5752 nec
1499 5696 1672 5752 oculis
1696 5712 1819 5749 cer-

1828 3304 1871 3364 C

1968 2048 2184 2104 Erroris
2209 2056 2356 2101 certe
2402 2044 2543 2100 illius
2578 2053 2733 2099 notas
2772 2043 3009 2110 reperire
3044 2040 3169 2095 licet
3210 2040 3262 2094 in
3308 2037 3466 2093 Cort-

1899 2139 2157 2195 mentario
2185 2137 2434 2206 Origenis
2463 2136 2532 2189 ad
2557 2140 2745 2204 psalm.
2772 2152 2811 2199 l,
2847 2150 2966 2204 pag.
2994 2134 3119 2199 555,
3150 2131 3274 2193 556,
3305 2144 3464 2199 quem

1900 2231 1955 2285 in
1986 2231 2258 2301 epitomen
2289 2227 2568 2284 contraxit
2597 2225 2919 2279 Methodius.
2958 2223 3031 2278 lbi
3062 2222 3261 2292 quippe
3290 2222 3466 2274 locum

1901 2322 2104 2377 Ezech.
2159 2337 2283 2389 cap.
2339 2332 2562 2377 xxxvii.
2624 2331 2733 2388 quo
2797 2315 2991 2369 futura:
3057 2312 3468 2368 resurrectionis

1901 2413 2213 2484 mysterium
2266 2409 2577 2481 planissime
2617 2408 2883 2477 aperitur,
2939 2408 2990 2460 in
3031 2407 3195 2460 alium
3247 2418 3465 2459 senSnm

1900 2505 2214 2572 detorquet;
2262 2516 2385 2555 nam
2434 2498 2604 2553 aridis
2638 2497 2747 2551 illis
2794 2484 3028 2559 ossibus,
3080 2496 3329 2550 acerbam
3372 2491 3468 2545 Ju-

1901 2599 2139 2651 timorum
2174 2594 2543 2664 captivitatem
2598 2591 2774 2645 notari
2823 2599 3016 2661 putat,
3072 2603 3191 2657 quae
3241 2600 3468 2655 corpora

1900 2704 2064 2743 succo
2088 2689 2348 2742 exhausta
2383 2685 2553 2738 macie
2593 2684 3029 2747 deformaverat;
3072 2680 3468 2735 resurrccuonc

1901 2792 2105 2846 autem,
2138 2780 2439 2835 libertatem
2463 2776 2796 2841 Judazorum,
2823 2793 2943 2845 qua:
2972 2776 3023 2829 in
3060 2773 3345 2844 pristinuru
3372 2784 3469 2826 eos

1901 2882 2125 2935 statum,
2175 2881 2227 2926 et
2269 2870 2537 2939 integrum
2569 2883 2635 2922 ac
2660 2868 2899 2921 vividum
2944 2865 3186 2934 corporis
3228 2862 3468 2916 habitum

1901 2974 2019 3018 erat
2067 2962 2400 3017 restitutura.
2446 2958 2563 3013 Alio
2599 2958 2781 3011 itidem
2826 2956 3059 3011 deﬂectit
3099 2954 3228 3009 illud
3276 2952 3467 3006 Matth.

1906 3068 2027 3121 vm,
2060 3051 2147 3115 12,
2187 3071 2205 3104 ι
2231 3050 2306 3106 lbi
2337 3050 2441 3105 erit
2470 3049 2625 3105 ﬂetus
2665 3060 2719 3103 et
2761 3049 2963 3104 stridor
2989 3047 3255 3110 dentium,
3280 3064 3301 3097 ο
3337 3042 3470 3097 alia-

1904 3158 2009 3212 que
2060 3144 2346 3213 ejusmodi,
2391 3143 2588 3211 quibus
2636 3156 2862 3211 corpora
2914 3146 3288 3195 resurrectura
3347 3148 3471 3188 esse

1905 3236 2223 3300 conficitur;
2272 3250 2372 3290 nec
2414 3235 2485 3291 ibi
2542 3235 2757 3288 futuros
2803 3232 2991 3288 dentes
3035 3229 3345 3299 reSpondet,
3379 3227 3467 3280 ubi

1906 3328 2085 3383 nullus
2138 3327 2381 3381 dentium
2428 3342 2557 3381 usus
2618 3324 2836 3379 futurus
2883 3330 2999 3386 est;
3049 3330 3105 3376 et
3157 3331 3469 3387 corpoream

1904 3417 2048 3471 illam
2076 3417 2311 3485 speciem
2344 3422 2613 3467 mutatum
2642 3412 2748 3473 iri;
2786 3423 2885 3464 nec
2910 3407 3138 3478 primam
3168 3401 3470 3463 materiam,

1904 3523 2064 3575 quam
2091 3506 2335 3562 eamdem
2357 3519 2478 3559 esse
2508 3517 2650 3573 saepe
2676 3502 2809 3558 dicit
2835 3516 2899 3554 ac
2929 3513 3152 3567 corpus,
3183 3494 3291 3548 ullo
3313 3491 3472 3546 modo

1905 3608 2336 3655 resurrectnram
2360 3613 2376 3661 ;
2404 3598 2469 3650 ad
2495 3597 2655 3665 idque
2684 3593 2837 3663 grani
2865 3601 2921 3646 et
2948 3590 3111 3658 spicae
3142 3583 3469 3654 exemplum,

1904 3705 2014 3761 quo
2049 3705 2176 3745 usus
2209 3686 2621 3758 estApostqus,
2649 3681 3045 3738 accommodat.
3070 3679 3239 3733 Turno
3261 3688 3475 3745 quoque

1907 3796 2019 3835 xm
2062 3781 2117 3834 in
2166 3777 2388 3843 Mattio,
2440 3792 2589 3831 num.
2631 3775 2700 3829 ’50
2737 3783 2790 3829 et
2837 3773 2928 3837 35,
2983 3773 3048 3825 de
3102 3769 3398 3839 quaestione
3443 3780 3471 3816 a

1912 3872 2222 3928 Sadducaeis
2264 3869 2584 3939 Sospitatori
2617 3866 2892 3936 proposita
2945 3876 3109 3930 agens
3145 3857 3477 3927 genitalibus

1909 3965 2145 4020 caritura
2170 3961 2409 4015 decrevit
2438 3973 2664 4027 corpora
2700 3958 2751 4009 in
2783 3954 2946 4017 cado,
2981 3951 3125 4021 quod
3157 3951 3224 4003 ibi
3262 3948 3476 4018 genita-

1910 4057 2040 4110 lium
2078 4068 2206 4108 usus
2231 4051 2529 4105 aboleudus
2574 4049 2670 4104 sit.
2711 4045 2818 4100 Sed
2850 4053 2904 4097 et
2935 4058 3000 4096 ex
3044 4043 3150 4095 line
3185 4039 3304 4091 libri
3334 4054 3369 4090 ιι
3402 4035 3477 4089 De

1907 4144 2129 4215 princip.
2180 4138 2337 4193 all‘ert
2369 4140 2511 4192 hunc
2560 4136 2738 4190 locum
2784 4132 3143 4200 Hieronymus
3188 4126 3346 4194 epist.
3384 4126 3477 4187 59,

1912 4233 1979 4286 ad
2015 4230 2160 4285 Avit.
2187 4268 2203 4293 ,
2242 4243 2365 4295 cap.
2415 4226 2490 4281 Ξῖ
2525 4243 2543 4275 ι
2565 4224 2807 4291 Cumque
2853 4222 2905 4275 in
2947 4228 3154 4272 tantum
3189 4215 3480 4284 profeceri-

1913 4338 2059 4388 mus,
2089 4331 2146 4375 ut
2178 4332 2518 4387 nequaquam
2548 4330 2742 4371 carnes
2765 4324 2818 4367 et
2845 4326 3109 4381 corpora,
3161 4307 3384 4360 forsitan
3414 4318 3481 4358 ne

1912 4416 2109 4468 anima:
2137 4412 2353 4482 quidem
2409 4409 2691 4471 fuerimus,
2738 4406 2834 4462 sed
2885 4419 3035 4458 mens
3084 4413 3138 4455 et
3184 4414 3377 4455 sensus
3414 4396 3480 4449 ad

1914 4507 2212 4575 perfectum
2239 4502 2484 4565 veniens,
2514 4499 2768 4567 nulloque
2797 4495 3259 4565 perturbationum
3301 4488 3483 4543 nubilo

1845 4598 2177 4691 Dcaligans,
2248 4594 2549 4649 intuebitur
2597 4589 2948 4644 rationabiles
3015 4582 3486 4653 intelligibilesque

1919 4685 2256 4742 substantias
2298 4684 2439 4739 facie
2468 4683 2537 4736 ad
2572 4680 2785 4735 faciem.
2811 4696 2832 4730 ι
2884 4679 3013 4745 Qua:
3050 4677 3128 4730 sic
3170 4674 3487 4740 depravavit

1919 4794 2018 4833 suo
2057 4792 2208 4832 more
2256 4775 2481 4829 Rufinus
2511 4790 2525 4826 :
2553 4791 2573 4823 ι
2604 4773 2669 4826 Et
2694 4774 2766 4825 ita
2817 4784 3073 4825 crescens
3126 4781 3221 4836 per
3276 4764 3484 4833 singula

1920 4867 2260 4925 rationabilis
2293 4876 2510 4929 natura,
2538 4878 2645 4917 non
2667 4862 2809 4916 sicut
2838 4861 2890 4913 in
2924 4873 3089 4911 carne
3125 4855 3210 4908 vel
3236 4865 3484 4920 corpore,

1920 4973 1975 5016 et
2005 4962 2183 5014 anima
2214 4960 2267 5012 in
2296 4959 2399 5011 hac
2434 4956 2545 5009 vita
2576 4952 2881 5015 crescebat,
2912 4951 3004 5002 sed
3034 4954 3212 5001 mente
3233 4959 3296 4997 ac
3325 4956 3486 4995 sensu

1921 5063 2077 5106 aucta
2113 5052 2178 5103 ad
2209 5050 2502 5117 perfectam
2537 5044 2821 5098 scientiam
2846 5082 2863 5107 ,
2909 5055 3060 5093 mens
3096 5039 3206 5103 jam
3251 5033 3487 5103 perfecta

1922 5145 2267 5216 perducitur,
2303 5154 2643 5208 nequaquam
2690 5138 2798 5206 jam
2841 5136 2980 5187 ultra
3027 5132 3143 5185 istis
3177 5126 3490 5182 carnalibus

1928 5236 2178 5290 sensibus
2209 5234 2493 5300 impedita,
2536 5230 2629 5282 sed
2656 5225 3108 5281 intellectuaiihns
3141 5217 3491 5273 incrementis

1928 5334 2106 5389 aucta,
2131 5336 2343 5391 semper
2369 5322 2433 5373 ad
2457 5334 2671 5388 purmn,
2694 5328 2769 5382 et,
2804 5326 2862 5369 ut
2886 5316 2957 5368 ita
2982 5312 3231 5375 dixerim,
3254 5308 3389 5362 facie
3420 5307 3488 5359 ad

1927 5418 2119 5472 facient
2166 5429 2345 5468 rerum
2405 5426 2604 5465 causas
2651 5410 2962 5477 inspiciens.
2991 5424 3010 5456 ι
3062 5401 3299 5468 Denique
3349 5397 3491 5451 libro

1926 5524 1959 5561 v
2009 5518 2191 5560 contra
2235 5504 2395 5567 Cels.,
2459 5518 2608 5555 num.
2661 5501 2748 5567 l9,
2795 5508 3013 5570 prepter
3059 5492 3408 5564 migrationes
3457 5504 3491 5543 e

1929 5600 2046 5654 loco
2082 5600 2132 5651 in
2164 5598 2336 5652 locum
2369 5596 2691 5665 corporibus
2742 5608 2840 5647 nos
2883 5607 3017 5661 opus
3052 5589 3253 5643 habere
3292 5588 3491 5648 docet;

1930 5697 1983 5751 id
2011 5704 2187 5751 autem
2221 5704 2425 5751 certam
2456 5708 2561 5748 non
2604 5691 2880 5760 requirere
2916 5689 3148 5760 partium
3172 5685 3492 5757 posituram,

291 5878 331 5909 ⁸⁷
363 5876 383 5931 1
409 5874 547 5931 Cor.
577 5882 679 5934 xv,
703 5868 792 5924 Η.
870 5871 912 5902 ¹⁸
939 5869 1168 5926 l-Tltess.
1190 5887 1261 5934 tv,
1285 5870 1369 5925 15.
1450 5871 1490 5902 ¹⁹
1510 5869 1702 5938 Philip.
1739 5866 1923 5961 ιιιβξ.
