3906 6524
467 465 568 524 991

1753 464 1812 523 Ρ.
1861 463 2030 520 ΒΑΝΙ]

2137 464 2176 520 s
2215 461 2453 538 HUETII
3581 465 3664 521 999.

469 580 566 639 sed
613 582 840 650 quodvis
891 582 1178 638 admittere
1237 597 1456 654 corpus,
1511 599 1709 657 corpus
1752 586 1914 643 modo
1951 586 2040 640 sil.
2076 593 2119 648 Α
2151 599 2373 656 corpus,
2399 593 2456 638 et
2495 580 2654 636 aliter
2702 578 2994 636 formatum
3037 587 3189 634 ratus
3217 588 3300 634 cst
3335 578 3663 649 Adamantius,

537 670 670 728 VIII.
705 673 995 730 lnclinasse
1017 675 1206 730 eodem
1233 691 1342 747 quo
1365 676 1626 749 Origenes
1673 679 1884 734 videtur
1915 677 2043 733 Hie-

471 777 726 842 ronymus
756 767 849 823 lib.
880 783 938 822 III
981 769 1037 821 in
1073 768 1248 838 Epist.
1307 770 1376 824 ad
1414 769 1629 840 Ephea.,
1666 783 1788 842 cap.
1815 771 1870 839 5,
1894 785 2040 826 vers.

467 839 561 917 εει,
597 872 615 905 ι
654 853 957 910 Foveamus
991 857 1173 926 igitur,
1211 858 1419 927 inquit,
1453 839 1510 914 et
1547 861 1648 916 viri
1690 839 1888 917 uiorcs
1913 901 1928 927 ,
1988 870 2047 916 et

465 945 664 1002 anima:
711 959 894 1002 nostra
927 964 1156 1020 corpora
1183 991 1199 1016 ,
1251 964 1309 1008 ut
1345 963 1401 1008 et
1445 968 1645 1009 uxores
1697 955 1750 1009 in
1793 954 1960 1019 viros,
1990 963 2045 1008 et

465 1055 698 1110 corpora
729 1042 1048 1113 redigantur
1081 1046 1134 1100 in
1182 1047 1394 1102 animas
1421 1086 1437 1113 ,
1481 1057 1539 1103 et
1579 1063 1922 1119 nequaquam
1970 1049 2043 1102 sit

463 1146 691 1189 sexuum
727 1135 832 1189 ulla
863 1135 1176 1192 diversitas.
1211 1137 1317 1195 Sed
1356 1141 1625 1210 quomodo
1655 1142 1797 1210 apud
1823 1140 2044 1211 angelos

464 1239 570 1279 non
594 1234 678 1280 est
700 1227 784 1281 vir
804 1237 857 1280 et
896 1226 1124 1295 mulier,
1156 1231 1226 1282 ita
1253 1240 1306 1284 et
1347 1245 1443 1286 nos
1468 1231 1559 1300 qui
1602 1231 1810 1287 similes
1838 1231 2042 1302 angelis

464 1317 628 1372 futuri
654 1333 862 1382 sumus,
892 1320 1004 1389 jam
1032 1337 1175 1375 nunc
1198 1322 1516 1390 incipiamus
1542 1337 1689 1386 esse,
1713 1324 1857 1393 quod
1883 1323 2041 1378 nobis

462 1411 516 1464 in
547 1410 866 1466 ctelestibtts
893 1416 1278 1481 repromissum
1301 1424 1400 1468 est.
1435 1432 1453 1465 ι
1492 1415 1707 1472 Acriter
1745 1428 1810 1470 ea
1849 1416 2041 1484 explo-

462 1501 544 1555 dit
572 1502 821 1568 Ruﬁnus,
863 1513 1046 1574 utpote
1083 1520 1150 1560 ex
1187 1506 1384 1574 quibus
1434 1507 1689 1563 interitus
1727 1521 2037 1576 corporum,

459 1601 517 1645 et
549 1607 778 1647 sexuum
807 1593 1030 1650 abolitio
1055 1605 1464 1665 consequatur;
1521 1598 1738 1652 demum
1767 1599 1848 1653 sic
1901 1599 1977 1652 ait
2021 1616 2036 1654 :

464 1701 483 1736 ι
515 1683 735 1752 Quanto
761 1686 967 1740 rectius
1007 1686 1236 1752 faceres,
1271 1689 1314 1742 si
1341 1703 1460 1754 nos,
1483 1703 1621 1758 quos
1663 1689 1874 1760 culpas,
1912 1690 2038 1746 inti-

460 1777 658 1830 tareris
697 1777 748 1831 in
776 1777 995 1844 talibus,
1021 1788 1077 1832 et
1103 1778 1220 1833 haec
1246 1779 1346 1832 soli
1366 1780 1495 1844 Deo,
1531 1790 1589 1833 ttt
1610 1795 1670 1835 se
1707 1783 1915 1837 veritas
1938 1781 2038 1835 ha-

458 1871 567 1932 bet,
593 1885 754 1926 nosse
786 1873 1168 1940 permitteres;
1213 1881 1268 1927 et
1303 1883 1355 1928 te
1392 1874 1571 1942 potius
1622 1875 1874 1944 ignorare
1901 1875 2036 1929 fate-

2147 690 2310 744 quam
2333 674 2479 744 quod
2509 677 2564 728 in
2598 673 2817 728 mortali
2855 680 3163 742 gestaverat
3188 671 3333 740 vita;
3361 686 3666 741 ecquamnam

2145 764 2360 833 corpori
2397 763 2530 818 huic
2572 763 2802 835 ﬁguram
2844 763 3026 832 potius
3060 761 3374 831 ascripserit
3399 778 3545 831 quam
3577 764 3667 834 glo-

2147 856 2356 918 bosam,
2391 861 2580 921 utpote
2632 866 2813 906 rerum
2842 850 3148 906 caelestium
3172 852 3473 921 propriam,
3494 863 3543 907 et
3585 853 3669 907 for-

2148 956 2360 997 marum
2383 941 2628 996 omnium
2674 940 3152 1011 perfectissimam,
3183 955 3246 996 ac
3272 940 3466 995 animis
3506 955 3669 1010 expur-

2146 1035 2288 1106 gatis
2317 1045 2374 1090 et
2407 1035 2461 1089 in
2510 1031 2888 1103 perfectiorcm
2937 1033 3200 1100 reparatis
3242 1041 3442 1088 statum
3481 1035 3670 1089 maxime

2144 1126 2488 1196 congruam?
2525 1124 2674 1179 Sane
2713 1123 3049 1194 Origenistas
3079 1124 3396 1189 monachos,
3429 1125 3512 1194 qui
3540 1123 3671 1178 Pala-

2145 1222 2301 1274 stinaz
2323 1219 2585 1274 asceteria
2629 1217 2822 1273 Justini
2855 1233 2907 1272 et
2948 1215 3241 1272 Iustiniani
3283 1217 3592 1284 temporibus
3611 1217 3672 1272 in-

2147 1313 2449 1375 iestabant,
2489 1311 2694 1366 dixisse
2733 1309 2899 1364 refert
2934 1309 3193 1380 Cyriacus
3225 1309 3367 1380 apud
3411 1309 3671 1364 Simeonem

2147 1403 2565 1472 Metapbrastem
2597 1401 2732 1472 (47),
2757 1419 2775 1451 ι
2809 1401 2960 1468 Quod
2995 1401 3231 1455 aatherea
3258 1410 3315 1455 et
3333 1401 3577 1469 sphatrica
3601 1417 3672 1456 ex-

2145 1498 2385 1552 citantur
2410 1507 2593 1550 nostra
2634 1511 2861 1565 corpora
2913 1497 2966 1550 in
3017 1496 3418 1552 resurrectione
3454 1496 3564 1551 :sic
3596 1498 3672 1551 Do-

2145 1591 2278 1645 mini
2314 1604 2528 1661 quoque
2555 1604 2754 1660 corpus
2779 1587 2944 1644 fuisse
2972 1588 3272 1644 excitatum
3293 1629 3312 1657 ,
3363 1597 3417 1644 et
3441 1604 3533 1644 nos
3561 1587 3672 1642 fatus

2143 1699 2232 1740 ros
2275 1685 2324 1737 ei
2379 1697 2538 1752 pares
2573 1683 2626 1736 in
2667 1682 3091 1738 resurrectione.
3129 1700 3148 1734 ι
3178 1681 3518 1750 Quapropter
3536 1678 3671 1736 Justi-

2146 1777 2340 1831 nianus
2376 1777 2428 1829 in
2462 1774 2626 1843 epist.
2661 1775 2726 1828 ad
2765 1773 2972 1828 Menam
2999 1774 3217 1842 probris
3240 1772 3671 1841 Origenetninces.

2141 1870 2232 1936 sit,
2263 1870 2407 1939 quod
2453 1883 2684 1938 corpora
2739 1867 3013 1921 hominum
3055 1867 3355 1923 orbiculata
3397 1865 3670 1921 suscitatum

459 1961 620 2028 reris,
653 1937 815 2030 quam
842 1978 906 2018 ea
955 1937 1247 2032 scriberes,
1282 1937 1406 2034 quae
1446 1965 1605 2036 paulo
1640 1937 1777 2035 ‘post
1825 1979 1879 2022 tu
1921 1970 2036 2039 ipse
2069 1937 2112 1993 Β
2142 1962 2206 2017 iri
2250 1937 2626 2015 allii-mavelit.
2667 1958 2804 2015 llinc
2857 1960 2928 2015 ita
2959 1970 3255 2030 conceptus
3298 1967 3382 2014 est
3408 1959 3668 2028 quintusex

457 2051 766 2109 damnares.
792 2073 810 2108 ι
842 2053 950 2110 Sed
991 2066 1186 2129 purgat
1218 2072 1278 2114 se
1337 2057 1691 2130 Hieronymus
1729 2059 1824 2115 lib.
1849 2075 1866 2115 t
1896 2059 2036 2130 Apo-

453 2144 558 2215 log.
591 2147 710 2200 adv.
740 2146 944 2216 Ruﬁn.,
979 2164 1098 2218 cap.
1141 2149 1196 2217 6,
1225 2151 1348 2205 talia
1385 2166 1591 2206 seseex
1627 2151 1877 2222 Origenis
1915 2169 2036 2223 per-

454 2251 613 2301 sona,
651 2254 756 2293 non
784 2239 938 2310 quasi
985 2256 1101 2295 rem
1137 2259 1164 2294 a
1196 2257 1258 2298 se
1292 2253 1590 2307 assertam,
1617 2245 1712 2298 sed
1747 2245 1900 2315 quasi
1930 2246 2031 2300 sibi

451 2328 815 2398 objiciendam
859 2333 1146 2402 protulisse
1196 2335 1548 2404 respondens.
1598 2335 1726 2390 Eam
1770 2346 1826 2391 et
1852 2335 2032 2391 valide

455 2422 508 2475 in
547 2421 857 2492 Origenista
879 2427 1112 2494 quodam
1152 2440 1274 2481 sese
1295 2426 1606 2482 confutasse
1655 2438 1844 2482 narrat
1871 2430 2030 2498 epist.

451 2513 543 2578 27,
572 2517 638 2569 ad
662 2515 948 2582 Ettstoch.,
980 2531 1099 2587 cap.
1140 2518 1228 2581 II,
1255 2527 1311 2572 et
1343 2519 1472 2573 alibi
1511 2535 1727 2589 quoque
1761 2533 1861 2588 pro
1896 2520 2030 2576 falsa

453 2623 483 2660 a
515 2623 575 2662 se
597 2608 785 2663 haberi
819 2619 1071 2667 testatur.
1103 2609 1342 2665 Sexuum
1395 2611 1778 2668 discretionem
1817 2623 1944 2669 tunc
1968 2616 2030 2670 iri

453 2701 716 2755 abolitum
761 2717 868 2757 non
924 2702 1082 2773 pauci
1133 2716 1164 2758 e
1211 2703 1463 2760 Patribus
1502 2706 1743 2773 antiquis
1789 2705 2029 2762 afﬁrma—

454 2802 596 2846 ruttt.
623 2791 994 2851 Theodoretus
1021 2814 1034 2852 :
1067 2796 1282 2866 Ταύτης
1310 2796 1418 2868 γὰρ
1464 2797 1566 2868 τῆς
1602 2798 1919 2870 διαιρέσεως
1943 2802 2031 2853 ὲν-

450 2884 575 2957 δεὴς
593 2885 702 2940 τῶν
736 2887 842 2941 ὑπὸ
869 2888 946 2960 τῷ
981 2889 1196 2963 θανάτῳ
1219 2891 1516 2946 τελούντων
1549 2893 1583 2963 ἡ
1627 2891 1788 2961 φύσις
1808 2910 1821 2924 ·
1864 2909 1884 2942 t
1923 2893 2032 2948 llac

451 2977 593 3031 enim
647 2977 977 3035 discretione
1020 2981 1224 3050 indiget
1275 2997 1462 3037 eorum
1515 2992 1708 3036 natura
1739 3022 1755 3045 ,
1793 2983 1883 3053 qui
1933 2983 2032 3037 sub

452 3068 641 3124 mortis
676 3068 906 3142 imperio
931 3071 1166 3142 degunt;
1197 3092 1215 3124 ι
1245 3074 1438 3130 deinde
1471 3095 1484 3130 :
1517 3076 1642 3138 Τοῖς
1662 3075 1719 3129 δέ
1739 3093 1802 3145 γε
1829 3076 2030 3131 ἀθανά-

446 3169 562 3218 τοις
600 3159 986 3230 γεγενημένοις
1022 3160 1084 3214 τὸ
1129 3160 1259 3233 θῆλυ
1289 3163 1444 3233 γένος
1499 3166 1814 3221 παντάπασι
1841 3184 2031 3237 περιτ-

2137 2053 2612 2109 anathematismis
2664 2054 2837 2108 eidem
2887 2053 3133 2122 epistola:
3199 2051 3497 2121 subjectis:
3529 2053 3588 2106 Εἴ
3607 2069 3670 2114 τις

2139 2145 2340 2217 λέγειῆ
2369 2145 2482 2217 ἔχει
2507 2146 2566 2198 ὲν
2591 2145 2655 2216 τῇ
2691 2143 2983 2198 ἀναστάσει
3011 2143 3330 2215 σφαιροειδῆ
3365 2143 3436 2196 τὰ
3462 2143 3558 2198 τῶν
3596 2145 3668 2197 ἀν-

2137 2235 2371 2309 θρώπων
2413 2235 2720 2307 ἐγείρεσθαι
2761 2234 3007 2305 σώματα,
3037 2234 3131 2288 καὶ
3163 2235 3264 2306 οὐχ
3316 2233 3556 2305 ὁμολογεῖ
3597 2235 3669 2304 ὀρ-

2139 2331 2290 2394 θίους
2324 2332 2475 2401 ἡμᾶς
2505 2328 2836 2400 ἐγείρεσθαι,
2863 2327 3110 2400 ἀνάθεμα
3147 2329 3307 2382 ἔστω.
3348 2346 3367 2380 t
3401 2329 3456 2385 Si
3481 2329 3586 2400 quis
3605 2327 3668 2383 di-

2133 2425 2212 2479 cit
2246 2436 2340 2479 aut
2371 2424 2557 2478 .sentit
2590 2423 2807 2494 globosa
2852 2424 3127 2478 hominum
3173 2423 3425 2478 suscitari
3462 2435 3668 2490 corpora.

2137 2531 2237 2572 nec
2264 2515 2554 2571 conﬁtetur
2583 2530 2680 2569 nos
2711 2525 2888 2571 rectos
2914 2515 3197 2579 suscitari,
3217 2515 3501 2569 anathema
3527 2524 3664 2567 esto.»

2138 2608 2368 2663 Damnat
2391 2609 2442 2664 id
2478 2608 2651 2678 ipsum
2693 2609 2747 2662 in
2790 2607 3024 2678 Origene
3058 2617 3115 2664 et
3142 2607 3260 2663 fuse
3284 2605 3668 2664 confutatAnti-

2135 2711 2289 2769 pater
2338 2700 2648 2755 Bostrensis
2710 2700 2995 2771 episcopus
3053 2701 3104 2756 in
3161 2699 3538 2755 Distertatione
3579 2697 3664 2751 od-

2136 2815 2311 2854 tversus
2340 2797 2620 2869 Origenem
2646 2837 2662 2861 ,
2710 2796 2912 2850 inserta
2946 2795 3172 2852 Joannis
3204 2785 3520 2851 Damasceni
3544 2791 3669 2847 Edo-

2133 2892 2211 2958 gia
2257 2888 2430 2954 titulo,
2469 2888 2608 2958 Περὶ
2635 2887 2887 2958 ἀμοιϐῆς
2913 2887 3032 2942 τῶν
3074 2883 3143 2943 εὖ
3169 2889 3313 2941 κατ’
3347 2884 3667 2955 ἁρετὴνβιο-

2132 2981 2500 3044 τευσάντων,
2546 2995 2680 3050 quas
2728 2979 2939 3034 calamo
2978 2988 3231 3034 exaratas
3280 2980 3478 3035 habent
3520 2978 3669 3032 Claro-

2135 3074 2374 3127 montani
2409 3072 2597 3128 Patres
2629 3071 2916 3127 Societatis
2949 3071 3100 3127 .lesu.
3127 3072 3359 3126 Damnat
3381 3080 3433 3124 et
3454 3068 3669 3136 Nicepho-

2136 3181 2229 3218 rus
2260 3164 2353 3218 lib.
2385 3180 2525 3228 xv",
2562 3180 2682 3236 cap.
2711 3163 2805 3218 27.
2843 3163 2959 3218 Huc
2982 3173 3193 3233 spectat
3222 3163 3356 3218 illttd
3401 3160 3666 3231 Hieronymi

447 3245 564 3300 τόν.
602 3265 623 3298 ι
660 3246 755 3304 llis
792 3252 938 3305 cnim
980 3251 1071 3322 qui
1115 3252 1448 3310 immortales
1488 3266 1781 3312 evaserunt
1807 3259 2030 3314 omnino
2057 3278 2100 3334 ρ
2133 3258 2294 3327 epist.
2321 3257 2411 3322 6|,
2437 3259 2502 3310 ad
2525 3256 2871 3318 Pammach..
2909 3272 3027 3326 cap.
3061 3256 3128 3312 10
3164 3275 3180 3313 :
3212 3275 3232 3310 ι
3263 3256 3361 3313 Sic
3383 3266 3434 3312 et
3457 3253 3669 3310 Dominus

449 3352 822 3407 supervacuus
872 3350 960 3397 est
1018 3357 1183 3398 sexus
1223 3345 1528 3402 muliebris.
1587 3366 1607 3400 ι
1664 3347 2030 3404 Consulantur

448 3433 1056 3495 praztereaAtltanasius
1090 3449 1259 3492 serm.
1307 3435 1341 3491 3
1364 3448 1549 3492 contra
1583 3439 1836 3506 Arianae,
1875 3441 2030 3497 Basi-

448 3523 550 3578 lius
580 3525 632 3578 in
667 3528 856 3592 psalm.
891 3541 1040 3593 sxw,
1075 3527 1311 3585 Hilarius
1344 3547 1469 3586 can.
1501 3532 1574 3588 25
1607 3535 1663 3587 in
1688 3533 1906 3603 Matt/1.,
1934 3551 2028 3589 ea-

447 3617 569 3670 dem
604 3616 818 3671 illorum
867 3632 990 3673 esse
1021 3622 1408 3690 propemodum
1451 3639 1516 3678 ac
1557 3623 1809 3695 Origenis
1861 3641 2024 3682 causa

447 3722 612 3777 super
635 3708 739 3764 hac
767 3711 1067 3779 quaestione
1114 3713 1182 3768 de
1221 3714 1507 3770 beatorum
1551 3731 1840 3786 corporum
1894 3734 2025 3774 sexu

447 3801 769 3869 reperietur.

516 3889 608 3946 IX.
635 3891 692 3948 Si
718 3893 960 3950 animam
987 3895 1039 3952 in
1067 3897 1476 3957 resurrectione
1506 3898 1651 3955 aliud
1686 3909 2026 3970 recepturam

663 4145 1010 4221 bjetapltrast.
1049 4151 1102 4205 in
1148 4149 1266 4205 Vita
1293 4149 1529 4221 Cyriaci.

515 4216 628 4287 (48)
663 4216 817 4283 Quod
853 4222 898 4273 si
922 4222 1244 4292 itasettsisse
1267 4216 1530 4276 constaret
1571 4220 1876 4292 Origenem,
1912 4233 2023 4278 etc.

446 4285 611 4360 (iet-te
641 4291 1209 4360 corporaicoelestinm
1242 4292 1462 4360 globosa
1484 4308 1605 4346 esse
1631 4285 1816 4360 aperte
1861 4285 2028 4349 'docet

445 4355 712 4435 Origenes
737 4358 834 4435 lib.
867 4359 944 4435 De
975 4355 1542 4435 orationeintttnafil.
1571 4355 1794 4435 pﬂIiS:
1823 4365 2027 4435 κἘσχη-

449 4426 707 4503 ματίσθαι
737 4428 845 4499 γὰρ
865 4429 974 4503 τῶν
1005 4431 1346 4503 ἐπουρανίων
1371 4431 1473 4503 κτὰᾼ
1519 4426 1768 4503 σώματα,
1803 4434 1880 4498 ὡς
1926 4426 2027 4488 326a

444 4496 645 4571 γόνατα
680 4496 972 4571 σωματικά
998 4496 1324 4571 ἔχειναὺτὰ,
1360 4496 1763 4571 ὑπολαμϐάνειν
1785 4496 2024 4558 οὐ⁷πάνυ

443 4583 496 4618 τι
527 4570 670 4686 κριὲ·
707 4570 1064 4691 σφαιροειδῶν
1099 4570 1248 4640 παρὰ
1289 4573 1403 4635 τοῖς
1427 4570 1669 4654 ἀκριδςῦς
1723 4576 1854 4657 ⁸ξξερὶ
1903 4576 2027 4662 roti-

443 4653 552 4688 των
647 4636 822 4691 ιειληεε
860 4656 943 4691 σιν
986 4640 1452 4691 ἀποδεδειγμένων
1484 4643 1664 4691 αὐτων
1691 4661 1800 4691 των
1835 4661 2025 4691 σωμα-

443 4653 552 4688 των
615 4636 943 4715 διειληφάσιν
986 4636 1452 4715 ᾁττοδεδέιγμένων
1484 4636 1813 4715 αὑτῷνῄτῶν
1835 4648 2025 4715 σωμά-

442 4723 570 4783 τῳν.
622 4705 678 4758 Ὀ
694 4705 777 4783 ¹δὲ
907 4709 1228 4783 βουλόμενος
1251 4705 1414 4783 {cura
1446 4713 1853 4783 παραδέξασθαι
1871 4755 1886 4779 ,
1899 4705 2026 4783 Α’καὶ

445 4776 546 4870 ξὰξ
583 4777 774 4846 χρείας
799 4776 1028 4870 ἑκάστου
1047 4776 1186 4866 ⁹τῷν
1217 4780 1435 4870 pe}?va
1452 4776 1540 4870 ἶνα
1565 4776 1920 4870 μὴ”μάτηνῇ
1972 4804 2025 4839 τι

443 4831 696 4926 δε.δῆᾕὶου
705 4831 804 4926 ρῆῃ
814 4831 983 4926 μένον
1451 4831 1762 4926 ἐξά-νῇ
1873 4831 2026 4910 ἆξαι-ί

443 4916 666 4999 δεὺηται
706 4916 844 4999 ergo:
891 4920 981 4999 τρν
1033 4921 1212 4999 λόγον,
1256 4916 1639 4999 παραδέξεταιΡ
1688 4916 2025 4999 ἑκατέρωθεν

446 4988 839 5076 ξτταίιθνῴεῐῖε
871 4992 1031 5060 φήσει
1075 4992 1208 5076 μέλη
1273 4988 1522 5076 σώματος
1562 4988 1894 5076 parqvnxét
1946 4999 2022 5076 pi}

446 5059 537 5132 επὶ
556 5058 633 5132 τῷ
654 5059 768 5132 tot...)
801 5058 945 5132 ἔριίιρ
967 5058 1268 5130 γεγονέναι,
1300 5058 1482 5126 αὑτοῖς
1499 5058 1602 5118 (nio
1621 5058 1714 5119 τοῦ
1739 5067 1895 5130 Θεοῦ,
1916 5058 2024 5120 εἷ’τέ

445 5129 563 5209 tas
605 5111 678 5182 ιεά
722 5111 955 5209 tua;
978 5111 2024 5209 ῖέάί·ξδ’ςάζπξιόιῇείέιξῑένξέρέςςάξ

449 5179 1113 5276 ξδίαςλχρείαξ-ὲπιτελείν,
1143 5205 1235 5257 καὶ
1253 5205 1311 5256 ὲν
1342 5179 1836 5276 τοίξὲῗτουρανίοιςῗ
1883 5179 2022 5276 Σ.φοῖ

443 5269 544 5340 δρα
580 5269 865 5350 δὲίμωρῷε
896 5273 1393 5350 ἀναστραφῄσεται,
1423 5273 1519 5328 ἐὰν
1551 5269 1747 5350 τρόπον
1774 5269 2021 5350 ᾁνδριᾶν-

445 5356 553 5419 των
595 5340 1507 5419 τιςᾳνομίςῃσὴν-μὲνέπιφάνειαν
1540 5340 1712 5419 μόνην
1747 5340 1885 5402 εἶναί
1931 5351 2025 5404 ἁν-

447 5408 1188 5529 θρωποειδῆζούιῐέτίδὲκαὶ
1213 5415 1283 5496 τὰ
1295 5408 1357 5468 ἓν
1399 5408 1575 5484 βάθει.
1614 5437 1632 5469 ι
1661 5408 1854 5488 ’Νυίιιιε
1877 5421 2021 5474 enim

449 5495 480 5529 tt
508 5481 557 5529 l0
597 5483 755 5529 modo
785 5483 1078 5529 nttlandttm
1105 5495 1193 5529 est
1216 5497 1286 5529 tta
1324 5485 1658 5529 cnttfnrmata
1702 5503 1824 5529 neco
1855 5491 2021 5529 omlp.

449 5481 557 5551 ullo
597 5483 755 5534 modo
785 5483 1078 5551 putandum
1105 5485 1286 5540 estita
1324 5481 1659 5541 conformata
1702 5481 1824 5544 esse
1855 5491 2021 5544 caele-

448 5549 610 5602 stium
659 5549 920 5620 corpora,
970 5561 1028 5607 ut
1072 5570 1244 5623 genua
1275 5559 1438 5609 etiam
1465 5571 1726 5625 corporea
1760 5558 2020 5622 habeant,

450 5635 578 5693 cunt
599 5625 825 5693 rotunda
855 5637 975 5677 esse
1014 5638 1200 5677 eorum
1238 5640 1464 5693 corpora
1498 5628 1923 5684 demonstratum
1951 5631 2023 5683 sit

449 5687 612 5768 abiis
643 5690 1144 5768 quiaccurateista
1180 5687 1504 5768 tractarunt.
1525 5698 1584 5768 id
1615 5701 1706 5768 qui
1735 5699 2022 5754 admittere

456 5757 610 5836 nolit,
646 5760 692 5811 is
713 5759 812 5813 nisi
842 5763 1036 5816 rationi
1060 5764 1412 5836 impudenter
1445 5757 1679 5836 resistat,
1703 5770 1865 5824 etiam
1905 5772 2019 5825 sin-

453 5829 880 5904 gulorttmﬂusunt
913 5829 1280 5904 membrorum
1303 5875 1316 5896 .
1353 5850 1419 5889 ne
1442 5838 1571 5904 quid
1611 5829 1775 5895 in'ltis
1808 5857 1838 5894 a
1870 5855 2019 5894 sum-

457 5912 546 5954 mo
585 5897 792 5956 artifice
823 5901 933 5958 Deo
961 5902 1163 5960 frustra
1195 5901 1397 5961 factum
1425 5897 1515 5974 sit,
1545 5909 1829 5966 admittere
1858 5925 2016 5984 coge-
2061 5937 2077 5950 -

2139 3358 2326 3404 noster
2360 3347 2413 3402 in
2445 3359 2629 3403 monte
2661 3351 3077 3420 transﬁguratus
3101 3358 3189 3405 est
3217 3349 3269 3404 in
3298 3349 3489 3421 gloria,
3521 3362 3610 3402 non
3624 3353 3670 3399 ut

2138 3457 2327 3498 manus
2367 3456 2431 3496 ac
2481 3441 2668 3513 pedes,
2707 3453 3016 3513 czeteraque
3062 3442 3301 3498 membra
3338 3443 3584 3512 perderet,
3628 3447 3668 3491 el

2132 3532 2315 3588 subito
2351 3531 2404 3585 in
2433 3533 2775 3588 rotunditate
2796 3534 2880 3588 vel
2908 3534 3060 3598 solis,
3093 3533 3177 3589 vel
3225 3533 3452 3602 sphazra:
3472 3531 3668 3585 volvere-

2134 3637 2242 3690 tur,
2298 3628 2393 3682 sed
2441 3628 2630 3682 eadem
2691 3626 2934 3681 membra
2991 3626 3123 3682 solis
3178 3626 3388 3698 fulgore
3436 3621 3665 3680 rutilantia

2136 3719 2504 3789 apostolorum
2535 3719 2725 3774 oculos
2750 3718 3205 3789 perstringerent.
3239 3738 3260 3772 ι

2205 3806 2321 3880 (48)
2357 3808 2509 3876 Quod
2549 3808 2593 3863 si
2645 3809 2717 3862 ita
2763 3807 2998 3863 sensisse
3033 3817 3306 3864 constaret
3343 3807 3618 3879 Origenem,
3643 3817 3664 3856 a

2138 3903 2363 3957 Platone
2401 3899 2532 3957 illuc
2570 3899 2864 3972 impulsum
2914 3899 3084 3957 fuisse
3128 3901 3404 3966 dicerem,
3430 3901 3514 3972 qui
3537 3899 3660 3952 ﬁnem

2139 4162 2260 4217 tur;
2291 4153 2550 4221 utrinque
2573 4150 2872 4217 offendens,
2899 4152 3015 4206 sive
3059 4152 3204 4206 dicat
3250 4163 3433 4221 partes
3459 4145 3663 4221 corporis

2137 4216 2358 4300 frustra,
2388 4216 2488 4278 nec
2512 4222 2578 4300 a_d
2607 4216 2879 4300 proprium
2904 4221 3236 4290 singularum
3250 4216 3408 4300 'opus
3433 4221 3506 4276 eis
3527 4216 3558 4300 ag
3580 4216 3664 4268 Deo

2135 4296 2290 4347 datas
2321 4308 2473 4358 esse;
2510 4293 2624 4348 sive
2653 4293 2798 4345 dicat
2829 4294 3035 4345 viscera
3073 4300 3126 4343 et
3154 4303 3363 4346 rectum
3398 4293 3659 4345 intestinum

2136 4365 2382 4434 proprios
2427 4379 2557 4417 usus
2591 4363 2644 4415 in
2687 4362 3004 4434 ctelestibus
3058 4361 3308 4434 obtinere
3355 4361 3650 4430 corporibus.

2136 4431 2464 4489 Stultissime
2497 4443 2676 4485 autem
2728 4441 2852 4501 aget
2901 4431 2991 4501 qui
3045 4432 3256 4499 putabit
3305 4447 3370 4486 ea
3407 4440 3658 4488 statuarum

2137 4519 2287 4558 more
2344 4505 2632 4559 humanam
2684 4503 2919 4569 speciem
2971 4502 3023 4554 in
3071 4505 3186 4556 sola
3238 4501 3532 4572 superficie,
3577 4511 3657 4550 non

2133 4578 2294 4628 etiam
2327 4574 2378 4627 in
2429 4573 2804 4643 penitioribus
2841 4571 3064 4625 habere.
3127 4592 3146 4624 ι
3203 4571 3374 4628 Porro
3421 4581 3656 4625 cumse»

2061 4629 2103 4682 ί)
2132 4645 2306 4698 centis
2347 4645 2399 4697 in
2429 4629 2566 4697 locis
2601 4643 2748 4696 dicat
2773 4641 3032 4711 Origenes
3063 4643 3270 4697 similes
3301 4659 3399 4698 nos
3445 4651 3551 4712 post
3591 4654 3655 4691 re-

2131 4716 2528 4786 surrectionem
2581 4712 2804 4786 angelis
2821 4727 3131 4786 evasurust
3145 4714 3530 4786 acprmsertim
3549 4721 3655 4786 tota.

2129 4800 2235 4837 xvtt
2265 4787 2321 4838 in
2352 4783 2569 4844 Μοτύη,
2600 4798 2750 4845 ttttttt,
2775 4783 2865 4842 50,
2888 4797 3008 4850 pag.
3033 4783 3299 4847 813,814,
3323 4783 3524 4837 ttbiait:

2126 4855 2182 4925 δέ
2201 4850 2352 4925 οἶμαι
2385 4853 2474 4908 διὰ
2498 4851 2702 4925 τούτων
2746 4845 3048 4925 δηλοῦσεῖαι⁸
3068 4845 3151 4906 ὅτι
3177 4854 3238 4907 οὐ
3279 4845 3438 4923 μόνον
3468 4850 3589 4925 πρατᾲ
3612 4845 3658 4898 τὸ

2129 4924 2204 4995 μὴ
2228 4921 2448 4995 γάμεῖν,
2503 4923 2597 4977 καὶ
2626 4923 2687 4974 τὸ
2719 4921 2793 4998 pi]
2823 4922 3139 4998 γαμεῖσραι,
3175 4925 3248 4987 ὡς
3277 4921 3324 4998 οἱ
3353 4926 3408 4998 ὲν
3436 4923 3508 4992 τῷ
3531 4922 3658 4998 cap}-

2125 4993 2201 5065 νῷ
2225 4993 2443 5064 ἄγγελοι
2468 4995 2705 5065 γίνονται
2733 4995 2780 5065 oi
2806 4993 3219 5065 καταξιούμενοι
3245 4994 3347 5063 τῆς
3382 4995 3443 5046 ἐκ
3489 4993 3658 5065 νεκρῶν

2125 5063 2500 5136 ἀναστάσεωςξ
2532 5063 2666 5116 ἀλλὰ
2698 5063 2790 5136 zeal.
2828 5063 2969 5116 κατὰ
3000 5063 3081 5136 το
3123 5063 3654 5136 μετασχηματιζόμεγα

2125 5135 2303 5188 αὐτῶν
2333 5136 2401 5212 τά
2428 5133 2657 5212 σώματα
2685 5133 2784 5212 ⁸εῆς
2802 5133 3199 5212 currentibus-tog
3245 5133 3480 5212 γίνεσραι
3511 5133 3655 5212 tow}:

2124 5223 2209 5271 τα,
2228 5205 2389 5259 ὁποῖά
2413 5203 2620 5277 ἐστιτὰ
2650 5203 2758 5277 τῷν
2790 5203 3034 5272 ἀγγέλων
3066 5205 3309 5277 σώματα,
3343 5203 3654 5277 αἰθέριαηχαξ

2125 5277 2403 5344 αὐγοειδὲς
2435 5275 2597 5344 φῶς..
2625 5292 2644 5325 t
2691 5275 2801 5341 Ego
2831 5291 2960 5329 vero
3005 5275 3157 5328 inde
3185 5277 3516 5331 manifestum
3563 5275 3650 5323 fieri

2123 5361 2342 5417 opinor,
2374 5361 2477 5400 non
2508 5361 2574 5417 ex
2597 5360 2662 5400 eo
2691 5345 2856 5400 solum
2869 5345 3026 5417 modo
3056 5347 3200 5414 quod
3227 5361 3400 5415 neque
3421 5344 3652 5398 tttatritno-

2125 5415 2273 5489 nium
2330 5416 2698 5489 contrahant,_
2747 5430 2922 5489 neque
2973 5415 3252 5470 elocentur
3301 5417 3396 5489 qui
3452 5422 3650 5489 resurre-

2125 5488 2306 5542 ctione
2329 5502 2357 5540 a
2388 5489 2617 5541 mortuis
2647 5486 2792 5553 digni
2835 5486 3120 5551 habentur,
3158 5483 3364 5556 angelis
3390 5485 3502 5540 εωιί
3527 5483 3648 5536 simi-

2126 5559 2204 5612 les
2251 5557 2508 5628 evadere;
2554 5556 2647 5612 sed
2695 5571 2762 5610 ex
2808 5570 2874 5610 co
2905 5557 3070 5628 etiam
3118 5560 3260 5628 quod
3314 5559 3644 5628 transfigurata

2126 5627 2348 5682 ltutnilia
2382 5643 2571 5702 eorum
2599 5640 2830 5694 corpora
2845 5665 2875 5702 _,
2915 5627 3040 5702 talia
3065 5626 3317 5702 evadant,
3344 5626 3508 5702 qualia
3547 5627 3645 5702 stlpl

2124 5713 2353 5766 corpora
2399 5691 2739 5764 angelorum,
2768 5697 2992 5750 trtlteria
3043 5697 3272 5762 scilicet,
3297 5691 3374 5751 et'
3399 5691 3646 5766 splendidae

2124 5764 2236 5822 luci
2273 5768 2609 5833 consimilia;
2647 5786 2665 5818 ι
2699 5767 2944 5836 sequitur
2975 5782 3200 5836 corpora
3245 5764 3508 5824 hominum
3549 5764 3644 5834 pos!

2126 5840 2577 5896 resurrecﬁonetn
2601 5839 2863 5908 sphaerica
2899 5836 3014 5903 fore
3033 5839 3293 5895 sensisse.
