3916 6514
272 374 357 429 993
1126 378 1698 452 ORIliENlANORUM
1738 380 1867 439 LIB.
1904 381 1969 446 ll,
2011 383 2165 440 CAP.
2204 385 2269 451 ll,
2304 381 2588 451 ριιΑεδτ.
2631 384 2727 438 IX.

3435 385 3540 444 994

273 491 494 560 ponebat
534 493 871 566 ἐξομοίωσιν
902 496 981 568 τῷ
1024 496 1165 568 Θεῷ,
1204 501 1371 554 Deum
1420 510 1599 555 autem
1634 515 1844 570 corpora

1965 501 2126 556 simul
2166 516 2223 558 et
2251 504 2419 559 semel
2452 521 2467 557 :
2498 518 2604 556 non
2632 504 2813 572 prima
2847 501 3153 571 justornm,
3199 513 3256 558 et
3303 506 3543 559 secunda

276 587 384 641 licet
411 586 709 644 caré’ntem
737 630 755 655 ,
801 592 977 647 forma
1006 594 1227 663 globosa
1269 594 1551 662 praeditum
1581 593 1856 663 ﬁngebat,

276 682 735 751 quemadmodum
769 693 823 739 et
856 685 1241 757 Xenophanes,
1262 698 1320 741 ιιι
1349 695 1434 741 est
1463 688 1604 757 apud
1637 687 1858 742 Cicero-

277 786 382 827 nem
406 786 460 826 ιν
500 772 789 839 Academ.,
812 784 868 829 et
905 773 1189 831 Laertinm
1236 777 1293 830 in
1328 773 1575 839 Platone,
1600 785 1655 830 et
1680 774 1859 829 Xeno-

280 866 433 933 phane
489 880 509 919 :
578 879 650 920 ac
715 868 942 936 proinde
994 870 1193 925 animis
1234 868 1395 925 linem
1443 884 1599 924 suum
1652 869 1860 938 adeptis

282 956 594 1027 sphaericam
624 957 857 1013 formam
899 959 1139 1013 tribuere
1175 959 1491 1030 cogebatur.
1530 955 1635 1012 Sed
1669 957 1859 1012 lliero-

283 1062 461 1118 nytnus
491 1050 660 1119 epist.
710 1050 801 1111 59.
849 1052 914 1103 ad
944 1051 1115 1113 Avit..
1162 1066 1281 1120 cap.
1315 1052 1382 1116 5,
1418 1052 1581 1105 verba
1607 1050 1857 1120 Origenis

281 1140 459 1194 recitat
494 1156 528 1195 e
580 1141 728 1196 libro
766 1157 827 1196 ιιι
871 1141 1008 1209 Περὶ
1062 1141 1288 1211 ἀρχῶν,
1324 1158 1445 1211 cap.
1486 1142 1520 1196 6
1546 1182 1561 1205 ,
1609 1158 1758 1195 num.
1802 1143 1854 1208 l,

280 1239 460 1308 quibus
484 1240 743 1296 homines
790 1242 867 1297 ait
902 1256 1132 1312 corpora
1170 1243 1377 1299 idcirco
1407 1244 1773 1313 deposituros,
1798 1259 1855 1299 ιιι

281 1331 373 1385 Deo
403 1330 619 1387 similes
664 1333 776 1387 sint
805 1373 821 1398 ,
865 1334 1019 1403 juxta
1071 1333 1198 1389 illud
1236 1333 1551 1393 Servatoris
1598 1337 1689 1391 ὀι
1728 1356 1747 1389 ι
1788 1337 1855 1393 Ut

277 1425 541 1492 quomodo
568 1438 675 1494 ego
705 1433 760 1478 et
790 1433 841 1478 tn
873 1440 1037 1480 unum
1058 1441 1271 1494 sumus,
1303 1428 1385 1482 sic
1414 1437 1469 1481 et
1497 1428 1583 1482 isti
1612 1429 1662 1482 in
1700 1429 1856 1485 nobis

277 1529 433 1569 unum
468 1516 603 1570 sint.
632 1534 677 1599 ,ι
714 1515 940 1572 Demum
973 1517 1052 1572 sic
1084 1520 1162 1572 ait
1195 1536 1210 1573 :
1248 1537 1268 1571 ι
1304 1518 1346 1571 Ε
1373 1520 1582 1574 duobus
1622 1520 1852 1575 alterum

274 1608 539 1676 suscipere
571 1607 837 1679 cogimur,
869 1618 925 1662 ut
953 1621 1046 1664 aut
1069 1610 1419 1679 desperemus
1444 1613 1853 1668 similitudinem

277 1699 380 1765 Dei,
408 1700 455 1754 si
482 1702 678 1755 eadem
724 1715 940 1769 semper
962 1717 1152 1757 sumus
1174 1717 1405 1772 corpora
1457 1704 1729 1773 habituri;
1765 1716 1857 1761 aut

1962 605 2327 662 peccatorum,
2374 605 2433 650 ιιι
2486 595 2669 649 fabula
2716 604 2801 650 est
2839 596 3268 662 somniatorum,
3306 596 3401 650 sed
3438 612 3543 651 una

1959 685 2226 740 omnium.
2270 706 2289 738 ι
2329 686 2479 741 Hanc
2506 696 2706 741 .autem
2735 685 2857 742 fore
2900 687 3216 757 resurgeudi
3272 687 3540 742 rationem

1961 776 2153 831 deﬁnit
2183 777 2482 847 Origenes:
2508 794 2951 849 unumquemque
2991 790 3151 848 prout
3187 794 3309 835 sese
3342 780 3397 835 in
3428 782 3540 834 vita

1960 871 2216 938 gesserit,
2245 871 2482 925 crassius
2510 871 2834 926 subtiliusve
2860 887 2887 925 a
2921 871 3030 925 Deo
3065 887 3267 941 corpus
3289 882 3539 942 acceptu-

1960 975 2100 1014 rum.
2136 978 2156 1012 ι
2199 960 2363 1025 Sane,
2390 981 2409 1015 ι
2458 961 2635 1031 inquit
2658 961 2749 1016 lib.
2776 976 2816 1015 ιι
2852 962 2928 1015 De
2959 974 3269 1026 resurrect.,
3295 979 3417 1034 pag.
3445 964 3538 1028 54,

1968 1070 1987 1103 ι
2034 1052 2214 1122 qualis
2258 1052 2426 1108 fuerit
2476 1053 2906 1124 uniuscujusque
2957 1057 3280 1122 praeparatio
3331 1056 3384 1111 in
3438 1057 3540 1111 hac

1960 1145 2093 1209 vita,
2120 1146 2242 1199 talis
2270 1146 2451 1199 eritet
2493 1145 2823 1199 resurrectio
2857 1145 2998 1214 ejus.
3029 1146 3131 1211 Qui
3181 1148 3396 1203 beatius
3449 1149 3538 1203 hie

1960 1240 2194 1301 vixerit,
2262 1252 2462 1308 corpus
2515 1236 2633 1305 ejus
2690 1238 2745 1293 in
2809 1239 3215 1295 resurrectione
3271 1241 3544 1296 diviniore

1956 1332 2243 1401 splendore
2273 1330 2514 1402 fulgebit,
2541 1340 2598 1385 et
2637 1339 2761 1401 apta
2803 1340 2859 1385 et
2888 1332 3101 1385 mansio
3128 1331 3415 1387 beatorum
3441 1333 3541 1387 tri-

1955 1424 2151 1479 buetur
2188 1424 2456 1478 locorum.
2497 1423 2630 1477 lluic
2655 1437 2784 1476 vero
2823 1425 2912 1492 qui
2959 1424 3011 1477 in
3054 1424 3258 1478 malitia
3290 1440 3545 1480 consum-

1957 1519 2129 1586 pserit
2178 1530 2391 1586 tempus
2432 1518 2537 1572 sibi
2579 1516 2704 1570 vitae
2750 1517 3038 1584 praesentis
3080 1518 3387 1581 indultum,
3433 1517 3542 1570 tale

1956 1610 2174 1664 dabitur
2202 1624 2403 1679 corpus
2448 1609 2593 1679 quod
2632 1608 2877 1663 snﬁieere
2920 1620 2976 1663 et
3015 1612 3321 1679 perdurare
3369 1613 3542 1677 possit

1957 1702 2008 1755 in
2038 1703 2235 1772 pannis,
2274 1723 2292 1754 ι
2326 1712 2433 1757 etc.
2478 1702 2754 1757 lterantur
2800 1703 2989 1757 eadem
3025 1703 3118 1757 lib.
3176 1719 3210 1756 ιι
3264 1703 3398 1771 Περὶ
3440 1704 3543 1771 ἀρ-

273 1791 312 1845 si
342 1789 628 1846 beatitudo
664 1791 827 1846 nobis
858 1789 1102 1857 ejusdem
1125 1809 1248 1848 cum
1277 1794 1388 1849 Deo
1422 1795 1548 1848 vitae
1573 1796 1852 1863 promitti-
1883 1859 1913 1865 Δ
1954 1792 2100 1863 χῶν,
2139 1810 2258 1864 cap.
2295 1795 2350 1861 3,
2378 1806 2434 1849 et
2463 1810 2583 1864 cap.
2614 1794 2703 1857 10,
2743 1810 2895 1848 num.
2922 1794 2979 1860 2,
3011 1794 3065 1860 3,
3097 1806 3153 1849 et
3187 1795 3278 1849 lib.
3305 1812 3387 1858 ιιι,
3417 1810 3536 1865 cap.

274 1892 371 1948 tur,
393 1886 585 1937 eadem
621 1899 728 1952 qua
758 1883 889 1939 vivit
931 1884 1073 1939 Deus
1111 1882 1266 1938 nobis
1303 1859 1621 1940 conditione
1660 1885 1848 1941 viven-
1879 1859 1923 1917 Β
1954 1859 2009 1949 li,
2045 1859 2309 1950 nnm.-4.,
2337 1859 2428 1940 ubi
2480 1859 2547 1941 ad
2580 1896 2777 1941 cetera
2834 1859 2970 1941 illud
3005 1888 3212 1956 adjicit,
3254 1859 3539 1957 postquam

271 1974 389 2028 dum
431 1983 538 2028 est.
587 1993 607 2026 ι
644 1972 782 2029 Tum
828 1976 1233 2046 Hieronymus:
1271 1993 1289 2027 ι
1327 1974 1402 2029 Ex
1446 1976 1644 2046 quibus
1672 1978 1849 2032 omni-

270 2071 360 2123 bus
394 2070 755 2139 approbatur,
804 2072 933 2140 quid
989 2073 1056 2125 de
1102 2071 1502 2126 resurrectione
1546 2073 1771 2128 sentiat.
1821 2091 1841 2128 ι

272 2162 429 2215 Deum
462 2160 627 2231 plane
672 2162 1079 2231 incorporeum,
1103 2172 1163 2216 ut
1206 2172 1313 2227 est,
1367 2162 1441 2217 ita
1475 2178 1597 2219 esse
1622 2167 1849 2234 putabat

267 2254 530 2323 Origenes
553 2296 569 2321 ,
620 2270 686 2309 ac
744 2256 865 2311 ideo
913 2256 1059 2309 omni
1116 2254 1287 2326 ﬁgura
1321 2270 1514 2311 carere
1544 2275 1558 2313 :
1590 2258 1684 2328 qui
1715 2273 1845 2329 ergo

269 2348 479 2417 globosa
509 2364 742 2417 corpora
776 2350 1059 2403 habituras
1085 2350 1297 2403 animas
1335 2350 1442 2403 reri
1477 2351 1674 2419 putuit,
1706 2367 1845 2421 quas

267 2441 463 2496 similes
512 2442 727 2495 futuras
761 2440 983 2511 putabat
1030 2440 1139 2495 Deo
1165 2482 1180 2504 ,
1212 2456 1374 2509 quem
1409 2456 1640 2509 corpore
1677 2458 1742 2497 ac
1784 2444 1845 2496 li-

268 2548 394 2604 gura
428 2548 621 2588 carere
654 2533 1070 2587 arbitrabatur?
1094 2533 1281 2602 Itaque
1306 2534 1399 2588 lib.
1424 2550 1457 2587 ιι
1487 2534 1562 2588 De
1591 2535 1841 2604 princip.,

267 2640 381 2693 cap.
429 2624 514 2688 10,
558 2640 713 2678 num.
746 2622 802 2691 Ξ,
854 2624 1118 2694 quosdam
1162 2626 1485 2694 impugnans
1514 2627 1800 2682 haereticos
1826 2669 1841 2692 ,

267 2720 354 2785 qui
390 2718 858 2773 resurrectionem
905 2716 1146 2773 funditus
1191 2718 1474 2781 tollebant,
1526 2736 1544 2771 ι
1590 2718 1845 2789 Require-

268 2827 404 2874 mus,
434 2811 637 2880 inquit,
672 2812 741 2863 ah
790 2810 889 2873 eis,
917 2810 960 2863 si
994 2820 1219 2880 possunt
1252 2813 1406 2865 nobis
1433 2812 1696 2881 spiritalis
1728 2828 1845 2867 cor-

267 2904 408 2973 poris
435 2904 685 2959 habitum
711 2903 1093 2957 demonstrare
1129 2917 1292 2974 atque
1324 2906 1657 2968 describere,
1696 2909 1840 2973 quod

270 2999 445 3066 utique
480 2994 625 3049 niillo
657 2994 821 3048 modo
860 2999 1040 3049 lacere
1080 3005 1363 3065 pcterunt.
1408 3014 1426 3047 ι
1463 2995 1624 3051 Vides
1654 2997 1841 3052 incon-

269 3089 511 3142 stantiam
543 3088 782 3143 hominis
807 3128 823 3152 ,
853 3087 1051 3141 animis
1077 3087 1359 3141 suscitatis
1383 3102 1612 3156 corpora
1651 3088 1835 3142 detra-i

270 3180 439 3235 hentis
469 3194 889 3251 nonnunquam,
920 3193 1305 3247 nonnunquam
1338 3176 1647 3247 aﬁiugentis
1669 3215 1685 3240 ,
1741 3193 1840 3233 nec

270 3288 360 3339 pro
382 3282 526 3327 certo
552 3272 809 3327 habentis
840 3284 1197 3341 ecquamnam
1223 3268 1311 3322 illa
1332 3267 1562 3338 ﬁguram
1590 3267 1837 3327 habitura

268 3374 388 3418 smt.

334 3521 399 3576 Χ.
441 3522 643 3578 Scribit
677 3520 943 3589 Origenes
992 3528 1124 3573 tom.
1181 3532 1291 3571 xvn
1337 3518 1392 3570 in
1424 3515 1643 3581 Matt/2.,
1686 3533 1835 3572 num.

269 3615 349 3676 '55,
380 3616 649 3669 nemiuem
694 3630 726 3667 a
765 3613 995 3668 mortuis
1021 3611 1085 3664 iri
1116 3610 1465 3671 suscitatum,
1510 3610 1601 3679 qui
1634 3610 1688 3664 in
1737 3612 1840 3665 hac

268 3704 371 3757 vita
410 3719 511 3757 non
540 3704 928 3758 decertaverit.
974 3701 1149 3755 Verba
1186 3702 1298 3755 haec
1343 3710 1469 3753 sunt
1509 3718 1521 3754 :
1564 3701 1626 3753 Ei
1667 3696 1760 3754 οὖν
1780 3703 1839 3754 ὲν

268 3797 328 3866 τῇ
358 3795 711 3865 μακαριότητι
744 3794 795 3846 οἱ
818 3792 994 3863 γέρως
1027 3790 1336 3861 ἀξιούμενοι
1360 3788 1447 3842 διὰ
1493 3790 1583 3842 τὸν
1616 3793 1837 3859 ἐνεστη-

267 3886 394 3940 κότα
438 3887 609 3940 αἰῶνα
640 3888 700 3939 ἐν
741 3877 787 3951 ᾧ
821 3882 1000 3946 καλῶς
1032 3882 1288 3944 ὲὸίωσαν,
1320 3884 1377 3934 ἐν
1406 3882 1591 3954 ἐκείνῃ
1628 3881 1839 3934 ἔσονται

264 3982 327 4049 τῇ
358 3977 487 4049 ζωῇ.
518 3978 613 4031 καί
641 3976 822 4039 οὐδεὶς
858 3974 966 4027 τῶν
1015 3974 1089 4045 μὴ
1145 3973 1570 4043 ἀγωνισαμένων
1605 3972 1841 4026 ἐνταῦθα

265 4072 601 4135 animum:
630 4072 734 4141 τῆς
762 4070 825 4121 ὲκ
847 4067 1058 4139 νεκρῶν
1086 4067 1456 4128 ἀναστάσεως,
1489 4064 1732 4135 δηλονότι
1766 4058 1839 4117 ὦν

263 4162 485 4217 ἐνταῦθα
534 4162 624 4216 διὰ
675 4160 890 4231 γένεσιν
950 4160 1107 4229 χρεία
1160 4153 1264 4229 ἦν,
1316 4158 1487 4211 ταῦτα
1546 4158 1645 4210 οὐκ
1686 4156 1839 4209 ἔσται

262 4255 389 4307 ἐκεῖ.
415 4256 565 4321 Quod
591 4255 635 4309 si
662 4253 785 4322 quis
812 4252 1027 4322 colliget
1078 4253 1234 4316 inde,
1283 4250 1687 4306 resurrectione
1723 4248 1838 4317 pri-

265 4346 459 4400 vaudos
514 4345 711 4414 impios
763 4342 1052 4412 Origenem
1105 4341 1451 4397 existimasse
1481 4379 1497 4400 .
1538 4339 1754 4393 abunde
1793 4338 1840 4393 is

264 4453 378 4493 sese
412 4452 440 4491 a
469 4437 754 4508 Pamphilo
786 4436 1121 4490 confutatam
1157 4432 1472 4502 intelligat,
1506 4430 1590 4486 vel
1629 4429 1698 4485 ab
1720 4430 1839 4499 ipso

263 4530 431 4594 potius
467 4527 709 4600 Origene
766 4528 820 4582 in
876 4542 941 4583 eo
994 4528 1153 4588 loco.
1193 4541 1358 4597 quem
1397 4539 1429 4580 e
1470 4524 1612 4579 libro
1669 4523 1839 4594 ipsius

265 4636 422 4676 sum
454 4623 507 4675 in
531 4620 740 4675 Isaiam
769 4620 978 4690 profert
1010 4619 1277 4689 Apologia:
1302 4628 1512 4682 auctor,
1535 4632 1643 4686 quo
1661 4615 1840 4685 justos

259 4722 313 4768 et
343 4714 531 4784 impios
554 4729 584 4768 a
630 4713 863 4767 mortuis
885 4712 1229 4768 suscitandas
1259 4712 1540 4775 declarat;
1571 4709 1838 4778 duplicem

260 4816 431 4863 autem
469 4808 712 4862 futuram
767 4806 1228 4861 resurrectionem
1256 4844 1273 4870 ,
1318 4805 1552 4874 primam
1608 4802 1837 4858 alteram

254 4899 514 4968 iustorum
536 4939 549 4961 .
574 4900 807 4955 alteram
833 4896 1129 4953 secundam
1167 4897 1483 4966 impiorum,
1512 4894 1672 4963 juxta
1707 4894 1837 4948 illud

258 4990 475 5049 Joannis
508 4990 742 5063 Apocal.
765 5004 863 5057 xx,
891 4990 925 5044 5
949 5006 964 5044 :
1003 5008 1021 5041 ι
1052 4988 1251 5044 Beatus
1272 4998 1329 5044 et
1348 4996 1571 5044 sanctus
1597 4988 1691 5058 qui
1743 4990 1839 5043 ha-

258 5082 345 5138 bet
370 5094 577 5155 partem
610 5084 667 5136 in
709 5080 1111 5137 resurrectione
1154 5080 1327 5150 prima
1360 5081 1456 5134 :in
1492 5080 1578 5134 bis
1602 5080 1836 5135 secunda

260 5191 399 5233 mors
454 5193 563 5233 non
632 5174 802 5230 habet
875 5181 1236 5242 potestatem;
1279 5190 1299 5225 ι
1346 5186 1453 5227 ιιοιι
1502 5172 1577 5226 ita
1636 5180 1695 5226 ut
1748 5170 1839 5225 illa

257 5276 493 5337 tempore
516 5266 673 5337 prior
714 5263 787 5317 sit
828 5262 950 5325 ista,
981 5261 1075 5317 sed
1108 5263 1268 5317 modo
1304 5270 1357 5315 et
1386 5260 1618 5315 ratione.
1647 5260 1725 5313 Ex
1743 5260 1845 5316 hoc

250 5357 390 5411 enim
409 5356 645 5414 Joannis
677 5362 953 5409 commate
972 5353 1275 5408 dividendae
1300 5352 1719 5408 resurrectionis
1756 5367 1849 5408 oc-

248 5452 519 5506 casionem
558 5447 866 5516 arripuisse
911 5459 1008 5498 eos
1047 5441 1345 5498 verisimile
1392 5451 1499 5507 est,
1542 5443 1609 5497 de
1652 5443 1851 5510 quibus

249 5541 562 5599 Gennadius
593 5539 693 5593 lib.
726 5537 804 5591 De
829 5538 1089 5606 dogmat.,
1121 5550 1244 5604 cap.
1275 5534 1308 5589 6
1341 5552 1353 5587 :
1384 5552 1403 5585 ι
1445 5530 1561 5588 Erit
1591 5548 1838 5591 resurre-

240 5638 347 5693 ctio
376 5644 731 5692 mortuorum
783 5628 1028 5685 omnium
1058 5627 1362 5691 hominum,
1397 5626 1492 5682 sed
1524 5640 1631 5681 una
1673 5636 1727 5681 et
1754 5626 1837 5684 in-

304 5842 349 5875 “
379 5838 544 5896 Joan.
574 5849 717 5900 xvtt,
747 5832 840 5885 Ἃ.
919 5832 962 5863 ’⁸
991 5830 1131 5889 Psal.
1165 5845 1206 5898 ι,
1242 5827 1296 5883 5.

1954 1980 2090 2032 adeo
2122 1993 2211 2032 res
2241 1978 2526 2043 redierint,
2569 1978 2829 2032 utomuia
2860 1994 3027 2032 unum
3050 1981 3183 2043 sint,
3216 1980 3355 2034 sicut
3378 1978 3541 2034 Pater

1951 2078 2007 2122 et
2035 2067 2203 2122 Filius
2234 2084 2398 2122 unum
2423 2077 2572 2133 sunt,
2606 2079 2716 2121 tum
2741 2068 3035 2123 desituram
3070 2069 3213 2123 illam
3247 2085 3537 2139 corporum

1953 2160 2351 2216 diversitatem.
2397 2160 2534 2216 Cum
2565 2176 2697 2230 ergo
2730 2163 3138 2217 resurrectione
3163 2163 3431 2231 privatum
3471 2164 3535 2217 iri

1954 2250 2150 2320 impios
2184 2252 2321 2307 dixit
2348 2250 2633 2323 Origenes,
2684 2254 3143 2308 resurrectionem
3178 2253 3325 2308 illam
3380 2255 3509 2308 intel

1952 2342 2059 2413 lige
2096 2358 2220 2411 quae
2252 2344 2589 2399 damnationi
2622 2343 2938 2414 opponitur.
2963 2343 3039 2398 lta
3085 2343 3405 2401 Lactantius
3438 2344 3533 2400 lib.

1954 2451 2024 2491 vn
2096 2436 2272 2491 Divin.
2301 2438 2555 2499 inuitab,
2583 2453 2703 2505 cap.
2734 2437 2797 2491 2|
2836 2456 2895 2490 ar
2929 2437 3080 2492 Tunc
3110 2452 3341 2507 quorum
3374 2438 3535 2490 ltterit

1950 2533 2175 2596 probata
2220 2529 2463 2596 justitia,
2516 2530 2548 2581 il
2602 2531 2882 2596 praemium
2930 2528 3356 2583 immortalitatis
3386 2530 3528 2583 acci-

1952 2624 2136 2689 pient:
2179 2636 2411 2690 quorum
2459 2634 2638 2675 autem
2687 2631 2909 2689 peccata
2955 2631 3011 2677 et
3062 2622 3271 2676 scelera
3323 2621 3532 2676 deter-ta

1950 2712 2179 2778 fuerint,
2218 2727 2323 2767 non
2364 2723 2688 2781 resin-gent;
2721 2717 2815 2768 sed
2843 2730 2965 2769 cum
2996 2713 3175 2782 impiis
3226 2714 3279 2767 in
3317 2715 3534 2767 easdem

1952 2806 2204 2859 tenebras
2234 2808 2616 2870 recondentur,
2646 2807 2711 2860 ad
2745 2818 2893 2861 certa
2917 2806 3179 2876 supplicia
3199 2806 3480 2861 destinati.
3511 2826 3529 2856 ι

1951 2896 2157 2966 Duplici
2183 2898 2385 2968 quippe
2436 2900 2596 2951 modo
2623 2900 2796 2969 accipi
2841 2908 3026 2968 potest
3054 2899 3406 2963 resurrectio,
3451 2898 3531 2951 vel

1948 3004 2046 3057 pro
2084 2990 2259 3043 reditu
2314 2992 2382 3043 ad
2432 2993 2635 3057 vitam,
2681 3002 2736 3045 et
2776 3005 2913 3045 nova
2953 2990 3200 3059 corporis
3240 3005 3305 3046 ac
3334 2990 3531 3043 anima:

1945 3082 2355 3151 conjunctione;
2406 3083 2487 3137 vel
2537 3100 2636 3154 pro
2684 3084 2804 3137 vitae
2849 3093 3075 3138 aeternae-
3117 3082 3529 3163 acquiqitione:

1946 3176 2126 3244 priore
2160 3176 2319 3229 modo
2376 3190 2566 3229 omnes
2623 3176 2875 3231 homines
2908 3190 2974 3230 ex
3020 3191 3179 3243 aequo
3214 3186 3531 3245 resnrgent,

1945 3268 2243 3335 posteriore
2274 3268 2411 3337 justi
2454 3269 2741 3321 duntaxat.
2779 3267 3190 3335 Expositionem
3228 3269 3368 3321 hanc
3399 3285 3531 3323 con-

1944 3359 2124 3414 ﬁrmat
2181 3359 2320 3414 alter
2352 3359 2607 3429 Origeuis
2648 3359 2800 3413 locus
2847 3374 2878 3414 e
2912 3369 3045 3414 tom.
3102 3375 3198 3413 xm
3235 3360 3289 3413 in
3336 3359 3530 3415 Matth.

1942 3467 2095 3515 xvm,
2131 3469 2278 3507 lltllll.
2298 3452 2359 3505 2|
2393 3472 2405 3506 :
2433 3454 2495 3505 Ol
2528 3452 2637 3525 γὰρ
2654 3451 2806 3514 ὄντες
2836 3453 2895 3503 ὲν
2921 3450 2999 3519 τῷ
3022 3452 3210 3523 σκήνει
3235 3451 3383 3519 ἅγιοι
3414 3468 3537 3504 στε-

1942 3544 2163 3609 νάζουσι
2199 3544 2523 3616 βαρούμενοι
2554 3544 2663 3597 ἀπὸ
2689 3543 2786 3597 τοῦ
2818 3544 2919 3612 τῆς
2940 3541 3322 3616 ταπεινώσειοις
3350 3540 3536 3611 σώμα-

1941 3652 2052 3698 τος,
2082 3636 2173 3688 καὶ
2194 3638 2373 3689 πάντα
2403 3635 2734 3707 πράττουσιν
2767 3636 2855 3688 ἵνα
2885 3633 3026 3698 ἄξιοι
3051 3634 3316 3703 γένωνται
3373 3633 3533 3703 εὐρε-

1942 3724 2103 3795 Θῆναι
2142 3727 2199 3777 ἐν
2231 3725 2309 3796 τῷ
2337 3726 2437 3795 τῆς
2471 3725 2823 3789 ἀναστάσεως
2861 3725 3179 3796 μυστηρίῳ·
3221 3726 3313 3778 ὅτε
3369 3740 3534 3793 μετα-

1943 3817 2270 3888 σχηματίσει
2299 3819 2327 3870 ὁ
2346 3818 2478 3881 Θεὸς
2498 3818 2559 3870 ού
2592 3818 2813 3871 πάντων
2840 3818 2900 3869 τὸ
2934 3817 3095 3887 σῶμα
3120 3816 3222 3886 τῆς
3264 3814 3533 3869 ταπεινώ-

1942 3926 2099 3974 σεως,
2134 3908 2269 3961 ἀλλὰ
2293 3908 2402 3961 τῶν
2436 3910 2655 3980 Χριστῷ
2683 3910 2922 3979 γνησίως
2959 3909 3531 3981 μαθητευομένων,εἰς

1939 4000 2001 4052 τὸ
2048 3999 2306 4067 γενέσθαι
2351 3999 2484 4052 αὐτὸ
2536 3999 2857 4070 σύμμορφον
2905 4000 3005 4069 τῆς
3052 3999 3211 4068 δόξης
3257 3998 3351 4051 τοῦ
3397 3999 3533 4069 Χριν

1944 4090 2091 4145 στοῦ.
2121 4091 2175 4145 ln
2202 4092 2614 4147 resurrectionis
2651 4091 2909 4162 mysterio
2957 4089 3186 4143 inveniri
3237 4103 3337 4143 nos
3370 4090 3528 4148 dicit.

1942 4185 2157 4255 quando
2200 4199 2397 4253 corpus
2453 4194 2698 4239 nostrum
2749 4183 2979 4237 mortale
3020 4182 3264 4251 glorioso
3319 4180 3526 4235 Christi

1942 4276 2156 4344 corpori
2185 4275 2364 4330 simile
2401 4276 2542 4329 Deus
2579 4272 2777 4327 eﬁlciet
2808 4290 2823 4338 ;
2869 4273 3012 4343 quod
3048 4273 3373 4328 beneﬁcium
3421 4287 3527 4327 non

1941 4368 2010 4421 ad
2046 4382 2236 4422 omnes
2281 4367 2528 4420 homines
2555 4408 2571 4433 ,
2626 4366 2720 4421 sed
2782 4366 2849 4419 ad
2896 4375 3117 4421 sanctos
3148 4367 3531 4419 tantummodo

1943 4454 2255 4525 pertinebit.
2285 4453 2587 4508 Conﬁrmat
2615 4462 2669 4508 et
2714 4452 2853 4509 alter
2900 4454 2991 4509 ille
3040 4468 3073 4508 e
3127 4452 3425 4510 Comment.
3475 4454 3531 4506 in

1872 4572 1915 4626 υ
1943 4549 2136 4616 psalm.
2167 4562 2207 4610 ι,
2235 4561 2290 4614 p.
2318 4545 2444 4610 5‘52,
2477 4546 2743 4602 recitatus
2783 4547 2851 4601 ab
2889 4546 3193 4616 Epiphanio
3216 4547 3352 4600 haer.
3380 4560 3528 4611 uir,

1944 4656 2063 4709 cap.
2103 4640 2171 4694 10
2190 4650 2246 4693 et
2277 4638 2366 4699 12,
2390 4654 2497 4708 quo
2524 4639 2892 4710 simpliciores
2913 4641 3204 4710 quosdam,
3241 4639 3409 4694 fretos
3440 4638 3531 4692 illo

1946 4733 2205 4789 Davidico
2238 4750 2252 4785 :
2292 4751 2311 4784 ι
2356 4731 2483 4787 Ideo
2502 4748 2609 4788 non
2639 4743 2925 4803 resurgent
2948 4732 3094 4802 impii
3122 4732 3176 4786 in
3202 4731 3524 4800 judicio",i

1944 4826 2344 4882 resurrectione
2397 4832 2491 4880 aut
2532 4824 2741 4896 judicio
2794 4826 3102 4895 dignandos
3131 4838 3160 4877 a
3199 4821 3309 4877 Deo
3359 4822 3532 4876 IllalOS

1945 4932 2147 4987 negare
2173 4917 2275 4981 ait,
2301 4932 2406 4970 non
2452 4918 2588 4970 satis
2614 4926 2800 4985 aperte
2846 4916 3153 4969 indicantes
3173 4915 3306 4983 quid
3340 4929 3527 4969 resur-

1947 5010 2245 5065 rectionem
2279 5016 2375 5063 aut
2398 5007 2663 5079 judicium
2690 5022 2813 5062 esse
2852 5008 3209 5062 arbitrentur.

2010 5167 2101 5223 XI.
2127 5168 2391 5224 Caeterum
2430 5172 2488 5219 ut
2509 5164 2645 5219 alias
2678 5162 2793 5219 fere
2826 5178 3064 5234 semper,
3094 5164 3165 5217 ita
3197 5162 3251 5217 in
3275 5162 3361 5217 his
3391 5177 3528 5234 quo-

1941 5274 2047 5331 que
2075 5261 2142 5315 de
2167 5257 2560 5314 resurrectione
2586 5256 2980 5326 quaestionibus
3017 5254 3241 5309 Platone
3263 5255 3527 5324 magistro

1942 5366 2074 5405 usus
2093 5358 2178 5405 est
2216 5347 2598 5411 Adamantius.
2625 5345 2894 5401 Futurum
2925 5344 3128 5415 quippe
3156 5343 3377 5402 aiebant
3404 5345 3526 5403 Pla-

1946 5441 2136 5509 tonici,
2176 5449 2233 5495 ut
2269 5439 2463 5493 anima:
2490 5438 2621 5493 olim

2225 5531 2477 5600 incipiant
2501 5531 2554 5585 in
2589 5544 2813 5597 corpora
2850 5528 2977 5584 velle
3009 5530 3217 5595 reverti,

2508 5622 2749 5694 (VIBGIL.
2776 5619 2996 5678 £ncid.
3019 5638 3094 5689 νι,
3123 5637 3273 5681 vers.
3300 5623 3454 5698 75:.)
