3906 6528
473 362 579 421 995

1776 356 1837 413 P.
1878 356 2196 414 DANIELIS
2233 352 2471 411 HUETII
2548 369 2555 376 '

3579 354 3654 411 996

476 499 683 555 easque
709 486 763 541 In
790 499 1020 557 corpora
1048 500 1077 538 ει
1104 482 1384 554 prioribus
1412 481 1623 535 diversa
1656 478 1770 535 fore
1798 495 2058 535 revocan-
2088 485 2131 541 Α
2232 475 2371 529 XIII.
2397 474 2473 528 Ex
2508 487 2669 543 supra
2713 471 2875 528 dictis
2909 471 3238 528 subvertitur
3270 470 3508 526 Methodii
3531 476 3657 528 ratio-

473 577 595 632 das.
622 576 985 633 Tertullianus
1028 577 1163 631 libro
1190 574 1268 629 De
1300 581 1577 627 resurrect.
1603 573 1799 635 carnis,
1830 586 1951 641 cap.
1976 572 2000 624 1
2037 590 2048 623 :

479 687 501 721 ι
538 669 803 725 Platonici
834 670 1192 725 immortalem
1229 670 1469 724 animam
1497 684 1529 723 e
1567 666 1843 721 contrario
1878 665 2053 719 recla-
2114 722 2117 723 ν

474 772 628 817 mant
660 779 674 816 :
702 763 811 816 imo
832 762 1281 831 adhuc.proxime
1310 763 1475 816 etiam
1515 761 1567 814 in
1596 774 1821 828 corpora
1854 772 2055 813 remea-

475 853 635 909 bilem
688 852 994 918 allirmant,
1026 854 1126 908 etsi
1179 869 1284 908 non
1332 853 1385 907 in
1442 853 1657 907 eadem.
1709 870 1727 901 ι
1776 850 2055 919 Legendus

474 942 627 999 Plato
663 944 753 998 lib.
779 960 812 999 x
846 944 922 998 De
950 946 1178 1013 κραδίη
1215 946 1302 1000 ubi
1336 961 1403 1000 ex
1432 943 1561 999 Heri
1604 942 1904 1014 Pamphylii
1932 956 2053 1011 per-

474 1051 605 1091 sona
628 1073 644 1103 ,
681 1036 878 1090 animre
908 1046 1110 1091 statum
1161 1044 1284 1105 post
1307 1044 1573 1099 .mortem,
1613 1046 1820 1103 poenas,
1855 1047 2057 1102 μετεμ-

472 1130 747 1200 ψύχωσιν,
799 1139 853 1183 et
901 1128 1362 1183 immortalitatem
1406 1125 1685 1181 describit.
1746 1124 1852 1179 Sed
1886 1122 2054 1177 multo

473 1223 649 1290 magis
673 1221 725 1275 in
782 1219 1071 1287 Plin-done,
1117 1235 1227 1289 quo
1259 1218 1543 1273 materiam
1577 1218 1721 1272 illam
1771 1215 2049 1270 exhaurit.

472 1315 759 1386 Legendus
803 1330 1018 1383 quoque
1072 1313 1406 1385 Augustinus
1460 1312 1558 1369 lib.
1605 1325 1719 1365 χχιι
1768 1309 1847 1364 De
1907 1307 2050 1363 civit.

476 1408 593 1464 Dei.
625 1423 747 1477 cap.
779 1408 853 1462 26
885 1418 937 1463 et
966 1408 1059 1462 27.

546 1499 660 1556 XII.
694 1498 801 1555 Sed
827 1515 893 1555 ne
915 1500 1132 1554 solitum
1157 1499 1374 1571 Origeni
1410 1512 1593 1555 nostro
1626 1497 1767 1553 desit
1792 1494 2050 1560 ofﬁcium,

473 1594 518 1647 si
548 1609 668 1662 quae
697 1593 752 1648 in
784 1592 901 1662 ejus
934 1592 1295 1662 patrocinium
1344 1603 1540 1663 praeter
1565 1591 1842 1661 superiora
1869 1587 2049 1656 colligi

470 1694 698 1754 possunt
723 1684 954 1753 ,.paucis
987 1684 1531 1752 comprehendamus.
1563 1682 1675 1738 Sua
1709 1681 1943 1751 primum
1975 1676 2049 1730 illi

474 1775 528 1829 in
558 1775 718 1845 hujus
760 1777 1066 1846 argumenti
1112 1777 1439 1831 tractatione
1470 1776 1613 1829 lavet
1661 1770 2048 1829 inconstantia,

2161 566 2386 629 cinatio,
2417 580 2525 635 qua
2582 566 2684 618 hoc
2715 563 2967 634 Origenis
2995 565 3395 633 pronuntiatum
3437 564 3659 620 confutare

2157 670 2447 724 aggressus
2482 664 2591 720 est,
2630 664 2976 724 peccatorum
2998 656 3236 710 omnium
3263 670 3468 709 causam
3486 657 3542 710 ad
3570 672 3659 712 eor-

2158 763 2258 817 pus
2284 746 2501 802 relerri.
2525 747 2618 801 Ait
2654 747 2854 816 quippe
2880 746 3189 803 Methodius
3222 748 3479 802 contraria
3503 749 3586 803 sibi
3608 750 3663 804 Io-

2158 837 2251 905 qui
2306 835 2636 906 Origenem;
2674 851 2795 891 cum
2850 838 2993 892 enim
3047 838 3283 892 animam
3331 839 3464 893 citra
3512 855 3662 910 corpus

2158 942 2436 997 peccasse,
2468 938 2523 984 et
2543 937 2761 999 propter
2784 939 3067 998 peccatum
3088 929 3314 985 scorteis
3342 929 3526 984 tunicis
3545 934 3665 986 vesti-

2159 1028 2266 1074 tam
2308 1019 2495 1088 fuisse,
2527 1020 2849 1091 tunicasque
2884 1020 3003 1075 illas
3033 1036 3258 1092 corpora
3292 1021 3405 1091 ipsa
3438 1036 3544 1077 esse
3565 1038 3662 1077 eon-

2159 1111 2386 1165 cesserit
2412 1128 2426 1176 ;
2474 1112 2620 1166 nunc
2647 1112 2749 1166 sibi
2783 1114 2957 1182 ipsum
2996 1128 3297 1183 repugnare
3322 1151 3340 1177 ,
3370 1127 3487 1167 cum
3515 1128 3664 1183 corpus

2158 1216 2337 1256 causa:
2366 1217 2488 1256 esse
2517 1202 2652 1256 dicit
2678 1218 2780 1257 cur
2800 1204 2981 1258 anima
3010 1214 3216 1274 peccet.
3260 1204 3572 1273 Origenianz
3594 1204 3665 1259 do-

2157 1295 2351 1349 ctrina:
2384 1296 2783 1371 connexionem
2817 1312 2921 1352 non
2953 1296 3088 1353 vidit
3126 1295 3443 1352 Methodius.
3474 1296 3664 1353 Diximus
3812 1316 3813 1389 χ

2157 1387 2301 1441 enim
2345 1400 2505 1457 supra
2544 1401 2837 1457 corporeas
2874 1390 3085 1444 animas
3111 1389 3196 1444 vel
3235 1390 3561 1461 incorporeas
3596 1408 3665 1461 ap-

2157 1478 2387 1547 pellasse
2444 1479 2849 1550 Adamantium,
2897 1482 3227 1538 crassiorum
3283 1482 3365 1537 vel
3415 1484 3663 1539 tenuiorum

2158 1530 2181 1547 r
2200 1530 2383 1535 ""“"
2444 1530 2483 1534 '_
2499 1530 2849 1550 """""""'",
2902 1530 2946 1537 ν’
2962 1530 3122 1538 """'
3140 1530 3227 1537 "'"
3295 1530 3305 1535 '
3321 1530 3365 1537 "
3417 1530 3663 1539 """'""—

2157 1586 2443 1641 corporum
2472 1572 2684 1627 ratione
2708 1613 2723 1639 ,
2760 1589 2881 1627 cum
2912 1588 3101 1629 revera
3142 1589 3434 1645 corporeas
3475 1590 3596 1639 esse,
3627 1587 3667 1629 et

2158 1661 2326 1717 Deum
2377 1679 2544 1717 unum
2582 1665 2972 1734 incorporalem
3006 1667 3299 1721 censuerit.
3340 1666 3475 1720 Idem
3506 1667 3667 1721 animas

2157 1769 2255 1824 pro
2293 1765 2640 1824 peccatorum
2706 1758 2973 1828 gravitate
2999 1759 3249 1828 graviora
3284 1757 3466 1813 subire
3489 1774 3667 1828 corpora
3816 1746 3817 1799 ἲ

472 1882 594 1937 quae
622 1844 745 1922 cum
785 1844 853 1923 ex
880 1869 1252 1938 superioribus
1281 1870 1415 1924 satis
1452 1869 1737 1923 manifesta
1771 1875 1894 1930 est,
1928 1875 2041 1929 tum

2154 1848 2396 1901 asseruit.
2421 1846 2515 1921 llis
2532 1849 2835 1919 neutiquam
2861 1860 3114 1920 repugnat
3151 1850 3517 1913 illud,animas
3540 1866 3670 1905 acor-

472 1977 535 2015 ex
555 1975 621 2014 eo
668 1960 830 2016 etiam
852 1960 994 2029 quod
1018 1963 1083 2015 de
1112 1960 1217 2016 line
1256 1975 1434 2015 rerum
1460 1962 1771 2029 disputans,
1789 1970 1843 2014 et
1869 1967 2047 2012 utrmn

473 2054 529 2106 in
576 2067 826 2122 corpore,
891 2067 958 2106 an
1020 2062 1176 2107 extra
1238 2067 1437 2121 corpus
1488 2066 1739 2122 suprema
1794 2048 2052 2104 beatitate

475 2144 690 2197 I'ruituri
734 2146 907 2198 simus
943 2144 1248 2213 inquirens,
1281 2143 1553 2213 triplicem
1582 2142 1892 2211 opinionem
1929 2140 2050 2193 uni-

470 2236 670 2305 cuique
699 2251 796 2304 pro
819 2235 977 2291 Iibitu
1000 2238 1427 2306 persequendam
1447 2236 1698 2307 proponit
1723 2235 1817 2289 lib.
1840 2249 1876 2287 II
1909 2232 2052 2301 Περὶ

471 2327 693 2398 ἀρχῶν,
727 2344 847 2397 cap.
864 2330 935 2395 -'5,
968 2345 1120 2385 num.
1147 2330 1200 2396 7,
1243 2345 1404 2400 quem
1431 2329 1607 2384 locum
1648 2328 1842 2398 repetit
1868 2325 2056 2381 Hiero-

473 2437 666 2493 nymus
716 2423 874 2492 epist.
922 2422 1015 2489 59,
1072 2423 1138 2476 ad
1192 2423 1361 2487 Avit.,
1399 2436 1520 2492 cap.
1549 2420 1606 2475 2.
1633 2419 1807 2489 Caput
1838 2433 2053 2488 quoque

472 2526 684 2568 sextum
731 2515 850 2569 libri
890 2516 1048 2585 primi
1099 2514 1175 2568 De
1220 2515 1453 2584 princip.
1503 2512 1750 2568 eamdem
1801 2510 2051 2580 Origenis

472 2603 876 2660 ﬂuctuationem
940 2614 1207 2665 testatur;
1271 2620 1398 2659 nam
1447 2613 1734 2673 postquam
1780 2601 2050 2670 duplicem

472 2697 542 2749 de
589 2706 729 2750 statu
779 2696 1061 2751 beatorum
1106 2698 1430 2751 sententiam
1482 2693 1769 2761 exposuit,
1818 2706 2050 2762 quarum

475 2789 629 2859 prior
677 2790 1018 2845 interituram
1057 2805 1344 2858 corporum
1386 2798 1633 2842 naturam
1669 2787 1859 2841 delinit
1885 2824 1902 2850 ,
1935 2792 1989 2838 et
2024 2798 2054 2837 a

470 2897 579 2950 qua
620 2893 743 2936 sese
776 2883 1013 2936 aliermrn
1062 2882 1370 2951 proﬁtetur,
1417 2880 1523 2935 alia
1577 2890 1827 2934 naturam
1857 2890 2055 2944 corpo-

474 2989 623 3028 ream
664 2974 718 3027 in
777 2974 993 3028 modmn
1045 2975 1266 3029 aetheris
1318 2982 1675 3044 expurgatum
1729 2970 1795 3025 iri
1848 2969 2050 3032 tradit,

475 3065 691 3119 tandem
753 3068 833 3122 sic
884 3067 1160 3121 concludit
1210 3079 1358 3119 num.
1404 3064 1440 3118 4
1488 3082 1502 3118 :
1561 3082 1579 3115 ι
1625 3062 1840 3118 Certius
1870 3069 2049 3114 tamen

473 3155 712 3224 qualiter
752 3172 810 3211 se
842 3158 1093 3211 habitura
1128 3156 1200 3211 sit
1249 3170 1374 3219 res,
1407 3155 1509 3210 scit
1535 3157 1682 3210 solus
1714 3155 1875 3218 Deus,
1919 3161 1975 3208 et
2006 3152 2049 3205 si

477 3249 571 3316 qui
607 3250 725 3319 ejus
758 3265 854 3319 per
881 3249 1184 3315 Christum,
1218 3259 1273 3304 et
1296 3248 1559 3317 Spiritum
1596 3256 1846 3303 sanctum
1887 3246 2048 3300 amici

472 3349 619 3393 sunt.
663 3360 681 3391 ι
730 3340 850 3395 Pari
883 3357 1050 3411 prope
1089 3341 1245 3395 modo
1273 3340 1574 3394 consimilis
1606 3338 1909 3409 argumenti
1938 3338 2050 3391 dis-

470 3434 807 3501 putationem
864 3434 1066 3489 claudit
1122 3435 1217 3491 lih.
1277 3452 1314 3489 rt
1370 3434 1509 3503 Περὶ
1550 3431 1771 3501 ἀρχῶν,
1823 3446 1945 3499 cap.
1990 3431 2046 3484 2.

475 3522 701 3578 Prodest
756 3540 971 3601 quoque
1023 3526 1089 3580 ad
1139 3527 1504 3580 excusandum
1549 3540 1672 3578 eum
1719 3522 1899 3577 Rufini
1963 3537 2049 3575 re-

476 3617 703 3684 sponsio
750 3616 841 3669 lib.
878 3616 950 3670 De
978 3619 1150 3671 adult.
1194 3617 1377 3671 librar.
1418 3617 1635 3685 Urigen.
1680 3614 2051 3685 pertendentis

470 3720 689 3762 errores
718 3705 852 3763 istos
879 3707 1022 3763 circa
1064 3706 1476 3765 resurrectionis
1519 3706 1802 3762 aitueriam
1834 3703 2050 3777 scriptis

473 3799 642 3869 ipsius
699 3804 767 3855 ab
819 3801 1085 3857 haereticis
1144 3802 1310 3856 fuisse
1382 3816 1654 3871 aspersus.
1710 3801 1881 3854 Verba
1934 3799 2051 3868 ejus

474 3902 603 3947 sunt
635 3916 647 3949 :
678 3913 696 3946 ι
728 3893 819 3948 Vel
849 3895 1041 3948 iterum
1076 3896 1141 3948 de
1161 3895 1565 3949 resurrectione
1583 3893 1781 3959 carnis,
1816 3891 1906 3960 qui
1940 3900 2047 3947 tam

469 3987 754 4040 evidenter
802 3986 1175 4055 pronuntiavit
1225 3995 1473 4039 naturam
1521 3984 1707 4039 carnis
1754 3984 1806 4036 in
1846 3983 2046 4037 cmlum

472 4080 793 4133 ascendisse
820 4095 943 4134 cum
992 4077 1173 4133 Verbo
1220 4078 1334 4139 Dei,
1368 4087 1533 4147 atque
1565 4076 1698 4131 inibi
1727 4074 2046 4130 coelestibus

470 4173 789 4240 apparuisse
817 4170 1147 4239 Virtutibus,
1179 4185 1376 4225 novum
1400 4181 1453 4224 et
1481 4170 1858 4224 admirandum
1887 4168 1936 4223 ei
1963 4166 2046 4221 sui

469 4263 643 4317 visum
683 4263 1006 4333 praebentem
1039 4303 1054 4327 ,
1106 4262 1364 4332 possibile
1414 4272 1533 4317 erat
1581 4271 1639 4315 ut
1672 4261 1810 4315 hanc
1844 4260 2041 4314 iterum

471 4369 576 4407 non
616 4370 735 4408 esse
761 4355 1073 4408 salvandam
1108 4355 1318 4408 diceret
1348 4353 1373 4407 ἲ
1407 4372 1426 4405 ι
1456 4352 1524 4406 At
1558 4353 1682 4405 inde
1712 4360 1891 4405 tamen
1913 4365 2049 4419 prae-

469 4442 687 4509 cipuum
717 4442 818 4497 sibi
851 4445 1078 4498 arcessit
1114 4442 1379 4511 Origenes
1424 4442 1763 4512 praesidium,
1790 4455 1900 4509 quo
1949 4455 2044 4494 sua

468 4543 629 4585 aetate
673 4534 909 4587 nondum
959 4535 1292 4603 quaestiones
1330 4534 1433 4588 illa:
1464 4535 1677 4588 fuerant
1705 4534 1773 4587 ab
1802 4532 2042 4586 Ecclesia
2078 4544 2118 4596 ιι

467 4622 813 4692 dijudicatze;
883 4640 989 4692 quo
1041 4625 1241 4678 factum
1278 4635 1363 4679 est
1399 4665 1413 4688 ,
1458 4636 1516 4680 ut
1554 4624 1677 4678 dum
1710 4639 1831 4677 eum
1866 4639 1894 4675 a
1954 4638 2049 4678 ve-

471 4716 650 4771 ritatis
679 4730 867 4769 norma
904 4715 1166 4770 deﬂexum
1204 4730 1463 4770 revocare
1501 4716 1699 4784 satagit
1722 4714 2048 4775 Methodius.

468 4818 498 4856 a
529 4817 657 4857 vero
709 4802 823 4871 ipse
852 4804 1187 4857 deerraverit
1213 4843 1229 4866 ,
1281 4815 1337 4858 et
1371 4804 1461 4857 alii
1490 4818 1709 4873 quoque
1761 4819 1867 4858 non
1924 4804 2043 4859 sine

466 4897 763 4953 oll'ensione
796 4897 849 4952 in
878 4898 981 4952 hac
1010 4897 1313 4963 qrrzestione
1341 4897 1541 4951 versati
1572 4899 1686 4951 sint
1710 4936 1726 4964 ,
1761 4907 1819 4950 ut
1860 4903 2049 4951 osten-

466 4993 647 5046 dimus
686 5004 847 5059 supra
875 5006 890 5056 ;
922 4999 976 5044 et
1013 4987 1378 5060 Hieronymus
1411 4988 1559 5043 velut
1588 4988 1829 5042 titubans
1869 4997 2046 5043 mate-

468 5084 604 5137 riam
638 5084 777 5136 hanc
809 5082 1122 5136 tractaverit
1154 5082 1316 5151 epist.
1347 5080 1436 5147 6|,
1467 5082 1533 5134 ad
1566 5079 2045 5149 Pammach.,cap.

470 5172 571 5237 I3;
608 5174 681 5225 ait
703 5173 901 5241 quippe
933 5188 947 5225 :
984 5190 1003 5222 ι
1042 5171 1208 5241 Ergo,
1244 5171 1477 5240 inquies,
1513 5180 1569 5225 et
1593 5184 1692 5225 nos
1716 5177 1838 5239 post
1863 5183 2049 5224 resur-

467 5262 764 5316 rectionem
798 5262 1065 5316 comesuri
1096 5262 1329 5316 sumus?
1356 5259 1573 5324 Nescio.
1598 5275 1704 5314 non
1737 5262 1881 5313 enim
1905 5260 2047 5313 scri-

467 5362 615 5421 ptum
643 5362 758 5418 est;
789 5363 845 5406 et
868 5364 1046 5407 tamen
1094 5354 1137 5407 si
1174 5362 1450 5422 quaeratur
1476 5392 1491 5416 ,
1531 5367 1635 5405 non
1691 5360 1821 5419 puto
1863 5364 2048 5404 come-

468 5458 647 5499 suros.
693 5463 712 5497 ι
754 5443 884 5512 Qua:
910 5459 1072 5498 causa
1104 5454 1209 5506 est,
1231 5459 1331 5499 cur
1360 5458 1516 5497 suam
1548 5444 1615 5497 de
1641 5442 2047 5497 resurrectione

467 5537 842 5590 declaraturus
878 5536 1206 5590 sententiam
1236 5534 1503 5603 Origenes
1523 5576 1539 5599 ,
1583 5534 1925 5589 retinendam
1956 5546 2043 5587 ve-

470 5642 641 5682 terum
701 5629 1007 5698 opinionem
1065 5628 1543 5698 pronuntiaverit,
1591 5627 1721 5696 quia
1788 5626 2044 5680 nimirum

465 5719 813 5786 quantumvis
830 5719 1030 5773 absona
1064 5719 1181 5788 ejus
1209 5721 1459 5790 dogmata
1491 5732 1619 5773 suos
1638 5726 1818 5773 tamen
1858 5723 2019 5771 aucto

470 5824 557 5863 res
583 5817 638 5862 et
665 5818 923 5877 patronos
970 5809 1230 5867 habuere.

540 5924 587 5955 "
612 5922 769 5979 Rom.
800 5937 917 5987 \‘lll,
940 5922 1026 5979 22.

2152 1939 2375 2006 poribus
2404 1942 2516 1994 suis
2545 1941 2681 1996 trahi
2701 1948 2751 1996 In
2780 1941 2927 2008 vitia,
2952 1951 3008 1996 et
3036 1957 3157 1997 cum
3187 1958 3462 2011 nunquam
3498 1959 3671 2013 corpore

2152 2029 2407 2083 eariturze
2430 2030 2563 2093 sint,
2601 2030 2816 2087 futuros
2848 2046 3066 2101 semper
3094 2030 3457 2087 beatitudinis
3486 2043 3534 2087 et
3561 2035 3672 2088 dam-

2155 2121 2390 2177 nationis
2423 2121 2715 2189 circuitus;
2767 2132 2825 2177 et
2852 2134 3144 2194 antequam
3199 2125 3453 2180 humanis
3478 2126 3668 2181 astricta

2152 2220 2336 2266 essent
2371 2213 2648 2277 membris,
2673 2213 2724 2267 in
2756 2222 2974 2282 peccata
3000 2222 3180 2269 tamen
3208 2216 3379 2270 fuisse
3409 2216 3670 2286 prolapsas;

2152 2318 2216 2359 ac
2246 2304 2472 2360 meritas
2493 2320 2591 2360 cur
2616 2319 2647 2358 e
2680 2306 3063 2362 subtilioribus
3108 2308 3430 2376 corporibus
3480 2308 3528 2362 in
3574 2307 3674 2377 spis-

2152 2397 2295 2452 siora
2356 2395 2821 2463 demergerentur.
2862 2398 3041 2466 Atque
3081 2398 3155 2452 ita
3199 2413 3486 2452 commune
3518 2398 3673 2466 aliquid

2156 2490 2316 2544 habet
2345 2490 2611 2560 Origenes
2660 2504 2781 2544 cum
2836 2488 3175 2561 Porphyrio,
3208 2493 3304 2560 qui
3336 2490 3555 2553 dicebat.
3585 2507 3602 2541 r
3635 2499 3677 2543 ut

2155 2582 2307 2637 beata
2345 2583 2417 2636 sit
2451 2583 2654 2647 anima,
2694 2597 2891 2652 corpus
2933 2598 3095 2639 omne
3149 2599 3272 2639 esse
3303 2583 3609 2653 fugiendum.
3660 2601 3673 2633 I

2154 2673 2259 2729 Sed
2302 2683 2361 2729 ut
2386 2675 2695 2730 communia
2726 2674 2970 2743 quzedam
2993 2692 3114 2730 cum
3148 2674 3452 2747 Porphyrio
3473 2676 3539 2730 sit
3561 2675 3673 2730 locu-

2155 2778 2261 2834 tus,
2289 2766 2501 2837 penitus
2533 2778 2711 2820 tamen
2738 2765 2952 2823 diversa
2982 2769 3170 2823 sensit.

2225 2859 2529 2913 Notandum
2578 2874 2742 2923 porro
2793 2871 3071 2916 auctorem
3121 2861 3321 2933 dialogi
3370 2858 3444 2915 Dc
3484 2868 3608 2913 recte
3636 2858 3675 2909 in

2158 2951 2322 3005 Deum
2360 2950 2488 3019 ﬁde,
2532 2952 2624 3019 qui
2670 2953 2771 3007 sub
2809 2949 3062 3022 Origenis
3107 2953 3330 3008 nomine
3359 2951 3563 3023 prodiit,
3591 2948 3674 3003 Ila-

2156 3041 2332 3094 rinum
2368 3040 2832 3097 Bardesianistam
2878 3043 3137 3097 inducere
3170 3044 3284 3097 bare
3318 3045 3556 3113 dogmata
3591 3052 3665 3109 pro

2157 3141 2517 3203 pugnantem;
2564 3133 2838 3188 hominem
2886 3134 3003 3188 sola
3060 3134 3242 3188 anima
3283 3130 3677 3197 constare;aui-

2158 3238 2301 3275 mant
2336 3221 2545 3277 scelere
2570 3222 2833 3288 admisso,
2866 3224 3063 3280 tunicis
3089 3223 3353 3294 pelliceis,
3384 3224 3483 3278 hoc
3502 3230 3574 3277 est
3593 3235 3683 3274 eor.

2152 3328 2305 3383 pore,
2342 3322 2601 3383 tanquam
2646 3314 2866 3370 vinculo
2911 3330 2976 3370 ac
3022 3306 3282 3384 coinpede
3309 3316 3477 3371 fuisse
3494 3313 3683 3380 constri-

2151 3415 2319 3469 ctam,
2348 3415 2515 3476 atque
2552 3407 2680 3462 inde
2715 3426 2744 3462 τι
2772 3407 3011 3464 Ieremia
3058 3409 3275 3465 vinctos
3307 3425 3409 3465 nos
3436 3406 3680 3478 appellari;

2152 3510 2217 3549 ac
2277 3495 2459 3550 animo
2503 3497 2765 3553 malorum
2797 3500 3039 3554 omnium
3080 3516 3300 3555 causam
3335 3516 3455 3555 esse
3484 3511 3681 3566 corpus:

2150 3587 2536 3644 Adamantium
2564 3604 2745 3647 autem
2779 3593 2896 3649 haec
2922 3594 3038 3665 ipsa
3079 3595 3515 3665 impugnantem;
3540 3604 3586 3646 et
3611 3592 3685 3644 ho-

2153 3680 2375 3746 minem,
2406 3697 2638 3751 corpore
2678 3683 2806 3739 licet
2825 3694 2881 3739 et
2905 3686 3082 3741 anima
3111 3696 3352 3750 constet,
3377 3688 3597 3741 animam
3618 3692 3682 3735 ta-

2153 3790 2275 3829 men
2328 3776 2381 3828 in
2441 3772 2746 3847 Scripturis
2780 3777 2962 3835 vocari
2989 3777 3481 3841 demonstrantem,
3512 3774 3685 3831 eadem-

2151 3881 2260 3936 que
2315 3866 2523 3922 Marino
2566 3882 2934 3937 regerentem,
2984 3888 3105 3942 qua:
3142 3856 3305 3944 apud
3378 3866 3685 3943 Epiphaniam

2149 3960 2365 4030 Origeni
2394 3959 2695 4017 Methodius
2718 3966 2985 4034 opposuit.

2711 4097 3039 4166 QUAESTIO
3079 4094 3121 4152 X

2606 4205 2673 4244 DE
2714 4207 2995 4245 Ροδτιιειιο
3032 4206 3263 4247 IUDICIO.

2149 4274 2190 4329 1.
2238 4276 2565 4348 [impleretur
2610 4276 2863 4343 placitum
2909 4280 3149 4348 Origenis
3200 4281 3265 4333 de
3292 4284 3448 4334 rebus
3481 4289 3681 4345 καρτεηο

2227 4345 2319 4398 Dei
2354 4349 2571 4399 arbitrio
2603 4348 2934 4415 judicandis.
2960 4345 3021 4403 ll.
3060 4349 3125 4402 Et
3170 4355 3234 4403 de
3265 4353 3471 4404 ratione
3513 4366 3569 4401 ac
3596 4348 3681 4397 loco

2214 4417 2412 4484 judicii
2448 4419 2720 4484 postremi.

2221 4529 2259 4594 ι.
2301 4530 2636 4585 Murtuorum
2685 4533 3145 4587 resurrectionem
3176 4548 3486 4603 supremum
3521 4532 3599 4586 Dei
3618 4530 3683 4598 ju-

2156 4623 2355 4677 dicium
2402 4623 2657 4693 excipiet.
2687 4622 2805 4689 Quo
2829 4638 2953 4678 cum
2981 4625 3291 4679 ulciscenda
3322 4626 3539 4686 scelera,
3571 4634 3683 4676 met-

2157 4714 2291 4767 cede
2319 4724 2501 4768 autem
2530 4714 2775 4767 donanda
2804 4714 2917 4768 sint
2955 4724 3105 4768 recte
3132 4724 3251 4768 acta
3277 4724 3330 4768 et
3365 4716 3598 4775 virtutes,
3622 4710 3684 4763 id-

2156 4806 2302 4859 circo
2354 4813 2564 4858 statura
2610 4806 2865 4873 opinatus
2920 4816 3006 4859 est
3051 4806 3334 4877 Origenes,
3393 4816 3684 4874 quaecunque

2157 4896 2239 4951 vel
2280 4905 2425 4950 recte
2456 4895 2537 4950 vel
2592 4895 2731 4950 male
2790 4898 2998 4965 agendo
3046 4899 3268 4966 praemia
3324 4900 3410 4954 vel
3460 4894 3683 4966 supplicia

2158 4988 2462 5056 promereri
2531 4996 2782 5056 possunt.
2835 4988 3328 5057 Superiusautem
3390 4987 3685 5045 ostendimus

2153 5076 2362 5146 angelis
2416 5077 2614 5147 ipsuru,
2655 5078 2927 5133 sideribus
2993 5094 3056 5134 ac
3116 5080 3400 5136 eleruentis
3456 5083 3581 5135 bene
3618 5075 3683 5129 vel

2154 5168 2293 5222 male
2328 5168 2522 5237 agendi
2559 5176 2884 5237 potestatem
2916 5169 3212 5228 aliinxisse.
3255 5171 3542 5227 «Futurum
3570 5181 3679 5229 eam

2154 5258 2331 5326 inquit
2372 5258 2559 5311 homil.
2593 5257 2627 5311 4
2658 5259 2712 5311 in
2749 5256 2971 5322 Essem,
3011 5277 3160 5315 num.
3212 5263 3264 5324 I,
3307 5279 3430 5333 pag.
3462 5263 3580 5323 570,
3610 5268 3685 5310 ιυι

2153 5350 2208 5405 in
2239 5351 2327 5404 die
2349 5349 2547 5418 judicii
2594 5365 2704 5403 non
2736 5348 2909 5404 solum
2945 5351 3128 5415 homo,
3161 5353 3255 5408 sed
3285 5356 3444 5409 etiam
3472 5354 3683 5408 universa

2151 5442 2393 5499 conditio
2424 5440 2703 5508 iudicetur
2736 5458 2749 5493 :
2780 5439 2971 5496 Omnis
3002 5446 3203 5514 quippe
3246 5457 3490 5500 creatura
3519 5455 3684 5507 wage-

2153 5534 2336 5590 miscit
2362 5544 2418 5588 ct
2460 5533 2806 5589 condolet".
2830 5552 2851 5585 ι
2890 5534 3027 5590 Tum
3065 5536 3119 5590 in
3164 5539 3312 5593 hunc
3360 5554 3531 5592 rerum
3568 5531 3683 5601 judi-

2153 5628 2453 5683 caudarum
2482 5642 2704 5682 censum
2732 5628 2955 5694 conjicit
2981 5634 3224 5699 angelos,
3249 5634 3463 5693 ccelum.
3492 5638 3681 5698 qusque

2153 5735 2315 5789 supra
2372 5730 2429 5773 et
2475 5719 2619 5774 infra
2686 5720 2905 5775 crnlum'
2956 5732 3120 5785 sunt,
3188 5735 3387 5781 terram
3439 5724 3592 5793 ipsam
3638 5726 3681 5769 ει

2154 5797 2355 5868 aerem.
2393 5810 2507 5879 Qua
2555 5812 2621 5865 de
2658 5812 2917 5882 opinione
2942 5813 3050 5869 late
3081 5815 3457 5884 disseruimus,
3481 5825 3595 5870 clm
3625 5808 3677 5863 de
