3906 6568
289 436 393 495 997

1126 434 1697 494 ORIGENIANORUM
1738 430 1865 489 LIB.
1915 433 1980 499 ll,
2014 434 2165 490 CAP.
2207 432 2272 496 II,
2307 433 2588 501 QU/EST.
2634 435 2727 492 Xl.

3434 444 3539 500 998

288 552 590 630 angeliset
614 558 679 613 de
708 558 975 615 sideribus
1008 558 1313 631 ageremus.
1339 562 1570 628 Quinam
1600 571 1861 632 praeterea
1894 560 1939 615 A
1966 557 2212 609 omnium
2273 556 2551 610 Christum
2611 566 2806 610 natura
2866 564 2921 611 et
2981 556 3265 627 majestate
3324 562 3537 613 cunctis

289 652 345 705 in
414 651 680 719 judicium
756 652 979 708 sistendi
1059 654 1203 720 sint,
1270 655 1507 721 ignorari
1578 655 1858 709 declarat:

290 760 313 795 ι
343 743 533 799 Utrum
561 753 740 797 autem
765 759 955 798 omnes
974 754 1218 812 gentes»
1254 746 1427 813 inquit
1451 752 1664 798 tractat.
1696 758 1862 797 xxxiv

283 839 342 890 in
372 833 586 898 Matth.,
624 852 774 890 num.
813 836 901 900 70,
934 854 953 887 ι
978 837 1045 890 ab
1071 837 1322 892 omnibus
1356 851 1476 904 quae
1508 837 1561 890 in
1594 838 1850 893 omnibus

284 924 728 994 generationibus
764 925 994 993 fuerint,
1022 936 1115 981 aut
1144 927 1247 981 illae
1280 936 1484 982 tantum
1510 944 1630 998 quae
1660 933 1712 983 ln
1739 945 1862 983 con-

281 1015 647 1070 summatione
680 1014 880 1071 fuerint
906 1017 1200 1081 derelictae,
1228 1028 1322 1073 aut
1364 1018 1468 1073 illa;
1497 1028 1705 1073 tantum
1736 1036 1856 1090 quae

281 1106 638 1161 crediderunt
664 1108 717 1161 in
746 1107 915 1162 Deum
947 1124 1043 1179 per
1067 1108 1344 1165 Christum
1372 1127 1386 1175 ;
1428 1122 1481 1165 et
1514 1112 1644 1179 ipsae
1671 1123 1854 1165 utrum

278 1212 496 1261 omnes,
525 1213 591 1251 an
638 1214 743 1252 non
772 1215 982 1265 omnes,
1027 1217 1132 1254 non
1167 1202 1301 1255 satis
1324 1211 1409 1256 est
1435 1202 1802 1257 manifestum.
1833 1223 1851 1255 ι

282 1286 363 1340 De
395 1288 581 1342 eodem
612 1290 773 1343 etiam
802 1291 1026 1360 ambigit
1057 1300 1273 1345 tractat.
1307 1308 1412 1345 xxx
1435 1293 1486 1346 in
1513 1294 1650 1348 idem
1682 1294 1858 1347 Evan-

276 1377 502 1448 gelium,
541 1396 684 1435 num.
716 1382 804 1435 51.
826 1386 892 1434 At
922 1382 973 1436 in
1005 1398 1186 1437 veram
1218 1392 1394 1440 tamen
1422 1396 1477 1440 et
1501 1387 1854 1442 orthodoxam

275 1473 608 1526 sententiam
660 1473 867 1527 videtur
910 1476 1213 1529 concedere
1265 1477 1360 1531 lib.
1388 1494 1424 1531 ιι
1475 1478 1531 1531 in
1582 1477 1754 1544 Epist.
1783 1482 1853 1534 ad

276 1559 459 1623 Rom.,
494 1578 640 1615 num.
682 1564 737 1626 4,
772 1579 894 1633 pag.
932 1565 1037 1619 479
1070 1565 1133 1636 (si
1163 1582 1282 1635 quae
1320 1568 1499 1622 Ruﬁni
1531 1570 1856 1639 interpreta-

275 1653 412 1706 tioni
458 1652 589 1708 ﬁdes
622 1654 866 1709 habenula
917 1657 1049 1726 est),
1098 1674 1395 1729 oumesque
1422 1663 1645 1716 omnino
1676 1664 1854 1720 homi-

273 1752 377 1792 nes
426 1740 478 1793 in
518 1755 771 1808 supremo
798 1742 891 1797 illo
916 1744 1256 1817 διαδικασμῷ
1307 1746 1631 1816 judicandos
1682 1767 1851 1821 agno-

272 1844 451 1885 scere.
484 1850 503 1883 t
535 1830 852 1900 Requiritur
883 1851 1043 1897 sane.
1087 1837 1284 1906 inquit,
1317 1853 1345 1892 a
1379 1841 1729 1909 quibusdam,
1754 1859 1853 1899 cur

1966 646 2298 700 eminentem
2349 647 2714 716 introspicere
2766 648 2957 711 corda,
3025 657 3082 702 et
3142 647 3535 703 conscientiam

1962 736 2322 808 singulorum,
2357 739 2712 795 manifestare
2753 741 2987 803 occulta,
3015 750 3070 795 et
3120 742 3335 795 obtecta
3377 755 3537 795 reve-

1962 827 2101 895 lare,
2143 837 2203 882 ut
2252 837 2308 883 et
2354 830 2510 885 bonis
2553 831 2767 886 actibus
2815 831 3026 886 laudem
3060 832 3279 896 tribuat,
3315 842 3371 887 et
3405 832 3532 887 mali

1960 934 2204 990 ptenam,
2240 934 2400 987 quam
2444 930 2743 987 merentur,
2778 923 3073 992 excipiant.
3106 943 3125 976 ο
3173 924 3372 992 Nempe
3398 926 3527 980 alle-

1959 1011 2129 1081 goriis
2168 1011 2281 1067 suis
2318 1012 2591 1067 sincerum
2636 1014 2763 1068 illud
2796 1015 2989 1085 dogma
3034 1017 3306 1085 corrupit,
3342 1033 3361 1067 ι
3384 1020 3531 1085 quod

1963 1103 2015 1156 in
2047 1103 2392 1159 confessione
2420 1119 2483 1157 ac
2517 1104 2863 1175 professione
2894 1116 3042 1160 tenet
3074 1108 3251 1162 omnis
3287 1108 3529 1163 Ecclesia

1959 1191 2053 1246 Dei
2099 1192 2213 1245 veri
2242 1211 2260 1243 ι
2310 1192 2411 1263 (ait
2454 1195 2792 1263 Augustinus
2841 1195 2936 1250 lib.
2989 1211 3059 1249 xx
3100 1196 3179 1251 De
3215 1198 3360 1253 civit.
3406 1198 3527 1265 Dei,

1957 1297 2079 1351 cap.
2118 1283 2192 1353 l),
2238 1283 2555 1339 «Christum
2602 1286 2670 1340 de
2734 1285 2876 1341 ctelo
2937 1301 3059 1341 esse
3110 1298 3402 1343 venturum
3460 1293 3528 1345 ad

1957 1375 2111 1430 vivos
2145 1384 2200 1430 et
2229 1385 2473 1431 mortuos
2513 1377 2879 1445 judicandos;
2904 1397 2922 1429 ι
2951 1394 3056 1433 non
3097 1380 3259 1434 modo
3298 1395 3395 1449 per
3421 1384 3527 1436 vim

1955 1475 2011 1520 et
2040 1467 2378 1535 majestatem
2404 1484 2557 1522 suam
2584 1470 2771 1523 omnia
2805 1471 3183 1539 complenlem,
3216 1485 3529 1541 mentesque

1955 1559 2198 1613 omnium
2237 1560 2667 1625 collustrantem,
2698 1570 2752 1615 et
2789 1562 2840 1614 in
2875 1572 3120 1616 actorum
3148 1578 3370 1618 suorum
3416 1578 3528 1617 meo

1958 1648 2186 1703 moriam
2221 1658 2671 1719 retorquentem;
2705 1652 2802 1706 sed
2833 1666 3063 1721 corpore
3090 1664 3438 1722 prtesentein,
3471 1664 3528 1713 et

1957 1739 2203 1794 homines
2232 1743 2518 1798 universos
2543 1743 2595 1796 in
2627 1758 2794 1796 unum
2840 1745 3223 1812 adducentem,
3243 1756 3307 1805 et
3329 1762 3525 1817 supre-

1958 1843 2044 1882 ma
2083 1845 2147 1883 ac
2181 1831 2485 1887 decretoria
2529 1833 2801 1887 sententia
2843 1848 2931 1889 res
2972 1833 3254 1888 hominum
3304 1851 3526 1906 compo-

269 1919 396 1974 dies
424 1921 530 1984 hic,
571 1922 636 1976 de
664 1938 770 1991 quo
799 1926 1048 1993 superius
1104 1902 1458 1985 bibliothecas
1505 1902 1848 2002 propheticus

1982 1929 2193 1977 lentem.
2224 1922 2294 1977 At
2328 1923 2415 1977 hic
2445 1937 2662 1992 quoque
2694 1923 3104 1995 meminerimus
3132 1924 3368 1977 nondum
3404 1902 3525 1980 cer-

268 2011 567 2077 movimus,
602 2014 652 2067 in
688 2016 793 2068 line
828 2017 1015 2083 mundi
1042 2026 1282 2075 statutus
1331 2022 1425 2087 sit,
1454 2032 1511 2076 ut
1535 2038 1726 2080 omnes
1754 2029 1844 2095 qui

267 2104 346 2158 ab
401 2104 556 2159 initio
598 2108 776 2161 surculi
833 2123 1004 2177 usque
1055 2111 1121 2164 ad
1174 2112 1335 2166 ﬁnem
1396 2114 1567 2182 ipsius
1607 2117 1849 2174 defuncti

267 2204 424 2257 sunt,
456 2194 521 2247 ad
575 2194 719 2251 hunc
771 2197 1019 2253 ultimum
1060 2201 1205 2257 diem
1246 2201 1524 2272 judicandi
1560 2224 1849 2267 reserven-

268 2291 385 2337 tur.
417 2301 439 2336 ι

345 2368 407 2424 Il.
451 2390 469 2423 t
502 2370 637 2428 Item
668 2380 1005 2434 tractandum
1039 2391 1121 2435 est
1154 2390 1337 2439 utrum
1388 2386 1441 2441 in
1486 2387 1606 2445 loco
1636 2390 1847 2450 futurus

263 2474 357 2516 est
393 2463 693 2522 Salvatoris
725 2470 989 2527 adventus
1037 2474 1089 2527 in
1136 2475 1331 2546 gloria,
1368 2494 1437 2533 an
1473 2481 1701 2538 alteram
1747 2502 1845 2543 ex-

262 2556 591 2625 positionem
625 2560 886 2617 debemus
932 2567 1242 2634 exquirere.
1277 2570 1409 2637 Quis
1444 2575 1589 2628 enim
1623 2578 1726 2632 erit
1764 2580 1844 2634 lo-

261 2662 369 2703 cus
408 2649 522 2713 ille,
555 2661 615 2705 ut
646 2654 828 2724 capiat
868 2657 923 2710 in
966 2674 1075 2711 uno
1109 2672 1327 2731 aspectu
1362 2672 1416 2719 et
1452 2680 1641 2723 omnes
1684 2684 1845 2739 ange-

262 2737 351 2792 los
396 2741 678 2797 venientes
730 2760 851 2799 cum
898 2746 1139 2815 Christo,
1185 2761 1241 2806 et
1282 2768 1475 2812 omnes
1515 2769 1704 2827 gentes
1735 2737 1845 2817 illic

256 2835 667 2911 congregatas?
702 2834 768 2889 Et
795 2837 864 2892 de
905 2840 1032 2894 sede
1066 2841 1252 2910 gloria:
1296 2845 1415 2914 ejus
1472 2849 1603 2917 quid
1646 2861 1731 2906 est
1770 2853 1845 2908 di-

256 2923 539 2978 cendum?
572 2924 734 2982 Putas
776 2931 1058 2999 corporale
1100 2932 1320 3003 aliquod
1355 2940 1673 2995 subsellium
1712 2945 1839 3009 erit,

259 3023 367 3068 aut
409 3016 572 3070 etiam
625 3018 726 3072 hoc
772 3035 907 3088 opus
947 3022 1113 3079 habet
1163 3026 1617 3095 interpretatione
1667 3037 1841 3091 subti-

261 3102 490 3159 liore‘li
543 3106 668 3163 Haec
707 3110 900 3165 scribit
951 3112 1217 3182 Origenes
1275 3127 1496 3177 tractat.
1558 3139 1729 3179 xxxiv
1784 3127 1840 3181 in

258 3192 486 3299 Matth"
525 3213 677 3252 num.
712 3200 802 3263 70,
828 3201 895 3255 de
931 3201 1049 3299 loco
1078 3213 1132 3259 et
1161 3207 1320 3261 modo
1345 3208 1541 3277 judicii
1576 3215 1834 3281 postremi
1863 3237 1910 3299 ο

253 3286 586 3356 ambigens;
617 3304 680 3344 ac
721 3292 1012 3360 respondet
1045 3298 1387 3363 postmodum
1432 3308 1541 3353 tum
1574 3303 1837 3359 adventu-

254 3392 384 3429 rum
419 3377 718 3447 Christum,
750 3397 873 3435 cum
908 3383 1177 3439 universis
1230 3385 1549 3445 hominibus
1590 3407 1712 3448 sese
1741 3409 1838 3449 co-

251 3471 631 3537 gnoscendum
666 3474 837 3537 dabit,
874 3492 893 3525 t
918 3486 1043 3529 ante
1062 3476 1246 3534 oculos
1279 3480 1481 3536 mentis
1513 3496 1699 3537 eorum
1724 3484 1835 3552 jam

252 3574 370 3613 non
407 3560 528 3615 ﬁdei
563 3572 656 3616 aut
690 3563 988 3635 diligentiae
1011 3566 1240 3637 alicujus
1272 3571 1625 3641 inquisitione
1650 3593 1837 3647 reper-

255 3658 374 3713 tus,
402 3652 497 3706 sed
538 3652 707 3721 ipsius
744 3655 1048 3710 divinitatis
1082 3672 1193 3711 sua“:
1229 3661 1670 3719 manifestatione
1698 3682 1839 3736 pra:-

251 3741 439 3805 Iatus;
467 3761 486 3794 ›
522 3753 578 3797 et
615 3759 738 3798 cum
785 3756 1005 3815 peccata
1040 3763 1134 3801 sua
1187 3764 1250 3804 ac
1280 3752 1508 3809 virtutes
1542 3761 1835 3828 unusquis-

248 3847 367 3901 que
417 3834 707 3890 manil‘esto
743 3838 937 3893 intuitu
988 3841 1375 3909 perlustrabit;
1431 3857 1595 3917 atque
1627 3864 1692 3905 eo
1740 3865 1834 3921 pa-

248 3932 349 3977 cto
380 3937 700 3981 eventurum
735 3930 902 3984 illud:
945 3950 965 3984 ι
993 3933 1489 4006 Congregabuntur
1534 3950 1660 3995 ante
1711 3957 1832 3998 eum

249 4032 451 4073 omnes
471 4030 663 4089 gentes
679 4024 745 4077 ”.
769 4043 789 4077 ι
826 4024 934 4081 Nec
964 4039 1171 4083 certum
1211 4030 1445 4099 aliquem
1475 4032 1676 4089 ultimae
1710 4037 1833 4093 huic

248 4107 641 4179 disceptationi
696 4114 872 4169 locum
909 4119 1134 4185 addicit,
1184 4122 1276 4176 sed
1311 4141 1331 4174 ς
1358 4122 1587 4194 Ubique,
1634 4125 1830 4195 inquit,

247 4197 475 4253 futurus
507 4213 591 4257 est
633 4206 909 4274 Christus,
946 4219 1002 4263 et
1032 4210 1145 4279 ipse
1178 4212 1230 4265 in
1267 4222 1559 4282 conspectu
1592 4221 1831 4272 omnium

246 4292 362 4344 erit
394 4293 612 4363 ubique,
648 4309 702 4352 et
745 4315 934 4355 omnes
970 4304 1173 4372 ubique
1217 4315 1378 4358 erunt
1428 4306 1480 4359 in
1538 4320 1830 4377 conspectu

247 4383 460 4449 ipsius;
494 4396 549 4440 et
573 4388 653 4441 sic
686 4392 1084 4447 constituentur
1104 4403 1230 4450 ante
1260 4397 1444 4451 sedem
1471 4399 1658 4466 gloriae
1691 4398 1832 4467 ejus,

248 4474 360 4527 hoc
422 4487 507 4529 est
558 4490 683 4532 ante
729 4496 951 4551 regnum
1009 4484 1146 4552 ejus,
1183 4495 1238 4540 et
1288 4498 1614 4557 potestatem
1658 4491 1831 4545 domi-

246 4569 494 4624 nationis
528 4571 733 4641 ipsius;
770 4595 789 4626 ι
824 4587 877 4630 et
909 4577 1069 4647 paulo
1118 4589 1235 4647 post
1267 4598 1281 4637 :
1320 4599 1340 4634 ι
1371 4581 1465 4636 Sic
1494 4595 1659 4638 erunt
1694 4594 1823 4639 ante
1859 4576 1903 4630 Ι)

245 4673 401 4724 eum,
442 4671 499 4714 ut
537 4679 642 4717 non
677 4665 920 4722 localiter
947 4671 1233 4727 audiamus
1263 4689 1455 4729 omnes
1485 4686 1676 4742 gentes
1704 4675 1821 4732 ﬁeri

245 4758 380 4802 ante
435 4765 581 4805 eum.
604 4771 625 4804 ι
663 4753 871 4809 Similia
902 4757 1180 4825 jactantur
1214 4762 1306 4817 lib.
1353 4780 1405 4818 ix
1448 4765 1502 4817 in
1538 4762 1712 4832 Epist.
1746 4766 1815 4818 ad

242 4837 429 4906 Rom.,
464 4858 611 4898 num.
638 4845 728 4912 41,
766 4863 884 4918 pag.
923 4850 1049 4918 669.,
1082 4854 1172 4909 tibi
1203 4870 1232 4908 a
1267 4855 1441 4909 sacris
1464 4856 1818 4925 scriptoribus

245 4946 511 5004 usurpata
562 4938 759 4993 dicitur
795 4939 1125 5008 judiciorum
1196 4948 1555 5002 humanorum
1620 4948 1819 5016 forma,

242 5040 359 5093 quo
407 5026 667 5096 judicium
718 5032 846 5086 illud
899 5044 1204 5091 extremum
1251 5038 1457 5093 Christi
1520 5039 1817 5095 dilucidius

242 5117 633 5185 explicaretur.
664 5140 683 5174 ι
709 5123 981 5179 Declarari
1015 5128 1278 5193 videmus,
1318 5129 1514 5198 inquit,
1544 5143 1610 5183 ex
1643 5132 1826 5185 omni-

244 5208 351 5263 bus
377 5212 683 5269 certissime
730 5215 981 5271 futurum
1026 5232 1149 5274 esse
1188 5218 1453 5287 judicium
1514 5222 1631 5285 Dei,
1664 5221 1819 5290 cujus

244 5305 463 5370 species
496 5314 553 5359 ut
585 5308 762 5362 notior
789 5309 1105 5366 hominibus
1135 5313 1313 5377 ﬁeret,
1332 5313 1612 5382 judicandi
1649 5314 1821 5370 forma

245 5412 313 5451 ex
345 5396 413 5451 iis
436 5412 557 5466 quae
591 5399 733 5454 inter
762 5402 1009 5458 homines
1030 5413 1315 5474 geruntur,
1341 5415 1615 5475 assumpta
1648 5417 1731 5461 est
1755 5425 1769 5474 ;
1797 5427 1818 5459 ι

247 5497 416 5556 atque
449 5488 521 5541 ita
563 5494 933 5560 metaphorice
963 5494 1075 5549 vult
1126 5495 1352 5565 intelligi
1387 5497 1657 5551 excelsum
1688 5498 1821 5553 illud

247 5578 453 5632 Christi
492 5580 751 5645 tribunal,
783 5593 836 5637 et
881 5584 1150 5653 reliquum
1196 5585 1469 5641 tremendi
1523 5587 1667 5642 illius
1713 5589 1819 5644 diei

248 5681 593 5739 apparatum,
614 5673 851 5744 illudque
883 5677 1149 5734 duntaxat
1174 5679 1488 5748 tenendum,
1524 5698 1543 5732 ι
1569 5678 1817 5735 iudicem

323 5849 579 5908 “Matth.
612 5866 736 5917 xxv,
775 5852 865 5908 52.

1958 2011 2024 2064 tis
2059 2011 2253 2067 ﬁnibus
2282 2011 2581 2068 Ecclesiam
2611 2013 2711 2067 has
2737 2012 3065 2083 quaestiones
3097 2022 3226 2068 tunc
3267 2015 3526 2084 temporis

1950 2103 2207 2171 sepsisse.

2499 2195 2827 2263 QUIESTIO
2867 2196 2960 2253 Xl.

2398 2303 2467 2343 DE
2505 2304 2678 2343 ιιαςιηιε
2707 2306 2777 2344 Ετ
2817 2304 3065 2345 Ρκιειίιις.

1947 2376 1989 2432 I.
2033 2376 2279 2449 Origenis
2323 2381 2526 2450 opinio,
2556 2398 2621 2435 ea:
2666 2384 2830 2450 ipsius
2890 2383 3169 2449 principiis
3215 2386 3520 2439 summatim

2016 2451 2312 2521 deducitur.
2358 2449 2430 2504 II.
2486 2449 2688 2504 Eadem
2737 2453 2927 2506 deinde
2956 2454 3127 2520 fusius
3157 2453 3320 2521 ipsius
3354 2456 3518 2508 verbis

2018 2519 2339 2590 declaratur.
2370 2521 2444 2573 Ac
2473 2523 2697 2588 primum
2727 2524 2789 2575 de
2815 2519 2997 2590 poenis.
3060 2519 3247 2575 Omnes
3286 2521 3519 2577 homines

2017 2588 2133 2658 igne
2162 2590 2539 2642 examinandos
2569 2590 2681 2658 fore
2713 2588 2894 2644 sensit.
2939 2591 3022 2643 Ill.
3054 2592 3252 2644 Deinde
3284 2593 3339 2645 in
3368 2595 3516 2646 varia

2014 2657 2128 2709 loca
2175 2675 2270 2726 pro
2313 2661 2511 2713 meritis
2543 2657 2917 2725 dimittendos;
2957 2660 3043 2713 IV.
3073 2662 3147 2713 Ac
3180 2669 3517 2724 torquenttos.

2016 2726 2081 2801 Υ.
2133 2728 2329 2796 Quales
2382 2729 2835 2801 ptenasdfuturas
2888 2734 3182 2785 arbitratus
3236 2735 3342 2796 sit;
3390 2736 3517 2801 quid

2015 2797 2184 2866 ignem
2221 2812 2495 2853 aeternum.
2537 2797 2631 2853 Vl.
2662 2800 2868 2868 Ecquas
2911 2813 3103 2869 prwter
3140 2801 3313 2869 ignem
3340 2797 3516 2866 ,mg-m

2013 2870 2235 2921 mortuis
2272 2870 2584 2937 inﬂigendas
2633 2870 2935 2925 decreverit.
2990 2872 3099 2925 νυ.
3132 2871 3211 2924 ax
3240 2872 3323 2923 his
3358 2878 3518 2925 varice

2014 2937 2263 2991 adversus
2310 2955 2428 2990 eum
2458 2940 2871 2993 criminationes.
2907 2941 3036 2996 VIII.
3071 2940 3177 2996 Sed
3212 2942 3295 2993 sui
3344 2953 3517 2995 tamen

2010 3007 2059 3080 ei
2085 3024 2188 3059 non
2224 3009 2407 3080 desunt
2453 3009 2850 3080 astipulatores,
2881 3027 3079 3080 suaque
3121 3010 3377 3077 defensio.
3419 3012 3508 3065 IX.

2014 3075 2089 3148 De
2130 3078 2361 3144 pra'miis
2400 3078 2594 3146 agitur,
2624 3088 2673 3148 et
2713 3081 2766 3129 in
2796 3096 2897 3148 quo
2941 3075 3167 3147 positam
3191 3075 3516 3133 sanctorum

2014 3144 2315 3200 beatitatem
2368 3144 2582 3200 voluerit
2641 3144 2912 3212 Origenes,
2941 3144 3269 3216 explicatur.
3319 3150 3383 3202 X.
3419 3150 3517 3203 lie-

2010 3228 2288 3287 censentur
2330 3219 2463 3287 varii
2491 3220 2687 3284 gradus
2725 3234 2820 3285 per
2845 3235 2974 3287 quos
3005 3221 3074 3271 ad
3105 3234 3221 3271 eam
3252 3222 3514 3284 perveniri

2010 3290 2193 3339 sensit.
2232 3285 2319 3340 XI.
2362 3286 2437 3338 De
2482 3290 2617 3350 loco,
2659 3304 2763 3355 quo
2807 3285 3012 3341 animus
3059 3300 3361 3342 sanctorum
3391 3307 3516 3343 con-

2006 3359 2267 3424 quiescere
2285 3356 2481 3419 docuit,
2509 3356 2811 3424 disputatur
2860 3372 2878 3409 :
2927 3375 3104 3425 nempe
3135 3361 3199 3412 de
3228 3358 3353 3410 cmlo
3386 3375 3514 3412 novo

2008 3437 2053 3478 et
2102 3438 2242 3478 terra
2287 3443 2441 3479 nova.
2485 3425 2591 3479 XII.
2624 3426 2696 3478 Ac
2748 3428 2811 3479 de
2861 3429 3134 3493 paradiso.
3190 3425 3327 3481 XIII.
3360 3426 3514 3482 Unde

2007 3497 2117 3550 haec
2146 3495 2496 3559 transtulerit,
2522 3496 2835 3565 exquiritur.
2868 3495 3003 3550 XIV.
3040 3497 3178 3552 Hinc
3210 3499 3264 3550 in
3292 3496 3513 3551 Patrum

2012 3566 2300 3619 multorum
2354 3567 2776 3633 reprehensiones
2831 3567 3078 3623 incurrit.
3114 3567 3225 3621 XV.
3266 3567 3374 3621 Sed
3407 3570 3513 3620 ali-

2041 3654 2107 3689 ua
2141 3649 2316 3689 tamen
2356 3635 2411 3687 in
2446 3639 2561 3703 ejus
2596 3638 2989 3689 excusationem
3039 3639 3221 3706 aﬂ'erri
3268 3650 3508 3705 possunt.

2066 3706 2146 3759 Vl.
2172 3706 2361 3759 Utrum
2388 3716 2435 3757 et
2478 3707 2735 3775 quomodo
2764 3707 2926 3775 pwnis
2956 3708 3327 3761 damnatorum
3353 3708 3510 3775 finem

2006 3779 2313 3842 impositum
2341 3776 2431 3841 iri,
2463 3785 2511 3828 et
2540 3777 2715 3828 omnia
2743 3792 2903 3846 unum
2944 3778 2997 3829 in
3040 3778 3143 3831 Deo
3181 3795 3272 3846 per
3304 3778 3513 3831 ἀποκα-

2005 3846 2263 3901 τάστασιν
2301 3848 2481 3912 lutum
2510 3856 2658 3898 ratus
2683 3847 2769 3917 sit.
2812 3844 2971 3917 XVII.
3010 3846 3136 3917 Non
3169 3844 3305 3900 alias
3329 3863 3509 3917 poenas

2004 3934 2163 3983 quam
2196 3917 2532 3985 purgatorias
2574 3916 2812 3969 admisit.
2861 3914 3040 3969 XVIII.
3080 3915 3220 3981 Quid
3246 3914 3507 3982 sit'juxta

2012 3989 2286 4054 Origenem
2330 3988 2609 4036 novissima
2648 3985 3078 4054 inimicaumors.
3110 3988 3271 4051 deque
3315 3986 3507 4038 divino-

2007 4052 2129 4109 num
2155 4057 2316 4124 paruis
2355 4055 2630 4122 qua'ritur.
2684 4052 2826 4106 XlX.
2864 4052 3049 4106 Utrum
3085 4056 3349 4108 beatitatis
3377 4071 3507 4124 quo»

2005 4143 2104 4192 que
2178 4126 2373 4185 Iuturw
2432 4124 2664 4191 spatium
2718 4125 2953 4176 terminis
3007 4125 3503 4189 circumscripserit.

2005 4194 2125 4249 XX.
2162 4193 2366 4247 Horum
2411 4195 2715 4261 doqmatum
2762 4192 2931 4261 fontes
2992 4206 3319 4248 reserantur.
3362 4193 3504 4248 XXI.

2010 4265 2229 4332 Propter
2259 4262 2351 4315 illa
2394 4280 2425 4315 a
2473 4260 2721 4315 Patribus
2765 4265 2999 4329 graviter
3032 4267 3369 4329 reprehensus
3404 4275 3504 4317 est.

2006 4331 2169 4389 XXII.
2203 4335 2283 4385 An
2316 4332 2481 4401 fuerit
2546 4335 2601 4384 in
2645 4334 2831 4384 literesi
2883 4331 3287 4387 (Iliiliastarum.
3318 4333 3501 4388 XXIII.

2007 4404 2278 4458 Nonnulla
2308 4402 2520 4471 Urigeni
2550 4401 2874 4469 defendendo
2913 4405 3277 4461 adducuntur.
3311 4402 3501 4457 XXIV.

2006 4472 2612 4553 Nonpuaqua'ni-solius
2634 4472 2858 4553 “diaboli
2912 4490 3089 4537 paruas
3130 4473 3243 4539 [ore
3283 4485 3505 4553 internas

2002 4539 2283 4598 assetiemt'.
2316 4541 2479 4595 XXV.
2511 4542 2588 4610 Alt
2628 4539 2948 4609 Origeniana
2979 4560 3132 4609 super
3163 4546 3327 4610 patriis
3355 4545 3505 4595 dam-

2003 4624 2244 4667 natorum
2274 4614 2514 4682 opinione
2559 4609 2750 4663 Patres
2791 4611 2991 4682 aliquot
3026 4630 3128 4665 non
3159 4609 3378 4667 multum
3418 4628 3503 4664 re-

2001 4688 2211 4740 cedunt.
2242 4680 2431 4737 XXVI.
2459 4681 2819 4750 Investigatur
2843 4680 3162 4751 signiﬁcatio
3204 4686 3343 4738 vocis
3370 4682 3502 4737 αἰώο

2000 4772 2130 4817 νιος.

2000 4850 2042 4904 l.
2084 4849 2365 4903 Postremo
2424 4844 2517 4899 Dei
2575 4843 2807 4898 arbitrio
2862 4845 3173 4912 dijudicatis
3225 4846 3499 4900 hominum

1929 4942 2112 5004 rebus,
2154 4954 2252 4993 sua
2286 4951 2557 5006 quemque
2604 4935 2849 5005 praemia,
2899 4950 3012 4989 suae
3073 4950 3248 5004 poenae
3312 4950 3501 5005 prose-

1927 5040 2187 5102 quentur.
2217 5028 2275 5082 In
2329 5028 2483 5096 cujus
2517 5028 2593 5080 rei
2636 5028 2962 5082 tractatione
2988 5034 3196 5080 tantum
3232 5027 3335 5081 sibi
3383 5042 3502 5096 per-

1926 5122 2073 5176 misit
2106 5118 2389 5188 Origenes,
2428 5127 2487 5171 ut
2523 5133 2628 5170 non
2667 5117 2828 5170 aliam
2869 5120 2940 5172 ob
2990 5132 3211 5171 cau~am
3266 5118 3502 5188 majores

1926 5213 1979 5267 in
2012 5226 2073 5266 se
2111 5210 2366 5280 querelas
2404 5209 2698 5262 concitarit
2721 5225 2736 5262 :
2761 5223 2883 5262 nam
2928 5217 2983 5262 et
3014 5207 3203 5277 quales
3233 5224 3407 5277 pinnae
3434 5226 3501 5267 ac

1923 5307 2175 5374 praemia,
2228 5313 2283 5358 et
2336 5313 2539 5372 quanta
2583 5301 2762 5355 futura
2813 5302 2944 5367 sint,
3000 5304 3393 5373 pervestigans,
3444 5305 3499 5359 in

1924 5398 2192 5452 ahsurdas
2240 5397 2527 5465 opiniones
2578 5394 2865 5463 prolapsus
2893 5404 3001 5459 est,
3027 5396 3154 5450 dum
3204 5396 3357 5452 falsis
3398 5398 3498 5452 do.

1924 5490 2112 5544 ctriua:
2141 5505 2254 5543 suae
2289 5487 2574 5556 principiis
2601 5488 2851 5554 dogmata
2886 5487 3001 5541 hinc
3033 5502 3249 5557 quoque
3276 5505 3497 5544 accoin-

1924 5580 2129 5636 modat.
2163 5580 2408 5635 Diximus
2434 5579 2580 5634 enim
2601 5577 2716 5647 jam
2746 5591 2890 5648 saepe
2922 5588 3144 5647 putasse
3175 5579 3322 5635 illum
3346 5597 3499 5638 men-

1925 5679 2008 5727 tes
2038 5670 2263 5727 rationis
2291 5678 2575 5741 compotes
2603 5681 2703 5739 pro
2738 5666 3053 5723 meritorum
3083 5682 3305 5725 suorum
3335 5686 3496 5728 men-
