3914 6556
396 425 504 485 οτι)

1699 425 1758 477 Ρ.
1800 424 2118 480 DANIELIS
2154 421 2392 480 HUETII

3506 414 3653 471 ιειοθ

400 559 527 598 sura
558 556 623 596 ac
662 541 819 595 modo
848 540 1017 593 variis
1060 537 1275 608 adjungi
1333 537 1691 608 corporibus;
1725 539 1968 592 subtilio-

2082 538 2255 592 inl'erri
2285 557 2296 590 :
2326 536 2485 600 Εἰκὸς
2514 537 2557 587 δ’
2578 538 2658 590 ὅτι
2699 537 2792 590 καὶ⁵
2825 532 3039 605 ἑκάστῳ
3087 533 3194 587 τῶν
3238 531 3508 603 δεομένων
3548 536 3650 603 τῆς

400 637 573 696 ribus,
597 635 644 689 si
677 642 824 687 recte
870 646 930 685 se
979 631 1274 698 gesserint;
1311 633 1394 685 sin
1429 645 1610 692 secus,
1643 630 1898 700 gravibus
1920 639 1973 681 et

400 726 603 779 crassis
652 741 669 779 :
733 725 1062 785 easdemque
1105 724 1404 791 quemlibet
1444 731 1648 776 statum
1724 723 1969 790 adeptas,

401 816 615 871 arbitrii
664 815 748 868 sui
782 813 1035 868 libertate
1064 817 1129 867 ad
1178 817 1316 869 bene
1365 815 1449 868 vel
1512 815 1655 868 male
1703 812 1968 883 agendum

403 908 532 971 l‘mi,
558 921 621 960 ac
650 916 944 976 perpetuos
976 920 1098 960 esse
1125 905 1352 974 proinde
1381 921 1409 957 a
1447 905 1704 973 supernis
1734 905 1799 958 ad
1824 903 1969 958 infe-

406 997 547 1050 riora
570 996 750 1064 lapsus
782 1002 837 1048 et
877 994 1103 1049 reditus.
1137 997 1267 1049 Inde
1312 994 1561 1063 sequitur
1601 1002 1811 1047 certum
1856 990 1973 1045 nul-

400 1088 511 1141 lum
554 1088 831 1141 beatitatis
867 1088 1105 1140 l'utnrnnt
1152 1096 1355 1140 statum
1382 1127 1399 1149 ,
1453 1087 1658 1141 nullum
1708 1084 1970 1146 miserias;

399 1195 720 1250 semperque
747 1180 827 1234 vel
864 1182 915 1231 in
961 1178 1243 1243 felicitate,
1287 1180 1370 1233 vel
1424 1180 1475 1231 in
1527 1177 1704 1246 poenis
1762 1176 1974 1231 futuros

399 1287 720 1343 progressus
750 1284 843 1325 aut
880 1288 1182 1341 regressus,
1216 1282 1372 1341 prout
1417 1270 1470 1323 in
1505 1271 1638 1323 vitio
1674 1270 1868 1322 animae
1892 1269 1973 1322 vel

402 1364 455 1417 in
504 1364 703 1417 virtute
776 1363 1111 1433 profecerim
1150 1379 1165 1415 :
1206 1378 1271 1417 ac
1328 1363 1713 1415 damnatorum
1774 1360 1975 1414 idcirco

401 1470 593 1523 poenas
638 1466 693 1511 et
738 1458 1015 1511 beatorum
1051 1455 1247 1525 gaudia
1281 1452 1595 1523 neutiquam
1631 1451 1746 1507 fore
1774 1452 1976 1522 sempi-

403 1557 580 1601 terna.

471 1637 536 1691 il.
575 1637 860 1706 Opinionis
900 1638 1059 1692 istius
1104 1646 1291 1707 partes
1334 1637 1581 1707 singulas
1630 1639 1672 1692 si
1720 1638 1976 1694 subtilius

400 1732 655 1798 persequi
699 1730 949 1792 velimus,
982 1740 1035 1783 et
1066 1745 1172 1783 non
1218 1744 1284 1784 ex
1328 1728 1669 1799 Origeniana:
1716 1730 1975 1784 doctrina:

398 1822 759 1886 connexione,
811 1825 904 1876 sed
959 1837 1023 1875 ex
1067 1821 1196 1889 ipsis
1243 1822 1554 1875 Adatnantii
1616 1823 1795 1877 verbis
1831 1823 1973 1876 :esti-

401 1928 550 1967 tnare
577 1914 812 1979 singula,
892 1922 947 1966 et
994 1927 1331 1982 qnzecunqne
1370 1921 1630 1981 praeterea
1658 1913 1711 1965 in
1740 1912 1791 1966 id
1820 1927 1977 1983 argn-

399 2015 640 2059 mentum
673 2006 931 2059 disseruit
953 2006 1236 2076 colligere,
1263 2019 1351 2059 res
1377 2004 1482 2058 erit
1528 2004 1740 2058 scilicet
1767 2005 1819 2057 in
1855 2019 1977 2072 pro-

398 2098 546 2153 clivi.
586 2098 825 2150 Primum
878 2099 1059 2166 itaque
1106 2099 1352 2151 homines
1386 2112 1574 2151 omnes
1604 2096 1726 2165 igne
1767 2097 1976 2150 exami-

400 2196 583 2240 natum
614 2186 678 2240 iri
711 2187 933 2240 deﬁnit:
964 2190 1057 2241 sed
1096 2187 1167 2240 ita
1202 2197 1381 2240 tamen
1420 2198 1476 2239 ut
1512 2187 1662 2242 illaesi
1694 2196 1749 2241 et
1792 2188 1978 2243 illibati

398 2288 725 2348 praetereant
770 2280 974 2342 sancti;
1024 2279 1309 2348 impiorum
1358 2294 1485 2333 vero
1536 2295 1690 2333 noxa:
1739 2289 1792 2333 et
1849 2282 1977 2333 vitia

398 2372 633 2425 ﬂammis
661 2383 1061 2441 excoquuntur.
1105 2390 1122 2421 ι
1152 2371 1486 2425 Venicndutn
1520 2381 1601 2424 est
1653 2386 1801 2437 ergo,
1830 2390 1848 2422 ι
1899 2372 1979 2423 iu-

396 2461 513 2531 quit
567 2462 753 2516 homil.
808 2476 855 2515 ιί
907 2463 960 2513 in
1024 2460 1221 2523 Exod.,
1272 2475 1418 2513 num.
1482 2460 1536 2523 4,
1570 2462 1863 2513 «omnibus
1912 2460 1977 2512 ad

398 2555 616 2623 ignem;
654 2553 972 2606 veniendum
1006 2562 1093 2606 est
1127 2554 1191 2604 ad
1223 2548 1591 2604 eonﬂatorinm
1621 2569 1634 2604 :
1659 2550 1807 2604 sedet
1836 2551 1977 2603 enim

403 2645 681 2707 Dominus,
718 2655 770 2698 et
829 2644 1052 2704 (nnﬂat,
1093 2654 1148 2696 et
1191 2650 1381 2710 purgat
1424 2639 1561 2695 ﬁlios
1611 2639 1744 2695 Juda
1769 2640 1836 2693 “.
1872 2639 1976 2693 Sed

403 2749 458 2789 et
493 2738 619 2789 illuc
652 2752 773 2789 eum
820 2737 1055 2800 venitur,
1086 2736 1127 2787 si
1165 2734 1287 2803 quis
1330 2735 1493 2787 multa
1527 2746 1693 2802 opera
1729 2732 1888 2795 bona,
1925 2742 1978 2786 et

404 2844 595 2897 parum
667 2827 869 2893 aliquid
921 2826 1224 2896 iniquitatis
1275 2825 1549 2890 attulerit,
1599 2822 1730 2877 illud
1784 2839 1975 2892 parum

404 2930 661 2988 tanquam
711 2920 986 2989 plumbum
1038 2920 1147 2989 igni
1193 2919 1482 2971 resolvitur
1516 2932 1579 2971 ac
1609 2926 1891 2985 purgatur,
1924 2925 1978 2969 et

402 3022 574 3065 totum
605 3022 849 3066 remanet
875 3026 1066 3064 aurum
1101 3027 1315 3081 purum.
1360 3010 1424 3063 Et
1450 3010 1493 3064 si
1532 3011 1673 3078 quis,
1711 3008 1827 3078 plus
1853 3007 1979 3060 illuc

400 3104 602 3172 plumbi
640 3104 914 3167 detulerit,
959 3104 1076 3173 plus
1127 3105 1396 3167 exuritur,
1439 3111 1498 3155 ιιι
1547 3101 1777 3170 amplius
1816 3103 1979 3154 deco-

399 3209 619 3265 quatur,
655 3208 711 3248 ιιι
742 3206 799 3250 et
840 3196 883 3249 si
920 3212 1107 3264 parum
1146 3195 1350 3264 aliquid
1390 3196 1463 3249 sit
1512 3195 1654 3257 auri,
1689 3203 1973 3262 purgatum
2004 3213 2051 3275 ϐ

402 3296 582 3340 tamen
622 3286 877 3340 resideat.
917 3286 1069 3350 Quod
1114 3286 1156 3338 si
1191 3285 1386 3354 aliquis
1440 3284 1566 3337 illuc
1614 3294 1755 3337 totus
1803 3283 1975 3351 plum-

402 3374 537 3426 beus
586 3374 818 3436 venerit,
861 3374 952 3427 ﬂet
985 3375 1051 3429 de
1102 3374 1194 3427 illo
1224 3375 1324 3427 boc
1368 3374 1510 3442 quod
1553 3375 1812 3442 scriptum
1845 3384 1972 3426 est:

406 3463 758 3534 Dentergetur
809 3464 861 3517 in
911 3462 1266 3531 profundunt,
1298 3474 1553 3532 tanquam
1593 3463 1874 3532 plumbum
1921 3464 1973 3516 iu

401 3570 596 3622 aquam
653 3556 1137 3609 validissimam".
1170 3575 1187 3606 ι
1244 3556 1310 3609 Ει
1358 3555 1546 3612 ΙιοιιιίΙ.
1603 3571 1665 3609 ιιι
1723 3557 1778 3610 in
1835 3557 1972 3625 psal.

401 3661 592 3708 xu",
623 3661 773 3699 num.
808 3648 831 3700 1
866 3664 879 3699 :
915 3666 933 3697 ι
962 3646 1184 3700 Certum
1214 3657 1298 3700 est
1333 3649 1458 3716 quia
1502 3658 1685 3701 manet
1713 3662 1810 3701 nos
1838 3649 1977 3717 ignis

401 3738 492 3790 ille
536 3738 626 3805 qui
682 3747 1020 3807 praeparatus
1060 3749 1143 3793 est
1184 3740 1582 3808 peccatoribus,
1606 3749 1661 3792 et
1696 3739 1975 3794 veniemus

401 3827 469 3880 ad
510 3827 658 3881 illum
696 3828 900 3898 ignem,
944 3830 995 3882 in
1031 3846 1137 3896 quo
1178 3831 1589 3900 uniuscujusque
1642 3848 1774 3900 opus
1821 3834 1977 3902 quale

402 3920 472 3971 sit
525 3919 664 3987 ignis
718 3920 957 3988 probabit
982 3922 1050 3974 “.
1109 3922 1194 3987 Et,
1250 3934 1308 3975 ιιι
1347 3938 1445 3991 ego
1492 3924 1746 3987 arbitror,
1787 3939 1977 3978 omnes

404 4023 502 4061 nos
554 4009 741 4063 venire
782 4025 1005 4065 necesse
1061 4023 1147 4066 est
1193 4012 1260 4067 ad
1306 4013 1457 4066 illum
1518 4014 1717 4082 ignem.
1753 4013 1977 4067 Etiamsi

405 4098 607 4156 Paulus
638 4103 710 4155 sit
742 4102 940 4171 aliquis
974 4103 1059 4158 vel
1090 4105 1306 4168 Petrus,
1340 4106 1487 4158 venit
1521 4115 1697 4159 tamen
1729 4107 1794 4157 ad
1832 4105 1976 4157 illttm

404 4193 602 4261 ignem.
652 4193 757 4248 Sed
802 4195 874 4248 illi
924 4196 1058 4250 tales
1107 4196 1372 4252 audiunt:
1408 4196 1632 4250 Etiamsi
1676 4214 1769 4266 per
1806 4197 1977 4267 ignem

408 4292 663 4350 transeas,
716 4289 935 4357 ﬂamma
992 4306 1095 4343 non
1131 4291 1316 4343 aduret
1358 4301 1406 4342 te
1428 4292 1494 4343 ³⁷.
1540 4289 1595 4345 Si
1622 4306 1751 4345 vero
1785 4291 1979 4359 aliquis

404 4377 597 4432 similis
645 4379 749 4432 tnei
798 4390 1052 4448 peccator
1103 4382 1191 4441 sit,
1236 4381 1413 4434 veniet
1442 4383 1660 4449 quidem
1689 4383 1754 4435 ad
1796 4383 1973 4451 ignem

406 4467 580 4531 illum,
614 4469 758 4521 sicut
802 4469 996 4524 Petrus
1023 4481 1077 4524 et
1103 4470 1323 4536 Paulus,
1360 4474 1453 4527 sed
1486 4488 1589 4526 non
1625 4473 1704 4527 sic
1733 4475 1976 4539 transiet,

2072 630 2160 682 διὰ
2206 628 2301 682 τοῦ
2348 629 2515 700 πυρὸς
2563 629 2715 700 δίκης
2765 630 2881 700 ἃμα
2932 628 3027 681 καὶ
3087 627 3349 697 ἰατρείας,
3398 626 3649 688 καίοντος

2076 725 2174 795 μὲν
2203 723 2297 777 καὶ
2328 723 2388 776 οὐ
2422 724 2808 786 κατακαίοντος
2833 723 2957 785 τοὺς
2993 721 3066 791 μὴ
3096 720 3314 789 ἔχοντας
3359 718 3490 788 ὓλην
3530 718 3648 772 δεο-

2076 816 2243 886 μένην
2273 813 2597 867 ἀναλοῦσθαι
2643 814 2734 867 ὐπ⁸
2774 814 2981 867 ἐκείνου
3030 811 3126 865 τοῦ
3158 812 3363 881 πυρός’
3399 810 3648 874 καίοντος

2072 906 2129 960 δὲ
2158 906 2252 961 καὶ
2288 907 2675 969 κατακαίοντος
2714 905 2841 967 τοὺς
2892 906 2951 958 ὲν
2994 907 3060 975 τῇ
3103 903 3191 957 διὰ
3230 903 3339 956 τῶν
3367 904 3646 975 πράξεων,

2074 996 2169 1049 καὶ
2207 996 2401 1064 λόγων,
2438 996 2533 1049 καὶ
2564 995 2847 1067 νοημάτων
2882 995 3156 1062 τροπικῶς
3197 995 3468 1067 λεγομένῃ
3508 995 3649 1048 οἱκο-

2073 1086 2206 1156 δομῇ
2239 1084 2389 1149 ξύλα,
2427 1085 2635 1155 χόρτον,
2670 1082 2975 1155 ῆκαλάμην
2996 1084 3478 1155 οἰκοδομήσαντας.
3513 1082 3645 1139 Cum

2075 1178 2150 1230 ait
2181 1192 2311 1247 ergo
2352 1177 2446 1230 lib.
2476 1191 2571 1230 vnt
2604 1179 2655 1228 in
2684 1175 2851 1243 Epist.
2892 1178 2961 1227 ad
2996 1174 3174 1241 Rom.,
3209 1192 3360 1230 num.
3404 1174 3492 1239 l2,
3526 1191 3644 1245 pag.

2075 1268 2203 1331 640,
2231 1270 2542 1339 quicunque
2571 1267 2746 1321 Verbo
2772 1268 2862 1321 Dei
2895 1275 3153 1336 purgatus
3174 1281 3279 1320 non
3305 1266 3493 1330 fuerit,
3528 1268 3649 1322 hinc

2077 1361 2198 1431 igne
2228 1362 2597 1415 excruciatum
2654 1359 2718 1411 iri
2746 1376 2761 1424 ;
2797 1358 2923 1427 igne
2949 1354 3165 1428 quoque
3214 1359 3529 1425 lustratum,
3555 1362 3647 1413 sed

2077 1469 2181 1507 non
2228 1454 2479 1508 adustum
2532 1452 2599 1506 iri
2656 1451 2928 1521 intelligit,
2962 1452 3055 1523 qui
3104 1450 3283 1507 Verbo
3336 1451 3432 1506 Dei
3487 1454 3650 1507 fuerit

2076 1556 2351 1617 purgatus.

2144 1634 2216 1686 At
2240 1630 2456 1686 homilia
2490 1642 2667 1689 tamen
2698 1633 2770 1687 ει
2798 1633 2854 1688 in
2889 1632 3105 1701 Lucam,
3131 1650 3226 1690 eos
3255 1645 3466 1690 tantum
3498 1636 3651 1706 igneo

2078 1721 2305 1778 ﬂumine
2342 1739 2371 1776 a
2409 1724 2627 1778 Christo
2674 1725 3028 1793 baptizandus
3073 1725 3324 1790 aﬂirmat,
3360 1728 3453 1797 qui
3504 1743 3642 1798 aqua

2080 1826 2133 1869 et
2162 1816 2352 1886 spiritu
2388 1816 2591 1872 fuerint
2621 1817 2897 1886 baptizati,
2930 1828 2985 1871 et
3015 1820 3340 1890 purgatione
3367 1820 3646 1887 eguerint.

2084 1908 2397 1963 Econtrario
2430 1923 2558 1962 vero
2585 1908 2770 1964 homil.
2804 1910 2841 1963 2
2867 1910 2921 1963 in
2955 1911 3171 1973 Jerem.,
3224 1925 3375 1965 num.
3422 1912 3483 1973 '5,
3525 1927 3653 1966 san-

2079 2012 2197 2056 ctos
2228 2001 2362 2054 dicit
2390 1999 2594 2068 Spiritu
2627 2013 2816 2055 sancto
2844 2018 2873 2055 a
2899 2000 3025 2057 Jesu
3057 2002 3353 2073 baptizari,
3389 2002 3656 2058 scelestos

2078 2108 2207 2148 vero
2263 2093 2408 2160 igne.
2462 2093 2691 2149 Humilia
2747 2104 2926 2148 autem
2974 2110 3080 2150 ειν
3107 2096 3159 2148 in
3193 2094 3383 2161 .Vum.,
3420 2109 3572 2147 num.
3602 2093 3655 2156 6,

2080 2197 2521 2251 unumquemque
2564 2183 2884 2253 purgatione
2933 2182 3175 2249 indigere
3214 2184 3311 2246 ait,
3350 2200 3368 2231 ‹
3394 2182 3491 2238 sed
3544 2198 3659 2254 ιιι)-

2080 2273 2218 2326 stica
2252 2273 2366 2327 haec
2402 2288 2522 2327 esse
2570 2282 2624 2327 et
2671 2272 2981 2328 ineﬂabilia.
3014 2272 3145 2339 Quis
3169 2274 3314 2327 enim
3356 2273 3537 2337 nobis,
3569 2272 3657 2326 in-

2082 2365 2223 2432 quit,
2255 2380 2517 2419 enarrare
2565 2366 2762 2434 poterit
2786 2380 2907 2435 quae
2940 2365 3051 2419 sint
3098 2363 3513 2433 puriﬁcationes
3540 2381 3657 2435 qua!

2080 2463 2345 2520 parentur
2388 2452 2575 2519 Paulo,
2612 2454 2695 2509 vel
2742 2454 2927 2519 Petro,
2967 2455 3051 2509 vel
3085 2454 3206 2508 aliis
3239 2455 3436 2509 borum
3467 2455 3659 2509 simili-

2081 2544 2218 2599 bus?
2246 2563 2264 2595 ι
2298 2543 2566 2599 Cmternm
2602 2556 2838 2601 mentem
2888 2545 3144 2616 Origenis
3191 2561 3382 2615 parum
3420 2548 3656 2602 assecuti

2083 2646 2207 2691 sunt
2247 2636 2433 2691 Sixtus
2477 2636 2739 2693 Senensis
2771 2649 2825 2693 et
2867 2638 3279 2702 Genebrardus,
3313 2640 3487 2693 verba
3537 2638 3654 2706 ejus

2082 2727 2363 2782 referenda
2396 2739 2684 2784 censentes
2713 2731 2780 2783 ad
2820 2730 2995 2797 ignem
3037 2730 3244 2784 ultima:
3268 2729 3657 2801 conﬂagratio.

2081 2819 2186 2883 nis,
2223 2818 2314 2887 qui
2360 2820 2559 2875 electos
2603 2823 2863 2890 quosdam
2910 2822 3144 2875 nonduut
3199 2822 3339 2875 satis
3396 2832 3658 2891 purgatos

2083 2909 2355 2975 lustrabit,
2392 2914 2648 2982 reprobos
2683 2930 2810 2967 vero
2857 2928 3051 2969 omnes
3098 2914 3500 2983 apprehendet,
3534 2928 3656 2966 nam

2083 3014 2150 3052 ne
2172 3001 2546 3056 sanctissimos
2588 3003 2831 3072 quidem,
2865 3003 3081 3057 Petrum
3113 3013 3265 3072 puta,
3294 3002 3379 3056 vel
3407 3000 3660 3068 Paulunt,

2082 3094 2184 3147 ltoc
2213 3092 2337 3161 igne
2366 3092 2573 3149 futuros
2600 3094 2864 3149 immunes
2893 3094 3253 3148 Adamantius
3279 3094 3600 3148 arbitratur.

2152 3187 2238 3242 lll.
2278 3185 2405 3253 lgne
2470 3186 2571 3239 hoc
2618 3186 2826 3254 probati
2881 3187 3131 3240 homines
3200 3187 3348 3240 varia
3402 3186 3519 3241 loca
3565 3202 3663 3255 pro

2080 3281 2288 3335 meritis
2319 3295 2383 3334 ex
2437 3278 2649 3349 decreto
2692 3277 2938 3348 Origenis
2977 3278 3315 3341 sortientur,
3357 3280 3450 3333 alii
3485 3278 3654 3333 inl‘er-

2082 3388 2249 3436 num,
2305 3370 2563 3438 variaque
2636 3369 2829 3423 inferni
2896 3371 3041 3435 loca,
3094 3380 3150 3425 et
3203 3372 3554 3438 mansiones;
3606 3382 3664 3425 et

2082 3464 2533 3533 quemadmodum
2572 3473 2784 3517 terrena
2834 3464 2946 3518 haec
2997 3464 3109 3519 loca
3159 3466 3434 3519 mentibus
3473 3480 3505 3520 e
3544 3480 3659 3520 cm-

2081 3555 2199 3609 lesti
2245 3554 2517 3609 domicilio
2564 3564 2782 3623 propter
2816 3565 3033 3623 peccata
3077 3556 3384 3611 deturbatis
3427 3572 3529 3626 pro
3576 3559 3662 3611 in-

2080 3646 2233 3701 ferno
2279 3648 2567 3710 habentur,
2603 3647 2671 3699 ita
2708 3646 3017 3702 heminibus
3056 3662 3088 3701 e
3117 3659 3260 3701 terra
3305 3647 3571 3716 digressis
3600 3661 3656 3703 et

2079 3740 2286 3795 scelere
2324 3739 2707 3794 contaminatis
2753 3739 3062 3795 interiorem
3110 3740 3378 3809 assignari
3439 3740 3660 3802 sedem,

2077 3847 2199 3901 quae
2248 3832 2491 3886 infernus
2535 3833 2855 3902 appellatur.
2892 3834 3045 3904 Τάχα
3092 3834 3186 3897 δὲ,
3237 3836 3413 3905 inquit
3468 3838 3653 3904 cap.‘l

2084 3923 2312 3989 ΡΙιὶΙοσ..
2346 3924 2533 3996 ὥσπερ
2563 3926 2612 3977 οἱ
2648 3924 2898 3979 ἐντεῦθεν
2928 3925 3069 3979 κατὰ
3100 3926 3193 3980 τὸν
3226 3927 3405 3979 κοινὸν
3434 3927 3663 3980 Θάνατον

2079 4015 2528 4088 ἀποθνήσκοντες,
2566 4018 2629 4069 ὲκ
2662 4016 2769 4069 τῶν
2796 4017 3028 4071 ἐνταῦθα
3070 4020 3479 4089 πεπραγμένων
3520 4022 3664 4073 οἰκο-

2080 4107 2399 4177 νομοῦνται,
2448 4110 2497 4161 εἰ
2552 4106 2784 4161 κειθεῖεν
2835 4106 2974 4171 ἄξιοι
3021 4107 3112 4161 τοῦ
3173 4107 3513 4179 καλουμένου
3553 4127 3662 4179 χω-

2082 4198 2198 4269 ρίου
2257 4197 2417 4269 ᾇδου,
2478 4198 2657 4252 τόπων
2712 4198 2984 4268 διαφόρων
3036 4198 3330 4267 τυγχάνειν
3376 4199 3520 4252 κατὰ
3564 4199 3659 4268 τὴν

2078 4290 2368 4358 ἀναλογίαν
2401 4288 2506 4342 τῶν
2551 4289 2995 4359 ἁμαρτημάτων·
3031 4289 3205 4351 οὕτως
3232 4290 3283 4340 οἱ
3321 4290 3554 4351 ἐκεῖθεν,
3597 4289 3661 4341 ἵν’

2080 4385 2253 4448 οὕτως
2300 4384 2456 4446 εἴπω,
2502 4382 2934 4454 ἀποθνήσκοντες
2975 4386 3054 4448 εἰς
3102 4384 3234 4455 ᾅδην
3260 4384 3452 4437 τοῦτον
3495 4401 3661 4438 κατα-

2081 4476 2323 4529 ϐαίνουσι
2378 4474 2685 4547 κρινόμενοι
2745 4475 2883 4540 ἄξιοι
2937 4474 3044 4528 τῶν
3100 4476 3195 4529 τοῦ
3249 4477 3457 4539 παντὸς
3508 4492 3661 4546 περι-

407 4561 549 4613 sicut
579 4559 768 4614 Petrus
796 4571 852 4615 et
886 4562 1101 4616 Paulus.
1129 4583 1148 4615 ι
1185 4565 1261 4618 Ac
1292 4564 1436 4617 illius
1486 4566 1747 4619 transitus
1789 4566 1976 4620 discri-

2084 4569 2233 4637 γεὶου
2264 4568 2429 4621 τόπου
2474 4566 2748 4636 διαφόρων
2787 4567 3118 4638 οἰκητηρίων
3158 4568 3447 4638 βελτιόνων
3492 4568 3526 4639 ἦ
3560 4585 3664 4638 χει·

408 4666 531 4702 men
572 4648 936 4718 .llebra‘ornnt
992 4652 1479 4722 [Egyptiorumque
1532 4669 1626 4722 per
1674 4670 1823 4708 mare
1867 4655 1980 4709 Ru-

410 4743 566 4795 brum
628 4742 887 4797 transitus
929 4746 1335 4813 comparatione
1387 4746 1661 4813 explanat.
1723 4748 1977 4802 adductis

408 4834 618 4889 scilicet
665 4834 752 4889 his
804 4835 951 4889 Pauli
996 4837 1013 4889 I
1050 4838 1177 4891 Cor.
1216 4854 1299 4902 ιιι,
1341 4840 1455 4894 15:
1498 4858 1516 4890 ι
1549 4837 1982 4909 Uninscujusque

406 4941 545 4995 opus
587 4926 749 4994 quale
802 4927 894 4987 sit,
929 4926 1070 4997 ignis
1115 4930 1387 4997 probabit.
1412 4948 1431 4983 ι
1477 4931 1541 4984 Ει
1583 4930 1766 4984 bomil.
1804 4945 1894 4984 xtv
1925 4931 1981 4983 in

411 5016 542 5073 Luc.
574 5032 594 5071 :
632 5036 651 5069 ι
672 5017 785 5086 Ego
823 5028 972 5085 puto,
1007 5020 1148 5087 quod
1188 5030 1243 5073 et
1272 5030 1391 5088 post
1427 5022 1881 5075 resurrectionem
1914 5036 1983 5074 ex

409 5110 636 5163 mortuis
686 5109 1026 5179 indigeamus
1059 5121 1399 5166 sacramento
1441 5113 1656 5167 eluente
1694 5128 1794 5168 nos
1823 5124 1986 5184 atque

409 5210 716 5270 purgante;
748 5216 906 5256 nemo
935 5203 1077 5256 cnim
1130 5205 1338 5273 absque
1392 5206 1644 5260 sordibus
1696 5221 1985 5274 resurgere

382 5296 647 5360 poterit;
698 5310 797 5349 nec
850 5295 1014 5349 ullam
1065 5310 1222 5363 posse
1289 5296 1526 5350 animam
1577 5299 1826 5366 reperiri,
1864 5312 1987 5366 quae

411 5383 683 5438 universis
730 5385 909 5438 statim
956 5385 1103 5440 vitiis
1151 5394 1359 5440 careat.
1396 5404 1415 5436 ι
1455 5386 1523 5439 Et
1566 5385 1661 5441 lib.
1706 5401 1738 5437 v
1788 5384 1987 5441 Contra

409 5472 640 5539 Celsum,
670 5491 819 5528 num.
858 5477 947 5540 15,
982 5477 1301 5545 Epicureum
1351 5478 1492 5531 hunc
1541 5476 1849 5542 confutans,
1890 5477 1984 5548 qni

410 5581 685 5636 receptam
716 5569 855 5637 apud
883 5567 1229 5624 Christianos
1257 5569 1323 5623 de
1350 5570 1531 5623 mundi
1556 5568 1982 5638 conﬂagratione

410 5660 719 5727 opinionem
765 5659 1048 5725 irridebat,
1076 5659 1209 5714 dicit
1251 5660 1429 5729 ignem
1461 5658 1718 5716 universo
1775 5661 1980 5716 mundo

484 5837 531 5869 “
565 5837 791 5894 Malacb.
816 5855 896 5905 ιιι,
931 5841 983 5895 5.
1061 5843 1105 5874 ’⁸
1136 5843 1303 5899 Exod.
1329 5860 1418 5909 xv,
1458 5843 1541 5898 ll).

2082 4659 2274 4730 ρόνων.
2333 4658 2462 4723 Quae
2503 4659 2582 4712 sic
2625 4673 2656 4710 a
2694 4657 2889 4711 Ruﬁno
2932 4659 3134 4710 reddita
3166 4670 3289 4712 sunt
3322 4661 3419 4714 lib.
3443 4676 3495 4713 tv
3531 4660 3663 4727 Περὶ

2079 4749 2303 4816 ἀρχῶν,
2343 4762 2461 4815 cap.
2488 4746 2553 4809 2,
2590 4761 2741 4801 ηυιιι.
2767 4745 2860 4811 25,
2902 4762 2955 4815 p.
2984 4748 3087 4801 185
3117 4766 3130 4800 :
3166 4766 3184 4798 ι
3212 4748 3489 4805 Fortassis
3526 4754 3666 4805 enim

2080 4844 2221 4895 sicut
2270 4842 2321 4895 bi
2367 4841 2456 4909 qui
2506 4840 2573 4892 de
2610 4840 2710 4892 hoc
2747 4839 2949 4894 mundo
2985 4843 3282 4894 secundum
3322 4858 3663 4898 communem

2082 4945 2309 4987 mortem
2355 4934 2509 4987 istam
2542 4934 2863 4988 recedentes
2906 4947 3004 5002 pro
3044 4932 3256 4988 actibus
3292 4935 3407 4989 suis
3449 4945 3508 4990 et
3556 4950 3665 4990 me-

2090 5026 2208 5080 ritis
2234 5028 2632 5094 dispensamur,
2664 5034 2824 5094 prout
2856 5025 3000 5094 digni
3039 5024 3241 5078 fuerint
3276 5025 3533 5093 iudicati,
3580 5028 3666 5081 alii

2080 5118 2296 5185 quidem
2329 5120 2381 5171 in
2416 5117 2593 5171 locum
2634 5116 2723 5185 qui
2760 5116 2959 5170 dicitur
3001 5116 3227 5182 inferas,
3264 5118 3355 5172 alii
3402 5120 3459 5173 in
3493 5121 3666 5174 sinum

2080 5208 2332 5271 Abrabaa,
2367 5214 2422 5263 et
2450 5220 2548 5277 per
2591 5208 2801 5262 diversa
2850 5223 3080 5277 qua!th
3109 5210 3192 5264 vel
3237 5210 3355 5264 loca
3389 5211 3475 5265 vel
3522 5228 3671 5266 man-

2082 5300 2300 5355 siones:
2336 5301 2410 5354 ita
2455 5300 2619 5354 etiam
2667 5314 2733 5352 es
2782 5299 2887 5353 illis
2930 5299 3066 5355 locis
3115 5301 3262 5357 velut
3296 5303 3411 5357 illic
3460 5302 3533 5373 (si
3566 5303 3671 5358 dici

2083 5391 2293 5458 potest)
2360 5390 2688 5452 morientes,
2742 5401 2770 5441 a
2823 5391 3035 5459 superis
3088 5390 3142 5444 in
3223 5393 3370 5447 hunc
3434 5393 3667 5448 inferum

2087 5482 2443 5536 descendunt.
2481 5479 2616 5533 Nam
2661 5480 2750 5534 ille
2802 5479 3009 5537 inl‘erus
3059 5485 3124 5537 ad
3161 5499 3323 5552 quem
3377 5485 3507 5539 hinc
3555 5499 3667 5538 mo-

2087 5570 2340 5625 rientium
2384 5575 2579 5627 anima:
2620 5574 2901 5641 dicuntur,
2948 5577 3133 5640 credo,
3177 5576 3247 5631 ob
3293 5576 3437 5630 lianc
3475 5577 3666 5630 distin-

2085 5662 2321 5719 ctionem
2354 5663 2598 5721 internus
2628 5665 2859 5724 inferior
2884 5684 2913 5724 a
2945 5668 3229 5740 Scriptura
3264 5670 3586 5726 nominatur
3614 5664 3667 5722 in

1622 5846 1667 5878 "
1688 5848 1703 5899 l
1724 5844 1850 5901 Cor.
1885 5861 1966 5909 ιιι,
2002 5844 2086 5898 l5.
