3914 6528
230 455 327 509 1001

998 455 1573 515 ORIGENIANORUM
1610 460 1741 515 LIB.
1774 461 1841 525 II,
1881 461 2036 519 CAP.
2075 464 2143 528 II,
2182 464 2461 532 QU/EST.
2501 466 2593 521 XI.

3275 477 3413 532 1002

228 567 442 625 Psalmis:
473 566 604 633 Quia
654 567 894 624 liberasti
924 575 1160 628 animam
1192 590 1367 630 meam
1401 592 1467 632 ex
1512 575 1728 632 inferno
1756 582 1805 640 Α
1832 585 1892 632 ιιι
1923 580 2010 635 sui
2048 579 2161 649 ipsa
2211 581 2284 636 sit
2326 584 2639 638 accusatrix
2679 591 2735 638 et
2777 585 2958 652 te5tis;
3003 599 3229 657 eamque
3275 594 3413 648 adeo

226 660 412 719 inferiori
440 661 479 691 "
500 662 538 716 ‘.
567 679 586 712 ι
621 662 750 727 Qua:
777 664 844 718 ab
874 663 1199 738 Hieronymo
1231 683 1443 737 quoque
1490 670 1731 741 epistolas

224 757 290 819 59,
312 755 368 809 ad
400 753 629 819 Avitum,
658 770 779 825 cap.
807 756 862 821 4,
895 757 1098 813 inserta
1132 771 1280 817 sunt.
1328 762 1590 829 Quoniam
1633 778 1732 819 au-

225 858 301 902 tem
338 844 586 898 infernum
645 845 893 903 Christus
944 854 1198 906 tenebras
1250 855 1552 910 exteriores
1596 872 1730 911 non-

222 952 437 1008 nunquam
466 938 736 1007 appellat,
787 939 913 995 inde
948 942 1007 995 iit
1054 952 1113 997 ut
1145 958 1240 1000 eas
1271 955 1426 1001 extra
1469 947 1728 1002 mundum

218 1028 508 1084 Adamantius
558 1029 770 1100 ableget
808 1042 966 1088 tract.
1002 1050 1177 1091 xxxut
1226 1039 1283 1091 in
1320 1038 1542 1105 Matth.,
1572 1057 1723 1096 num.

218 1123 297 1178 69:
328 1120 623 1187 «Quoniam
664 1123 921 1194 legimus,
962 1127 1165 1196 inquit,
1207 1131 1445 1199 aliquem
1491 1133 1582 1202 qui
1630 1133 1731 1188 fuit

215 1219 307 1266 ante
330 1226 411 1266 nos
434 1224 794 1281 exponentem
826 1215 892 1269 de
934 1218 1175 1273 tenebris
1201 1218 1418 1289 abyssi,
1458 1232 1514 1274 et
1541 1220 1728 1277 dicen-

216 1314 291 1358 tem
316 1302 548 1374 quoniam
600 1304 828 1376 abyssus
871 1315 955 1363 est
999 1319 1153 1364 extra
1200 1315 1460 1368 mundum
1492 1313 1645 1380 foris,
1673 1324 1730 1370 et

214 1396 410 1452 tenebrae.
454 1396 872 1456 Consideremus
901 1417 1050 1474 ergo,
1112 1404 1158 1460 si
1210 1415 1389 1474 potest
1432 1420 1561 1461 vera
1608 1421 1729 1462 esse

211 1489 416 1561 expositio
440 1487 585 1557 eius,
612 1500 672 1546 ut
698 1493 918 1563 quidam
945 1496 1101 1566 quasi
1137 1497 1348 1569 indigni
1378 1506 1495 1553 toto
1522 1500 1728 1554 mundo

211 1583 246 1637 in
265 1582 482 1651 abyssum
512 1581 694 1649 illum,
721 1599 882 1655 quam
912 1586 1001 1643 ille
1025 1589 1296 1658 exposuit,
1328 1588 1473 1645 foras
1503 1590 1729 1660 eiician—

210 1686 285 1739 tur,
307 1675 350 1730 in
371 1690 473 1747 qua
502 1684 635 1732 sunt
680 1680 937 1744 tenebrae,
968 1681 1187 1736 nemine
1228 1696 1322 1738 eas
1364 1682 1723 1748 illuminante,

207 1782 291 1822 cum
311 1768 400 1822 sint
442 1776 605 1824 extra
647 1776 815 1825 totum
860 1772 1183 1827 mundum.»
1234 1772 1341 1829 Sed
1379 1772 1504 1829 alibi
1547 1782 1725 1830 tamen

205 1861 321 1916 aliter
342 1861 589 1919 tenebras
616 1864 919 1921 exteriores
943 1866 1188 1936 exponit,
1212 1876 1274 1922 ut
1305 1882 1429 1923 mox
1469 1868 1723 1924 ostende-

204 1969 303 2009 mus.
330 1953 559 2013 Homilia
592 1966 773 2013 autem
806 1957 832 2011 1
874 1958 929 2012 in
962 1957 1175 2025 Genes.,
1206 1974 1355 2014 num.
1382 1961 1436 2025 I,
1470 1962 1722 2033 abyssum

202 2044 303 2098 illam
327 2047 399 2102 cui
441 2047 496 2103 in
534 2061 720 2103 rerum
756 2048 911 2104 initio
942 2049 1176 2105 tenebrae
1219 2050 1571 2135 incubabant,
1603 2068 1723 2108 eam

200 2151 285 2193 esse
322 2139 504 2194 scribit
549 2140 605 2195 in
653 2154 816 2210 quam
870 2139 1153 2206 diabolus,
1206 2140 1485 2212 ipsiusque
1547 2144 1723 2213 angeli

200 2230 389 2286 mittendi
429 2240 584 2289 sunt.

242 2320 308 2376 IV.
340 2322 647 2394 Assignatis
674 2323 806 2380 locis
839 2340 904 2380 ac
945 2325 1164 2382 sedibus
1200 2326 1313 2382 suis
1346 2326 1589 2383 redditos
1625 2327 1723 2383 bo-

198 2411 321 2468 mines
353 2429 532 2486 paena;
568 2431 635 2471 ac
674 2416 935 2486 supplicia
968 2433 1067 2487 pro
1094 2417 1364 2473 scelerum
1414 2418 1573 2474 modo
1614 2429 1724 2474 tor-

195 2506 399 2573 quebunt.
431 2509 525 2564 Ait
548 2509 694 2564 enim
726 2508 823 2564 lib.
851 2524 869 2565 ι
896 2510 1039 2580 Περὶ
1067 2509 1290 2581 ἀρχῶν,
1325 2527 1443 2584 cap.
1473 2514 1529 2579 6,
1571 2531 1718 2574 num.

194 2597 249 2652 ὅτ
278 2599 535 2656 «Interim
567 2611 678 2657 tam
711 2602 764 2657 in
796 2603 881 2658 his
918 2619 1037 2674 quae
1064 2606 1335 2673 videntur,
1366 2617 1422 2663 et
1452 2617 1723 2679 tempora-

191 2685 290 2743 libus
325 2690 567 2759 saeculis,
612 2707 775 2763 quam
823 2693 876 2748 in
915 2694 1019 2751 illis
1049 2710 1171 2766 quas
1219 2712 1329 2752 non
1368 2697 1623 2754 videntur
1667 2708 1724 2756 et

189 2790 337 2837 eterna
387 2795 549 2853 sunt,
601 2801 792 2841 omnes
837 2786 923 2843 isti
967 2803 1065 2858 pro
1098 2788 1314 2856 ordine,
1355 2804 1454 2861 pro
1487 2790 1718 2857 ratione,

190 2887 258 2939 pro
282 2877 449 2943 modo,
477 2886 533 2933 et
563 2879 887 2934 meritorum
921 2879 1277 2949 dignitatibus
1303 2882 1717 2952 dispensantur,

190 2974 228 3018 ut
254 2967 322 3021 alii
349 2968 404 3023 in
440 2970 662 3039 primis,
687 2970 777 3025 alii
809 2972 864 3026 in
894 2972 1167 3038 secundis,
1202 2974 1443 3028 nonnulli
1472 2976 1634 3029 etiam
1664 2977 1721 3029 in

188 3055 343 3116 ultimis
380 3061 737 3131 temporibus,
764 3072 819 3117 et
848 3078 946 3133 per
978 3063 1185 3133 majora
1217 3077 1282 3119 ac
1316 3070 1567 3136 graviora
1594 3081 1723 3136 sup-

186 3147 321 3214 plicia,
352 3167 561 3206 necnon
585 3161 641 3206 et
669 3152 945 3220 diuturna,
987 3170 1052 3210 ac
1086 3155 1291 3221 multis,
1320 3165 1379 3210 ut
1415 3158 1485 3212 ita
1515 3158 1717 3225 dicam,

186 3243 355 3298 seculis
391 3244 645 3308 tolerata,
686 3245 1056 3315 aSperioribus
1107 3246 1580 3304 emendationibus
1626 3264 1717 3304 re-

186 3337 314 3403 parati
344 3347 399 3394 et
451 3340 726 3406 restituti,
761 3342 1160 3397 eruditionibus
1207 3342 1384 3413 primo
1436 3344 1715 3412 angelicis,

184 3432 263 3483 tum
284 3432 470 3488 deinde
506 3434 671 3489 etiam
713 3433 1051 3502 superiorum
1081 3434 1346 3505 graduum
1393 3435 1712 3501 virtutibus,

184 3521 304 3577 etsie
340 3538 432 3593 per
460 3524 673 3593 singula
721 3525 788 3578 ad
829 3524 1109 3594 superiora
1146 3525 1410 3594 provecti,
1444 3540 1616 3597 usque
1646 3526 1714 3579 ad

182 3623 348 3682 eaquae
383 3624 511 3670 sunt
560 3614 851 3670 invisibilia
878 3624 933 3668 et
974 3624 1175 3670 aeterna
1211 3618 1556 3684 proveniant,
1601 3618 1716 3673 siu-

182 3706 281 3773 gulis
319 3708 569 3763 videlicet
617 3709 925 3779 quibusque
963 3708 1266 3763 caelestium
1305 3709 1562 3765 virtutum
1593 3712 1713 3766 olli-

181 3798 251 3853 ciis
288 3802 517 3872 quadam
573 3802 880 3856 eruditione
925 3803 978 3856 in
1029 3803 1209 3875 specie
1260 3804 1587 3874 peragratis.
1634 3804 1713 3859 Ex

181 3902 283 3967 quo,
322 3901 375 3946 ut
436 3894 658 3963 opinor,
706 3894 811 3948 hoc
868 3896 1254 3963 consequentia
1309 3896 1425 3966 ipsa
1498 3897 1714 3951 videtur

178 3986 458 4053 ostendere,
515 4003 957 4058 unamquamque
1015 3991 1395 4047 rationabilem
1457 4001 1709 4047 naturam

178 4084 298 4141 posse
320 4080 384 4133 ab
420 4095 529 4135 uno
558 4079 613 4135 in
645 4080 877 4135 alterum
909 4082 1156 4137 ordinem
1192 4094 1582 4151 transeuntem,
1617 4098 1712 4154 per

177 4166 375 4240 Singulos
403 4174 455 4228 in
490 4188 703 4239 omnes,
737 4182 792 4229 et
825 4175 893 4229 ab
928 4175 1181 4229 omnibus
1211 4176 1265 4228 in
1301 4175 1545 4245 singulos
1591 4188 1715 4245 per-

177 4262 341 4329 venire,
368 4266 491 4319 dum
521 4279 777 4321 accessus
807 4264 1169 4337 profectuum,
1198 4264 1578 4321 defectuumve
1611 4280 1706 4319 va-

176 4351 259 4407 rios
280 4370 368 4423 pro
394 4357 634 4413 motibus
658 4356 744 4411 vel
769 4359 1054 4414 conatibus
1077 4357 1311 4428 propriis
1342 4358 1713 4427 unusquisque

175 4456 248 4511 pro
274 4447 413 4504 liberi
458 4450 674 4505 arbitrii
712 4450 974 4506 facultate
1022 4452 1350 4520 perpetitur.
1376 4468 1395 4501 ι
1436 4449 1711 4505 Prolixum

175 4535 317 4596 locum
348 4544 654 4598 describere
684 4558 968 4598 necessum
1004 4543 1188 4607 habui,
1229 4544 1353 4612 quia
1402 4543 1469 4598 ad
1517 4543 1710 4613 Orige-

1833 666 2065 725 ﬂammis
2103 670 2385 728 ultricibus
2427 688 2589 729 urere
2626 693 2641 729 :
2688 675 2827 744 ignis
2864 676 3025 746 hujus
3064 693 3246 736 escam
3290 698 3413 739 esse

1835 760 2105 816 admissas
2130 772 2256 817 ante
2286 779 2481 830 noxas,
2506 780 2642 835 quas
2675 765 2879 821 idcirco
2914 769 3207 838 Apostolus
3239 772 3407 844 ligna,

1831 849 2015 906 fenum
2053 862 2108 910 et
2148 854 2400 923 stipulam
2442 856 2768 924 nominavit;
2814 860 2942 916 hinc
2986 864 3249 932 scriptum
3284 881 3411 923 esse

1832 947 1973 1014 apud
2004 947 2195 1001 Isaiam
2225 964 2278 1014 L,
2304 948 2365 1002 ιι
2396 966 2411 1002 z
2442 948 2721 1006 Ambulate
2746 952 2801 1005 in
2834 952 3032 1009 lumine
3060 957 3196 1027 ignis
3227 962 3409 1026 vestri,

1831 1043 1878 1085 et
1911 1033 2128 1101 ﬂamma
2153 1051 2311 1104 quam
2357 1039 2689 1116 accendislis.
2726 1059 2744 1092 ι
2774 1039 2879 1096 Per
2920 1058 3059 1112 quos
3099 1060 3407 1116 sermones,

1833 1124 2041 1194 inquit,
2091 1127 2195 1182 hoc
2245 1128 2460 1182 videtur
2521 1114 2791 1195 indicari,
2837 1134 2982 1201 quod
3036 1114 3410 1207 unusquisque

1829 1225 2180 1285 peccatorum
2211 1217 2485 1272 ﬂammam
2524 1219 2625 1274 sibi
2658 1208 2775 1287 ipse
2804 1223 3009 1293 proprii
3040 1224 3182 1295 ignis
3212 1243 3409 1283 accen-

1830 1310 1944 1375 dat,
1977 1320 2164 1367 etnon
2209 1312 2261 1365 in
2293 1311 2526 1382 aliquem
2557 1312 2737 1383 ignem
2770 1316 2861 1384 qui
2889 1326 3048 1372 antea
3081 1318 3195 1389 iam
3228 1319 3408 1377 fuerat

1830 1415 2093 1457 accensus
2123 1401 2188 1456 ab
2212 1403 2339 1467 alio,
2374 1404 2456 1457 vel
2485 1414 2610 1460 ante
2647 1406 2817 1471 ipsum
2852 1408 3170 1474 substiterit,
3200 1412 3408 1467 demer-

1829 1501 2010 1561 gatur.
2037 1510 2057 1544 ι
2089 1492 2293 1558 Quaerit
2327 1493 2520 1549 deinde
2556 1511 2704 1550 num.
2732 1496 2766 1550 5
2807 1512 2876 1551 an
2906 1509 3103 1568 praeter
3143 1501 3288 1570 illos,
3316 1504 3407 1560 vel

1829 1580 1946 1647 irae,
1992 1582 2075 1636 vel
2120 1581 2345 1650 furoris,
2374 1585 2461 1640 vel
2506 1586 2749 1654 insaniae,
2794 1591 2880 1645 vel
2928 1595 3180 1650 mceroris
3229 1596 3402 1667 ignes,

1827 1670 2024 1741 quibus
2054 1673 2204 1741 impii
2253 1690 2374 1731 cum
2410 1676 2463 1733 in
2500 1679 2602 1733 hac
2635 1680 2746 1735 vita
2796 1682 2921 1737 torti
2968 1684 3190 1752 fuerint,
3220 1686 3276 1743 in
3314 1688 3407 1743 fu-

1830 1771 1949 1816 tura
2002 1779 2222 1833 quoque
2269 1770 2686 1838 torquebuntur,
2728 1771 2909 1841 aliqua
2960 1776 3195 1844 generali
3240 1791 3403 1848 paena

1829 1864 1951 1921 post
1995 1866 2224 1911 mortem
2277 1860 2531 1928 puniendi
2580 1861 2710 1918 sint.
2748 1865 2951 1922 Deinde
2995 1867 3130 1922 dicit
3172 1884 3238 1924 eo
3272 1885 3402 1925 cru-

1752 1930 1796 1985 Β
1826 1941 1966 1996 ciatu
2013 1941 2268 2000 affectum
2311 1948 2378 2002 iri
2417 1950 2688 2021 animam,
2723 1955 2791 2009 ab
2822 1957 3015 2012 ordine
3057 1968 3219 2028 atque
3271 1960 3401 2015 bar-

1825 2040 2035 2108 monia,
2079 2044 2144 2097 ad
2183 2060 2342 2113 quam
2382 2046 2559 2102 fuerat
2598 2062 2628 2100 a
2663 2046 2771 2100 Deo
2811 2049 3061 2115 condita,
3094 2049 3401 2116 divulsam,

1823 2148 1931 2202 quo
1964 2134 2193 2190 adicitur
2235 2153 2436 2207 corpus
2482 2154 2603 2193 cum
2653 2140 2890 2195 membra
2926 2142 3103 2197 soluta
3141 2157 3404 2215 compage

1824 2226 2199 2282 distrahuntur
2222 2246 2236 2283 :
2267 2232 2467 2297 «Quae,
2496 2231 2687 2301 inquit,
2715 2234 2908 2288 anima:
2933 2235 3214 2291 dissolutio
3239 2247 3403 2306 atque

1823 2318 2075 2386 divulsio,
2118 2336 2240 2376 cum
2289 2324 2516 2377 adhibiti
2568 2324 2706 2394 ignis
2756 2325 2969 2381 ratione
3011 2326 3180 2383 fuerit
3215 2331 3403 2400 explo-

1823 2421 1970 2479 rata,
2012 2413 2132 2468 sine
2177 2413 2339 2469 dubio
2369 2416 2436 2468 ad
2483 2415 2778 2471 ﬁrmiorem
2825 2418 2909 2472 sui
2955 2433 3271 2491 compagem
3317 2423 3401 2476 in-

1823 2505 2328 2576 staurationetnque
2398 2506 2727 2563 solidatur.)
2809 2507 3079 2565 Praeterea
3146 2528 3298 2566 num.
3341 2514 3398 2580 6,

1822 2597 2283 2667 quemadmodum
2341 2600 2603 2655 curandis
2650 2600 2857 2655 morbis
2903 2599 3109 2656 ferrum
3160 2614 3216 2657 et
3261 2604 3401 2674 ignis

1821 2702 1964 2759 szepe
1993 2690 2341 2757 adhibentur,
2384 2692 2457 2747 ita
2495 2692 2767 2760 coniectat
2802 2712 2821 2745 ι
2850 2695 3119 2749 medicum
3153 2707 3401 2752 nostrum

1822 2778 1992 2836 Deum
2033 2781 2301 2837 volentem
2333 2783 2539 2839 diluere
2568 2784 2701 2838 vitia
2734 2785 3037 2840 animarum
3070 2798 3400 2854 nostrarum,

1821 2885 1942 2941 quae
1979 2887 2047 2928 ex
2078 2884 2425 2943 peccatorum
2467 2885 2522 2928 et
2567 2875 2833 2931 scelerum
2883 2878 3202 2934 diversitate
3232 2879 3402 2935 colle-

1821 2972 2031 3031 gerant,
2082 2964 2163 3019 uti
2221 2964 2593 3034 hujuscemodi
2638 2966 2941 3035 poenalibus
2982 2969 3131 3025 curis
3182 2969 3403 3038 insuper

1820 3054 1986 3109 etiam
2017 3056 2160 3125 ignis
2222 3056 2429 3112 inferre
2468 3058 2788 3127 supplicium
2848 3059 2931 3115 his
2976 3062 3066 3129 qui
3113 3063 3399 3119 sanitatem

1819 3147 2014 3203 animae
2052 3150 2464 3218 perdiderunt.»
2510 3150 2654 3207 Idem
2696 3153 2835 3208 libro
2880 3169 2912 3207 v
2956 3162 3142 3209 contra
3190 3155 3401 3212 Celsum

1746 3285 1792 3349 Ο
1822 3256 1930 3296 non
1964 3240 2106 3295 aliud
2137 3242 2427 3313 quidquam
2461 3260 2559 3314 per
2591 3247 2741 3314 ignes
2777 3246 3077 3316 intelligere
3112 3251 3271 3305 docet
3302 3264 3399 3304 eos

1821 3345 1961 3401 quos
1996 3331 2278 3402 Scriptura
2319 3333 2516 3390 stultos
2563 3336 2747 3390 mundi
2782 3336 3115 3411 appellanti
3166 3338 3267 3411 τὴν
3309 3338 3400 3393 διὰ

1819 3426 1984 3497 φόϐου
2014 3429 2108 3481 καὶ
2133 3428 2432 3498 φαντασίας
2462 3428 2572 3485 τῶν
2609 3428 2881 3485 κολάσεων
2921 3432 3277 3503 ἐπιστροφὴν,
3301 3432 3399 3486 καὶ

1815 3522 1923 3576 τῶν
1949 3520 2158 3577 πολλῶν
2184 3522 2370 3576 κακῶν
2399 3523 2631 3594 ἀποχήν.
2656 3523 2786 3578 Tale
2816 3523 2942 3577 illud
2987 3539 3018 3579 e
3054 3533 3217 3579 tract.
3241 3523 3310 3578 54
3337 3524 3396 3578 in

1818 3612 2039 3679 Matth.,
2071 3627 2221 3667 num.
2257 3611 2367 3667 7‘2:
2413 3630 2433 3666 ι
2459 3614 2560 3681 Qui
2601 3623 2780 3668 autem
2829 3616 3086 3669 recedunt
3120 3615 3189 3670 ab
3232 3613 3394 3679 Jesu.

1818 3703 2074 3758 decidunt
2116 3704 2170 3757 in
2224 3703 2401 3775 ignem
2435 3714 2733 3771 aeternum,
2773 3705 2863 3774 qui
2912 3706 3133 3762 alterius
3180 3708 3397 3777 generis

1816 3803 1900 3848 est
1930 3795 1998 3850 ab
2034 3794 2139 3849 hoc
2166 3795 2289 3864 igne
2317 3810 2477 3864 quem
2508 3794 2770 3851 habemus
2804 3796 2857 3850 in
2883 3811 3008 3853 usu.
3036 3796 3224 3851 Nullus
3248 3798 3393 3852 enim

1816 3888 1957 3957 ignis
2014 3887 2161 3941 inter
2206 3887 2455 3941 homines
2502 3898 2587 3942 est
2639 3896 2909 3953 aeternus,
2954 3888 3046 3942 sed
3098 3903 3198 3942 nec
3239 3888 3394 3941 multi

1819 3978 2108 4047 temporis;
2152 3979 2517 4049 exstinguitur
2562 3980 2704 4033 enim
2744 3979 2872 4032 cito.
2909 3978 3172 4034 [Eternus
3213 3988 3393 4034 autem

1816 4070 1957 4140 ignis
1980 4078 2066 4126 est
2094 4070 2205 4136 ille,
2237 4072 2302 4126 de
2331 4087 2439 4141 quo
2466 4081 2522 4127 et
2565 4072 2732 4128 Isaias
2764 4072 2897 4127 dicit
2926 4072 2981 4127 in
3016 4072 3119 4128 fine
3164 4074 3395 4144 prophe-

1816 4165 1905 4219 tia
1941 4177 2097 4219 suae:
2140 4161 2342 4217 Vermis
2376 4179 2560 4219 eorum
2602 4180 2707 4219 non
2741 4167 3013 4231 morietur,
3052 4174 3102 4220 et
3138 4165 3274 4235 ignis
3305 4180 3394 4219 eo-

1813 4268 1934 4306 rum
1977 4266 2082 4307 non
2143 4254 2507 4324 exstinguetur
2546 4256 2612 4310 ³⁷.
2640 4274 2659 4308 ι
2706 4256 2882 4311 Simili
2916 4256 3039 4325 igne
3068 4255 3145 4310 uti
3194 4257 3393 4310 daemo-

1813 4358 1911 4399 nes
1963 4353 2241 4399 asseverat
2280 4346 2470 4402 homil.
2510 4346 2580 4400 27
2620 4348 2676 4401 in
2708 4346 2896 4413 Nam,
2926 4363 3076 4403 num.
3100 4347 3155 4411 8,
3201 4362 3393 4417 nempe

1812 4451 1937 4491 cum
1982 4437 2233 4494 homines
2275 4454 2306 4494 a
2350 4439 2498 4494 vitiis
2549 4439 2618 4494 ad
2676 4440 2898 4495 meliora
2938 4454 3231 4496 conversos
3274 4454 3396 4495 cer-

1814 4541 1971 4596 nunt,
2013 4542 2126 4587 tum
2171 4547 2302 4589 vero
2345 4533 2725 4588 acerbissimas
2772 4546 2867 4588 eos
2906 4533 3133 4589 sulferre
3177 4545 3394 4605 pinnas,

175 4630 318 4688 nianas
359 4634 615 4691 doctrinae
660 4634 1115 4703 emendationem,
1140 4644 1195 4690 et
1224 4636 1566 4705 sequentium
1621 4634 1703 4689 in-
1741 4637 1785 4691 D
1815 4632 1869 4678 ει
1898 4624 2109 4678 "uirilis
2154 4624 2368 4694 ἱειιῑῠιιε
2406 4624 2783 4679 “ardescere-

175 4722 410 4781 tellectum
431 4727 674 4784 confert.

230 4812 285 4873 γ.
314 4816 423 4872 Iam
450 4834 580 4874 vero
627 4816 929 4887 cuiusmodi
970 4832 1164 4887 pinnas
1199 4816 1411 4872 futuras
1455 4818 1709 4888 Opinatus

172 4905 229 4958 sit
254 4904 518 4979 Origenes,
548 4911 851 4966 videamus.
894 4909 1076 4981 Ignem
1106 4910 1259 4965 illum
1307 4920 1573 4965 aeternum
1595 4950 1612 4977 ,
1653 4911 1709 4965 in

171 5012 302 5063 quem
325 5003 533 5072 capitali
565 5002 774 5058 Christi
804 5003 1020 5058 decreto
1050 5003 1201 5072 impii
1248 5002 1498 5057 mittendi
1545 5011 1709 5068 sunt,

171 5087 283 5143 nihil
306 5092 439 5148 aliud
479 5109 603 5149 esse
645 5104 801 5149 ratus
841 5102 955 5159 est,
994 5106 1158 5163 quam
1202 5092 1550 5148 conscientia:
1589 5106 1710 5146 ver-

172 5192 308 5235 mem.
336 5183 653 5242 Consulatur
680 5196 845 5254 caput
870 5185 938 5240 10
960 5184 1082 5240 libri
1111 5200 1149 5239 ιι
1172 5185 1249 5239 De
1276 5184 1529 5254 princip.,
1553 5197 1706 5236 num.

170 5271 216 5334 4.
238 5277 364 5344 quod
395 5279 445 5334 id
480 5290 861 5351 argumentum
909 5280 1195 5335 excussit:
1232 5277 1306 5332 ibi
1358 5276 1437 5331 ait
1483 5289 1712 5330 revoca-

173 5375 263 5421 tam
286 5370 455 5428 divina
482 5375 709 5440 virtute,
732 5382 791 5429 et
826 5374 895 5427 ob
927 5372 1115 5428 oculos
1148 5370 1297 5440 impii
1328 5368 1560 5439 positam
1586 5381 1711 5437 pec-

171 5470 383 5518 caturum
411 5467 728 5522 memoriam
771 5464 947 5533 (iuxta
986 5464 1119 5519 illud
1166 5462 1315 5517 Pauli
1349 5460 1507 5515 Rom.
1532 5475 1595 5524 ιι,
1622 5456 1712 5522 15,

173 5549 260 5606 t6:
289 5556 467 5612 «Inter
488 5573 549 5613 se
579 5558 817 5613 invicem
857 5554 1276 5626 cogitationibus
1310 5551 1714 5614 accusantibus,

173 5653 247 5695 aut
269 5647 420 5703 etiam
446 5647 885 5709 defendentibus,
916 5646 969 5700 in
1003 5646 1093 5701 die
1121 5660 1243 5701 cum
1275 5641 1542 5714 iudicabit
1574 5639 1717 5695 Deus

170 5738 351 5794 occulta
374 5740 650 5797 hominum
672 5741 748 5810 ι),
778 5746 1015 5794 mentem
1041 5737 1157 5809 eius
1184 5735 1419 5794 stimulis
1447 5745 1712 5807 pungere,

231 5916 269 5950 ’⁸
292 5922 308 5942 ·
343 5919 479 5977 Psal.
512 5933 718 5985 Lxxxv,
746 5919 838 5973 15.
913 5916 957 5946 ’⁷
996 5915 1099 5970 lsa.
1127 5930 1252 5973 vat
1273 5957 1290 5987 ,
1317 5914 1412 5971 24.

446 6020 725 6080 ΡΑΤιιοι..
766 6016 886 6078 Gn.
922 6014 1126 6077 XVII.

1882 4715 2032 4772 Alias
2063 4715 2240 4784 ignem
2276 4725 2499 4786 peccata
2532 4715 2884 4772 excedentem
2910 4723 2966 4770 et
3001 4724 3390 4777 assumentem,

1816 4805 1984 4861 Deum
2020 4805 2198 4876 ipsum
2228 4820 2352 4861 esse
2394 4806 2528 4871 vult,
2564 4814 2786 4877 propter
2815 4805 2918 4860 hoc
2954 4805 3170 4859 Denter.
3198 4816 3271 4864 iv.
3296 4802 3390 4869 24,

1821 4918 1840 4951 ι
1874 4897 2133 4954 Dominus
2167 4900 2313 4953 Deus
2352 4906 2475 4953 tuus
2498 4898 2659 4967 ,ignis
2703 4910 3029 4952 consumens
3064 4905 3169 4952 est.
3198 4915 3217 4947 ι
3265 4894 3394 4949 Inde

1816 4990 2034 5045 bomilia
2073 4991 2131 5044 in
2165 4989 2364 5044 larem.
2403 4989 2469 5055 9,
2503 5005 2654 5044 num.
2680 4989 2746 5054 2,
2788 4999 2844 5044 et
2873 4989 2962 5052 I6,
3000 5003 3150 5042 num.
3196 4986 3230 5039 5
3254 4996 3310 5039 et
3335 4985 3389 5047 6,

1817 5083 1938 5152 igne
1970 5084 2073 5137 hoc
2111 5083 2276 5153 ligna,
2308 5080 2492 5136 fenum
2539 5091 2593 5135 et
2630 5080 2915 5150 stipulam,-
2961 5078 3158 5135 Christi
3198 5076 3393 5130 funda-

1818 5183 2000 5229 mento
2041 5182 2414 5244 superstructa
2439 5212 2456 5238 ,
2498 5187 2664 5241 opera
2713 5186 2904 5242 nempe
2954 5168 3161 5240 peccati
3207 5176 3395 5221 narrat

1819 5266 2048 5331 absumi,-
2077 5275 2363 5336 postquam
2393 5266 2574 5319 anima
2600 5264 2764 5319 fuerit
2791 5278 2821 5316 a
2848 5276 3074 5331 corpore
3099 5258 3345 5329 seiuncta
3376 5276 3390 5310 :

1817 5373 2009 5413 aurum
2041 5372 2190 5421 vero,
2234 5366 2544 5428 argentum.
2583 5364 2639 5411 et
2686 5367 2949 5425 gemmas,
2980 5351 3210 5405 virtutes
3247 5348 3396 5404 scili-

1818 5458 1935 5517 cet,
1984 5462 2037 5505 et
2068 5459 2215 5504 recte
2258 5458 2412 5515 acta,
2460 5446 2663 5501 illibata
2697 5455 2752 5500 et
2800 5448 3001 5499 intacta
3049 5440 3280 5497 servari.
3325 5439 3396 5493 At

1820 5541 1953 5596 Iib.t
1990 5541 2129 5610 Περὶ
2158 5538 2380 5610 ἀρχῶν,
2421 5554 2541 5607 cap.
2570 5539 2622 5605 I,
2670 5552 2819 5591 num.
2846 5536 2915 5603 2,
2964 5534 3071 5589 alio
3111 5534 3398 5601 detorquet

1819 5635 1995 5691 locum
2051 5634 2194 5689 hunc
2240 5631 2675 5697 Deuteronomii,
2717 5646 2815 5684 nec
2868 5642 2964 5699 pro
3024 5626 3219 5680 futuras
3269 5624 3398 5678 vitae

1818 5726 2147 5800 purgatione
2176 5725 2395 5798 accipit,
2438 5724 2532 5782 sed
2563 5738 2663 5811 pro
2693 5721 2977 5794 praesentis
3020 5718 3183 5800 huius
3222 5719 3399 5786 gratia

3031 5990 3112 6052 32
