3914 6526
499 459 635 516 1005

1772 460 1831 514 Ρ.
1878 458 2196 514 DANIELIS
2232 458 2325 515 ΠΟ
2338 459 2471 514 ETII

3616 460 3752 517 i004

496 576 764 631 mentibus
802 572 1048 628 humanis
1090 587 1119 626 a
1163 572 1271 626 Deo
1312 572 1509 629 infusa.
1538 592 1554 625 ι
1603 574 1743 642 Quid
1781 576 1947 643 enim,
1991 576 2063 628 in-
2094 578 2135 634 Α
2165 583 2457 643 prazparata
2508 573 2617 635 sit,
2675 573 2795 629 licet
2842 575 2893 629 in
2945 573 3135 629 eadem
3186 588 3341 644 pmna
3395 574 3616 629 diversa
3682 576 3752 629 sit

495 668 630 735 quit,
668 674 948 720 consumet
978 663 1116 719 Deus
1140 667 1433 720 secundum
1470 667 1570 722 hoc
1601 668 1745 737 quod
1777 668 1918 739 ignis
1945 670 2063 724 est?

496 757 865 825 Nunquidnam
909 756 1177 825 putabitur
1210 772 1526 812 consumere
1569 758 1848 812 materiam
1874 774 2064 828 corpo-

498 850 685 915 ralem,
733 856 791 901 ut
831 857 918 902 est
954 847 1192 918 lignum,
1235 849 1315 903 vel
1368 850 1579 913 fenum,
1620 851 1704 905 vel
1741 850 1978 920 stipula?
2009 862 2065 906 et

492 939 620 1003 quid
647 939 699 992 in
733 940 833 994 hoc
856 938 1075 1007 dignum
1098 942 1165 995 de
1197 940 1289 996 Dei
1317 942 1566 996 laudibus
1600 942 1816 1007 dicitur,
1843 943 1887 997 si
1922 943 2062 997 Dens

499 1031 637 1101 ignis
682 1040 772 1086 est
842 1031 1157 1102 hujusmodi
1214 1034 1471 1107 materias
1540 1035 1900 1090 consumens?
1954 1034 2060 1088 Sed

492 1122 894 1178 consideremus
919 1125 1045 1192 quia
1083 1124 1224 1180 Deus
1248 1125 1518 1181 consumit
1547 1126 1767 1195 quidem
1792 1134 1847 1179 et
1880 1135 2063 1181 exter-

493 1210 696 1274 minat,
738 1211 833 1265 sed
873 1212 1142 1266 consumit
1173 1211 1341 1267 malas
1377 1214 1634 1267 mentium
1683 1214 2058 1284 cogitationes,

492 1302 760 1356 consumit
792 1311 941 1372 gesta
977 1302 1175 1370 turpia,
1214 1303 1478 1358 consumit
1522 1303 1789 1359 desideria
1823 1306 2057 1374 peccati,

492 1409 613 1448 cum
667 1408 726 1449 se
774 1394 1109 1449 credentium
1153 1393 1421 1449 mentibus
1455 1395 1664 1461 inserit,
1711 1405 1766 1451 et
1804 1410 1897 1452 eas
1941 1398 2058 1451 ani-

491 1503 608 1543 mas
642 1502 762 1557 qua:
791 1486 951 1542 Verbi
986 1486 1114 1555 ejus
1160 1500 1225 1541 ac
1269 1484 1561 1556 Sapientia:
1602 1486 1905 1551 eiIiciuntur
1969 1503 2060 1543 ca-

490 1594 683 1648 paces,
731 1594 836 1633 una
888 1595 1009 1633 cum
1059 1577 1195 1633 Filio
1232 1592 1332 1633 suo
1379 1578 1723 1643 inhabitans,
1766 1580 2058 1635 secundum

487 1671 629 1739 quod
659 1670 857 1725 dictum
898 1678 1020 1725 est:
1057 1668 1167 1739 Ego
1202 1678 1251 1723 et
1287 1666 1450 1723 Pater
1487 1670 1771 1735 veniemus,
1814 1680 1862 1724 et
1910 1686 2059 1723 man-

488 1764 688 1818 sionem
728 1762 869 1830 apud
900 1778 1027 1817 eum
1062 1761 1323 1831 faciemus
1348 1761 1424 1825 '3;
1455 1762 1707 1818 omnibus
1747 1777 1934 1818 eorum
1981 1762 2059 1816 vi-

490 1854 579 1909 tiis
629 1853 1076 1923 passionibusque
1120 1852 1496 1922 consumptis,
1551 1868 1744 1922 purum
1812 1853 1916 1909 sibi
1964 1867 2059 1908 eas

2163 666 2438 735 quantitas
2463 679 2655 734 poenas.
2699 666 2851 720 Alius
2908 666 3053 719 enim
3100 665 3316 735 gravius
3356 680 3422 719 ac
3465 665 3755 719 vehemen-

2165 756 2272 811 tius
2300 757 2575 810 cruciatur
2604 769 2703 823 pro
2746 756 3118 827 magnitudine
3171 766 3562 826 peccatorum;
3614 757 3751 811 alius

2165 857 2343 901 autem
2373 848 2677 913 remissius,
2705 846 2859 916 cujus
2889 848 3093 903 leviora
3133 858 3189 903 et
3232 847 3476 904 faciliora
3526 860 3752 918 peccata

2163 948 2307 994 sunt.
2340 958 2358 990 ι
2398 935 2600 995 Locum
2639 940 2845 1010 profert
2880 938 3194 1008 Pamphilus
3232 941 3285 995 in
3324 941 3609 1011 Apologia.

2234 1030 2319 1083 VI.
2364 1030 2572 1100 Saepius
2597 1036 2787 1086 tamen
2836 1031 2959 1086 aliis
3003 1042 3202 1101 przeter
3242 1032 3421 1102 ignem
3465 1033 3751 1103 suppliciis

2163 1122 2409 1177 homines
2455 1123 2706 1192 castigari
2741 1137 2770 1175 a
2817 1121 2928 1176 Deo
2973 1122 3148 1177 fassus
3176 1130 3279 1178 est.
3317 1122 3557 1180 Homilia
3590 1127 3660 1182 18
3698 1130 3752 1180 in

2161 1212 2382 1275 Jerem.,
2419 1229 2569 1267 num.
2601 1213 2687 1278 l5,
2719 1229 2844 1284 pag.
2870 1213 2999 1278 261,
3031 1215 3205 1283 majus
3230 1216 3451 1286 aliquod
3500 1217 3747 1285 geltenna

2164 1305 2302 1374 ignis
2333 1319 2455 1359 esse
2495 1305 2822 1374 supplicium
2883 1304 3156 1361 concludit
3197 1323 3263 1364 ex
3300 1322 3368 1362 eo
3412 1308 3558 1378 quod
3599 1310 3646 1363 is
3682 1310 3752 1363 sit

2162 1400 2421 1465 gehennae
2466 1396 2604 1466 ignis
2649 1410 2795 1460 reus,
2824 1395 2919 1465 qui
2963 1396 3164 1451 dixerit
3210 1397 3363 1453 fratri
3413 1414 3548 1463 suo,
3585 1419 3604 1451 ‹
3646 1399 3749 1453 Fa-

2164 1487 2353 1551 tue";
2383 1504 2401 1537 ι
2442 1487 2615 1553 majus
2665 1486 2844 1555 itaque
2892 1487 3203 1557 impendere
3246 1489 3578 1557 supplicium
3631 1507 3747 1544 ma-

2156 1573 2332 1643 jorum
2364 1576 2657 1630 criminum
2708 1577 2837 1641 reis,
2871 1579 2996 1646 puta
3046 1578 3341 1644 adulteris;
3374 1580 3525 1649 quod
3570 1584 3747 1649 cujus-

2163 1668 2302 1721 modi
2342 1667 2414 1721 sit
2452 1666 2692 1721 futurum
2740 1668 2793 1721 in
2844 1684 2942 1723 cer
2976 1668 3210 1723 hominis
3254 1685 3361 1725 non
3412 1672 3743 1727 ascendisse.

2160 1754 2322 1810 Libro
2354 1772 2424 1811 vtt
2471 1767 2657 1811 contra
2704 1757 2911 1813 Celsum
2940 1798 2956 1824 ,
2987 1776 3139 1815 num.
3172 1762 3226 1827 5,
3260 1762 3457 1816 scribit
3509 1763 3742 1817 animam

2163 1850 2427 1904 insontem
2456 1858 2511 1903 et
2543 1864 2754 1919 puram,
2793 1852 2979 1905 statim
3027 1861 3186 1922 atque
3216 1869 3449 1924 corpore
3489 1855 3648 1921 exiit,
3679 1858 3742 1909 sd

438 2018 441 2023 ν
490 1961 654 2015 seque
702 1945 921 2016 dignum
966 1942 1130 1999 eﬂicit
1180 1943 1457 2012 templum.
1483 1961 1502 1995 ι
1551 1943 1627 1998 lta
1669 1952 1726 1999 et
1769 1943 1866 1998 lib.
1911 1960 1947 1997 ll
2001 1944 2057 1998 in
2090 1936 2131 1990 Β
2162 1940 2382 2009 puriora
2415 1941 2636 1996 aetheris
2682 1941 2797 1996 loca
2860 1943 3149 1999 sublimem
3188 1945 3364 2001 ferri:
3400 1960 3738 2016 quaecunque

489 2036 693 2091 Contic.
720 2037 998 2101 cantitan,
1027 2049 1147 2105 pag.
1175 2034 1243 2089 52
1272 2052 1286 2089 :
1324 2051 1343 2085 ι
1372 2035 1614 2105 Denique
1643 2037 1712 2091 ob
1758 2035 1861 2092 hoc
1912 2036 2053 2092 Deus

492 2137 675 2183 uoster
720 2127 861 2195 ignis
893 2126 1091 2182 dicitur
1138 2139 1258 2181 esse
1292 2112 1619 2181 consumens
1646 2126 1711 2192 ",
1754 2135 1813 2182 et
1860 2125 2059 2183 nihilo-

490 2221 668 2274 minus
714 2219 802 2273 lux
850 2218 904 2272 in
949 2233 1056 2288 quo
1089 2218 1326 2273 tenebm
1373 2234 1479 2275 non
1524 2228 1649 2273 sunt
1670 2218 1736 2272 ³⁰.
1785 2218 1901 2273 Lux
1944 2219 2060 2275 sine

488 2312 652 2367 dubio
682 2311 865 2380 justis,
888 2322 941 2366 et
970 2310 1109 2381 ignis
1152 2308 1383 2366 efﬁcitur
1408 2311 1815 2382 peccatoribus,
1844 2320 1904 2365 ut
1931 2325 2061 2366 con-

488 2414 667 2458 sumat
702 2405 753 2457 in
781 2404 868 2459 eis
890 2418 1049 2459 omne
1079 2404 1221 2473 quod
1259 2402 1310 2457 in
1346 2406 1526 2459 anima
1562 2418 1749 2459 eorum
1790 2402 2060 2471 corrupti-

488 2497 713 2557 bilitatis
754 2507 846 2551 aut
895 2498 1201 2567 fragilitatis
1251 2497 1549 2561 invenerit;
1583 2514 1603 2548 ι
1640 2509 1741 2551 nec
1780 2495 1932 2550 aliter
1964 2494 2060 2549 ho-

488 2589 601 2642 mil.
630 2589 655 2641 1
685 2590 741 2641 in
791 2589 1007 2654 Ezech.,
1046 2605 1192 2645 num.
1226 2588 1295 2642 12
1318 2596 1375 2643 et
1418 2588 1506 2642 15.
1546 2588 1796 2641 Animam
1838 2594 2061 2641 caetero-

489 2679 617 2748 quin
648 2680 859 2750 ignibus
886 2681 1076 2751 attingi
1108 2690 1161 2735 et
1187 2679 1341 2734 exuri
1377 2694 1483 2737 non
1530 2693 1691 2748 posse
1725 2678 1917 2733 statuit
1962 2676 2055 2732 lib.

486 2787 539 2825 vt
565 2780 747 2825 contra
784 2770 922 2826 Cels.
946 2812 963 2836 ,
997 2787 1145 2827 num.
1170 2773 1266 2835 Ἠ,
1307 2772 1496 2841 Ἡμεῖς
1533 2768 1590 2822 δὲ
1630 2766 1919 2839 ἀσώματον
1963 2770 2057 2822 οὐ-

488 2864 607 2918 σίαν
643 2866 746 2919 οὐκ
779 2864 933 2936 ἴσμεν
964 2865 1393 2937 ὲκπυρουμὲνην,
1424 2862 1532 2916 οὐδ’
1572 2863 1651 2926 εἰς
1691 2862 1801 2932 πῦρ
1832 2860 2057 2915 ἀναλυο-

490 2956 657 3028 μένην
706 2957 806 3028 τὴν
863 2954 1167 3029 ἀνθρώπου
1214 2955 1419 3029 ψυχὴν,
1468 2955 1501 3025 ἢ
1548 2955 1645 3027 τὴν
1696 2952 1974 3021 ἀγγέλωνζ,
2023 2952 2057 3023 ἢ

488 3050 710 3121 θρόνων,
753 3050 787 3121 ἢ
824 3052 1179 3122 κυριοτήτων,
1218 3051 1252 3121 ἢ
1301 3048 1505 3121 ἀρχῶν,
1550 3048 1583 3118 ἢ
1630 3046 1885 3112 ἐξουσιῶν
1928 3046 2059 3100 ὑπό·

489 3159 693 3195 στασιν.

558 3233 951 3306 Nonnunquam
994 3244 1173 3291 tamen
1204 3248 1513 3305 supremam
1544 3232 1728 3289 mundi
1760 3232 2057 3300 conﬂagra-

488 3328 694 3383 tionem
739 3329 861 3398 igne
893 3327 1001 3384 hoc
1043 3328 1287 3385 denotari
1327 3336 1508 3397 putat,
1552 3342 1726 3396 eoque
1775 3326 2055 3381 hominum

486 3426 705 3491 peccata
733 3420 892 3473 exuri
914 3428 967 3473 et
1000 3420 1240 3489 purgari.
1269 3419 1506 3487 Legatur
1533 3419 1586 3473 in
1628 3418 1766 3475 libro
1808 3432 1840 3469 v
1872 3424 2057 3472 contra

486 3509 716 3574 Celsum,
769 3526 917 3565 num.
958 3512 1048 3577 i5,
1088 3511 1237 3567 locus
1280 3512 1398 3577 ille,
1446 3526 1554 3581 quo
1592 3511 1862 3581 impurum
1911 3510 2058 3565 hunc

487 3604 863 3672 philosophum
915 3603 1153 3659 futuram
1196 3604 1379 3658 mundi
1431 3601 1907 3673 conﬂagrationem
1955 3615 2055 3656 tte-

460 3684 712 3765 gantem
757 3694 995 3761 refellit;
1044 3695 1279 3751 ostendit
1325 3694 1469 3750 enim
1522 3694 1775 3752 incendio
1809 3693 1912 3749 hoc
1956 3692 2057 3747 ho-

488 3785 663 3841 mines
696 3787 984 3843 univcrsos
1024 3786 1309 3843 lustratum
1344 3784 1433 3853 iri,
1465 3784 1646 3841 illaesis
1680 3794 1858 3840 tamen
1890 3784 1956 3839 iis
2001 3783 2054 3838 in

489 3876 685 3945 quibus
726 3893 889 3946 opera
922 3878 1186 3949 peccati,
1235 3878 1483 3933 idoneum
1527 3876 1734 3932 scilicet
1768 3875 1877 3944 igni
1930 3874 2055 3929 huic

491 3967 767 4036 pabulum,
796 3968 941 4035 nulla
979 3969 1350 4039 reperientur;
1385 3967 1593 4035 exustis
1622 3982 1750 4022 vero
1780 3965 1922 4031 aliis,
1961 3964 2055 4036 qui

488 4075 657 4116 noxas
684 4069 739 4116 et
782 4057 1010 4127 scelera,
1045 4061 1188 4132 ligna
1223 4060 1477 4115 nimirum
1501 4099 1518 4125 ,
1565 4059 1746 4115 fenum
1788 4065 1844 4113 et
1884 4057 2057 4127 stipu-

490 4150 594 4203 lam
641 4147 874 4205 llammis
902 4149 1178 4205 exedenda
1227 4149 1561 4218 collegerint.
1596 4147 1801 4215 Quarto
1840 4159 2056 4215 quoque

481 4241 663 4310 operis
687 4242 925 4310 ejusdem
953 4240 1113 4306 libro,
1139 4254 1288 4293 num.
1313 4239 1383 4292 20
1405 4247 1461 4294 et
1484 4239 1576 4304 64,
1608 4238 1866 4293 mundum
1895 4236 2057 4291 tradit

484 4348 625 4388 nunc
657 4332 874 4387 diluviis
916 4330 1227 4400 repurgari,
1269 4344 1411 4384 nunc
1453 4328 1741 4391 incendiis,
1781 4328 1874 4381 καὶ
1913 4326 2053 4396 τάχα

479 4425 542 4478 οὐ
583 4426 652 4477 τὰ
683 4423 776 4476 ἐπὶ
801 4423 901 4492 γῆς
932 4421 1111 4491 μόνον,
1142 4418 1277 4474 ἀλλὰ
1304 4421 1398 4473 καὶ
1425 4420 1494 4473 τὰ
1519 4421 1575 4472 ὲν
1596 4418 1702 4489 ὅλῳ
1728 4417 1807 4487 τῷ
1838 4418 2050 4488 κόσμῳ,

478 4514 714 4587 δεομένῳ
748 4512 1043 4583 καθαρσίου
1080 4513 1208 4565 ὅταν
1242 4509 1409 4579 πολλὴ
1455 4510 1489 4579 ἡ
1535 4508 1699 4563 κακία
1731 4508 1956 4576 γένηται
1997 4509 2053 4561 ὲν

480 4607 647 4678 αὐτῷ.
1892 4652 1897 4659 ,

551 4697 682 4752 Utut
728 4697 902 4765 ignem
954 4694 1099 4749 hunc
1138 4691 1542 4762 intelligendum
1580 4698 1799 4755 censet,
1847 4688 2047 4744 nullam

478 4790 640 4845 aliam
671 4798 931 4860 przeterea
962 4785 1137 4841 noxiis
1175 4783 1484 4839 hominibus
1532 4780 1796 4837 inﬂictum
1826 4780 1898 4835 iri
1934 4794 2049 4849 ρω-

479 4896 640 4945 nam,
688 4880 811 4935 licet
851 4879 939 4935 illa
992 4892 1089 4947 pro
1146 4883 1494 4955 peccatorum
1546 4873 1760 4928 ratione
1812 4871 2048 4926 diversis

476 4968 653 5025 modis
695 4970 1002 5025 intendatur
1056 4968 1139 5021 vel
1184 4967 1527 5030 remittatur,
1574 4964 1767 5019 scribit
1813 4963 1866 5016 in
1905 4962 2045 5017 libro

484 5042 558 5118 De
602 5061 895 5116 Proverbiis
941 5058 1237 5115 Salomonis
1276 5074 1293 5111 :
1333 5074 1353 5108 ι
1394 5054 1737 5110 Manifestum
1776 5062 1862 5109 est
1907 5053 2051 5120 quod

481 5170 586 5209 una
634 5168 791 5223 postia
836 5162 942 5206 tam
988 5152 1288 5207 daemonum
1323 5157 1551 5214 naturas,
1599 5161 1763 5216 quam
1814 5145 2051 5199 humano

475 5248 658 5316 generi
707 5254 1055 5315 peccatorum
1098 5258 1129 5295 ει
1190 5242 1419 5296 Domino
1466 5238 1735 5308 praefinita
1794 5237 1864 5290 sit
1915 5235 2046 5297 illa,

474 5351 636 5405 quam
665 5335 920 5389 Dominus
946 5348 1041 5387 sua
1066 5332 1335 5389 sententia
1364 5329 1670 5400 designavit
1700 5327 1887 5382 dicens
1912 5342 1926 5379 :
1965 5324 2045 5378 Ite

478 5424 531 5474 in
562 5422 730 5491 ignem
762 5429 1033 5485 internum,
1064 5420 1154 5489 qui
1182 5428 1398 5488 paratus
1427 5427 1501 5470 est
1530 5416 1739 5468 diabolo
1772 5423 1819 5467 et
1845 5412 2043 5481 angelis

475 5515 587 5582 ejus
612 5514 693 5578 ³¹;
728 5510 1018 5567 ostendens
1066 5512 1190 5581 quia
1252 5509 1440 5565 eadem
1488 5509 1696 5577 species
1759 5519 2043 5576 pmnarum

477 5602 1225 5680 peccatoribusbborninibus,
1255 5608 1310 5655 et
1339 5597 1575 5661 diabolo,
1605 5604 1659 5651 et
1692 5594 1900 5665 angelis
1928 5589 2045 5660 ejus

1120 5805 1165 5835 ²⁹
1206 5802 1367 5858 lieltr.
1396 5818 1499 5865 xtl,
1544 5801 1634 5855 99.
1690 5792 1691 5795 “

544 5808 591 5838 ³⁸
628 5806 901 5869 Joan.xtv,
942 5806 1031 5859 23.
1120 5806 1165 5835 ”
1206 5806 1367 5858 Hebr.
1396 5818 1499 5865 xtl,
1544 5806 1634 5855 ‘29.
1732 5806 1773 5832 ³ο
1815 5806 1830 5852 Ι
1864 5806 1968 5854 ,1οω

544 5893 577 5938 I,
602 5877 692 5930 Q6.
767 5878 810 5907 ³⁵
838 5877 1207 5938 Μιιιιιιηιχιι,
1242 5876 1325 5928 l5.
1404 5873 1447 5903 ³⁵
1490 5870 1677 5927 Matth.
1719 5886 1847 5938 xxv,
1877 5870 1968 5925 50.

480 5892 577 5939 xtl,
602 5877 692 5930 96.
731 5878 810 5948 _“
838 5877 1056 5947 Matth._
1076 5890 1207 5939 xxn,
1242 5876 1325 5928 l5.

1732 5801 1773 5832 ³ο
1813 5799 1831 5852 1
1864 5798 2017 5857 Joan.
2049 5817 2091 5868 ι,

2162 2047 2288 2087 vero
2324 2033 2481 2087 noxia
2533 2042 2647 2099 est,
2697 2035 2933 2100 peccatis
2978 2050 3289 2105 oppressam
3335 2036 3488 2091 circa
3547 2046 3739 2092 terram

2162 2126 2267 2180 huc
2309 2133 2364 2179 et
2405 2124 2531 2179 illuc
2592 2123 2860 2191 volutari;
2901 2126 3162 2194 quasdam
3208 2127 3354 2181 circa
3404 2138 3738 2183 mortuorum

2131 2216 2424 2287 "sepulcra,
2454 2217 2574 2272 inde
2621 2227 2832 2287 spectra
2869 2217 3040 2272 oculis
3088 2219 3366 2274 hominum
3413 2221 3738 2290 quandoque

2163 2305 2359 2374 objici;
2394 2305 2527 2360 alias
2558 2306 2685 2362 alibi
2712 2321 2917 2363 errare.
2946 2307 2989 2361 E
3016 2306 3239 2364 Platone
3272 2310 3559 2364 transtulit
3588 2326 3731 2365 com-

2164 2409 2402 2452 mentum
2453 2398 2630 2464 istud,
2675 2407 2733 2453 ut
2781 2399 2884 2453 alia
2935 2400 3209 2469 pleraque,
3255 2400 3411 2469 cujus
3457 2417 3527 2457 ea
3557 2410 3641 2457 est
3686 2404 3733 2457 in

2141 2489 2427 2545 -Pha:done
2466 2492 2718 2559 assertio,
2756 2493 3033 2548 hominum
3083 2494 3360 2562 corporeis
3413 2495 3582 2549 rebus
3613 2494 3731 2549 dum

2162 2581 2409 2636 viverent
2458 2581 2844 2651 implicitorum
2914 2583 3125 2637 animas
3176 2582 3321 2638 circa
3385 2592 3731 2639 monumenta

2163 2672 2388 2738 versari,
2422 2674 2618 2742 quibus
2664 2689 2787 2729 cum
2843 2673 3227 2744 conspicabilis
3276 2675 3458 2744 aliqua
3494 2677 3732 2745 corporis

2160 2775 2287 2831 pars
2320 2761 2612 2817 etiamnum
2642 2764 2990 2825 adhzerescat,
3028 2763 3153 2818 hinc
3199 2762 3577 2818 tenebricosas
3617 2762 3729 2817 ani-

2163 2866 2368 2908 marum
2414 2854 2702 2925 imagines,
2748 2854 3103 2924 aspectabiles
3134 2855 3422 2911 exsiStere.
3473 2854 3607 2909 Eam
3650 2854 3730 2908 ni-

2162 2944 2453 2999 hilominus
2523 2946 2841 3000 seutentiam
2915 2946 3165 3015 repudiat
3228 2956 3364 3001 tom.
3443 2962 3617 3000 xxvm
3678 2946 3731 2999 in

2161 3035 2343 3102 Joan.,
2384 3053 2531 3091 num.
2559 3035 2613 3104 5,
2652 3039 3051 3107 absurdumque
3085 3052 3204 3093 esse
3248 3038 3498 3093 decernit
3549 3037 3731 3093 existi-

2163 3144 2311 3182 tnare
2370 3128 2641 3195 animam,
2686 3136 2967 3199 postquam
3029 3143 3259 3198 corpore
3324 3128 3557 3185 liberata
3613 3138 3727 3194 est,

2162 3228 2376 3275 mortuo
2411 3220 2671 3276 assidere.

2228 3312 2388 3366 Aliud
2420 3322 2681 3382 praeterea
2726 3314 2974 3384 supplicii
3018 3328 3189 3386 genus
3234 3311 3416 3367 notari
3452 3319 3607 3383 putat
3649 3310 3728 3366 his

2157 3400 2320 3459 Luca:
2354 3403 2561 3471 verbis,
2589 3406 2785 3475 quibus
2816 3406 3053 3462 futurum
3085 3405 3326 3459 minatur
3367 3402 3638 3467 Christus,
3673 3411 3730 3455 ut

2160 3493 2556 3563 imprudentem
2613 3510 2831 3551 servum
2889 3496 3176 3560 «dividat,
3232 3503 3558 3565 partemque
3615 3490 3726 3560 ejus

2159 3600 2279 3640 cum
2328 3585 2633 3641 infidelibus
2666 3586 2919 3656 ponat".
2955 3604 2975 3640 ι
3015 3584 3199 3641 Genus
3249 3593 3431 3639 autem
3486 3579 3724 3652 supplicii

2158 3675 2210 3730 id
2238 3690 2358 3730 esse
2388 3685 2559 3747 putat,
2587 3676 2907 3731 divisionem
2948 3675 3144 3730 anima:
3186 3690 3215 3729 a
3251 3673 3463 3744 Spiritu
3503 3683 3722 3735 sancto;

2156 3766 2241 3821 vel
2290 3766 2606 3822 divisionem
2662 3767 2942 3822 nobilioris
3004 3766 3173 3837 partis
3224 3767 3455 3832 animae,
3498 3778 3613 3834 qua:
3657 3762 3725 3814 ad

2157 3856 2442 3929 imaginem
2497 3866 2550 3913 et
2597 3858 2999 3913 similitudinem
3053 3856 3147 3913 Dei
3197 3855 3343 3912 facta
3387 3866 3510 3921 est,
3557 3855 3619 3909 ab
3659 3866 3721 3906 ea

2157 3956 2311 4017 parte
2333 3963 2452 4017 quae
2480 3963 2577 4019 per
2602 3947 2757 4004 liberi
2788 3948 3000 4003 arbitrii
3029 3948 3238 4018 lapsum
3272 3946 3572 4003 deformata
3600 3953 3716 4007 est;

2156 4038 2241 4094 vel
2273 4040 2589 4095 divisionem
2634 4041 2825 4095 animas
2871 4041 2939 4094 ab
2963 4038 3156 4109 angelo
3196 4038 3383 4094 tutela:
3417 4052 3527 4094 stne
3575 4049 3712 4105 prt-

2156 4127 2319 4185 fecto.
2350 4128 2456 4186 Sed
2483 4141 2538 4186 et
2564 4144 2807 4186 errorum
2853 4132 3108 4185 tenebras
3138 4138 3193 4184 et
3240 4129 3561 4198 ignorantia:
3586 4124 3719 4180 cali-

2156 4222 2335 4291 ginem
2371 4222 2486 4276 vult
2523 4222 2751 4292 exprimi
2784 4222 3019 4277 tenebris
3062 4220 3448 4284 exterioribus,
3494 4220 3560 4273 in.
3586 4228 3719 4285 quas

2157 4313 2293 4367 mitti
2317 4313 2470 4380 jubet
2504 4328 2626 4367 eum
2659 4324 2773 4373 rex.
2803 4312 2893 4380 qui
2928 4320 3077 4365 veste
3106 4310 3331 4379 nuptiali
3361 4323 3464 4364 non
3502 4307 3715 4362 indutus

2157 4404 2211 4457 in
2248 4403 2474 4473 nuptiali
2502 4402 2750 4458 cettvivio
2781 4402 3157 4459 discumbebat
3181 4401 3259 4466 ";
3289 4409 3346 4456 et
3389 4405 3593 4456 servum
3622 4410 3717 4449 ne-

2155 4510 2315 4564 quam
2347 4505 2401 4550 et
2436 4494 2667 4564 pigrum,
2710 4493 2801 4563 qui
2834 4493 3089 4549 talentum
3134 4493 3238 4549 sibi
3270 4492 3611 4547 commissum
3657 4486 3711 4540 in

2154 4595 2357 4643 terram
2397 4583 2762 4641 defoderat".
2800 4583 2923 4651 Quo
2959 4586 3171 4640 accedit
3213 4593 3433 4640 tractat.
3457 4595 3618 4636 xxxut
3655 4578 3712 4630 in

2156 4677 2373 4741 Matth.,
2401 4692 2552 4731 num.
2579 4674 2668 4741 69,
2698 4676 2952 4731 tenebras
2974 4674 3276 4730 exteriores
3306 4674 3380 4728 ita
3411 4682 3665 4741 exponens
3690 4681 3707 4719 :

2160 4788 2179 4820 ‹
2211 4769 2311 4825 Ubi
2348 4768 2493 4823 nulla
2524 4766 2843 4822 illuminatio
2872 4775 2975 4833 est,
3012 4766 3243 4821 forsitan
3277 4780 3381 4820 nec
3407 4758 3707 4833 corporalis.

2156 4875 2254 4915 nec
2295 4869 2379 4915 est
2414 4859 2679 4930 respectio
2712 4857 2805 4911 Dei
2848 4857 2991 4922 illic,
3038 4857 3132 4912 sed
3164 4858 3321 4926 quasi
3359 4854 3551 4925 indigni
3590 4864 3710 4918 spe-

2161 4952 2427 5006 culatione
2467 4950 2561 5005 Dei
2590 4949 2683 5020 qui
2717 4948 2843 5002 talia
2883 4956 3269 5017 peccaverunt,
3300 4947 3711 5002 condemnantur

2159 5044 2211 5097 in
2253 5044 2339 5098 his
2370 5057 2495 5112 qua:
2528 5040 2825 5098 exteriores
2869 5040 3102 5093 tenebras
3152 5039 3525 5109 appellantur:
3559 5029 3709 5086 forsi-

2158 5146 2245 5187 tan
2297 5135 2465 5189 donec
2510 5131 2907 5198 intellexerint,
2942 5139 3000 5184 ut
3044 5139 3433 5185 convertantur
3477 5134 3529 5180 et
3566 5119 3710 5189 digni

2151 5225 2449 5279 eﬂiciantur
2489 5225 2639 5279 exire
2669 5224 2737 5277 ab
2766 5224 2897 5278 eis.»
2935 5222 3106 5277 Aliter
3135 5230 3317 5275 tamen
3356 5217 3508 5287 paulo
3549 5221 3659 5284 post
3683 5227 3701 5263 ε

2151 5336 2169 5369 σ
2197 5316 2612 5372 Consideremus
2659 5329 2810 5385 ergo,
2858 5316 3066 5384 inquit,
3110 5314 3157 5369 si
3207 5321 3385 5382 potest
3419 5323 3539 5364 vera
3579 5315 3702 5357 esse

2145 5407 2411 5478 expositio
2451 5407 2590 5478 ejus,
2626 5414 2686 5460 ut
2711 5405 3015 5460 exteriores
3058 5402 3315 5458 tenebras
3363 5400 3475 5454 illas
3516 5391 3706 5449 intelli-

2144 5515 2368 5569 gamus,
2412 5508 2470 5553 ut
2517 5499 2737 5568 quidam
2790 5498 2943 5566 quasi
2998 5495 3203 5564 indigni
3254 5502 3366 5547 toto
3415 5486 3592 5544 mundo
3646 5484 3702 5534 in

2144 5592 2396 5662 abyssum
2422 5591 2593 5656 illam,
2618 5602 2778 5659 quam
2815 5589 2908 5644 ille
2936 5586 3211 5657 exposuit,
3239 5585 3383 5641 foras
3410 5579 3682 5654 ejiciuntur

3489 5782 3532 5817 ³⁸
3562 5778 3703 5833 an.

2131 5801 2182 5856 5.
2282 5796 2321 5832 ³¹
2345 5796 2533 5854 Μιιιιι.
2563 5812 2687 5863 XXV,
2724 5792 2817 5849 41.
2918 5793 2960 5826 ³²
3004 5790 3188 5849 Matth.
3225 5806 3278 5856 v,
3310 5788 3399 5842 ‘22.
