  <div class='ocr_page' id='page_1' title='image "/cluster/home/n/w/nwhite01/storage/ocr_20150623/17/hvd.32044051719607/514.png"; bbox 0 0 3914 6506; ppageno 0'>
   <div class='ocr_carea' id='block_1_1' title="bbox 274 405 407 458">
    <p class='ocr_par' dir='ltr' id='par_1_1' title="bbox 274 405 407 458">
     <span class='ocr_line' id='line_1_1' title="bbox 274 405 407 458; baseline 0 0"><span class='ocrx_word' id='word_1_1' title='bbox 274 405 407 458; x_wconf 70' lang='grc'><strong>1005</strong></span> 
     </span>
    </p>
   </div>
   <div class='ocr_carea' id='block_1_2' title="bbox 1115 395 2716 466">
    <p class='ocr_par' dir='ltr' id='par_1_2' title="bbox 1115 395 2716 466">
     <span class='ocr_line' id='line_1_2' title="bbox 1115 395 2716 466; baseline -0.001 -11"><span class='ocrx_word' id='word_1_2' title='bbox 1115 397 1683 456; x_wconf 81' lang='lat' dir='ltr'><strong>ORIGENIANORUM</strong></span> <span class='ocrx_word' id='word_1_3' title='bbox 1724 395 1854 452; x_wconf 83' lang='lat' dir='ltr'><strong>LIB.</strong></span> <span class='ocrx_word' id='word_1_4' title='bbox 1895 396 1960 462; x_wconf 89' lang='lat' dir='ltr'><strong>ll,</strong></span> <span class='ocrx_word' id='word_1_5' title='bbox 1998 398 2149 454; x_wconf 82' lang='lat' dir='ltr'><strong>CAP.</strong></span> <span class='ocrx_word' id='word_1_6' title='bbox 2192 398 2257 466; x_wconf 85' lang='lat' dir='ltr'><strong>ll,</strong></span> <span class='ocrx_word' id='word_1_7' title='bbox 2301 396 2579 466; x_wconf 66' lang='lat' dir='ltr'><strong>QUEST.</strong></span> <span class='ocrx_word' id='word_1_8' title='bbox 2622 399 2716 454; x_wconf 87' lang='lat' dir='ltr'><strong>XI.</strong></span> 
     </span>
    </p>
   </div>
   <div class='ocr_carea' id='block_1_3' title="bbox 2173 0 2956 18">
    <p class='ocr_par' dir='ltr' id='par_1_3' title="bbox 2173 0 2956 18">
     <span class='ocr_line' id='line_1_3' title="bbox 2173 0 2956 18; baseline 0.01 -8"><span class='ocrx_word' id='word_1_9' title='bbox 2173 4 2288 12; x_wconf 66' lang='lat'><strong>._—..——</strong></span> <span class='ocrx_word' id='word_1_10' title='bbox 2295 0 2662 14; x_wconf 46' lang='grc' dir='ltr'><strong>--μ-κζὲ-Ζέουν-κμ-</strong></span> <span class='ocrx_word' id='word_1_11' title='bbox 2669 8 2700 16; x_wconf 60' lang='grc'><strong>.-</strong></span> <span class='ocrx_word' id='word_1_12' title='bbox 2707 7 2748 15; x_wconf 52' lang='grc' dir='ltr'><strong>-εινπ</strong></span> <span class='ocrx_word' id='word_1_13' title='bbox 2757 8 2778 16; x_wconf 56' lang='grc' dir='ltr'><strong>η’.</strong></span> <span class='ocrx_word' id='word_1_14' title='bbox 2791 0 2800 16; x_wconf 59' lang='grc' dir='ltr'><strong>ίῖ</strong></span> <span class='ocrx_word' id='word_1_15' title='bbox 2809 13 2812 16; x_wconf 86' lang='lat'><strong>.</strong></span> <span class='ocrx_word' id='word_1_16' title='bbox 2833 8 2850 15; x_wconf 54' lang='grc'><strong>*-</strong></span> <span class='ocrx_word' id='word_1_17' title='bbox 2865 9 2884 17; x_wconf 79' lang='grc'><strong>-.</strong></span> <span class='ocrx_word' id='word_1_18' title='bbox 2895 8 2956 18; x_wconf 32' lang='grc' dir='ltr'><strong>κίχε</strong></span> 
     </span>
    </p>
   </div>
   <div class='ocr_carea' id='block_1_4' title="bbox 3381 407 3519 462">
    <p class='ocr_par' dir='ltr' id='par_1_4' title="bbox 3381 407 3519 462">
     <span class='ocr_line' id='line_1_4' title="bbox 3381 407 3519 462; baseline 0 0"><span class='ocrx_word' id='word_1_19' title='bbox 3381 407 3519 462; x_wconf 76' lang='grc'><strong>1000</strong></span> 
     </span>
    </p>
   </div>
   <div class='ocr_carea' id='block_1_5' title="bbox 273 510 3522 590">
    <p class='ocr_par' dir='ltr' id='par_1_5' title="bbox 273 510 3522 590">
     <span class='ocr_line' id='line_1_5' title="bbox 273 510 3522 590; baseline 0 -14"><span class='ocrx_word' id='word_1_20' title='bbox 273 521 326 576; x_wconf 91' lang='lat' dir='ltr'><strong>in</strong></span> <span class='ocrx_word' id='word_1_21' title='bbox 367 533 472 590; x_wconf 85' lang='lat' dir='ltr'><strong>qua</strong></span> <span class='ocrx_word' id='word_1_22' title='bbox 502 526 634 573; x_wconf 90' lang='lat' dir='ltr'><strong>sunt</strong></span> <span class='ocrx_word' id='word_1_23' title='bbox 665 517 918 581; x_wconf 68' lang='lat' dir='ltr'><strong>tenebrae,</strong></span> <span class='ocrx_word' id='word_1_24' title='bbox 959 516 1172 572; x_wconf 81' lang='lat' dir='ltr'><strong>nemine</strong></span> <span class='ocrx_word' id='word_1_25' title='bbox 1199 531 1293 572; x_wconf 90' lang='lat' dir='ltr'><strong>eas</strong></span> <span class='ocrx_word' id='word_1_26' title='bbox 1327 515 1686 582; x_wconf 88' lang='lat' dir='ltr'><strong>illuminante,</strong></span> <span class='ocrx_word' id='word_1_27' title='bbox 1719 531 1842 570; x_wconf 89' lang='lat' dir='ltr'><strong>cum</strong></span> <span class='ocrx_word' id='word_1_28' title='bbox 1873 515 1921 571; x_wconf 85' lang='lat' dir='ltr'><strong>A</strong></span> <span class='ocrx_word' id='word_1_29' title='bbox 2025 510 2152 566; x_wconf 84' lang='lat' dir='ltr'><strong>Vlll.</strong></span> <span class='ocrx_word' id='word_1_30' title='bbox 2204 511 2566 568; x_wconf 82' lang='lat' dir='ltr'><strong>Nihilominus</strong></span> <span class='ocrx_word' id='word_1_31' title='bbox 2610 522 2788 589; x_wconf 89' lang='lat' dir='ltr'><strong>tamen</strong></span> <span class='ocrx_word' id='word_1_32' title='bbox 2832 513 3121 586; x_wconf 89' lang='lat' dir='ltr'><strong>multorum</strong></span> <span class='ocrx_word' id='word_1_33' title='bbox 3165 520 3522 576; x_wconf 91' lang='lat' dir='ltr'><strong>consensione</strong></span> 
     </span>
    </p>
   </div>
   <div class='ocr_carea' id='block_1_6' title="bbox 273 611 1124 671">
    <p class='ocr_par' dir='ltr' id='par_1_6' title="bbox 273 611 1124 671">
     <span class='ocr_line' id='line_1_6' title="bbox 273 611 1124 671; baseline -0.013 0"><span class='ocrx_word' id='word_1_34' title='bbox 273 616 375 671; x_wconf 79' lang='lat' dir='ltr'><strong>sint</strong></span> <span class='ocrx_word' id='word_1_35' title='bbox 398 619 555 667; x_wconf 80' lang='lat' dir='ltr'><strong>extra</strong></span> <span class='ocrx_word' id='word_1_36' title='bbox 586 620 762 665; x_wconf 91' lang='lat' dir='ltr'><strong>totum</strong></span> <span class='ocrx_word' id='word_1_37' title='bbox 794 611 1072 666; x_wconf 87' lang='lat' dir='ltr'><strong>mundum.</strong></span> <span class='ocrx_word' id='word_1_38' title='bbox 1101 628 1124 660; x_wconf 84' lang='grc'><strong>›</strong></span> 
     </span>
    </p>
   </div>
   <div class='ocr_carea' id='block_1_7' title="bbox 322 702 1844 774">
    <p class='ocr_par' dir='ltr' id='par_1_7' title="bbox 322 702 1844 774">
     <span class='ocr_line' id='line_1_7' title="bbox 322 702 1844 774; baseline 0 -15"><span class='ocrx_word' id='word_1_39' title='bbox 322 704 703 774; x_wconf 87' lang='lat' dir='ltr'><strong>Cujuscunque</strong></span> <span class='ocrx_word' id='word_1_40' title='bbox 725 719 886 772; x_wconf 91' lang='lat' dir='ltr'><strong>porro</strong></span> <span class='ocrx_word' id='word_1_41' title='bbox 899 702 1114 774; x_wconf 79' lang='lat' dir='ltr'><strong>generis</strong></span> <span class='ocrx_word' id='word_1_42' title='bbox 1129 703 1238 757; x_wconf 90' lang='lat' dir='ltr'><strong>sint</strong></span> <span class='ocrx_word' id='word_1_43' title='bbox 1257 716 1450 772; x_wconf 70' lang='lat' dir='ltr'><strong>ptenae,</strong></span> <span class='ocrx_word' id='word_1_44' title='bbox 1468 702 1844 759; x_wconf 76' lang='lat' dir='ltr'><strong>vehementius</strong></span> 
     </span>
    </p>
   </div>
   <div class='ocr_carea' id='block_1_8' title="bbox 211 794 1844 869">
    <p class='ocr_par' dir='ltr' id='par_1_8' title="bbox 211 794 1844 869">
     <span class='ocr_line' id='line_1_8' title="bbox 211 794 1844 869; baseline -0.001 -16"><span class='ocrx_word' id='word_1_45' title='bbox 211 865 214 869; x_wconf 20' lang='grc' dir='ltr'><strong><em>ν</em></strong></span> <span class='ocrx_word' id='word_1_46' title='bbox 274 799 335 853; x_wconf 91' lang='lat' dir='ltr'><strong>iis</strong></span> <span class='ocrx_word' id='word_1_47' title='bbox 373 796 678 852; x_wconf 88' lang='lat' dir='ltr'><strong>cruciatum</strong></span> <span class='ocrx_word' id='word_1_48' title='bbox 713 796 777 849; x_wconf 94' lang='lat' dir='ltr'><strong>iri</strong></span> <span class='ocrx_word' id='word_1_49' title='bbox 810 809 1032 863; x_wconf 90' lang='lat' dir='ltr'><strong>corpora</strong></span> <span class='ocrx_word' id='word_1_50' title='bbox 1063 802 1236 862; x_wconf 89' lang='lat' dir='ltr'><strong>putat,</strong></span> <span class='ocrx_word' id='word_1_51' title='bbox 1265 794 1462 863; x_wconf 77' lang='lat' dir='ltr'><strong>quibus</strong></span> <span class='ocrx_word' id='word_1_52' title='bbox 1490 805 1844 865; x_wconf 88' lang='lat' dir='ltr'><strong>resurgentes</strong></span> 
     </span>
    </p>
   </div>
   <div class='ocr_carea' id='block_1_9' title="bbox 275 885 1842 958">
    <p class='ocr_par' dir='ltr' id='par_1_9' title="bbox 275 885 1842 958">
     <span class='ocr_line' id='line_1_9' title="bbox 275 885 1842 958; baseline 0 -16"><span class='ocrx_word' id='word_1_53' title='bbox 275 891 588 952; x_wconf 89' lang='lat' dir='ltr'><strong>induemur;</strong></span> <span class='ocrx_word' id='word_1_54' title='bbox 618 895 805 957; x_wconf 84' lang='lat' dir='ltr'><strong>utpote</strong></span> <span class='ocrx_word' id='word_1_55' title='bbox 828 885 1104 941; x_wconf 84' lang='lat' dir='ltr'><strong>subtiliora</strong></span> <span class='ocrx_word' id='word_1_56' title='bbox 1134 895 1188 940; x_wconf 89' lang='lat' dir='ltr'><strong>et</strong></span> <span class='ocrx_word' id='word_1_57' title='bbox 1216 885 1502 955; x_wconf 89' lang='lat' dir='ltr'><strong>spiritalia,</strong></span> <span class='ocrx_word' id='word_1_58' title='bbox 1527 902 1690 955; x_wconf 87' lang='lat' dir='ltr'><strong>quam</strong></span> <span class='ocrx_word' id='word_1_59' title='bbox 1721 903 1842 958; x_wconf 76' lang='lat' dir='ltr'><strong>qua:</strong></span> 
     </span>
    </p>
   </div>
   <div class='ocr_carea' id='block_1_10' title="bbox 275 979 1842 1050">
    <p class='ocr_par' dir='ltr' id='par_1_10' title="bbox 275 979 1842 1050">
     <span class='ocr_line' id='line_1_10' title="bbox 275 979 1842 1050; baseline 0 -14"><span class='ocrx_word' id='word_1_60' title='bbox 275 983 368 1036; x_wconf 89' lang='lat' dir='ltr'><strong>hac</strong></span> <span class='ocrx_word' id='word_1_61' title='bbox 391 981 446 1034; x_wconf 93' lang='lat' dir='ltr'><strong>in</strong></span> <span class='ocrx_word' id='word_1_62' title='bbox 469 980 585 1034; x_wconf 87' lang='lat' dir='ltr'><strong>vita</strong></span> <span class='ocrx_word' id='word_1_63' title='bbox 611 988 917 1049; x_wconf 83' lang='lat' dir='ltr'><strong>gestamus;</strong></span> <span class='ocrx_word' id='word_1_64' title='bbox 943 979 1392 1048; x_wconf 85' lang='lat' dir='ltr'><strong>quemadmodum</strong></span> <span class='ocrx_word' id='word_1_65' title='bbox 1417 980 1622 1033; x_wconf 89' lang='lat' dir='ltr'><strong>nudum</strong></span> <span class='ocrx_word' id='word_1_66' title='bbox 1644 996 1842 1050; x_wconf 89' lang='lat' dir='ltr'><strong>corpus</strong></span> 
     </span>
    </p>
   </div>
   <div class='ocr_carea' id='block_1_11' title="bbox 274 1071 1844 1140">
    <p class='ocr_par' dir='ltr' id='par_1_11' title="bbox 274 1071 1844 1140">
     <span class='ocr_line' id='line_1_11' title="bbox 274 1071 1844 1140; baseline 0.001 -13"><span class='ocrx_word' id='word_1_67' title='bbox 274 1072 474 1127; x_wconf 90' lang='lat' dir='ltr'><strong>mollius</strong></span> <span class='ocrx_word' id='word_1_68' title='bbox 503 1081 589 1126; x_wconf 90' lang='lat' dir='ltr'><strong>est</strong></span> <span class='ocrx_word' id='word_1_69' title='bbox 617 1074 686 1126; x_wconf 89' lang='lat' dir='ltr'><strong>ad</strong></span> <span class='ocrx_word' id='word_1_70' title='bbox 716 1073 962 1135; x_wconf 88' lang='lat' dir='ltr'><strong>verbera,</strong></span> <span class='ocrx_word' id='word_1_71' title='bbox 991 1072 1162 1140; x_wconf 86' lang='lat' dir='ltr'><strong>iisque</strong></span> <span class='ocrx_word' id='word_1_72' title='bbox 1190 1071 1368 1125; x_wconf 90' lang='lat' dir='ltr'><strong>acrius</strong></span> <span class='ocrx_word' id='word_1_73' title='bbox 1390 1071 1645 1138; x_wconf 73' lang='lat' dir='ltr'><strong>adicitur,</strong></span> <span class='ocrx_word' id='word_1_74' title='bbox 1679 1088 1844 1140; x_wconf 88' lang='lat' dir='ltr'><strong>quam</strong></span> 
     </span>
    </p>
   </div>
   <div class='ocr_carea' id='block_1_12' title="bbox 212 1162 1840 1232">
    <p class='ocr_par' dir='ltr' id='par_1_12' title="bbox 212 1162 1840 1232">
     <span class='ocr_line' id='line_1_12' title="bbox 212 1162 1840 1232; baseline -0.001 -13"><span class='ocrx_word' id='word_1_75' title='bbox 212 1196 218 1206; x_wconf 94' lang='lat'>-</span> <span class='ocrx_word' id='word_1_76' title='bbox 272 1164 314 1219; x_wconf 82' lang='lat' dir='ltr'><strong>si</strong></span> <span class='ocrx_word' id='word_1_77' title='bbox 341 1174 491 1217; x_wconf 84' lang='lat' dir='ltr'><strong>veste</strong></span> <span class='ocrx_word' id='word_1_78' title='bbox 514 1172 860 1232; x_wconf 76' lang='lat' dir='ltr'><strong>contegatur.</strong></span> <span class='ocrx_word' id='word_1_79' title='bbox 896 1163 1067 1217; x_wconf 89' lang='lat' dir='ltr'><strong>Verba</strong></span> <span class='ocrx_word' id='word_1_80' title='bbox 1098 1162 1346 1230; x_wconf 87' lang='lat' dir='ltr'><strong>Origenis</strong></span> <span class='ocrx_word' id='word_1_81' title='bbox 1372 1177 1403 1218; x_wconf 92' lang='lat' dir='ltr'><strong>e</strong></span> <span class='ocrx_word' id='word_1_82' title='bbox 1443 1163 1840 1218; x_wconf 78' lang='lat' dir='ltr'><strong>Commentario</strong></span> 
     </span>
    </p>
   </div>
   <div class='ocr_carea' id='block_1_13' title="bbox 273 1254 1842 1326">
    <p class='ocr_par' dir='ltr' id='par_1_13' title="bbox 273 1254 1842 1326">
     <span class='ocr_line' id='line_1_13' title="bbox 273 1254 1842 1326; baseline 0.003 -17"><span class='ocrx_word' id='word_1_83' title='bbox 273 1256 320 1309; x_wconf 86' lang='lat' dir='ltr'><strong>in</strong></span> <span class='ocrx_word' id='word_1_84' title='bbox 347 1255 533 1323; x_wconf 74' lang='lat' dir='ltr'><strong>psalm.</strong></span> <span class='ocrx_word' id='word_1_85' title='bbox 583 1271 672 1319; x_wconf 85' lang='lat' dir='ltr'><strong>vr,</strong></span> <span class='ocrx_word' id='word_1_86' title='bbox 720 1271 843 1325; x_wconf 76' lang='lat' dir='ltr'><strong>pag.</strong></span> <span class='ocrx_word' id='word_1_87' title='bbox 869 1254 992 1319; x_wconf 84' lang='lat'><strong>580,</strong></span> <span class='ocrx_word' id='word_1_88' title='bbox 1036 1255 1346 1324; x_wconf 89' lang='lat' dir='ltr'><strong>Pamphilus</strong></span> <span class='ocrx_word' id='word_1_89' title='bbox 1383 1257 1434 1309; x_wconf 91' lang='lat' dir='ltr'><strong>in</strong></span> <span class='ocrx_word' id='word_1_90' title='bbox 1466 1257 1722 1326; x_wconf 78' lang='lat' dir='ltr'><strong>Apologia</strong></span> <span class='ocrx_word' id='word_1_91' title='bbox 1755 1274 1842 1313; x_wconf 82' lang='lat' dir='ltr'><strong>re-</strong></span> 
     </span>
    </p>
   </div>
   <div class='ocr_carea' id='block_1_14' title="bbox 275 1346 1842 1418">
    <p class='ocr_par' dir='ltr' id='par_1_14' title="bbox 275 1346 1842 1418">
     <span class='ocr_line' id='line_1_14' title="bbox 275 1346 1842 1418; baseline 0.001 -16"><span class='ocrx_word' id='word_1_92' title='bbox 275 1348 469 1402; x_wconf 79' lang='lat' dir='ltr'><strong>citavit.</strong></span> <span class='ocrx_word' id='word_1_93' title='bbox 515 1346 764 1416; x_wconf 88' lang='lat' dir='ltr'><strong>Denique</strong></span> <span class='ocrx_word' id='word_1_94' title='bbox 807 1347 1168 1418; x_wconf 83' lang='lat' dir='ltr'><strong>Hieronymus</strong></span> <span class='ocrx_word' id='word_1_95' title='bbox 1212 1349 1266 1402; x_wconf 92' lang='lat' dir='ltr'><strong>in</strong></span> <span class='ocrx_word' id='word_1_96' title='bbox 1301 1348 1462 1416; x_wconf 90' lang='lat' dir='ltr'><strong>epist.</strong></span> <span class='ocrx_word' id='word_1_97' title='bbox 1489 1348 1581 1412; x_wconf 81' lang='lat'><strong>95,</strong></span> <span class='ocrx_word' id='word_1_98' title='bbox 1610 1349 1677 1403; x_wconf 89' lang='lat' dir='ltr'><strong>ad</strong></span> <span class='ocrx_word' id='word_1_99' title='bbox 1708 1351 1842 1405; x_wconf 83' lang='lat' dir='ltr'><strong>Avi-</strong></span> 
     </span>
    </p>
   </div>
   <div class='ocr_carea' id='block_1_15' title="bbox 275 1438 1839 1509">
    <p class='ocr_par' dir='ltr' id='par_1_15' title="bbox 275 1438 1839 1509">
     <span class='ocr_line' id='line_1_15' title="bbox 275 1438 1839 1509; baseline 0.003 -17"><span class='ocrx_word' id='word_1_100' title='bbox 275 1448 396 1503; x_wconf 89' lang='lat' dir='ltr'><strong>tum,</strong></span> <span class='ocrx_word' id='word_1_101' title='bbox 426 1453 550 1506; x_wconf 88' lang='lat' dir='ltr'><strong>cap.</strong></span> <span class='ocrx_word' id='word_1_102' title='bbox 575 1439 628 1503; x_wconf 87' lang='grc'><strong>1,</strong></span> <span class='ocrx_word' id='word_1_103' title='bbox 663 1439 949 1507; x_wconf 83' lang='lat' dir='ltr'><strong>scripsisse</strong></span> <span class='ocrx_word' id='word_1_104' title='bbox 976 1438 1266 1509; x_wconf 88' lang='lat' dir='ltr'><strong>Origeuem</strong></span> <span class='ocrx_word' id='word_1_105' title='bbox 1297 1439 1466 1494; x_wconf 86' lang='lat' dir='ltr'><strong>refert</strong></span> <span class='ocrx_word' id='word_1_106' title='bbox 1495 1441 1548 1494; x_wconf 91' lang='lat' dir='ltr'><strong>in</strong></span> <span class='ocrx_word' id='word_1_107' title='bbox 1585 1440 1691 1496; x_wconf 85' lang='lat' dir='ltr'><strong>ﬁne</strong></span> <span class='ocrx_word' id='word_1_108' title='bbox 1716 1441 1839 1497; x_wconf 88' lang='lat' dir='ltr'><strong>libri</strong></span> 
     </span>
    </p>
   </div>
   <div class='ocr_carea' id='block_1_16' title="bbox 271 1529 1840 1602">
    <p class='ocr_par' dir='ltr' id='par_1_16' title="bbox 271 1529 1840 1602">
     <span class='ocr_line' id='line_1_16' title="bbox 271 1529 1840 1602; baseline 0.004 -18"><span class='ocrx_word' id='word_1_109' title='bbox 271 1530 420 1600; x_wconf 88' lang='lat' dir='ltr'><strong>primi</strong></span> <span class='ocrx_word' id='word_1_110' title='bbox 459 1531 602 1599; x_wconf 78' lang='grc' dir='ltr'><strong>Περὶ</strong></span> <span class='ocrx_word' id='word_1_111' title='bbox 655 1529 878 1601; x_wconf 78' lang='grc' dir='ltr'><strong>ἀρχῶν,</strong></span> <span class='ocrx_word' id='word_1_112' title='bbox 913 1531 1145 1584; x_wconf 89' lang='lat' dir='ltr'><strong>animam</strong></span> <span class='ocrx_word' id='word_1_113' title='bbox 1185 1533 1509 1602; x_wconf 87' lang='lat' dir='ltr'><strong>quandoque</strong></span> <span class='ocrx_word' id='word_1_114' title='bbox 1555 1551 1572 1584; x_wconf 76' lang='grc' dir='ltr'><strong>ι</strong></span> <span class='ocrx_word' id='word_1_115' title='bbox 1605 1548 1704 1602; x_wconf 94' lang='lat' dir='ltr'><strong>pro</strong></span> <span class='ocrx_word' id='word_1_116' title='bbox 1735 1534 1840 1590; x_wconf 86' lang='lat' dir='ltr'><strong>do-</strong></span> 
     </span>
    </p>
   </div>
   <div class='ocr_carea' id='block_1_17' title="bbox 275 1623 1840 1695">
    <p class='ocr_par' dir='ltr' id='par_1_17' title="bbox 275 1623 1840 1695">
     <span class='ocr_line' id='line_1_17' title="bbox 275 1623 1840 1695; baseline 0.003 -18"><span class='ocrx_word' id='word_1_117' title='bbox 275 1623 378 1677; x_wconf 88' lang='lat' dir='ltr'><strong>lore</strong></span> <span class='ocrx_word' id='word_1_118' title='bbox 413 1637 700 1692; x_wconf 66' lang='lat' dir='ltr'><strong>poenarum</strong></span> <span class='ocrx_word' id='word_1_119' title='bbox 747 1632 804 1678; x_wconf 91' lang='lat' dir='ltr'><strong>et</strong></span> <span class='ocrx_word' id='word_1_120' title='bbox 858 1623 995 1693; x_wconf 91' lang='lat' dir='ltr'><strong>ignis</strong></span> <span class='ocrx_word' id='word_1_121' title='bbox 1039 1623 1256 1687; x_wconf 87' lang='lat' dir='ltr'><strong>ardore,</strong></span> <span class='ocrx_word' id='word_1_122' title='bbox 1297 1624 1472 1695; x_wconf 91' lang='lat' dir='ltr'><strong>magis</strong></span> <span class='ocrx_word' id='word_1_123' title='bbox 1518 1624 1719 1695; x_wconf 89' lang='lat' dir='ltr'><strong>eligere</strong></span> <span class='ocrx_word' id='word_1_124' title='bbox 1779 1636 1840 1681; x_wconf 89' lang='lat' dir='ltr'><strong>ut</strong></span> 
     </span>
    </p>
   </div>
   <div class='ocr_carea' id='block_1_18' title="bbox 273 1711 1838 1784">
    <p class='ocr_par' dir='ltr' id='par_1_18' title="bbox 273 1711 1838 1784">
     <span class='ocr_line' id='line_1_18' title="bbox 273 1711 1838 1784; baseline 0.002 -16"><span class='ocrx_word' id='word_1_125' title='bbox 273 1714 480 1769; x_wconf 88' lang='lat' dir='ltr'><strong>brutum</strong></span> <span class='ocrx_word' id='word_1_126' title='bbox 528 1713 734 1768; x_wconf 89' lang='lat' dir='ltr'><strong>animal</strong></span> <span class='ocrx_word' id='word_1_127' title='bbox 769 1711 862 1778; x_wconf 88' lang='lat' dir='ltr'><strong>sit.</strong></span> <span class='ocrx_word' id='word_1_128' title='bbox 905 1721 961 1768; x_wconf 92' lang='lat' dir='ltr'><strong>et</strong></span> <span class='ocrx_word' id='word_1_129' title='bbox 996 1714 1047 1768; x_wconf 92' lang='lat' dir='ltr'><strong>in</strong></span> <span class='ocrx_word' id='word_1_130' title='bbox 1085 1715 1240 1784; x_wconf 86' lang='lat' dir='ltr'><strong>aquis</strong></span> <span class='ocrx_word' id='word_1_131' title='bbox 1280 1715 1515 1777; x_wconf 89' lang='lat' dir='ltr'><strong>habitet,</strong></span> <span class='ocrx_word' id='word_1_132' title='bbox 1561 1724 1616 1770; x_wconf 91' lang='lat' dir='ltr'><strong>et</strong></span> <span class='ocrx_word' id='word_1_133' title='bbox 1657 1714 1838 1771; x_wconf 83' lang='lat' dir='ltr'><strong>ﬂucti-</strong></span> 
     </span>
    </p>
   </div>
   <div class='ocr_carea' id='block_1_19' title="bbox 271 1803 1837 1877">
    <p class='ocr_par' dir='ltr' id='par_1_19' title="bbox 271 1803 1837 1877">
     <span class='ocr_line' id='line_1_19' title="bbox 271 1803 1837 1877; baseline 0.004 -18"><span class='ocrx_word' id='word_1_134' title='bbox 271 1803 399 1871; x_wconf 91' lang='lat' dir='ltr'><strong>bus,</strong></span> <span class='ocrx_word' id='word_1_135' title='bbox 441 1819 504 1860; x_wconf 89' lang='lat' dir='ltr'><strong>ac</strong></span> <span class='ocrx_word' id='word_1_136' title='bbox 547 1818 750 1875; x_wconf 89' lang='lat' dir='ltr'><strong>corpus</strong></span> <span class='ocrx_word' id='word_1_137' title='bbox 796 1818 1074 1861; x_wconf 85' lang='lat' dir='ltr'><strong>assumere</strong></span> <span class='ocrx_word' id='word_1_138' title='bbox 1125 1805 1284 1876; x_wconf 88' lang='lat' dir='ltr'><strong>hujus</strong></span> <span class='ocrx_word' id='word_1_139' title='bbox 1335 1805 1421 1862; x_wconf 87' lang='lat' dir='ltr'><strong>vel</strong></span> <span class='ocrx_word' id='word_1_140' title='bbox 1472 1804 1617 1864; x_wconf 87' lang='lat' dir='ltr'><strong>illius</strong></span> <span class='ocrx_word' id='word_1_141' title='bbox 1673 1822 1837 1877; x_wconf 85' lang='lat' dir='ltr'><strong>peco-</strong></span> 
     </span>
    </p>
   </div>
   <div class='ocr_carea' id='block_1_20' title="bbox 271 1897 361 1951">
    <p class='ocr_par' dir='ltr' id='par_1_20' title="bbox 271 1897 361 1951">
     <span class='ocr_line' id='line_1_20' title="bbox 271 1897 361 1951; baseline -0.011 0"><span class='ocrx_word' id='word_1_142' title='bbox 271 1897 361 1951; x_wconf 90' lang='lat' dir='ltr'><strong>ris.</strong></span> 
     </span>
    </p>
   </div>
   <div class='ocr_carea' id='block_1_21' title="bbox 335 1988 1834 2065">
    <p class='ocr_par' dir='ltr' id='par_1_21' title="bbox 335 1988 1834 2065">
     <span class='ocr_line' id='line_1_21' title="bbox 335 1988 1834 2065; baseline 0.003 -20"><span class='ocrx_word' id='word_1_143' title='bbox 335 1988 441 2045; x_wconf 83' lang='lat' dir='ltr'><strong>VII.</strong></span> <span class='ocrx_word' id='word_1_144' title='bbox 482 1989 837 2060; x_wconf 78' lang='lat' dir='ltr'><strong>Multiplicem</strong></span> <span class='ocrx_word' id='word_1_145' title='bbox 872 2001 1293 2048; x_wconf 81' lang='lat' dir='ltr'><strong>commemorata</strong></span> <span class='ocrx_word' id='word_1_146' title='bbox 1324 1992 1576 2063; x_wconf 82' lang='lat' dir='ltr'><strong>dogmata</strong></span> <span class='ocrx_word' id='word_1_147' title='bbox 1617 1991 1834 2065; x_wconf 85' lang='lat' dir='ltr'><strong>Origeni</strong></span> 
     </span>
    </p>
   </div>
   <div class='ocr_carea' id='block_1_22' title="bbox 272 2082 1831 2154">
    <p class='ocr_par' dir='ltr' id='par_1_22' title="bbox 272 2082 1831 2154">
     <span class='ocr_line' id='line_1_22' title="bbox 272 2082 1831 2154; baseline 0.003 -19"><span class='ocrx_word' id='word_1_148' title='bbox 272 2082 734 2149; x_wconf 77' lang='lat' dir='ltr'><strong>exprobrationem</strong></span> <span class='ocrx_word' id='word_1_149' title='bbox 784 2098 1063 2154; x_wconf 85' lang='lat' dir='ltr'><strong>peperere.</strong></span> <span class='ocrx_word' id='word_1_150' title='bbox 1113 2083 1258 2139; x_wconf 90' lang='lat' dir='ltr'><strong>Inter</strong></span> <span class='ocrx_word' id='word_1_151' title='bbox 1305 2083 1408 2138; x_wconf 88' lang='lat' dir='ltr'><strong>alia</strong></span> <span class='ocrx_word' id='word_1_152' title='bbox 1468 2083 1739 2152; x_wconf 86' lang='lat' dir='ltr'><strong>objectum</strong></span> <span class='ocrx_word' id='word_1_153' title='bbox 1781 2084 1831 2140; x_wconf 92' lang='lat' dir='ltr'><strong>ei</strong></span> 
     </span>
    </p>
   </div>
   <div class='ocr_carea' id='block_1_23' title="bbox 273 2173 1833 2247">
    <p class='ocr_par' dir='ltr' id='par_1_23' title="bbox 273 2173 1833 2247">
     <span class='ocr_line' id='line_1_23' title="bbox 273 2173 1833 2247; baseline 0.002 -19"><span class='ocrx_word' id='word_1_154' title='bbox 273 2185 448 2228; x_wconf 89' lang='lat' dir='ltr'><strong>narrat</strong></span> <span class='ocrx_word' id='word_1_155' title='bbox 499 2173 819 2244; x_wconf 84' lang='lat' dir='ltr'><strong>Pamphilus</strong></span> <span class='ocrx_word' id='word_1_156' title='bbox 878 2177 932 2231; x_wconf 93' lang='lat' dir='ltr'><strong>in</strong></span> <span class='ocrx_word' id='word_1_157' title='bbox 995 2175 1349 2247; x_wconf 82' lang='lat' dir='ltr'><strong>Apologetico,</strong></span> <span class='ocrx_word' id='word_1_158' title='bbox 1398 2190 1630 2246; x_wconf 82' lang='lat' dir='ltr'><strong>negasse</strong></span> <span class='ocrx_word' id='word_1_159' title='bbox 1683 2175 1833 2232; x_wconf 90' lang='lat' dir='ltr'><strong>illum</strong></span> 
     </span>
    </p>
   </div>
   <div class='ocr_carea' id='block_1_24' title="bbox 274 2268 1830 2338">
    <p class='ocr_par' dir='ltr' id='par_1_24' title="bbox 274 2268 1830 2338">
     <span class='ocr_line' id='line_1_24' title="bbox 274 2268 1830 2338; baseline 0.001 -16"><span class='ocrx_word' id='word_1_160' title='bbox 274 2268 508 2324; x_wconf 87' lang='lat' dir='ltr'><strong>scelestis</strong></span> <span class='ocrx_word' id='word_1_161' title='bbox 546 2268 829 2324; x_wconf 89' lang='lat' dir='ltr'><strong>inferenda</strong></span> <span class='ocrx_word' id='word_1_162' title='bbox 865 2268 1157 2338; x_wconf 85' lang='lat' dir='ltr'><strong>supplicia;</strong></span> <span class='ocrx_word' id='word_1_163' title='bbox 1204 2269 1346 2338; x_wconf 88' lang='lat' dir='ltr'><strong>quod</strong></span> <span class='ocrx_word' id='word_1_164' title='bbox 1380 2283 1593 2338; x_wconf 62' lang='lat' dir='ltr'><strong>paruam</strong></span> <span class='ocrx_word' id='word_1_165' title='bbox 1622 2284 1830 2335; x_wconf 83' lang='lat' dir='ltr'><strong>sensus,</strong></span> 
     </span>
    </p>
   </div>
   <div class='ocr_carea' id='block_1_25' title="bbox 272 2357 1838 2432">
    <p class='ocr_par' dir='ltr' id='par_1_25' title="bbox 272 2357 1838 2432">
     <span class='ocr_line' id='line_1_25' title="bbox 272 2357 1838 2432; baseline 0.003 -19"><span class='ocrx_word' id='word_1_166' title='bbox 272 2367 326 2414; x_wconf 97' lang='grc' dir='ltr'><strong>ιιι</strong></span> <span class='ocrx_word' id='word_1_167' title='bbox 354 2357 579 2426; x_wconf 88' lang='lat' dir='ltr'><strong>vocant,</strong></span> <span class='ocrx_word' id='word_1_168' title='bbox 631 2361 882 2415; x_wconf 88' lang='lat' dir='ltr'><strong>videatur</strong></span> <span class='ocrx_word' id='word_1_169' title='bbox 927 2360 1241 2427; x_wconf 89' lang='lat' dir='ltr'><strong>sustulisse,</strong></span> <span class='ocrx_word' id='word_1_170' title='bbox 1289 2375 1410 2414; x_wconf 92' lang='lat' dir='ltr'><strong>cum</strong></span> <span class='ocrx_word' id='word_1_171' title='bbox 1449 2359 1631 2432; x_wconf 89' lang='lat' dir='ltr'><strong>ignem</strong></span> <span class='ocrx_word' id='word_1_172' title='bbox 1677 2372 1838 2418; x_wconf 69' lang='lat' dir='ltr'><strong>teter-</strong></span> 
     </span>
    </p>
   </div>
   <div class='ocr_carea' id='block_1_26' title="bbox 274 2452 1837 2524">
    <p class='ocr_par' dir='ltr' id='par_1_26' title="bbox 274 2452 1837 2524">
     <span class='ocr_line' id='line_1_26' title="bbox 274 2452 1837 2524; baseline 0.003 -18"><span class='ocrx_word' id='word_1_173' title='bbox 274 2468 390 2506; x_wconf 88' lang='lat' dir='ltr'><strong>num</strong></span> <span class='ocrx_word' id='word_1_174' title='bbox 445 2453 837 2523; x_wconf 88' lang='lat' dir='ltr'><strong>interpretatus</strong></span> <span class='ocrx_word' id='word_1_175' title='bbox 893 2462 975 2508; x_wconf 90' lang='lat' dir='ltr'><strong>est</strong></span> <span class='ocrx_word' id='word_1_176' title='bbox 1038 2452 1478 2524; x_wconf 88' lang='lat' dir='ltr'><strong>perturbationes</strong></span> <span class='ocrx_word' id='word_1_177' title='bbox 1531 2454 1735 2520; x_wconf 91' lang='lat' dir='ltr'><strong>animi,</strong></span> <span class='ocrx_word' id='word_1_178' title='bbox 1781 2464 1837 2512; x_wconf 90' lang='lat' dir='ltr'><strong>et</strong></span> 
     </span>
    </p>
   </div>
   <div class='ocr_carea' id='block_1_27' title="bbox 272 2542 1834 2616">
    <p class='ocr_par' dir='ltr' id='par_1_27' title="bbox 272 2542 1834 2616">
     <span class='ocr_line' id='line_1_27' title="bbox 272 2542 1834 2616; baseline 0.002 -18"><span class='ocrx_word' id='word_1_179' title='bbox 272 2544 604 2599; x_wconf 75' lang='lat' dir='ltr'><strong>conscientia:</strong></span> <span class='ocrx_word' id='word_1_180' title='bbox 647 2544 914 2599; x_wconf 88' lang='lat' dir='ltr'><strong>stimulos.</strong></span> <span class='ocrx_word' id='word_1_181' title='bbox 955 2544 1030 2600; x_wconf 87' lang='lat' dir='ltr'><strong>Eo</strong></span> <span class='ocrx_word' id='word_1_182' title='bbox 1075 2553 1319 2614; x_wconf 87' lang='lat' dir='ltr'><strong>spectant</strong></span> <span class='ocrx_word' id='word_1_183' title='bbox 1367 2544 1474 2599; x_wconf 90' lang='lat' dir='ltr'><strong>ista</strong></span> <span class='ocrx_word' id='word_1_184' title='bbox 1523 2542 1834 2616; x_wconf 85' lang='lat' dir='ltr'><strong>Hieronymi</strong></span> 
     </span>
    </p>
   </div>
   <div class='ocr_carea' id='block_1_28' title="bbox 269 2633 1838 2706">
    <p class='ocr_par' dir='ltr' id='par_1_28' title="bbox 269 2633 1838 2706">
     <span class='ocr_line' id='line_1_28' title="bbox 269 2633 1838 2706; baseline 0.003 -18"><span class='ocrx_word' id='word_1_185' title='bbox 269 2633 354 2690; x_wconf 91' lang='lat' dir='ltr'><strong>lib.</strong></span> <span class='ocrx_word' id='word_1_186' title='bbox 377 2650 434 2690; x_wconf 89' lang='grc' dir='ltr'><strong>ιιι</strong></span> <span class='ocrx_word' id='word_1_187' title='bbox 477 2636 533 2688; x_wconf 86' lang='lat' dir='ltr'><strong>in</strong></span> <span class='ocrx_word' id='word_1_188' title='bbox 570 2634 745 2704; x_wconf 81' lang='lat' dir='ltr'><strong>Epist.</strong></span> <span class='ocrx_word' id='word_1_189' title='bbox 775 2636 843 2689; x_wconf 83' lang='lat' dir='ltr'><strong>ad</strong></span> <span class='ocrx_word' id='word_1_190' title='bbox 870 2636 1066 2706; x_wconf 82' lang='lat' dir='ltr'><strong>Ephes.</strong></span> <span class='ocrx_word' id='word_1_191' title='bbox 1088 2653 1143 2702; x_wconf 86' lang='lat' dir='ltr'><strong>v,</strong></span> <span class='ocrx_word' id='word_1_192' title='bbox 1175 2636 1248 2691; x_wconf 89' lang='lat'><strong>6:</strong></span> <span class='ocrx_word' id='word_1_193' title='bbox 1288 2652 1307 2688; x_wconf 75' lang='grc' dir='ltr'><strong>ι</strong></span> <span class='ocrx_word' id='word_1_194' title='bbox 1335 2634 1472 2703; x_wconf 86' lang='lat' dir='ltr'><strong>Quia</strong></span> <span class='ocrx_word' id='word_1_195' title='bbox 1510 2636 1675 2706; x_wconf 84' lang='lat' dir='ltr'><strong>igitur</strong></span> <span class='ocrx_word' id='word_1_196' title='bbox 1713 2647 1838 2692; x_wconf 91' lang='lat' dir='ltr'><strong>sunt</strong></span> 
     </span>
    </p>
   </div>
   <div class='ocr_carea' id='block_1_29' title="bbox 267 2725 1836 2799">
    <p class='ocr_par' dir='ltr' id='par_1_29' title="bbox 267 2725 1836 2799">
     <span class='ocr_line' id='line_1_29' title="bbox 267 2725 1836 2799; baseline 0.004 -18"><span class='ocrx_word' id='word_1_197' title='bbox 267 2725 520 2798; x_wconf 80' lang='lat' dir='ltr'><strong>plerique,</strong></span> <span class='ocrx_word' id='word_1_198' title='bbox 560 2729 655 2798; x_wconf 90' lang='lat' dir='ltr'><strong>qui</strong></span> <span class='ocrx_word' id='word_1_199' title='bbox 695 2729 881 2784; x_wconf 89' lang='lat' dir='ltr'><strong>dicunt</strong></span> <span class='ocrx_word' id='word_1_200' title='bbox 927 2743 1034 2784; x_wconf 92' lang='lat' dir='ltr'><strong>non</strong></span> <span class='ocrx_word' id='word_1_201' title='bbox 1081 2729 1260 2784; x_wconf 89' lang='lat' dir='ltr'><strong>futura</strong></span> <span class='ocrx_word' id='word_1_202' title='bbox 1294 2743 1395 2799; x_wconf 92' lang='lat' dir='ltr'><strong>pro</strong></span> <span class='ocrx_word' id='word_1_203' title='bbox 1427 2731 1668 2799; x_wconf 91' lang='lat' dir='ltr'><strong>peccatis</strong></span> <span class='ocrx_word' id='word_1_204' title='bbox 1715 2745 1836 2787; x_wconf 90' lang='lat' dir='ltr'><strong>esse</strong></span> 
     </span>
    </p>
   </div>
   <div class='ocr_carea' id='block_1_30' title="bbox 267 2820 1834 2890">
    <p class='ocr_par' dir='ltr' id='par_1_30' title="bbox 267 2820 1834 2890">
     <span class='ocr_line' id='line_1_30' title="bbox 267 2820 1834 2890; baseline 0.002 -14"><span class='ocrx_word' id='word_1_205' title='bbox 267 2821 536 2890; x_wconf 85' lang='lat' dir='ltr'><strong>supplicia,</strong></span> <span class='ocrx_word' id='word_1_206' title='bbox 572 2835 674 2877; x_wconf 88' lang='lat' dir='ltr'><strong>nec</strong></span> <span class='ocrx_word' id='word_1_207' title='bbox 705 2822 1049 2878; x_wconf 81' lang='lat' dir='ltr'><strong>extrinsecus</strong></span> <span class='ocrx_word' id='word_1_208' title='bbox 1075 2820 1377 2876; x_wconf 88' lang='lat' dir='ltr'><strong>adhibenda</strong></span> <span class='ocrx_word' id='word_1_209' title='bbox 1410 2830 1709 2888; x_wconf 89' lang='lat' dir='ltr'><strong>tormenta,</strong></span> <span class='ocrx_word' id='word_1_210' title='bbox 1739 2823 1834 2879; x_wconf 83' lang='lat' dir='ltr'><strong>sed</strong></span> 
     </span>
    </p>
   </div>
   <div class='ocr_carea' id='block_1_31' title="bbox 267 2912 1835 2985">
    <p class='ocr_par' dir='ltr' id='par_1_31' title="bbox 267 2912 1835 2985">
     <span class='ocr_line' id='line_1_31' title="bbox 267 2912 1835 2985; baseline 0.004 -20"><span class='ocrx_word' id='word_1_211' title='bbox 267 2912 427 2982; x_wconf 89' lang='lat' dir='ltr'><strong>ipsum</strong></span> <span class='ocrx_word' id='word_1_212' title='bbox 477 2921 761 2984; x_wconf 86' lang='lat' dir='ltr'><strong>peccatum</strong></span> <span class='ocrx_word' id='word_1_213' title='bbox 788 2953 803 2978; x_wconf 94' lang='lat'><strong>,</strong></span> <span class='ocrx_word' id='word_1_214' title='bbox 845 2920 900 2967; x_wconf 91' lang='lat' dir='ltr'><strong>et</strong></span> <span class='ocrx_word' id='word_1_215' title='bbox 945 2913 1328 2969; x_wconf 88' lang='lat' dir='ltr'><strong>conscientiam</strong></span> <span class='ocrx_word' id='word_1_216' title='bbox 1362 2914 1542 2971; x_wconf 89' lang='lat' dir='ltr'><strong>delicti</strong></span> <span class='ocrx_word' id='word_1_217' title='bbox 1586 2931 1708 2972; x_wconf 89' lang='lat' dir='ltr'><strong>esse</strong></span> <span class='ocrx_word' id='word_1_218' title='bbox 1738 2930 1835 2985; x_wconf 92' lang='lat' dir='ltr'><strong>pro</strong></span> 
     </span>
    </p>
   </div>
   <div class='ocr_carea' id='block_1_32' title="bbox 265 3005 1830 3074">
    <p class='ocr_par' dir='ltr' id='par_1_32' title="bbox 265 3005 1830 3074">
     <span class='ocr_line' id='line_1_32' title="bbox 265 3005 1830 3074; baseline 0.003 -15"><span class='ocrx_word' id='word_1_219' title='bbox 265 3019 446 3074; x_wconf 67' lang='lat' dir='ltr'><strong>poena,</strong></span> <span class='ocrx_word' id='word_1_220' title='bbox 477 3006 606 3061; x_wconf 88' lang='lat' dir='ltr'><strong>dum</strong></span> <span class='ocrx_word' id='word_1_221' title='bbox 657 3006 861 3062; x_wconf 87' lang='lat' dir='ltr'><strong>vermis</strong></span> <span class='ocrx_word' id='word_1_222' title='bbox 908 3005 961 3060; x_wconf 91' lang='lat' dir='ltr'><strong>in</strong></span> <span class='ocrx_word' id='word_1_223' title='bbox 1006 3007 1170 3062; x_wconf 87' lang='lat' dir='ltr'><strong>corde</strong></span> <span class='ocrx_word' id='word_1_224' title='bbox 1204 3022 1310 3061; x_wconf 93' lang='lat' dir='ltr'><strong>non</strong></span> <span class='ocrx_word' id='word_1_225' title='bbox 1363 3007 1613 3074; x_wconf 88' lang='lat' dir='ltr'><strong>moritur,</strong></span> <span class='ocrx_word' id='word_1_226' title='bbox 1667 3017 1723 3064; x_wconf 90' lang='lat' dir='ltr'><strong>et</strong></span> <span class='ocrx_word' id='word_1_227' title='bbox 1777 3009 1830 3064; x_wconf 94' lang='lat' dir='ltr'><strong>in</strong></span> 
     </span>
    </p>
   </div>
   <div class='ocr_carea' id='block_1_33' title="bbox 264 3085 1832 3167">
    <p class='ocr_par' dir='ltr' id='par_1_33' title="bbox 264 3085 1832 3167">
     <span class='ocr_line' id='line_1_33' title="bbox 264 3085 1832 3167; baseline 0.001 -18"><span class='ocrx_word' id='word_1_228' title='bbox 264 3097 431 3151; x_wconf 84' lang='lat' dir='ltr'><strong>animo</strong></span> <span class='ocrx_word' id='word_1_229' title='bbox 473 3097 618 3167; x_wconf 83' lang='lat' dir='ltr'><strong>ignis</strong></span> <span class='ocrx_word' id='word_1_230' title='bbox 666 3095 1007 3162; x_wconf 89' lang='lat' dir='ltr'><strong>accenditur,</strong></span> <span class='ocrx_word' id='word_1_231' title='bbox 1056 3093 1110 3150; x_wconf 93' lang='lat' dir='ltr'><strong>in</strong></span> <span class='ocrx_word' id='word_1_232' title='bbox 1163 3095 1577 3152; x_wconf 88' lang='lat' dir='ltr'><strong>similitudinem</strong></span> <span class='ocrx_word' id='word_1_233' title='bbox 1630 3085 1832 3162; x_wconf 66' lang='lat' dir='ltr'><strong>febris,</strong></span> 
     </span>
    </p>
   </div>
   <div class='ocr_carea' id='block_1_34' title="bbox 260 3187 1832 3258">
    <p class='ocr_par' dir='ltr' id='par_1_34' title="bbox 260 3187 1832 3258">
     <span class='ocr_line' id='line_1_34' title="bbox 260 3187 1832 3258; baseline 0.002 -18"><span class='ocrx_word' id='word_1_234' title='bbox 260 3202 369 3258; x_wconf 72' lang='lat' dir='ltr'><strong>qua:</strong></span> <span class='ocrx_word' id='word_1_235' title='bbox 393 3203 500 3242; x_wconf 91' lang='lat' dir='ltr'><strong>non</strong></span> <span class='ocrx_word' id='word_1_236' title='bbox 542 3195 763 3257; x_wconf 88' lang='lat' dir='ltr'><strong>torquet</strong></span> <span class='ocrx_word' id='word_1_237' title='bbox 789 3187 1129 3242; x_wconf 82' lang='lat' dir='ltr'><strong>extrinsecus</strong></span> <span class='ocrx_word' id='word_1_238' title='bbox 1155 3197 1534 3256; x_wconf 70' lang='lat' dir='ltr'><strong>aegrotantem,</strong></span> <span class='ocrx_word' id='word_1_239' title='bbox 1575 3188 1670 3244; x_wconf 88' lang='lat' dir='ltr'><strong>sed</strong></span> <span class='ocrx_word' id='word_1_240' title='bbox 1709 3202 1832 3244; x_wconf 88' lang='lat' dir='ltr'><strong>cor-</strong></span> 
     </span>
    </p>
   </div>
   <div class='ocr_carea' id='block_1_35' title="bbox 258 3276 1831 3347">
    <p class='ocr_par' dir='ltr' id='par_1_35' title="bbox 258 3276 1831 3347">
     <span class='ocr_line' id='line_1_35' title="bbox 258 3276 1831 3347; baseline 0.001 -16"><span class='ocrx_word' id='word_1_241' title='bbox 258 3292 380 3347; x_wconf 91' lang='lat' dir='ltr'><strong>pora</strong></span> <span class='ocrx_word' id='word_1_242' title='bbox 425 3278 541 3347; x_wconf 89' lang='lat' dir='ltr'><strong>ipsa</strong></span> <span class='ocrx_word' id='word_1_243' title='bbox 598 3276 902 3346; x_wconf 90' lang='lat' dir='ltr'><strong>corripiens</strong></span> <span class='ocrx_word' id='word_1_244' title='bbox 961 3277 1146 3346; x_wconf 89' lang='lat' dir='ltr'><strong>punit,</strong></span> <span class='ocrx_word' id='word_1_245' title='bbox 1187 3278 1305 3332; x_wconf 86' lang='lat' dir='ltr'><strong>sine</strong></span> <span class='ocrx_word' id='word_1_246' title='bbox 1351 3279 1688 3334; x_wconf 89' lang='lat' dir='ltr'><strong>cruciatuum</strong></span> <span class='ocrx_word' id='word_1_247' title='bbox 1733 3293 1831 3334; x_wconf 79' lang='lat' dir='ltr'><strong>ex-</strong></span> 
     </span>
    </p>
   </div>
   <div class='ocr_carea' id='block_1_36' title="bbox 261 3370 1830 3443">
    <p class='ocr_par' dir='ltr' id='par_1_36' title="bbox 261 3370 1830 3443">
     <span class='ocr_line' id='line_1_36' title="bbox 261 3370 1830 3443; baseline 0.001 -17"><span class='ocrx_word' id='word_1_248' title='bbox 261 3371 527 3427; x_wconf 86' lang='lat' dir='ltr'><strong>trinsecus</strong></span> <span class='ocrx_word' id='word_1_249' title='bbox 563 3370 924 3437; x_wconf 89' lang='lat' dir='ltr'><strong>adhibitione,</strong></span> <span class='ocrx_word' id='word_1_250' title='bbox 967 3386 1103 3441; x_wconf 90' lang='lat' dir='ltr'><strong>quos</strong></span> <span class='ocrx_word' id='word_1_251' title='bbox 1137 3371 1400 3440; x_wconf 89' lang='lat' dir='ltr'><strong>possidet.</strong></span> <span class='ocrx_word' id='word_1_252' title='bbox 1428 3391 1447 3423; x_wconf 76' lang='grc' dir='ltr'><strong>ι</strong></span> <span class='ocrx_word' id='word_1_253' title='bbox 1491 3371 1656 3426; x_wconf 85' lang='lat' dir='ltr'><strong>Notat</strong></span> <span class='ocrx_word' id='word_1_254' title='bbox 1688 3387 1830 3443; x_wconf 70' lang='lat' dir='ltr'><strong>prae-</strong></span> 
     </span>
    </p>
   </div>
   <div class='ocr_carea' id='block_1_37' title="bbox 189 3463 1830 3538">
    <p class='ocr_par' dir='ltr' id='par_1_37' title="bbox 189 3463 1830 3538">
     <span class='ocr_line' id='line_1_37' title="bbox 189 3463 1830 3538; baseline -0.001 -14"><span class='ocrx_word' id='word_1_255' title='bbox 189 3485 192 3487; x_wconf 61' lang='lat'><strong>‘</strong></span> <span class='ocrx_word' id='word_1_256' title='bbox 259 3475 400 3524; x_wconf 86' lang='lat' dir='ltr'><strong>terea</strong></span> <span class='ocrx_word' id='word_1_257' title='bbox 441 3468 813 3538; x_wconf 85' lang='lat' dir='ltr'><strong>Hieronymus</strong></span> <span class='ocrx_word' id='word_1_258' title='bbox 857 3468 910 3522; x_wconf 92' lang='lat' dir='ltr'><strong>in</strong></span> <span class='ocrx_word' id='word_1_259' title='bbox 949 3469 1108 3538; x_wconf 87' lang='lat' dir='ltr'><strong>epist.</strong></span> <span class='ocrx_word' id='word_1_260' title='bbox 1133 3467 1224 3536; x_wconf 87' lang='lat'><strong>59,</strong></span> <span class='ocrx_word' id='word_1_261' title='bbox 1266 3468 1332 3523; x_wconf 88' lang='lat' dir='ltr'><strong>ad</strong></span> <span class='ocrx_word' id='word_1_262' title='bbox 1364 3466 1535 3533; x_wconf 87' lang='lat' dir='ltr'><strong>Avit.,</strong></span> <span class='ocrx_word' id='word_1_263' title='bbox 1567 3481 1688 3536; x_wconf 88' lang='lat' dir='ltr'><strong>cap.</strong></span> <span class='ocrx_word' id='word_1_264' title='bbox 1717 3463 1830 3523; x_wconf 73' lang='grc'><strong>1-4.</strong></span> 
     </span>
    </p>
   </div>
   <div class='ocr_carea' id='block_1_38' title="bbox 255 3557 1836 3631">
    <p class='ocr_par' dir='ltr' id='par_1_38' title="bbox 255 3557 1836 3631">
     <span class='ocr_line' id='line_1_38' title="bbox 255 3557 1836 3631; baseline 0.001 -14"><span class='ocrx_word' id='word_1_265' title='bbox 255 3558 541 3627; x_wconf 75' lang='lat' dir='ltr'><strong>Origenem</strong></span> <span class='ocrx_word' id='word_1_266' title='bbox 572 3559 787 3616; x_wconf 79' lang='lat' dir='ltr'><strong>dixisse</strong></span> <span class='ocrx_word' id='word_1_267' title='bbox 822 3559 1032 3616; x_wconf 89' lang='lat' dir='ltr'><strong>animas</strong></span> <span class='ocrx_word' id='word_1_268' title='bbox 1058 3574 1157 3631; x_wconf 89' lang='lat' dir='ltr'><strong>pro</strong></span> <span class='ocrx_word' id='word_1_269' title='bbox 1186 3560 1473 3615; x_wconf 87' lang='lat' dir='ltr'><strong>criminum</strong></span> <span class='ocrx_word' id='word_1_270' title='bbox 1505 3558 1662 3614; x_wconf 92' lang='lat' dir='ltr'><strong>modo</strong></span> <span class='ocrx_word' id='word_1_271' title='bbox 1687 3557 1836 3618; x_wconf 74' lang='lat' dir='ltr'><strong>eras-</strong></span> 
     </span>
    </p>
   </div>
   <div class='ocr_carea' id='block_1_39' title="bbox 259 3651 1836 3724">
    <p class='ocr_par' dir='ltr' id='par_1_39' title="bbox 259 3651 1836 3724">
     <span class='ocr_line' id='line_1_39' title="bbox 259 3651 1836 3724; baseline -0.002 -15"><span class='ocrx_word' id='word_1_272' title='bbox 259 3655 494 3710; x_wconf 88' lang='lat' dir='ltr'><strong>sioribus</strong></span> <span class='ocrx_word' id='word_1_273' title='bbox 526 3653 834 3718; x_wconf 81' lang='lat' dir='ltr'><strong>hominum,</strong></span> <span class='ocrx_word' id='word_1_274' title='bbox 870 3652 956 3708; x_wconf 86' lang='lat' dir='ltr'><strong>vel</strong></span> <span class='ocrx_word' id='word_1_275' title='bbox 980 3653 1372 3724; x_wconf 88' lang='lat' dir='ltr'><strong>jumentorum,</strong></span> <span class='ocrx_word' id='word_1_276' title='bbox 1413 3651 1498 3708; x_wconf 89' lang='lat' dir='ltr'><strong>vel</strong></span> <span class='ocrx_word' id='word_1_277' title='bbox 1526 3653 1687 3708; x_wconf 88' lang='lat' dir='ltr'><strong>etiam</strong></span> <span class='ocrx_word' id='word_1_278' title='bbox 1723 3653 1836 3707; x_wconf 66' lang='lat' dir='ltr'><strong>daa-</strong></span> 
     </span>
    </p>
   </div>
   <div class='ocr_carea' id='block_1_40' title="bbox 252 3745 1832 3821">
    <p class='ocr_par' dir='ltr' id='par_1_40' title="bbox 252 3745 1832 3821">
     <span class='ocr_line' id='line_1_40' title="bbox 252 3745 1832 3821; baseline -0.006 -15"><span class='ocrx_word' id='word_1_279' title='bbox 252 3767 464 3807; x_wconf 91' lang='lat' dir='ltr'><strong>monum</strong></span> <span class='ocrx_word' id='word_1_280' title='bbox 531 3750 856 3821; x_wconf 87' lang='lat' dir='ltr'><strong>corporibus</strong></span> <span class='ocrx_word' id='word_1_281' title='bbox 924 3749 1182 3814; x_wconf 88' lang='lat' dir='ltr'><strong>immitti,</strong></span> <span class='ocrx_word' id='word_1_282' title='bbox 1239 3747 1571 3815; x_wconf 86' lang='lat' dir='ltr'><strong>easdemque</strong></span> <span class='ocrx_word' id='word_1_283' title='bbox 1631 3745 1832 3812; x_wconf 89' lang='lat' dir='ltr'><strong>resipi-</strong></span> 
     </span>
    </p>
   </div>
   <div class='ocr_carea' id='block_1_41' title="bbox 248 3833 1834 3912">
    <p class='ocr_par' dir='ltr' id='par_1_41' title="bbox 248 3833 1834 3912">
     <span class='ocr_line' id='line_1_41' title="bbox 248 3833 1834 3912; baseline -0.007 -15"><span class='ocrx_word' id='word_1_284' title='bbox 248 3854 457 3899; x_wconf 83' lang='lat' dir='ltr'><strong>scentes</strong></span> <span class='ocrx_word' id='word_1_285' title='bbox 501 3841 568 3896; x_wconf 91' lang='lat' dir='ltr'><strong>ad</strong></span> <span class='ocrx_word' id='word_1_286' title='bbox 621 3838 937 3912; x_wconf 83' lang='lat' dir='ltr'><strong>angelorum</strong></span> <span class='ocrx_word' id='word_1_287' title='bbox 973 3847 1220 3893; x_wconf 89' lang='lat' dir='ltr'><strong>naturam</strong></span> <span class='ocrx_word' id='word_1_288' title='bbox 1255 3835 1436 3892; x_wconf 88' lang='lat' dir='ltr'><strong>redire</strong></span> <span class='ocrx_word' id='word_1_289' title='bbox 1477 3851 1492 3890; x_wconf 88' lang='lat'><strong>:</strong></span> <span class='ocrx_word' id='word_1_290' title='bbox 1542 3836 1685 3904; x_wconf 93' lang='lat' dir='ltr'><strong>quod</strong></span> <span class='ocrx_word' id='word_1_291' title='bbox 1719 3833 1834 3902; x_wconf 82' lang='lat' dir='ltr'><strong>jam</strong></span> 
     </span>
    </p>
   </div>
   <div class='ocr_carea' id='block_1_42' title="bbox 245 3925 1830 3999">
    <p class='ocr_par' dir='ltr' id='par_1_42' title="bbox 245 3925 1830 3999">
     <span class='ocr_line' id='line_1_42' title="bbox 245 3925 1830 3999; baseline -0.006 -12"><span class='ocrx_word' id='word_1_292' title='bbox 245 3932 680 3990; x_wconf 88' lang='lat' dir='ltr'><strong>observavimus.</strong></span> <span class='ocrx_word' id='word_1_293' title='bbox 708 3932 868 3987; x_wconf 84' lang='lat' dir='ltr'><strong>Addit</strong></span> <span class='ocrx_word' id='word_1_294' title='bbox 896 3945 1014 3999; x_wconf 89' lang='lat' dir='ltr'><strong>cap.</strong></span> <span class='ocrx_word' id='word_1_295' title='bbox 1039 3929 1076 3983; x_wconf 79' lang='grc'><strong>9.</strong></span> <span class='ocrx_word' id='word_1_296' title='bbox 1107 3938 1378 3984; x_wconf 91' lang='lat' dir='ltr'><strong>tormenta</strong></span> <span class='ocrx_word' id='word_1_297' title='bbox 1408 3941 1531 3983; x_wconf 90' lang='lat' dir='ltr'><strong>eum</strong></span> <span class='ocrx_word' id='word_1_298' title='bbox 1564 3935 1622 3980; x_wconf 90' lang='lat' dir='ltr'><strong>et</strong></span> <span class='ocrx_word' id='word_1_299' title='bbox 1652 3925 1830 3996; x_wconf 85' lang='lat' dir='ltr'><strong>ignem</strong></span> 
     </span>
    </p>
   </div>
   <div class='ocr_carea' id='block_1_43' title="bbox 245 4017 1832 4096">
    <p class='ocr_par' dir='ltr' id='par_1_43' title="bbox 245 4017 1832 4096">
     <span class='ocr_line' id='line_1_43' title="bbox 245 4017 1832 4096; baseline -0.008 -14"><span class='ocrx_word' id='word_1_300' title='bbox 245 4029 501 4096; x_wconf 81' lang='lat' dir='ltr'><strong>gehenna:</strong></span> <span class='ocrx_word' id='word_1_301' title='bbox 541 4027 596 4080; x_wconf 91' lang='lat' dir='ltr'><strong>in</strong></span> <span class='ocrx_word' id='word_1_302' title='bbox 648 4023 982 4080; x_wconf 89' lang='lat' dir='ltr'><strong>conscientia</strong></span> <span class='ocrx_word' id='word_1_303' title='bbox 1019 4031 1366 4093; x_wconf 89' lang='lat' dir='ltr'><strong>peccatorum</strong></span> <span class='ocrx_word' id='word_1_304' title='bbox 1419 4020 1556 4074; x_wconf 82' lang='lat' dir='ltr'><strong>libro</strong></span> <span class='ocrx_word' id='word_1_305' title='bbox 1600 4034 1638 4072; x_wconf 89' lang='grc' dir='ltr'><strong>ιι</strong></span> <span class='ocrx_word' id='word_1_306' title='bbox 1688 4017 1832 4085; x_wconf 76' lang='grc' dir='ltr'><strong>Περὶ</strong></span> 
     </span>
    </p>
   </div>
   <div class='ocr_carea' id='block_1_44' title="bbox 243 4109 1830 4190">
    <p class='ocr_par' dir='ltr' id='par_1_44' title="bbox 243 4109 1830 4190">
     <span class='ocr_line' id='line_1_44' title="bbox 243 4109 1830 4190; baseline -0.006 -18"><span class='ocrx_word' id='word_1_307' title='bbox 243 4118 439 4188; x_wconf 76' lang='grc' dir='ltr'><strong>ἀρχῶν</strong></span> <span class='ocrx_word' id='word_1_308' title='bbox 471 4117 748 4190; x_wconf 91' lang='lat' dir='ltr'><strong>posuisse.</strong></span> <span class='ocrx_word' id='word_1_309' title='bbox 775 4115 917 4186; x_wconf 89' lang='lat' dir='ltr'><strong>quod</strong></span> <span class='ocrx_word' id='word_1_310' title='bbox 959 4114 1119 4170; x_wconf 91' lang='lat' dir='ltr'><strong>iterat</strong></span> <span class='ocrx_word' id='word_1_311' title='bbox 1149 4112 1302 4183; x_wconf 83' lang='lat' dir='ltr'><strong>Apol.</strong></span> <span class='ocrx_word' id='word_1_312' title='bbox 1331 4116 1404 4177; x_wconf 84' lang='lat' dir='ltr'><strong>tt‘,</strong></span> <span class='ocrx_word' id='word_1_313' title='bbox 1440 4125 1559 4179; x_wconf 90' lang='lat' dir='ltr'><strong>cap.</strong></span> <span class='ocrx_word' id='word_1_314' title='bbox 1589 4109 1642 4174; x_wconf 87' lang='grc'><strong>1,</strong></span> <span class='ocrx_word' id='word_1_315' title='bbox 1684 4117 1741 4163; x_wconf 92' lang='lat' dir='ltr'><strong>et</strong></span> <span class='ocrx_word' id='word_1_316' title='bbox 1775 4109 1830 4163; x_wconf 93' lang='lat' dir='ltr'><strong>in</strong></span> 
     </span>
    </p>
   </div>
   <div class='ocr_carea' id='block_1_45' title="bbox 247 4199 1829 4277">
    <p class='ocr_par' dir='ltr' id='par_1_45' title="bbox 247 4199 1829 4277">
     <span class='ocr_line' id='line_1_45' title="bbox 247 4199 1829 4277; baseline -0.009 -10"><span class='ocrx_word' id='word_1_317' title='bbox 247 4209 656 4267; x_wconf 85' lang='lat' dir='ltr'><strong>Commentariis</strong></span> <span class='ocrx_word' id='word_1_318' title='bbox 715 4209 772 4262; x_wconf 80' lang='lat' dir='ltr'><strong>in</strong></span> <span class='ocrx_word' id='word_1_319' title='bbox 828 4207 1000 4277; x_wconf 75' lang='lat' dir='ltr'><strong>Epist.</strong></span> <span class='ocrx_word' id='word_1_320' title='bbox 1043 4208 1114 4261; x_wconf 84' lang='lat' dir='ltr'><strong>ad</strong></span> <span class='ocrx_word' id='word_1_321' title='bbox 1153 4205 1383 4274; x_wconf 80' lang='lat' dir='ltr'><strong>Ephes.,</strong></span> <span class='ocrx_word' id='word_1_322' title='bbox 1428 4218 1550 4270; x_wconf 86' lang='lat' dir='ltr'><strong>cap.</strong></span> <span class='ocrx_word' id='word_1_323' title='bbox 1594 4200 1628 4255; x_wconf 80' lang='grc'><strong>5</strong></span> <span class='ocrx_word' id='word_1_324' title='bbox 1665 4210 1719 4255; x_wconf 85' lang='lat' dir='ltr'><strong>et</strong></span> <span class='ocrx_word' id='word_1_325' title='bbox 1774 4199 1829 4254; x_wconf 87' lang='lat'><strong>6.</strong></span> 
     </span>
    </p>
   </div>
   <div class='ocr_carea' id='block_1_46' title="bbox 248 4291 1832 4372">
    <p class='ocr_par' dir='ltr' id='par_1_46' title="bbox 248 4291 1832 4372">
     <span class='ocr_line' id='line_1_46' title="bbox 248 4291 1832 4372; baseline -0.011 -12"><span class='ocrx_word' id='word_1_326' title='bbox 248 4303 507 4372; x_wconf 87' lang='lat' dir='ltr'><strong>Queritur</strong></span> <span class='ocrx_word' id='word_1_327' title='bbox 535 4312 758 4372; x_wconf 89' lang='lat' dir='ltr'><strong>quoque</strong></span> <span class='ocrx_word' id='word_1_328' title='bbox 782 4299 921 4370; x_wconf 90' lang='lat' dir='ltr'><strong>apud</strong></span> <span class='ocrx_word' id='word_1_329' title='bbox 955 4299 1314 4368; x_wconf 83' lang='lat' dir='ltr'><strong>Augustinum</strong></span> <span class='ocrx_word' id='word_1_330' title='bbox 1342 4293 1568 4350; x_wconf 85' lang='lat' dir='ltr'><strong>Orosius</strong></span> <span class='ocrx_word' id='word_1_331' title='bbox 1597 4292 1652 4347; x_wconf 89' lang='lat' dir='ltr'><strong>in</strong></span> <span class='ocrx_word' id='word_1_332' title='bbox 1684 4291 1832 4346; x_wconf 85' lang='lat' dir='ltr'><strong>Com-</strong></span> 
     </span>
    </p>
   </div>
   <div class='ocr_carea' id='block_1_47' title="bbox 243 4383 1827 4461">
    <p class='ocr_par' dir='ltr' id='par_1_47' title="bbox 243 4383 1827 4461">
     <span class='ocr_line' id='line_1_47' title="bbox 243 4383 1827 4461; baseline -0.008 -13"><span class='ocrx_word' id='word_1_333' title='bbox 243 4396 549 4460; x_wconf 81' lang='lat' dir='ltr'><strong>monitorio,</strong></span> <span class='ocrx_word' id='word_1_334' title='bbox 597 4392 813 4461; x_wconf 89' lang='lat' dir='ltr'><strong>jactare</strong></span> <span class='ocrx_word' id='word_1_335' title='bbox 876 4389 1065 4444; x_wconf 92' lang='lat' dir='ltr'><strong>solitos</strong></span> <span class='ocrx_word' id='word_1_336' title='bbox 1133 4387 1471 4457; x_wconf 89' lang='lat' dir='ltr'><strong>Origenistas</strong></span> <span class='ocrx_word' id='word_1_337' title='bbox 1524 4383 1827 4454; x_wconf 82' lang='lat' dir='ltr'><strong>quosdam.</strong></span> 
     </span>
    </p>
   </div>
   <div class='ocr_carea' id='block_1_48' title="bbox 243 4477 1827 4554">
    <p class='ocr_par' dir='ltr' id='par_1_48' title="bbox 243 4477 1827 4554">
     <span class='ocr_line' id='line_1_48' title="bbox 243 4477 1827 4554; baseline -0.006 -18"><span class='ocrx_word' id='word_1_338' title='bbox 243 4497 265 4536; x_wconf 72' lang='grc' dir='ltr'><strong>ι</strong></span> <span class='ocrx_word' id='word_1_339' title='bbox 304 4485 489 4554; x_wconf 90' lang='lat' dir='ltr'><strong>Ignem</strong></span> <span class='ocrx_word' id='word_1_340' title='bbox 539 4491 806 4536; x_wconf 69' lang='lat' dir='ltr'><strong>aeternum</strong></span> <span class='ocrx_word' id='word_1_341' title='bbox 848 4493 954 4548; x_wconf 92' lang='lat' dir='ltr'><strong>quo</strong></span> <span class='ocrx_word' id='word_1_342' title='bbox 988 4487 1304 4546; x_wconf 83' lang='lat' dir='ltr'><strong>peccatores</strong></span> <span class='ocrx_word' id='word_1_343' title='bbox 1356 4477 1672 4546; x_wconf 90' lang='lat' dir='ltr'><strong>puniantur,</strong></span> <span class='ocrx_word' id='word_1_344' title='bbox 1720 4489 1827 4527; x_wconf 91' lang='lat' dir='ltr'><strong>non</strong></span> 
     </span>
    </p>
   </div>
   <div class='ocr_carea' id='block_1_49' title="bbox 1947 603 3523 679">
    <p class='ocr_par' dir='ltr' id='par_1_49' title="bbox 1947 603 3523 679">
     <span class='ocr_line' id='line_1_49' title="bbox 1947 603 3523 679; baseline 0.006 -22"><span class='ocrx_word' id='word_1_345' title='bbox 1947 611 2003 658; x_wconf 89' lang='lat' dir='ltr'><strong>et</strong></span> <span class='ocrx_word' id='word_1_346' title='bbox 2048 604 2353 672; x_wconf 89' lang='lat' dir='ltr'><strong>patrocinio</strong></span> <span class='ocrx_word' id='word_1_347' title='bbox 2409 613 2593 659; x_wconf 91' lang='lat' dir='ltr'><strong>noster</strong></span> <span class='ocrx_word' id='word_1_348' title='bbox 2631 603 2893 674; x_wconf 88' lang='lat' dir='ltr'><strong>Origenes</strong></span> <span class='ocrx_word' id='word_1_349' title='bbox 2939 605 3268 671; x_wconf 83' lang='lat' dir='ltr'><strong>defenditur,</strong></span> <span class='ocrx_word' id='word_1_350' title='bbox 3317 624 3523 679; x_wconf 88' lang='lat' dir='ltr'><strong>suaque</strong></span> 
     </span>
    </p>
   </div>
   <div class='ocr_carea' id='block_1_50' title="bbox 1946 691 3523 767">
    <p class='ocr_par' dir='ltr' id='par_1_50' title="bbox 1946 691 3523 767">
     <span class='ocr_line' id='line_1_50' title="bbox 1946 691 3523 767; baseline 0.008 -23"><span class='ocrx_word' id='word_1_351' title='bbox 1946 691 2213 762; x_wconf 84' lang='lat' dir='ltr'><strong>imprimis</strong></span> <span class='ocrx_word' id='word_1_352' title='bbox 2235 692 2592 758; x_wconf 90' lang='lat' dir='ltr'><strong>dubitatione,</strong></span> <span class='ocrx_word' id='word_1_353' title='bbox 2618 708 2738 747; x_wconf 92' lang='lat' dir='ltr'><strong>cum</strong></span> <span class='ocrx_word' id='word_1_354' title='bbox 2766 693 2860 750; x_wconf 89' lang='lat' dir='ltr'><strong>lib.</strong></span> <span class='ocrx_word' id='word_1_355' title='bbox 2890 710 2906 748; x_wconf 89' lang='grc' dir='ltr'><strong>ι</strong></span> <span class='ocrx_word' id='word_1_356' title='bbox 2947 697 3084 765; x_wconf 75' lang='grc' dir='ltr'><strong>Περὶ</strong></span> <span class='ocrx_word' id='word_1_357' title='bbox 3116 697 3341 767; x_wconf 78' lang='grc' dir='ltr'><strong>ἀρχῶν,</strong></span> <span class='ocrx_word' id='word_1_358' title='bbox 3370 701 3523 757; x_wconf 90' lang='lat' dir='ltr'><strong>inltio</strong></span> 
     </span>
    </p>
   </div>
   <div class='ocr_carea' id='block_1_51' title="bbox 1945 780 3523 862">
    <p class='ocr_par' dir='ltr' id='par_1_51' title="bbox 1945 780 3523 862">
     <span class='ocr_line' id='line_1_51' title="bbox 1945 780 3523 862; baseline 0.008 -28"><span class='ocrx_word' id='word_1_359' title='bbox 1945 780 2135 850; x_wconf 83' lang='lat' dir='ltr'><strong>capitis</strong></span> <span class='ocrx_word' id='word_1_360' title='bbox 2182 783 2356 850; x_wconf 76' lang='lat' dir='ltr'><strong>sexti,</strong></span> <span class='ocrx_word' id='word_1_361' title='bbox 2408 784 2474 839; x_wconf 91' lang='lat' dir='ltr'><strong>de</strong></span> <span class='ocrx_word' id='word_1_362' title='bbox 2530 798 2712 838; x_wconf 90' lang='lat' dir='ltr'><strong>rerum</strong></span> <span class='ocrx_word' id='word_1_363' title='bbox 2774 788 3288 852; x_wconf 90' lang='lat' dir='ltr'><strong>consummatione,</strong></span> <span class='ocrx_word' id='word_1_364' title='bbox 3346 792 3523 862; x_wconf 87' lang='lat' dir='ltr'><strong>deque</strong></span> 
     </span>
    </p>
   </div>
   <div class='ocr_carea' id='block_1_52' title="bbox 1947 874 3524 947">
    <p class='ocr_par' dir='ltr' id='par_1_52' title="bbox 1947 874 3524 947">
     <span class='ocr_line' id='line_1_52' title="bbox 1947 874 3524 947; baseline 0.005 -19"><span class='ocrx_word' id='word_1_365' title='bbox 1947 874 2123 943; x_wconf 66' lang='lat' dir='ltr'><strong>poenis</strong></span> <span class='ocrx_word' id='word_1_366' title='bbox 2162 875 2575 941; x_wconf 88' lang='lat' dir='ltr'><strong>damnatorum,</strong></span> <span class='ocrx_word' id='word_1_367' title='bbox 2602 891 2667 931; x_wconf 93' lang='lat' dir='ltr'><strong>ac</strong></span> <span class='ocrx_word' id='word_1_368' title='bbox 2699 877 2979 932; x_wconf 84' lang='lat' dir='ltr'><strong>beatorum</strong></span> <span class='ocrx_word' id='word_1_369' title='bbox 3029 878 3271 947; x_wconf 73' lang='lat' dir='ltr'><strong>prmmiis</strong></span> <span class='ocrx_word' id='word_1_370' title='bbox 3302 892 3524 936; x_wconf 88' lang='lat' dir='ltr'><strong>acturus</strong></span> 
     </span>
    </p>
   </div>
   <div class='ocr_carea' id='block_1_53' title="bbox 1946 967 3519 1040">
    <p class='ocr_par' dir='ltr' id='par_1_53' title="bbox 1946 967 3519 1040">
     <span class='ocr_line' id='line_1_53' title="bbox 1946 967 3519 1040; baseline 0.004 -18"><span class='ocrx_word' id='word_1_371' title='bbox 1946 969 2024 1023; x_wconf 89' lang='lat' dir='ltr'><strong>sic</strong></span> <span class='ocrx_word' id='word_1_372' title='bbox 2063 967 2364 1038; x_wconf 64' lang='lat' dir='ltr'><strong>praefatur:</strong></span> <span class='ocrx_word' id='word_1_373' title='bbox 2409 988 2426 1022; x_wconf 80' lang='grc' dir='ltr'><strong>ι</strong></span> <span class='ocrx_word' id='word_1_374' title='bbox 2459 969 2589 1037; x_wconf 66' lang='lat' dir='ltr'><strong>Quae</strong></span> <span class='ocrx_word' id='word_1_375' title='bbox 2634 971 2850 1040; x_wconf 89' lang='lat' dir='ltr'><strong>quidem</strong></span> <span class='ocrx_word' id='word_1_376' title='bbox 2904 987 2932 1026; x_wconf 92' lang='lat' dir='ltr'><strong>a</strong></span> <span class='ocrx_word' id='word_1_377' title='bbox 2976 973 3131 1026; x_wconf 88' lang='lat' dir='ltr'><strong>nobis</strong></span> <span class='ocrx_word' id='word_1_378' title='bbox 3189 974 3351 1028; x_wconf 88' lang='lat' dir='ltr'><strong>etiam</strong></span> <span class='ocrx_word' id='word_1_379' title='bbox 3396 991 3519 1030; x_wconf 85' lang='lat' dir='ltr'><strong>eum</strong></span> 
     </span>
    </p>
   </div>
   <div class='ocr_carea' id='block_1_54' title="bbox 1945 1053 3519 1128">
    <p class='ocr_par' dir='ltr' id='par_1_54' title="bbox 1945 1053 3519 1128">
     <span class='ocr_line' id='line_1_54' title="bbox 1945 1053 3519 1128; baseline 0.004 -16"><span class='ocrx_word' id='word_1_380' title='bbox 1945 1073 2141 1128; x_wconf 86' lang='lat' dir='ltr'><strong>magno</strong></span> <span class='ocrx_word' id='word_1_381' title='bbox 2185 1069 2331 1114; x_wconf 91' lang='lat' dir='ltr'><strong>metu</strong></span> <span class='ocrx_word' id='word_1_382' title='bbox 2396 1069 2454 1114; x_wconf 86' lang='lat' dir='ltr'><strong>et</strong></span> <span class='ocrx_word' id='word_1_383' title='bbox 2507 1061 2714 1116; x_wconf 88' lang='lat' dir='ltr'><strong>cautela</strong></span> <span class='ocrx_word' id='word_1_384' title='bbox 2755 1061 3046 1128; x_wconf 86' lang='lat' dir='ltr'><strong>dicuntur,</strong></span> <span class='ocrx_word' id='word_1_385' title='bbox 3098 1053 3519 1119; x_wconf 85' lang='lat' dir='ltr'><strong>discntientibus</strong></span> 
     </span>
    </p>
   </div>
   <div class='ocr_carea' id='block_1_55' title="bbox 1945 1155 3522 1227">
    <p class='ocr_par' dir='ltr' id='par_1_55' title="bbox 1945 1155 3522 1227">
     <span class='ocr_line' id='line_1_55' title="bbox 1945 1155 3522 1227; baseline 0.003 -19"><span class='ocrx_word' id='word_1_386' title='bbox 1945 1155 2119 1226; x_wconf 83' lang='lat' dir='ltr'><strong>magis</strong></span> <span class='ocrx_word' id='word_1_387' title='bbox 2150 1163 2206 1210; x_wconf 91' lang='lat' dir='ltr'><strong>et</strong></span> <span class='ocrx_word' id='word_1_388' title='bbox 2238 1155 2718 1224; x_wconf 89' lang='lat' dir='ltr'><strong>pertractantibus,</strong></span> <span class='ocrx_word' id='word_1_389' title='bbox 2759 1170 2922 1223; x_wconf 86' lang='lat' dir='ltr'><strong>quam</strong></span> <span class='ocrx_word' id='word_1_390' title='bbox 2957 1172 3053 1227; x_wconf 87' lang='lat' dir='ltr'><strong>pro</strong></span> <span class='ocrx_word' id='word_1_391' title='bbox 3084 1168 3234 1214; x_wconf 93' lang='lat' dir='ltr'><strong>certo</strong></span> <span class='ocrx_word' id='word_1_392' title='bbox 3279 1173 3342 1213; x_wconf 90' lang='lat' dir='ltr'><strong>ac</strong></span> <span class='ocrx_word' id='word_1_393' title='bbox 3389 1158 3522 1214; x_wconf 88' lang='lat' dir='ltr'><strong>deli-</strong></span> 
     </span>
    </p>
   </div>
   <div class='ocr_carea' id='block_1_56' title="bbox 1946 1245 3522 1318">
    <p class='ocr_par' dir='ltr' id='par_1_56' title="bbox 1946 1245 3522 1318">
     <span class='ocr_line' id='line_1_56' title="bbox 1946 1245 3522 1318; baseline 0.003 -20"><span class='ocrx_word' id='word_1_394' title='bbox 1946 1246 2059 1302; x_wconf 89' lang='lat' dir='ltr'><strong>uito</strong></span> <span class='ocrx_word' id='word_1_395' title='bbox 2081 1247 2462 1302; x_wconf 86' lang='lat' dir='ltr'><strong>statuentibus.</strong></span> <span class='ocrx_word' id='word_1_396' title='bbox 2485 1265 2503 1298; x_wconf 73' lang='grc' dir='ltr'><strong>ι</strong></span> <span class='ocrx_word' id='word_1_397' title='bbox 2550 1245 2615 1298; x_wconf 84' lang='grc' dir='ltr'>Ει</span> <span class='ocrx_word' id='word_1_398' title='bbox 2647 1248 2716 1299; x_wconf 89' lang='lat' dir='ltr'><strong>ita</strong></span> <span class='ocrx_word' id='word_1_399' title='bbox 2746 1247 2961 1301; x_wconf 90' lang='lat' dir='ltr'><strong>demum</strong></span> <span class='ocrx_word' id='word_1_400' title='bbox 2998 1260 3160 1318; x_wconf 90' lang='lat' dir='ltr'><strong>caput</strong></span> <span class='ocrx_word' id='word_1_401' title='bbox 3191 1251 3330 1305; x_wconf 90' lang='lat' dir='ltr'><strong>idem</strong></span> <span class='ocrx_word' id='word_1_402' title='bbox 3368 1249 3522 1304; x_wconf 72' lang='lat' dir='ltr'><strong>clau~</strong></span> 
     </span>
    </p>
   </div>
   <div class='ocr_carea' id='block_1_57' title="bbox 1943 1338 3520 1413">
    <p class='ocr_par' dir='ltr' id='par_1_57' title="bbox 1943 1338 3520 1413">
     <span class='ocr_line' id='line_1_57' title="bbox 1943 1338 3520 1413; baseline 0.003 -21"><span class='ocrx_word' id='word_1_403' title='bbox 1943 1338 2068 1392; x_wconf 89' lang='lat' dir='ltr'><strong>dit:</strong></span> <span class='ocrx_word' id='word_1_404' title='bbox 2117 1358 2136 1390; x_wconf 74' lang='grc' dir='ltr'><strong>ι</strong></span> <span class='ocrx_word' id='word_1_405' title='bbox 2162 1339 2376 1395; x_wconf 88' lang='lat' dir='ltr'><strong>Certius</strong></span> <span class='ocrx_word' id='word_1_406' title='bbox 2413 1349 2590 1393; x_wconf 89' lang='lat' dir='ltr'><strong>tamen</strong></span> <span class='ocrx_word' id='word_1_407' title='bbox 2639 1341 2870 1406; x_wconf 89' lang='lat' dir='ltr'><strong>qualiter</strong></span> <span class='ocrx_word' id='word_1_408' title='bbox 2923 1356 2981 1395; x_wconf 90' lang='lat' dir='ltr'><strong>se</strong></span> <span class='ocrx_word' id='word_1_409' title='bbox 3028 1342 3279 1397; x_wconf 87' lang='lat' dir='ltr'><strong>habitura</strong></span> <span class='ocrx_word' id='word_1_410' title='bbox 3319 1343 3389 1413; x_wconf 84' lang='lat' dir='ltr'><strong>sit</strong></span> <span class='ocrx_word' id='word_1_411' title='bbox 3432 1345 3520 1398; x_wconf 87' lang='lat' dir='ltr'><strong>res</strong></span> 
     </span>
    </p>
   </div>
   <div class='ocr_carea' id='block_1_58' title="bbox 1942 1431 3518 1504">
    <p class='ocr_par' dir='ltr' id='par_1_58' title="bbox 1942 1431 3518 1504">
     <span class='ocr_line' id='line_1_58' title="bbox 1942 1431 3518 1504; baseline 0.002 -20"><span class='ocrx_word' id='word_1_412' title='bbox 1942 1431 2045 1484; x_wconf 87' lang='lat' dir='ltr'><strong>scit</strong></span> <span class='ocrx_word' id='word_1_413' title='bbox 2079 1431 2225 1486; x_wconf 89' lang='lat' dir='ltr'><strong>solus</strong></span> <span class='ocrx_word' id='word_1_414' title='bbox 2253 1431 2417 1496; x_wconf 89' lang='lat' dir='ltr'><strong>Deus,</strong></span> <span class='ocrx_word' id='word_1_415' title='bbox 2443 1440 2500 1485; x_wconf 91' lang='lat' dir='ltr'><strong>et</strong></span> <span class='ocrx_word' id='word_1_416' title='bbox 2527 1433 2570 1487; x_wconf 90' lang='lat' dir='ltr'><strong>si</strong></span> <span class='ocrx_word' id='word_1_417' title='bbox 2600 1434 2688 1503; x_wconf 93' lang='lat' dir='ltr'><strong>qui</strong></span> <span class='ocrx_word' id='word_1_418' title='bbox 2714 1433 2832 1499; x_wconf 89' lang='lat' dir='ltr'><strong>ejus</strong></span> <span class='ocrx_word' id='word_1_419' title='bbox 2866 1432 3142 1487; x_wconf 86' lang='lat' dir='ltr'><strong>Christum</strong></span> <span class='ocrx_word' id='word_1_420' title='bbox 3171 1446 3226 1488; x_wconf 87' lang='lat' dir='ltr'><strong>et</strong></span> <span class='ocrx_word' id='word_1_421' title='bbox 3253 1433 3518 1504; x_wconf 90' lang='lat' dir='ltr'><strong>Spiritum</strong></span> 
     </span>
    </p>
   </div>
   <div class='ocr_carea' id='block_1_59' title="bbox 1941 1523 3520 1594">
    <p class='ocr_par' dir='ltr' id='par_1_59' title="bbox 1941 1523 3520 1594">
     <span class='ocr_line' id='line_1_59' title="bbox 1941 1523 3520 1594; baseline 0.001 -18"><span class='ocrx_word' id='word_1_422' title='bbox 1941 1531 2188 1576; x_wconf 90' lang='lat' dir='ltr'><strong>sanctum</strong></span> <span class='ocrx_word' id='word_1_423' title='bbox 2240 1524 2404 1578; x_wconf 90' lang='lat' dir='ltr'><strong>amici</strong></span> <span class='ocrx_word' id='word_1_424' title='bbox 2461 1533 2608 1579; x_wconf 88' lang='lat' dir='ltr'><strong>sunt.</strong></span> <span class='ocrx_word' id='word_1_425' title='bbox 2641 1544 2660 1576; x_wconf 76' lang='grc' dir='ltr'><strong>ι</strong></span> <span class='ocrx_word' id='word_1_426' title='bbox 2713 1523 2836 1578; x_wconf 85' lang='lat' dir='ltr'><strong>Pari</strong></span> <span class='ocrx_word' id='word_1_427' title='bbox 2889 1537 3103 1594; x_wconf 89' lang='lat' dir='ltr'><strong>quoque</strong></span> <span class='ocrx_word' id='word_1_428' title='bbox 3157 1526 3316 1580; x_wconf 92' lang='lat' dir='ltr'><strong>modo</strong></span> <span class='ocrx_word' id='word_1_429' title='bbox 3363 1526 3520 1580; x_wconf 89' lang='lat' dir='ltr'><strong>initio</strong></span> 
     </span>
    </p>
   </div>
   <div class='ocr_carea' id='block_1_60' title="bbox 1940 1611 3518 1683">
    <p class='ocr_par' dir='ltr' id='par_1_60' title="bbox 1940 1611 3518 1683">
     <span class='ocr_line' id='line_1_60' title="bbox 1940 1611 3518 1683; baseline 0.005 -18"><span class='ocrx_word' id='word_1_430' title='bbox 1940 1611 2134 1680; x_wconf 91' lang='lat' dir='ltr'><strong>capitis</strong></span> <span class='ocrx_word' id='word_1_431' title='bbox 2184 1613 2463 1683; x_wconf 88' lang='lat' dir='ltr'><strong>sequentis</strong></span> <span class='ocrx_word' id='word_1_432' title='bbox 2510 1615 2904 1671; x_wconf 75' lang='lat' dir='ltr'><strong>hzesitationem</strong></span> <span class='ocrx_word' id='word_1_433' title='bbox 2951 1630 3104 1670; x_wconf 89' lang='lat' dir='ltr'><strong>suam</strong></span> <span class='ocrx_word' id='word_1_434' title='bbox 3151 1614 3411 1672; x_wconf 88' lang='lat' dir='ltr'><strong>declarat.</strong></span> <span class='ocrx_word' id='word_1_435' title='bbox 3457 1615 3518 1673; x_wconf 85' lang='lat' dir='ltr'><strong>ld</strong></span> 
     </span>
    </p>
   </div>
   <div class='ocr_carea' id='block_1_61' title="bbox 1941 1703 3516 1778">
    <p class='ocr_par' dir='ltr' id='par_1_61' title="bbox 1941 1703 3516 1778">
     <span class='ocr_line' id='line_1_61' title="bbox 1941 1703 3516 1778; baseline 0.006 -22"><span class='ocrx_word' id='word_1_436' title='bbox 1941 1717 2010 1757; x_wconf 91' lang='lat' dir='ltr'><strong>ne</strong></span> <span class='ocrx_word' id='word_1_437' title='bbox 2041 1703 2156 1773; x_wconf 89' lang='lat' dir='ltr'><strong>ipse</strong></span> <span class='ocrx_word' id='word_1_438' title='bbox 2210 1706 2430 1774; x_wconf 90' lang='lat' dir='ltr'><strong>quidem</strong></span> <span class='ocrx_word' id='word_1_439' title='bbox 2487 1707 2759 1761; x_wconf 86' lang='lat' dir='ltr'><strong>inliciatus</strong></span> <span class='ocrx_word' id='word_1_440' title='bbox 2816 1715 2904 1760; x_wconf 82' lang='lat' dir='ltr'><strong>est</strong></span> <span class='ocrx_word' id='word_1_441' title='bbox 2952 1705 3342 1778; x_wconf 85' lang='lat' dir='ltr'><strong>Hieronymus,</strong></span> <span class='ocrx_word' id='word_1_442' title='bbox 3389 1724 3516 1765; x_wconf 90' lang='lat' dir='ltr'><strong>cum</strong></span> 
     </span>
    </p>
   </div>
   <div class='ocr_carea' id='block_1_62' title="bbox 1941 1792 3518 1864">
    <p class='ocr_par' dir='ltr' id='par_1_62' title="bbox 1941 1792 3518 1864">
     <span class='ocr_line' id='line_1_62' title="bbox 1941 1792 3518 1864; baseline 0.005 -17"><span class='ocrx_word' id='word_1_443' title='bbox 1941 1792 2099 1861; x_wconf 86' lang='lat' dir='ltr'><strong>epist.</strong></span> <span class='ocrx_word' id='word_1_444' title='bbox 2127 1793 2214 1857; x_wconf 80' lang='lat'><strong>59,</strong></span> <span class='ocrx_word' id='word_1_445' title='bbox 2245 1794 2312 1848; x_wconf 90' lang='lat' dir='ltr'><strong>ad</strong></span> <span class='ocrx_word' id='word_1_446' title='bbox 2342 1795 2510 1862; x_wconf 89' lang='lat' dir='ltr'><strong>Avit.,</strong></span> <span class='ocrx_word' id='word_1_447' title='bbox 2544 1811 2665 1864; x_wconf 87' lang='lat' dir='ltr'><strong>cap.</strong></span> <span class='ocrx_word' id='word_1_448' title='bbox 2694 1796 2746 1860; x_wconf 88' lang='grc'><strong>1,</strong></span> <span class='ocrx_word' id='word_1_449' title='bbox 2779 1795 3064 1864; x_wconf 83' lang='lat' dir='ltr'><strong>Origenem</strong></span> <span class='ocrx_word' id='word_1_450' title='bbox 3097 1797 3162 1851; x_wconf 90' lang='lat' dir='ltr'><strong>de</strong></span> <span class='ocrx_word' id='word_1_451' title='bbox 3200 1801 3388 1854; x_wconf 88' lang='lat' dir='ltr'><strong>eodem</strong></span> <span class='ocrx_word' id='word_1_452' title='bbox 3428 1815 3518 1854; x_wconf 84' lang='lat' dir='ltr'><strong>ar-</strong></span> 
     </span>
    </p>
   </div>
   <div class='ocr_carea' id='block_1_63' title="bbox 1867 1872 3518 1960">
    <p class='ocr_par' dir='ltr' id='par_1_63' title="bbox 1867 1872 3518 1960">
     <span class='ocr_line' id='line_1_63' title="bbox 1867 1872 3518 1960; baseline 0.008 -27"><span class='ocrx_word' id='word_1_453' title='bbox 1867 1872 2196 1955; x_wconf 82' lang='lat' dir='ltr'><strong>Bgumento</strong></span> <span class='ocrx_word' id='word_1_454' title='bbox 2253 1885 2419 1940; x_wconf 89' lang='lat' dir='ltr'><strong>multa</strong></span> <span class='ocrx_word' id='word_1_455' title='bbox 2471 1895 2888 1941; x_wconf 87' lang='lat' dir='ltr'><strong>commentatum</strong></span> <span class='ocrx_word' id='word_1_456' title='bbox 2955 1886 3240 1960; x_wconf 81' lang='lat' dir='ltr'><strong>scripsisse</strong></span> <span class='ocrx_word' id='word_1_457' title='bbox 3297 1893 3518 1947; x_wconf 83' lang='lat' dir='ltr'><strong>tandem</strong></span> 
     </span>
    </p>
   </div>
   <div class='ocr_carea' id='block_1_64' title="bbox 1940 1977 3512 2047">
    <p class='ocr_par' dir='ltr' id='par_1_64' title="bbox 1940 1977 3512 2047">
     <span class='ocr_line' id='line_1_64' title="bbox 1940 1977 3512 2047; baseline 0.005 -17"><span class='ocrx_word' id='word_1_458' title='bbox 1940 1977 2059 2032; x_wconf 88' lang='lat' dir='ltr'><strong>ait:</strong></span> <span class='ocrx_word' id='word_1_459' title='bbox 2100 1995 2119 2029; x_wconf 84' lang='grc' dir='ltr'><strong>ι</strong></span> <span class='ocrx_word' id='word_1_460' title='bbox 2148 1978 2272 2034; x_wconf 66' lang='lat' dir='ltr'><strong>Haec</strong></span> <span class='ocrx_word' id='word_1_461' title='bbox 2299 1978 2454 2047; x_wconf 84' lang='lat' dir='ltr'><strong>juxta</strong></span> <span class='ocrx_word' id='word_1_462' title='bbox 2491 1988 2736 2036; x_wconf 87' lang='lat' dir='ltr'><strong>nostram</strong></span> <span class='ocrx_word' id='word_1_463' title='bbox 2773 1983 3098 2036; x_wconf 87' lang='lat' dir='ltr'><strong>sententiam</strong></span> <span class='ocrx_word' id='word_1_464' title='bbox 3137 2000 3240 2040; x_wconf 89' lang='lat' dir='ltr'><strong>non</strong></span> <span class='ocrx_word' id='word_1_465' title='bbox 3274 1986 3383 2039; x_wconf 88' lang='lat' dir='ltr'><strong>sint</strong></span> <span class='ocrx_word' id='word_1_466' title='bbox 3417 1986 3512 2040; x_wconf 89' lang='lat' dir='ltr'><strong>do-</strong></span> 
     </span>
    </p>
   </div>
   <div class='ocr_carea' id='block_1_65' title="bbox 1938 2071 3514 2146">
    <p class='ocr_par' dir='ltr' id='par_1_65' title="bbox 1938 2071 3514 2146">
     <span class='ocr_line' id='line_1_65' title="bbox 1938 2071 3514 2146; baseline 0.006 -23"><span class='ocrx_word' id='word_1_467' title='bbox 1938 2078 2142 2138; x_wconf 90' lang='lat' dir='ltr'><strong>gmata,</strong></span> <span class='ocrx_word' id='word_1_468' title='bbox 2180 2071 2274 2126; x_wconf 89' lang='lat' dir='ltr'><strong>sed</strong></span> <span class='ocrx_word' id='word_1_469' title='bbox 2307 2072 2533 2141; x_wconf 69' lang='lat' dir='ltr'><strong>quaasita</strong></span> <span class='ocrx_word' id='word_1_470' title='bbox 2574 2080 2804 2139; x_wconf 87' lang='lat' dir='ltr'><strong>tantum,</strong></span> <span class='ocrx_word' id='word_1_471' title='bbox 2837 2081 3000 2141; x_wconf 90' lang='lat' dir='ltr'><strong>atque</strong></span> <span class='ocrx_word' id='word_1_472' title='bbox 3029 2075 3292 2146; x_wconf 90' lang='lat' dir='ltr'><strong>projecta,</strong></span> <span class='ocrx_word' id='word_1_473' title='bbox 3324 2091 3391 2132; x_wconf 92' lang='lat' dir='ltr'><strong>ne</strong></span> <span class='ocrx_word' id='word_1_474' title='bbox 3421 2085 3514 2146; x_wconf 64' lang='grc' dir='ltr'><strong>θεέ</strong></span> 
     </span>
    </p>
   </div>
   <div class='ocr_carea' id='block_1_66' title="bbox 1938 2163 3425 2242">
    <p class='ocr_par' dir='ltr' id='par_1_66' title="bbox 1938 2163 3425 2242">
     <span class='ocr_line' id='line_1_66' title="bbox 1938 2163 3425 2242; baseline 0 -24"><span class='ocrx_word' id='word_1_475' title='bbox 1938 2163 2085 2218; x_wconf 90' lang='lat' dir='ltr'><strong>nitus</strong></span> <span class='ocrx_word' id='word_1_476' title='bbox 2110 2164 2395 2220; x_wconf 89' lang='lat' dir='ltr'><strong>intractata</strong></span> <span class='ocrx_word' id='word_1_477' title='bbox 2425 2165 2753 2220; x_wconf 90' lang='lat' dir='ltr'><strong>viderentur.</strong></span> <span class='ocrx_word' id='word_1_478' title='bbox 2779 2185 2798 2217; x_wconf 72' lang='grc' dir='ltr'><strong>ι</strong></span> <span class='ocrx_word' id='word_1_479' title='bbox 3423 2240 3425 2242; x_wconf 15' lang='grc' dir='ltr'><strong>η</strong></span> 
     </span>
    </p>
   </div>
   <div class='ocr_carea' id='block_1_67' title="bbox 2007 2255 3515 2331">
    <p class='ocr_par' dir='ltr' id='par_1_67' title="bbox 2007 2255 3515 2331">
     <span class='ocr_line' id='line_1_67' title="bbox 2007 2255 3515 2331; baseline 0.005 -21"><span class='ocrx_word' id='word_1_480' title='bbox 2007 2255 2274 2312; x_wconf 71' lang='lat' dir='ltr'><strong>Caeterum</strong></span> <span class='ocrx_word' id='word_1_481' title='bbox 2303 2256 2354 2312; x_wconf 93' lang='lat' dir='ltr'><strong>in</strong></span> <span class='ocrx_word' id='word_1_482' title='bbox 2387 2259 2680 2312; x_wconf 78' lang='lat' dir='ltr'><strong>asserenda</strong></span> <span class='ocrx_word' id='word_1_483' title='bbox 2712 2259 2837 2329; x_wconf 86' lang='lat' dir='ltr'><strong>igne</strong></span> <span class='ocrx_word' id='word_1_484' title='bbox 2864 2261 2954 2316; x_wconf 93' lang='lat' dir='ltr'><strong>illo</strong></span> <span class='ocrx_word' id='word_1_485' title='bbox 2982 2276 3073 2331; x_wconf 77' lang='lat' dir='ltr'><strong>qui</strong></span> <span class='ocrx_word' id='word_1_486' title='bbox 3097 2261 3276 2330; x_wconf 89' lang='lat' dir='ltr'><strong>justos</strong></span> <span class='ocrx_word' id='word_1_487' title='bbox 3316 2263 3369 2317; x_wconf 90' lang='lat' dir='ltr'><strong>in</strong></span> <span class='ocrx_word' id='word_1_488' title='bbox 3401 2262 3515 2318; x_wconf 86' lang='lat' dir='ltr'><strong>line</strong></span> 
     </span>
    </p>
   </div>
   <div class='ocr_carea' id='block_1_68' title="bbox 1939 2349 3514 2424">
    <p class='ocr_par' dir='ltr' id='par_1_68' title="bbox 1939 2349 3514 2424">
     <span class='ocr_line' id='line_1_68' title="bbox 1939 2349 3514 2424; baseline 0.004 -22"><span class='ocrx_word' id='word_1_489' title='bbox 1939 2363 2120 2405; x_wconf 90' lang='lat' dir='ltr'><strong>rerum</strong></span> <span class='ocrx_word' id='word_1_490' title='bbox 2148 2349 2332 2404; x_wconf 88' lang='lat' dir='ltr'><strong>itidem</strong></span> <span class='ocrx_word' id='word_1_491' title='bbox 2361 2360 2418 2404; x_wconf 93' lang='lat' dir='ltr'><strong>ut</strong></span> <span class='ocrx_word' id='word_1_492' title='bbox 2452 2350 2645 2420; x_wconf 89' lang='lat' dir='ltr'><strong>impios</strong></span> <span class='ocrx_word' id='word_1_493' title='bbox 2684 2352 2972 2408; x_wconf 89' lang='lat' dir='ltr'><strong>invasurus</strong></span> <span class='ocrx_word' id='word_1_494' title='bbox 3017 2353 3086 2424; x_wconf 84' lang='lat' dir='ltr'><strong>ab</strong></span> <span class='ocrx_word' id='word_1_495' title='bbox 3127 2353 3360 2424; x_wconf 85' lang='lat' dir='ltr'><strong>Origene</strong></span> <span class='ocrx_word' id='word_1_496' title='bbox 3407 2353 3514 2409; x_wconf 87' lang='lat' dir='ltr'><strong>fin-</strong></span> 
     </span>
    </p>
   </div>
   <div class='ocr_carea' id='block_1_69' title="bbox 1938 2441 3510 2512">
    <p class='ocr_par' dir='ltr' id='par_1_69' title="bbox 1938 2441 3510 2512">
     <span class='ocr_line' id='line_1_69' title="bbox 1938 2441 3510 2512; baseline 0.003 -16"><span class='ocrx_word' id='word_1_497' title='bbox 1938 2441 2102 2512; x_wconf 87' lang='lat' dir='ltr'><strong>gitur,</strong></span> <span class='ocrx_word' id='word_1_498' title='bbox 2155 2443 2254 2509; x_wconf 88' lang='lat' dir='ltr'><strong>ipsi</strong></span> <span class='ocrx_word' id='word_1_499' title='bbox 2305 2445 2579 2498; x_wconf 87' lang='lat' dir='ltr'><strong>consentit</strong></span> <span class='ocrx_word' id='word_1_500' title='bbox 2643 2443 2956 2500; x_wconf 85' lang='lat' dir='ltr'><strong>Lactantius</strong></span> <span class='ocrx_word' id='word_1_501' title='bbox 3010 2444 3193 2500; x_wconf 77' lang='lat' dir='ltr'><strong>Instit.</strong></span> <span class='ocrx_word' id='word_1_502' title='bbox 3250 2446 3348 2501; x_wconf 89' lang='lat' dir='ltr'><strong>lib.</strong></span> <span class='ocrx_word' id='word_1_503' title='bbox 3409 2460 3510 2510; x_wconf 76' lang='lat' dir='ltr'><strong>vti,</strong></span> 
     </span>
    </p>
   </div>
   <div class='ocr_carea' id='block_1_70' title="bbox 1938 2525 3512 2607">
    <p class='ocr_par' dir='ltr' id='par_1_70' title="bbox 1938 2525 3512 2607">
     <span class='ocr_line' id='line_1_70' title="bbox 1938 2525 3512 2607; baseline 0.004 -18"><span class='ocrx_word' id='word_1_504' title='bbox 1938 2547 2057 2604; x_wconf 89' lang='lat' dir='ltr'><strong>cap.</strong></span> <span class='ocrx_word' id='word_1_505' title='bbox 2110 2534 2174 2590; x_wconf 76' lang='grc'><strong>21</strong></span> <span class='ocrx_word' id='word_1_506' title='bbox 2219 2554 2234 2591; x_wconf 91' lang='lat'>:</span> <span class='ocrx_word' id='word_1_507' title='bbox 2279 2534 2482 2601; x_wconf 83' lang='lat' dir='ltr'><strong>Justus,</strong></span> <span class='ocrx_word' id='word_1_508' title='bbox 2548 2537 2746 2606; x_wconf 89' lang='lat' dir='ltr'><strong>inquit,</strong></span> <span class='ocrx_word' id='word_1_509' title='bbox 2813 2553 2934 2592; x_wconf 93' lang='lat' dir='ltr'><strong>cum</strong></span> <span class='ocrx_word' id='word_1_510' title='bbox 2961 2525 3300 2607; x_wconf 77' lang='lat' dir='ltr'><strong>iudicaverit,</strong></span> <span class='ocrx_word' id='word_1_511' title='bbox 3347 2541 3512 2596; x_wconf 87' lang='lat' dir='ltr'><strong>etiam</strong></span> 
     </span>
    </p>
   </div>
   <div class='ocr_carea' id='block_1_71' title="bbox 1939 2625 3514 2701">
    <p class='ocr_par' dir='ltr' id='par_1_71' title="bbox 1939 2625 3514 2701">
     <span class='ocr_line' id='line_1_71' title="bbox 1939 2625 3514 2701; baseline 0.005 -21"><span class='ocrx_word' id='word_1_512' title='bbox 1939 2625 2051 2696; x_wconf 91' lang='lat' dir='ltr'><strong>igni</strong></span> <span class='ocrx_word' id='word_1_513' title='bbox 2095 2641 2190 2682; x_wconf 90' lang='lat' dir='ltr'><strong>eos</strong></span> <span class='ocrx_word' id='word_1_514' title='bbox 2246 2629 2579 2684; x_wconf 81' lang='lat' dir='ltr'><strong>examinabit</strong></span> <span class='ocrx_word' id='word_1_515' title='bbox 2636 2647 2650 2684; x_wconf 72' lang='grc' dir='ltr'>ε</span> <span class='ocrx_word' id='word_1_516' title='bbox 2713 2640 2824 2684; x_wconf 87' lang='grc' dir='ltr'>ιιιιιι</span> <span class='ocrx_word' id='word_1_517' title='bbox 2873 2645 3104 2700; x_wconf 90' lang='lat' dir='ltr'><strong>quorum</strong></span> <span class='ocrx_word' id='word_1_518' title='bbox 3150 2643 3374 2701; x_wconf 87' lang='lat' dir='ltr'><strong>peccata</strong></span> <span class='ocrx_word' id='word_1_519' title='bbox 3427 2633 3514 2688; x_wconf 88' lang='lat' dir='ltr'><strong>vel</strong></span> 
     </span>
    </p>
   </div>
   <div class='ocr_carea' id='block_1_72' title="bbox 1936 2719 3513 2794">
    <p class='ocr_par' dir='ltr' id='par_1_72' title="bbox 1936 2719 3513 2794">
     <span class='ocr_line' id='line_1_72' title="bbox 1936 2719 3513 2794; baseline 0.006 -23"><span class='ocrx_word' id='word_1_520' title='bbox 1936 2719 2207 2788; x_wconf 84' lang='lat' dir='ltr'><strong>pondere,</strong></span> <span class='ocrx_word' id='word_1_521' title='bbox 2268 2719 2351 2774; x_wconf 90' lang='lat' dir='ltr'><strong>vel</strong></span> <span class='ocrx_word' id='word_1_522' title='bbox 2401 2735 2627 2775; x_wconf 88' lang='lat' dir='ltr'><strong>numero</strong></span> <span class='ocrx_word' id='word_1_523' title='bbox 2685 2721 3084 2790; x_wconf 67' lang='lat' dir='ltr'><strong>praevaluerint,</strong></span> <span class='ocrx_word' id='word_1_524' title='bbox 3141 2724 3513 2794; x_wconf 85' lang='lat' dir='ltr'><strong>perstringen-</strong></span> 
     </span>
    </p>
   </div>
   <div class='ocr_carea' id='block_1_73' title="bbox 1939 2805 3513 2886">
    <p class='ocr_par' dir='ltr' id='par_1_73' title="bbox 1939 2805 3513 2886">
     <span class='ocr_line' id='line_1_73' title="bbox 1939 2805 3513 2886; baseline 0.006 -26"><span class='ocrx_word' id='word_1_525' title='bbox 1939 2813 2026 2861; x_wconf 92' lang='lat' dir='ltr'><strong>tur</strong></span> <span class='ocrx_word' id='word_1_526' title='bbox 2050 2805 2159 2876; x_wconf 86' lang='lat' dir='ltr'><strong>ighi</strong></span> <span class='ocrx_word' id='word_1_527' title='bbox 2188 2817 2354 2877; x_wconf 90' lang='lat' dir='ltr'><strong>atque</strong></span> <span class='ocrx_word' id='word_1_528' title='bbox 2386 2810 2786 2865; x_wconf 85' lang='lat' dir='ltr'><strong>amburentur:</strong></span> <span class='ocrx_word' id='word_1_529' title='bbox 2825 2827 2966 2880; x_wconf 89' lang='lat' dir='ltr'><strong>quos</strong></span> <span class='ocrx_word' id='word_1_530' title='bbox 3013 2821 3190 2868; x_wconf 90' lang='lat' dir='ltr'><strong>autem</strong></span> <span class='ocrx_word' id='word_1_531' title='bbox 3232 2815 3385 2883; x_wconf 79' lang='lat' dir='ltr'><strong>plena</strong></span> <span class='ocrx_word' id='word_1_532' title='bbox 3423 2815 3513 2886; x_wconf 84' lang='lat' dir='ltr'><strong>ju-</strong></span> 
     </span>
    </p>
   </div>
   <div class='ocr_carea' id='block_1_74' title="bbox 1939 2897 3514 2974">
    <p class='ocr_par' dir='ltr' id='par_1_74' title="bbox 1939 2897 3514 2974">
     <span class='ocr_line' id='line_1_74' title="bbox 1939 2897 3514 2974; baseline 0.008 -23"><span class='ocrx_word' id='word_1_533' title='bbox 1939 2897 2084 2953; x_wconf 86' lang='lat' dir='ltr'><strong>stitia</strong></span> <span class='ocrx_word' id='word_1_534' title='bbox 2127 2907 2183 2954; x_wconf 92' lang='lat' dir='ltr'><strong>et</strong></span> <span class='ocrx_word' id='word_1_535' title='bbox 2237 2900 2522 2956; x_wconf 85' lang='lat' dir='ltr'><strong>maturitas</strong></span> <span class='ocrx_word' id='word_1_536' title='bbox 2567 2901 2783 2956; x_wconf 86' lang='lat' dir='ltr'><strong>virtutis</strong></span> <span class='ocrx_word' id='word_1_537' title='bbox 2815 2902 3100 2966; x_wconf 74' lang='lat' dir='ltr'><strong>ineoxerit,</strong></span> <span class='ocrx_word' id='word_1_538' title='bbox 3149 2904 3324 2974; x_wconf 90' lang='lat' dir='ltr'><strong>ignem</strong></span> <span class='ocrx_word' id='word_1_539' title='bbox 3361 2907 3514 2963; x_wconf 79' lang='lat' dir='ltr'><strong>illum</strong></span> 
     </span>
    </p>
   </div>
   <div class='ocr_carea' id='block_1_75' title="bbox 1937 2989 3513 3062">
    <p class='ocr_par' dir='ltr' id='par_1_75' title="bbox 1937 2989 3513 3062">
     <span class='ocr_line' id='line_1_75' title="bbox 1937 2989 3513 3062; baseline 0.005 -18"><span class='ocrx_word' id='word_1_540' title='bbox 1937 3003 2042 3044; x_wconf 93' lang='lat' dir='ltr'><strong>non</strong></span> <span class='ocrx_word' id='word_1_541' title='bbox 2075 2989 2328 3045; x_wconf 88' lang='lat' dir='ltr'><strong>sentient.</strong></span> <span class='ocrx_word' id='word_1_542' title='bbox 2370 3010 2390 3044; x_wconf 76' lang='grc' dir='ltr'><strong>ι</strong></span> <span class='ocrx_word' id='word_1_543' title='bbox 2424 2990 2658 3047; x_wconf 88' lang='lat' dir='ltr'><strong>Hilarius</strong></span> <span class='ocrx_word' id='word_1_544' title='bbox 2689 3007 2904 3061; x_wconf 89' lang='lat' dir='ltr'><strong>quoque</strong></span> <span class='ocrx_word' id='word_1_545' title='bbox 2934 3007 3057 3062; x_wconf 85' lang='lat' dir='ltr'><strong>cap.</strong></span> <span class='ocrx_word' id='word_1_546' title='bbox 3097 2993 3136 3047; x_wconf 75' lang='lat'><strong>2</strong></span> <span class='ocrx_word' id='word_1_547' title='bbox 3175 2996 3230 3050; x_wconf 81' lang='lat' dir='ltr'><strong>in</strong></span> <span class='ocrx_word' id='word_1_548' title='bbox 3265 2995 3462 3052; x_wconf 78' lang='lat' dir='ltr'><strong>Matth.</strong></span> <span class='ocrx_word' id='word_1_549' title='bbox 3490 3010 3513 3052; x_wconf 67' lang='grc' dir='ltr'><em>ε</em></span> 
     </span>
    </p>
   </div>
   <div class='ocr_carea' id='block_1_76' title="bbox 1941 3083 3511 3155">
    <p class='ocr_par' dir='ltr' id='par_1_76' title="bbox 1941 3083 3511 3155">
     <span class='ocr_line' id='line_1_76' title="bbox 1941 3083 3511 3155; baseline 0.007 -20"><span class='ocrx_word' id='word_1_550' title='bbox 1941 3101 1961 3135; x_wconf 80' lang='grc' dir='ltr'><strong>ι</strong></span> <span class='ocrx_word' id='word_1_551' title='bbox 1998 3083 2298 3154; x_wconf 87' lang='lat' dir='ltr'><strong>Baptizatis</strong></span> <span class='ocrx_word' id='word_1_552' title='bbox 2322 3085 2375 3138; x_wconf 92' lang='lat' dir='ltr'><strong>in</strong></span> <span class='ocrx_word' id='word_1_553' title='bbox 2407 3083 2611 3154; x_wconf 86' lang='lat' dir='ltr'><strong>Spiritu</strong></span> <span class='ocrx_word' id='word_1_554' title='bbox 2641 3095 2835 3140; x_wconf 89' lang='lat' dir='ltr'><strong>sancto</strong></span> <span class='ocrx_word' id='word_1_555' title='bbox 2873 3085 3140 3155; x_wconf 88' lang='lat' dir='ltr'><strong>reliquum</strong></span> <span class='ocrx_word' id='word_1_556' title='bbox 3177 3099 3350 3144; x_wconf 75' lang='lat' dir='ltr'><strong>resse</strong></span> <span class='ocrx_word' id='word_1_557' title='bbox 3376 3090 3511 3146; x_wconf 84' lang='lat' dir='ltr'><strong>dicit</strong></span> 
     </span>
    </p>
   </div>
   <div class='ocr_carea' id='block_1_77' title="bbox 1941 3171 3511 3246">
    <p class='ocr_par' dir='ltr' id='par_1_77' title="bbox 1941 3171 3511 3246">
     <span class='ocr_line' id='line_1_77' title="bbox 1941 3171 3511 3246; baseline 0.008 -24"><span class='ocrx_word' id='word_1_558' title='bbox 1941 3187 1962 3222; x_wconf 79' lang='grc' dir='ltr'><strong>ι</strong></span> <span class='ocrx_word' id='word_1_559' title='bbox 1995 3173 2360 3226; x_wconf 86' lang='lat' dir='ltr'><strong>consummari</strong></span> <span class='ocrx_word' id='word_1_560' title='bbox 2389 3173 2511 3243; x_wconf 88' lang='lat' dir='ltr'><strong>igne</strong></span> <span class='ocrx_word' id='word_1_561' title='bbox 2537 3171 2755 3242; x_wconf 62' lang='lat' dir='ltr'><strong>iudicii,</strong></span> <span class='ocrx_word' id='word_1_562' title='bbox 2797 3191 2820 3224; x_wconf 75' lang='grc' dir='ltr'><strong>ι</strong></span> <span class='ocrx_word' id='word_1_563' title='bbox 2847 3182 3012 3240; x_wconf 89' lang='lat' dir='ltr'><strong>atque</strong></span> <span class='ocrx_word' id='word_1_564' title='bbox 3052 3190 3120 3230; x_wconf 89' lang='lat' dir='ltr'><strong>ne</strong></span> <span class='ocrx_word' id='word_1_565' title='bbox 3157 3176 3261 3230; x_wconf 81' lang='lat' dir='ltr'><strong>hac</strong></span> <span class='ocrx_word' id='word_1_566' title='bbox 3291 3177 3511 3246; x_wconf 84' lang='lat' dir='ltr'><strong>quidem</strong></span> 
     </span>
    </p>
   </div>
   <div class='ocr_carea' id='block_1_78' title="bbox 1935 3257 3514 3337">
    <p class='ocr_par' dir='ltr' id='par_1_78' title="bbox 1935 3257 3514 3337">
     <span class='ocr_line' id='line_1_78' title="bbox 1935 3257 3514 3337; baseline 0.006 -22"><span class='ocrx_word' id='word_1_567' title='bbox 1935 3260 2052 3332; x_wconf 89' lang='lat' dir='ltr'><strong>lege</strong></span> <span class='ocrx_word' id='word_1_568' title='bbox 2082 3261 2377 3317; x_wconf 92' lang='lat' dir='ltr'><strong>immunem</strong></span> <span class='ocrx_word' id='word_1_569' title='bbox 2408 3262 2524 3317; x_wconf 89' lang='lat' dir='ltr'><strong>fore</strong></span> <span class='ocrx_word' id='word_1_570' title='bbox 2553 3271 2704 3332; x_wconf 88' lang='lat' dir='ltr'><strong>putat</strong></span> <span class='ocrx_word' id='word_1_571' title='bbox 2749 3261 2808 3315; x_wconf 72' lang='lat' dir='ltr'><strong>B.</strong></span> <span class='ocrx_word' id='word_1_572' title='bbox 2835 3257 3132 3337; x_wconf 87' lang='lat' dir='ltr'><strong>Virginem.</strong></span> <span class='ocrx_word' id='word_1_573' title='bbox 3168 3266 3312 3321; x_wconf 80' lang='lat' dir='ltr'><strong>idem</strong></span> <span class='ocrx_word' id='word_1_574' title='bbox 3347 3268 3514 3324; x_wconf 79' lang='lat' dir='ltr'><strong>habet</strong></span> 
     </span>
    </p>
   </div>
   <div class='ocr_carea' id='block_1_79' title="bbox 1936 3351 3514 3435">
    <p class='ocr_par' dir='ltr' id='par_1_79' title="bbox 1936 3351 3514 3435">
     <span class='ocr_line' id='line_1_79' title="bbox 1936 3351 3514 3435; baseline 0.005 -27"><span class='ocrx_word' id='word_1_575' title='bbox 1936 3353 1988 3408; x_wconf 91' lang='lat' dir='ltr'><strong>in</strong></span> <span class='ocrx_word' id='word_1_576' title='bbox 2041 3351 2335 3409; x_wconf 78' lang='lat' dir='ltr'><strong>Comment.</strong></span> <span class='ocrx_word' id='word_1_577' title='bbox 2409 3357 2480 3407; x_wconf 85' lang='lat' dir='ltr'><strong>ad</strong></span> <span class='ocrx_word' id='word_1_578' title='bbox 2529 3355 2718 3423; x_wconf 82' lang='lat' dir='ltr'><strong>psalm.</strong></span> <span class='ocrx_word' id='word_1_579' title='bbox 2773 3371 2976 3421; x_wconf 71' lang='lat' dir='ltr'><strong>cum,</strong></span> <span class='ocrx_word' id='word_1_580' title='bbox 3044 3355 3136 3412; x_wconf 68' lang='lat'><strong>30.</strong></span> <span class='ocrx_word' id='word_1_581' title='bbox 3189 3358 3514 3435; x_wconf 79' lang='lat' dir='ltr'><strong>Ambrosius</strong></span> 
     </span>
    </p>
   </div>
   <div class='ocr_carea' id='block_1_80' title="bbox 1933 3445 3514 3520">
    <p class='ocr_par' dir='ltr' id='par_1_80' title="bbox 1933 3445 3514 3520">
     <span class='ocr_line' id='line_1_80' title="bbox 1933 3445 3514 3520; baseline 0.004 -18"><span class='ocrx_word' id='word_1_582' title='bbox 1933 3461 2101 3502; x_wconf 89' lang='lat' dir='ltr'><strong>serm.</strong></span> <span class='ocrx_word' id='word_1_583' title='bbox 2135 3447 2190 3500; x_wconf 82' lang='lat' dir='ltr'><strong>in</strong></span> <span class='ocrx_word' id='word_1_584' title='bbox 2219 3445 2412 3514; x_wconf 82' lang='lat' dir='ltr'><strong>psalm.</strong></span> <span class='ocrx_word' id='word_1_585' title='bbox 2449 3462 2610 3502; x_wconf 66' lang='lat' dir='ltr'><strong>xxxvi</strong></span> <span class='ocrx_word' id='word_1_586' title='bbox 2654 3466 2666 3502; x_wconf 93' lang='lat'>:</span> <span class='ocrx_word' id='word_1_587' title='bbox 2716 3466 2734 3498; x_wconf 80' lang='grc' dir='ltr'><strong>ι</strong></span> <span class='ocrx_word' id='word_1_588' title='bbox 2780 3447 2907 3518; x_wconf 86' lang='lat' dir='ltr'><strong>Igne</strong></span> <span class='ocrx_word' id='word_1_589' title='bbox 2961 3463 3088 3519; x_wconf 77' lang='lat' dir='ltr'><strong>ergo</strong></span> <span class='ocrx_word' id='word_1_590' title='bbox 3136 3450 3514 3520; x_wconf 79' lang='lat' dir='ltr'><strong>purgabuntur</strong></span> 
     </span>
    </p>
   </div>
   <div class='ocr_carea' id='block_1_81' title="bbox 1935 3540 3511 3614">
    <p class='ocr_par' dir='ltr' id='par_1_81' title="bbox 1935 3540 3511 3614">
     <span class='ocr_line' id='line_1_81' title="bbox 1935 3540 3511 3614; baseline 0.003 -18"><span class='ocrx_word' id='word_1_591' title='bbox 1935 3541 2027 3596; x_wconf 83' lang='lat' dir='ltr'><strong>filii</strong></span> <span class='ocrx_word' id='word_1_592' title='bbox 2055 3540 2205 3607; x_wconf 88' lang='lat' dir='ltr'><strong>Levi,</strong></span> <span class='ocrx_word' id='word_1_593' title='bbox 2236 3541 2358 3614; x_wconf 88' lang='lat' dir='ltr'><strong>igne</strong></span> <span class='ocrx_word' id='word_1_594' title='bbox 2387 3542 2656 3607; x_wconf 81' lang='lat' dir='ltr'><strong>Ezechiel,</strong></span> <span class='ocrx_word' id='word_1_595' title='bbox 2685 3543 2808 3614; x_wconf 89' lang='lat' dir='ltr'><strong>igne</strong></span> <span class='ocrx_word' id='word_1_596' title='bbox 2842 3542 3067 3608; x_wconf 85' lang='lat' dir='ltr'><strong>Daniel;</strong></span> <span class='ocrx_word' id='word_1_597' title='bbox 3113 3560 3133 3595; x_wconf 75' lang='grc' dir='ltr'><strong>ι</strong></span> <span class='ocrx_word' id='word_1_598' title='bbox 3182 3554 3237 3598; x_wconf 91' lang='lat' dir='ltr'><strong>et</strong></span> <span class='ocrx_word' id='word_1_599' title='bbox 3261 3543 3459 3600; x_wconf 87' lang='lat' dir='ltr'><strong>deinde</strong></span> <span class='ocrx_word' id='word_1_600' title='bbox 3492 3562 3511 3601; x_wconf 91' lang='lat'><strong>:</strong></span> 
     </span>
    </p>
   </div>
   <div class='ocr_carea' id='block_1_82' title="bbox 1940 3631 3511 3707">
    <p class='ocr_par' dir='ltr' id='par_1_82' title="bbox 1940 3631 3511 3707">
     <span class='ocr_line' id='line_1_82' title="bbox 1940 3631 3511 3707; baseline 0.004 -20"><span class='ocrx_word' id='word_1_601' title='bbox 1940 3652 1959 3687; x_wconf 81' lang='grc' dir='ltr'><strong>ι</strong></span> <span class='ocrx_word' id='word_1_602' title='bbox 2002 3631 2148 3691; x_wconf 87' lang='lat' dir='ltr'><strong>Salvi</strong></span> <span class='ocrx_word' id='word_1_603' title='bbox 2180 3636 2384 3692; x_wconf 89' lang='lat' dir='ltr'><strong>erimus</strong></span> <span class='ocrx_word' id='word_1_604' title='bbox 2426 3651 2525 3705; x_wconf 92' lang='lat' dir='ltr'><strong>per</strong></span> <span class='ocrx_word' id='word_1_605' title='bbox 2570 3636 2753 3700; x_wconf 84' lang='lat' dir='ltr'><strong>fidem,</strong></span> <span class='ocrx_word' id='word_1_606' title='bbox 2799 3636 2880 3690; x_wconf 86' lang='lat' dir='ltr'><strong>sic</strong></span> <span class='ocrx_word' id='word_1_607' title='bbox 2935 3643 3117 3691; x_wconf 88' lang='lat' dir='ltr'><strong>tamen</strong></span> <span class='ocrx_word' id='word_1_608' title='bbox 3177 3637 3310 3692; x_wconf 89' lang='lat' dir='ltr'><strong>salvi</strong></span> <span class='ocrx_word' id='word_1_609' title='bbox 3355 3638 3511 3707; x_wconf 85' lang='lat' dir='ltr'><strong>quasi</strong></span> 
     </span>
    </p>
   </div>
   <div class='ocr_carea' id='block_1_83' title="bbox 1933 3727 3507 3798">
    <p class='ocr_par' dir='ltr' id='par_1_83' title="bbox 1933 3727 3507 3798">
     <span class='ocr_line' id='line_1_83' title="bbox 1933 3727 3507 3798; baseline -0.001 -15"><span class='ocrx_word' id='word_1_610' title='bbox 1933 3741 2032 3797; x_wconf 91' lang='lat' dir='ltr'><strong>per</strong></span> <span class='ocrx_word' id='word_1_611' title='bbox 2064 3727 2280 3798; x_wconf 88' lang='lat' dir='ltr'><strong>ignem;</strong></span> <span class='ocrx_word' id='word_1_612' title='bbox 2323 3729 2424 3783; x_wconf 90' lang='lat' dir='ltr'><strong>etsi</strong></span> <span class='ocrx_word' id='word_1_613' title='bbox 2465 3744 2570 3784; x_wconf 91' lang='lat' dir='ltr'><strong>non</strong></span> <span class='ocrx_word' id='word_1_614' title='bbox 2605 3743 2920 3795; x_wconf 80' lang='lat' dir='ltr'><strong>exuremur,</strong></span> <span class='ocrx_word' id='word_1_615' title='bbox 2967 3740 3144 3784; x_wconf 89' lang='lat' dir='ltr'><strong>tamen</strong></span> <span class='ocrx_word' id='word_1_616' title='bbox 3198 3743 3439 3784; x_wconf 91' lang='lat' dir='ltr'><strong>uremur.</strong></span> <span class='ocrx_word' id='word_1_617' title='bbox 3485 3747 3507 3782; x_wconf 72' lang='grc' dir='ltr'><strong>ι</strong></span> 
     </span>
    </p>
   </div>
   <div class='ocr_carea' id='block_1_84' title="bbox 1934 3816 3511 3889">
    <p class='ocr_par' dir='ltr' id='par_1_84' title="bbox 1934 3816 3511 3889">
     <span class='ocr_line' id='line_1_84' title="bbox 1934 3816 3511 3889; baseline 0.003 -17"><span class='ocrx_word' id='word_1_618' title='bbox 1934 3816 2064 3885; x_wconf 57' lang='lat' dir='ltr'><strong>Quae</strong></span> <span class='ocrx_word' id='word_1_619' title='bbox 2108 3829 2444 3888; x_wconf 90' lang='lat' dir='ltr'><strong>sequuntur,</strong></span> <span class='ocrx_word' id='word_1_620' title='bbox 2491 3833 2560 3874; x_wconf 80' lang='lat' dir='ltr'><strong>ex</strong></span> <span class='ocrx_word' id='word_1_621' title='bbox 2614 3819 2846 3889; x_wconf 84' lang='lat' dir='ltr'><strong>Origene</strong></span> <span class='ocrx_word' id='word_1_622' title='bbox 2907 3820 3191 3876; x_wconf 83' lang='lat' dir='ltr'><strong>manifesto</strong></span> <span class='ocrx_word' id='word_1_623' title='bbox 3247 3820 3511 3876; x_wconf 86' lang='lat' dir='ltr'><strong>translata</strong></span> 
     </span>
    </p>
   </div>
   <div class='ocr_carea' id='block_1_85' title="bbox 1935 3908 3512 3984">
    <p class='ocr_par' dir='ltr' id='par_1_85' title="bbox 1935 3908 3512 3984">
     <span class='ocr_line' id='line_1_85' title="bbox 1935 3908 3512 3984; baseline 0.003 -20"><span class='ocrx_word' id='word_1_624' title='bbox 1935 3918 2064 3964; x_wconf 90' lang='lat' dir='ltr'><strong>sunt</strong></span> <span class='ocrx_word' id='word_1_625' title='bbox 2091 3927 2103 3963; x_wconf 89' lang='lat'><strong>:</strong></span> <span class='ocrx_word' id='word_1_626' title='bbox 2130 3927 2149 3961; x_wconf 82' lang='grc' dir='ltr'><strong>ι</strong></span> <span class='ocrx_word' id='word_1_627' title='bbox 2179 3908 2461 3976; x_wconf 85' lang='lat' dir='ltr'><strong>Quomodo</strong></span> <span class='ocrx_word' id='word_1_628' title='bbox 2493 3921 2672 3966; x_wconf 90' lang='lat' dir='ltr'><strong>tamen</strong></span> <span class='ocrx_word' id='word_1_629' title='bbox 2701 3911 2792 3966; x_wconf 90' lang='lat' dir='ltr'><strong>alii</strong></span> <span class='ocrx_word' id='word_1_630' title='bbox 2820 3923 3136 3967; x_wconf 85' lang='lat' dir='ltr'><strong>remaneant</strong></span> <span class='ocrx_word' id='word_1_631' title='bbox 3165 3913 3217 3966; x_wconf 91' lang='lat' dir='ltr'><strong>in</strong></span> <span class='ocrx_word' id='word_1_632' title='bbox 3248 3912 3389 3984; x_wconf 89' lang='lat' dir='ltr'><strong>igne.</strong></span> <span class='ocrx_word' id='word_1_633' title='bbox 3417 3913 3512 3968; x_wconf 87' lang='lat' dir='ltr'><strong>alii</strong></span> 
     </span>
    </p>
   </div>
   <div class='ocr_carea' id='block_1_86' title="bbox 1935 4003 3508 4075">
    <p class='ocr_par' dir='ltr' id='par_1_86' title="bbox 1935 4003 3508 4075">
     <span class='ocr_line' id='line_1_86' title="bbox 1935 4003 3508 4075; baseline 0.003 -18"><span class='ocrx_word' id='word_1_634' title='bbox 1935 4010 2334 4070; x_wconf 87' lang='lat' dir='ltr'><strong>pertranseant,</strong></span> <span class='ocrx_word' id='word_1_635' title='bbox 2353 4003 2510 4058; x_wconf 88' lang='lat' dir='ltr'><strong>docet</strong></span> <span class='ocrx_word' id='word_1_636' title='bbox 2531 4019 2630 4058; x_wconf 91' lang='lat' dir='ltr'><strong>nos</strong></span> <span class='ocrx_word' id='word_1_637' title='bbox 2655 4004 2838 4060; x_wconf 91' lang='lat' dir='ltr'><strong>divina</strong></span> <span class='ocrx_word' id='word_1_638' title='bbox 2875 4005 3157 4075; x_wconf 86' lang='lat' dir='ltr'><strong>Scriptura</strong></span> <span class='ocrx_word' id='word_1_639' title='bbox 3189 4027 3200 4060; x_wconf 93' lang='lat'><strong>:</strong></span> <span class='ocrx_word' id='word_1_640' title='bbox 3226 4021 3420 4075; x_wconf 89' lang='lat' dir='ltr'><strong>nempe</strong></span> <span class='ocrx_word' id='word_1_641' title='bbox 3453 4008 3508 4061; x_wconf 90' lang='lat' dir='ltr'><strong>in</strong></span> 
     </span>
    </p>
   </div>
   <div class='ocr_carea' id='block_1_87' title="bbox 1934 4092 3508 4168">
    <p class='ocr_par' dir='ltr' id='par_1_87' title="bbox 1934 4092 3508 4168">
     <span class='ocr_line' id='line_1_87' title="bbox 1934 4092 3508 4168; baseline 0.004 -22"><span class='ocrx_word' id='word_1_642' title='bbox 1934 4106 2084 4146; x_wconf 90' lang='lat' dir='ltr'><strong>mare</strong></span> <span class='ocrx_word' id='word_1_643' title='bbox 2117 4092 2360 4148; x_wconf 87' lang='lat' dir='ltr'><strong>Rubrum</strong></span> <span class='ocrx_word' id='word_1_644' title='bbox 2395 4093 2680 4151; x_wconf 89' lang='lat' dir='ltr'><strong>demersus</strong></span> <span class='ocrx_word' id='word_1_645' title='bbox 2711 4105 2798 4151; x_wconf 92' lang='lat' dir='ltr'><strong>est</strong></span> <span class='ocrx_word' id='word_1_646' title='bbox 2833 4096 3060 4166; x_wconf 87' lang='lat' dir='ltr'><strong>p0pulus</strong></span> <span class='ocrx_word' id='word_1_647' title='bbox 3101 4095 3508 4168; x_wconf 65' lang='lat' dir='ltr'><strong>IEgyptiorutn,</strong></span> 
     </span>
    </p>
   </div>
   <div class='ocr_carea' id='block_1_88' title="bbox 1933 4184 3513 4257">
    <p class='ocr_par' dir='ltr' id='par_1_88' title="bbox 1933 4184 3513 4257">
     <span class='ocr_line' id='line_1_88' title="bbox 1933 4184 3513 4257; baseline 0.004 -18"><span class='ocrx_word' id='word_1_648' title='bbox 1933 4184 2182 4241; x_wconf 86' lang='lat' dir='ltr'><strong>transivit</strong></span> <span class='ocrx_word' id='word_1_649' title='bbox 2208 4195 2335 4240; x_wconf 88' lang='lat' dir='ltr'><strong>ante</strong></span> <span class='ocrx_word' id='word_1_650' title='bbox 2367 4186 2598 4256; x_wconf 78' lang='lat' dir='ltr'><strong>populus</strong></span> <span class='ocrx_word' id='word_1_651' title='bbox 2640 4187 3012 4244; x_wconf 64' lang='lat' dir='ltr'><strong>Hebraeorum.</strong></span> <span class='ocrx_word' id='word_1_652' title='bbox 3065 4205 3092 4241; x_wconf 75' lang='grc' dir='ltr'>ι·</span> <span class='ocrx_word' id='word_1_653' title='bbox 3125 4188 3341 4257; x_wconf 81' lang='lat' dir='ltr'><strong>lgneam</strong></span> <span class='ocrx_word' id='word_1_654' title='bbox 3378 4204 3513 4246; x_wconf 86' lang='lat' dir='ltr'><strong>vero</strong></span> 
     </span>
    </p>
   </div>
   <div class='ocr_carea' id='block_1_89' title="bbox 1931 4279 3511 4352">
    <p class='ocr_par' dir='ltr' id='par_1_89' title="bbox 1931 4279 3511 4352">
     <span class='ocr_line' id='line_1_89' title="bbox 1931 4279 3511 4352; baseline 0.001 -19"><span class='ocrx_word' id='word_1_655' title='bbox 1931 4279 2198 4350; x_wconf 87' lang='lat' dir='ltr'><strong>ejusmodi</strong></span> <span class='ocrx_word' id='word_1_656' title='bbox 2228 4281 2609 4352; x_wconf 78' lang='lat' dir='ltr'><strong>purgationem</strong></span> <span class='ocrx_word' id='word_1_657' title='bbox 2641 4281 2821 4351; x_wconf 87' lang='lat' dir='ltr'><strong>gladio</strong></span> <span class='ocrx_word' id='word_1_658' title='bbox 2849 4280 3099 4337; x_wconf 82' lang='lat' dir='ltr'><strong>ﬂammeo</strong></span> <span class='ocrx_word' id='word_1_659' title='bbox 3128 4281 3276 4335; x_wconf 86' lang='lat' dir='ltr'><strong>circa</strong></span> <span class='ocrx_word' id='word_1_660' title='bbox 3310 4282 3511 4336; x_wconf 84' lang='lat' dir='ltr'><strong>ostium</strong></span> 
     </span>
    </p>
   </div>
   <div class='ocr_carea' id='block_1_90' title="bbox 1933 4371 3514 4444">
    <p class='ocr_par' dir='ltr' id='par_1_90' title="bbox 1933 4371 3514 4444">
     <span class='ocr_line' id='line_1_90' title="bbox 1933 4371 3514 4444; baseline -0.001 -16"><span class='ocrx_word' id='word_1_661' title='bbox 1933 4373 2170 4444; x_wconf 88' lang='lat' dir='ltr'><strong>paradisi</strong></span> <span class='ocrx_word' id='word_1_662' title='bbox 2209 4374 2542 4428; x_wconf 86' lang='lat' dir='ltr'><strong>circumacto</strong></span> <span class='ocrx_word' id='word_1_663' title='bbox 2585 4382 2640 4426; x_wconf 93' lang='lat' dir='ltr'><strong>et</strong></span> <span class='ocrx_word' id='word_1_664' title='bbox 2679 4382 2856 4428; x_wconf 90' lang='lat' dir='ltr'><strong>rotato</strong></span> <span class='ocrx_word' id='word_1_665' title='bbox 2885 4372 3182 4443; x_wconf 79' lang='lat' dir='ltr'><strong>signiﬁcari</strong></span> <span class='ocrx_word' id='word_1_666' title='bbox 3235 4373 3313 4426; x_wconf 88' lang='lat' dir='ltr'><strong>ait</strong></span> <span class='ocrx_word' id='word_1_667' title='bbox 3355 4371 3514 4426; x_wconf 71' lang='lat' dir='ltr'><strong>Corn-</strong></span> 
     </span>
    </p>
   </div>
   <div class='ocr_carea' id='block_1_91' title="bbox 1932 4463 3516 4534">
    <p class='ocr_par' dir='ltr' id='par_1_91' title="bbox 1932 4463 3516 4534">
     <span class='ocr_line' id='line_1_91' title="bbox 1932 4463 3516 4534; baseline -0.003 -12"><span class='ocrx_word' id='word_1_668' title='bbox 1932 4475 2096 4522; x_wconf 86' lang='lat' dir='ltr'><strong>ment.</strong></span> <span class='ocrx_word' id='word_1_669' title='bbox 2149 4467 2203 4522; x_wconf 82' lang='lat' dir='ltr'><strong>in</strong></span> <span class='ocrx_word' id='word_1_670' title='bbox 2246 4466 2434 4534; x_wconf 76' lang='lat' dir='ltr'><strong>psalm.</strong></span> <span class='ocrx_word' id='word_1_671' title='bbox 2483 4479 2672 4519; x_wconf 83' lang='lat' dir='ltr'><strong>cxvm.</strong></span> <span class='ocrx_word' id='word_1_672' title='bbox 2716 4465 2784 4520; x_wconf 88' lang='lat' dir='ltr'><strong>Et</strong></span> <span class='ocrx_word' id='word_1_673' title='bbox 2811 4464 3168 4534; x_wconf 85' lang='lat' dir='ltr'><strong>Hieronymus</strong></span> <span class='ocrx_word' id='word_1_674' title='bbox 3226 4463 3317 4518; x_wconf 89' lang='lat' dir='ltr'><strong>lib.</strong></span> <span class='ocrx_word' id='word_1_675' title='bbox 3359 4479 3418 4518; x_wconf 89' lang='grc' dir='ltr'><strong>ιιι</strong></span> <span class='ocrx_word' id='word_1_676' title='bbox 3459 4465 3516 4518; x_wconf 82' lang='lat' dir='ltr'><strong>in</strong></span> 
     </span>
    </p>
   </div>
   <div class='ocr_carea' id='block_1_92' title="bbox 239 4556 1849 4646">
    <p class='ocr_par' dir='ltr' id='par_1_92' title="bbox 239 4569 1826 4646">
     <span class='ocr_line' id='line_1_92' title="bbox 239 4569 1826 4646; baseline -0.007 -14"><span class='ocrx_word' id='word_1_677' title='bbox 239 4590 356 4632; x_wconf 84' lang='lat' dir='ltr'><strong>esse</strong></span> <span class='ocrx_word' id='word_1_678' title='bbox 403 4577 591 4646; x_wconf 81' lang='lat' dir='ltr'><strong>ignem</strong></span> <span class='ocrx_word' id='word_1_679' title='bbox 641 4585 869 4635; x_wconf 89' lang='lat' dir='ltr'><strong>verum,</strong></span> <span class='ocrx_word' id='word_1_680' title='bbox 913 4571 1155 4626; x_wconf 83' lang='lat' dir='ltr'><strong>dicentes</strong></span> <span class='ocrx_word' id='word_1_681' title='bbox 1216 4569 1420 4625; x_wconf 78' lang='lat' dir='ltr'><strong>dictant</strong></span> <span class='ocrx_word' id='word_1_682' title='bbox 1471 4581 1592 4624; x_wconf 87' lang='lat' dir='ltr'><strong>esse</strong></span> <span class='ocrx_word' id='word_1_683' title='bbox 1651 4569 1826 4638; x_wconf 78' lang='lat' dir='ltr'><strong>ignem</strong></span> 
     </span>
    </p>
   </div>
   <div class='ocr_carea' id='block_1_93' title="bbox 1945 4556 3515 4646">
    <p class='ocr_par' dir='ltr' id='par_1_93' title="bbox 1945 4556 3515 4627">
     <span class='ocr_line' id='line_1_93' title="bbox 1945 4556 3515 4627; baseline -0.001 -16"><span class='ocrx_word' id='word_1_684' title='bbox 1945 4559 2095 4612; x_wconf 75' lang='lat' dir='ltr'><strong>Amos</strong></span> <span class='ocrx_word' id='word_1_685' title='bbox 2129 4573 2224 4624; x_wconf 89' lang='lat' dir='ltr'><strong>vn,</strong></span> <span class='ocrx_word' id='word_1_686' title='bbox 2255 4556 2311 4623; x_wconf 73' lang='lat'><strong>4,</strong></span> <span class='ocrx_word' id='word_1_687' title='bbox 2347 4567 2571 4612; x_wconf 88' lang='lat' dir='ltr'><strong>sanctos</strong></span> <span class='ocrx_word' id='word_1_688' title='bbox 2599 4565 2654 4612; x_wconf 90' lang='lat' dir='ltr'><strong>et</strong></span> <span class='ocrx_word' id='word_1_689' title='bbox 2695 4556 2890 4625; x_wconf 92' lang='lat' dir='ltr'><strong>impios</strong></span> <span class='ocrx_word' id='word_1_690' title='bbox 2944 4557 3164 4627; x_wconf 88' lang='lat' dir='ltr'><strong>ignibus</strong></span> <span class='ocrx_word' id='word_1_691' title='bbox 3191 4557 3395 4621; x_wconf 88' lang='lat' dir='ltr'><strong>pariter</strong></span> <span class='ocrx_word' id='word_1_692' title='bbox 3417 4571 3515 4612; x_wconf 75' lang='lat' dir='ltr'><strong>ex-</strong></span> 
     </span>
    </p>
   </div>
   <div class='ocr_carea' id='block_1_94' title="bbox 238 4663 1829 4739">
    <p class='ocr_par' dir='ltr' id='par_1_94' title="bbox 238 4663 1829 4739">
     <span class='ocr_line' id='line_1_94' title="bbox 238 4663 1829 4739; baseline -0.006 -17"><span class='ocrx_word' id='word_1_693' title='bbox 238 4669 468 4739; x_wconf 84' lang='lat' dir='ltr'><strong>propriae</strong></span> <span class='ocrx_word' id='word_1_694' title='bbox 500 4663 859 4722; x_wconf 71' lang='lat' dir='ltr'><strong>conscientias</strong></span> <span class='ocrx_word' id='word_1_695' title='bbox 889 4663 1257 4730; x_wconf 90' lang='lat' dir='ltr'><strong>punitionem;</strong></span> <span class='ocrx_word' id='word_1_696' title='bbox 1289 4678 1352 4717; x_wconf 90' lang='lat' dir='ltr'><strong>ac</strong></span> <span class='ocrx_word' id='word_1_697' title='bbox 1377 4663 1455 4717; x_wconf 90' lang='lat' dir='ltr'><strong>sic</strong></span> <span class='ocrx_word' id='word_1_698' title='bbox 1485 4675 1676 4716; x_wconf 89' lang='lat' dir='ltr'><strong>omnes</strong></span> <span class='ocrx_word' id='word_1_699' title='bbox 1708 4676 1829 4730; x_wconf 82' lang='lat' dir='ltr'><strong>pce-</strong></span> 
     </span>
    </p>
   </div>
   <div class='ocr_carea' id='block_1_95' title="bbox 236 4752 1824 4826">
    <p class='ocr_par' dir='ltr' id='par_1_95' title="bbox 236 4752 1824 4826">
     <span class='ocr_line' id='line_1_95' title="bbox 236 4752 1824 4826; baseline -0.006 -10"><span class='ocrx_word' id='word_1_700' title='bbox 236 4769 483 4816; x_wconf 90' lang='lat' dir='ltr'><strong>catorum</strong></span> <span class='ocrx_word' id='word_1_701' title='bbox 536 4756 755 4810; x_wconf 87' lang='lat' dir='ltr'><strong>animas</strong></span> <span class='ocrx_word' id='word_1_702' title='bbox 799 4763 918 4823; x_wconf 85' lang='lat' dir='ltr'><strong>post</strong></span> <span class='ocrx_word' id='word_1_703' title='bbox 959 4755 1332 4826; x_wconf 84' lang='lat' dir='ltr'><strong>purgationem</strong></span> <span class='ocrx_word' id='word_1_704' title='bbox 1381 4752 1726 4809; x_wconf 68' lang='lat' dir='ltr'><strong>conscientiae</strong></span> <span class='ocrx_word' id='word_1_705' title='bbox 1769 4755 1824 4806; x_wconf 86' lang='lat' dir='ltr'><strong>in</strong></span> 
     </span>
    </p>
   </div>
   <div class='ocr_carea' id='block_1_96' title="bbox 235 4840 1830 4913">
    <p class='ocr_par' dir='ltr' id='par_1_96' title="bbox 235 4840 1830 4913">
     <span class='ocr_line' id='line_1_96' title="bbox 235 4840 1830 4913; baseline -0.006 -8"><span class='ocrx_word' id='word_1_706' title='bbox 235 4850 502 4905; x_wconf 89' lang='lat' dir='ltr'><strong>unitatem</strong></span> <span class='ocrx_word' id='word_1_707' title='bbox 540 4843 794 4913; x_wconf 90' lang='lat' dir='ltr'><strong>corporis</strong></span> <span class='ocrx_word' id='word_1_708' title='bbox 835 4840 1040 4897; x_wconf 86' lang='lat' dir='ltr'><strong>Christi</strong></span> <span class='ocrx_word' id='word_1_709' title='bbox 1084 4859 1206 4899; x_wconf 91' lang='lat' dir='ltr'><strong>esse</strong></span> <span class='ocrx_word' id='word_1_710' title='bbox 1257 4844 1549 4898; x_wconf 83' lang='lat' dir='ltr'><strong>redituras.</strong></span> <span class='ocrx_word' id='word_1_711' title='bbox 1579 4861 1601 4893; x_wconf 77' lang='grc' dir='ltr'><strong>ι</strong></span> <span class='ocrx_word' id='word_1_712' title='bbox 1635 4843 1830 4910; x_wconf 87' lang='lat' dir='ltr'><strong>Arguit</strong></span> 
     </span>
    </p>
   </div>
   <div class='ocr_carea' id='block_1_97' title="bbox 234 4933 1828 5006">
    <p class='ocr_par' dir='ltr' id='par_1_97' title="bbox 234 4933 1828 5006">
     <span class='ocr_line' id='line_1_97' title="bbox 234 4933 1828 5006; baseline -0.006 -11"><span class='ocrx_word' id='word_1_713' title='bbox 234 4941 362 4997; x_wconf 88' lang='lat' dir='ltr'><strong>item</strong></span> <span class='ocrx_word' id='word_1_714' title='bbox 389 4939 662 4996; x_wconf 92' lang='lat' dir='ltr'><strong>circuitus</strong></span> <span class='ocrx_word' id='word_1_715' title='bbox 695 4936 812 4992; x_wconf 93' lang='lat' dir='ltr'><strong>illos</strong></span> <span class='ocrx_word' id='word_1_716' title='bbox 841 4935 1191 5006; x_wconf 84' lang='lat' dir='ltr'><strong>beatitudinis</strong></span> <span class='ocrx_word' id='word_1_717' title='bbox 1215 4942 1270 4990; x_wconf 91' lang='lat' dir='ltr'><strong>et</strong></span> <span class='ocrx_word' id='word_1_718' title='bbox 1303 4933 1666 4988; x_wconf 87' lang='lat' dir='ltr'><strong>damnationis</strong></span> <span class='ocrx_word' id='word_1_719' title='bbox 1692 4946 1828 4987; x_wconf 89' lang='lat' dir='ltr'><strong>sem-</strong></span> 
     </span>
    </p>
   </div>
   <div class='ocr_carea' id='block_1_98' title="bbox 231 5021 1822 5104">
    <p class='ocr_par' dir='ltr' id='par_1_98' title="bbox 231 5021 1822 5104">
     <span class='ocr_line' id='line_1_98' title="bbox 231 5021 1822 5104; baseline -0.006 -17"><span class='ocrx_word' id='word_1_720' title='bbox 231 5033 480 5104; x_wconf 88' lang='lat' dir='ltr'><strong>piternos</strong></span> <span class='ocrx_word' id='word_1_721' title='bbox 505 5021 846 5093; x_wconf 72' lang='lat' dir='ltr'><strong>Augustinus</strong></span> <span class='ocrx_word' id='word_1_722' title='bbox 877 5027 1082 5083; x_wconf 77' lang='lat' dir='ltr'><strong>Hteres.</strong></span> <span class='ocrx_word' id='word_1_723' title='bbox 1111 5042 1241 5081; x_wconf 81' lang='lat' dir='ltr'><strong>mu</strong></span> <span class='ocrx_word' id='word_1_724' title='bbox 1269 5027 1335 5082; x_wconf 91' lang='lat' dir='ltr'><strong>ad</strong></span> <span class='ocrx_word' id='word_1_725' title='bbox 1363 5024 1822 5093; x_wconf 85' lang='lat' dir='ltr'><strong>Quodvultdeum,</strong></span> 
     </span>
    </p>
   </div>
   <div class='ocr_carea' id='block_1_99' title="bbox 229 5116 1826 5193">
    <p class='ocr_par' dir='ltr' id='par_1_99' title="bbox 229 5116 1826 5193">
     <span class='ocr_line' id='line_1_99' title="bbox 229 5116 1826 5193; baseline -0.007 -11"><span class='ocrx_word' id='word_1_726' title='bbox 229 5138 282 5183; x_wconf 89' lang='lat' dir='ltr'><strong>et</strong></span> <span class='ocrx_word' id='word_1_727' title='bbox 313 5129 410 5186; x_wconf 94' lang='lat' dir='ltr'><strong>lib.</strong></span> <span class='ocrx_word' id='word_1_728' title='bbox 446 5143 545 5183; x_wconf 75' lang='lat' dir='ltr'><strong>XXI</strong></span> <span class='ocrx_word' id='word_1_729' title='bbox 596 5121 675 5179; x_wconf 77' lang='lat' dir='ltr'><strong>De</strong></span> <span class='ocrx_word' id='word_1_730' title='bbox 719 5124 862 5179; x_wconf 85' lang='lat' dir='ltr'><strong>civit.</strong></span> <span class='ocrx_word' id='word_1_731' title='bbox 889 5123 1007 5189; x_wconf 87' lang='lat' dir='ltr'><strong>Dei,</strong></span> <span class='ocrx_word' id='word_1_732' title='bbox 1041 5138 1162 5193; x_wconf 90' lang='lat' dir='ltr'><strong>cap.</strong></span> <span class='ocrx_word' id='word_1_733' title='bbox 1193 5122 1282 5177; x_wconf 86' lang='grc'><strong>17.</strong></span> <span class='ocrx_word' id='word_1_734' title='bbox 1323 5121 1394 5174; x_wconf 83' lang='grc' dir='ltr'>Αι</span> <span class='ocrx_word' id='word_1_735' title='bbox 1431 5118 1647 5174; x_wconf 78' lang='lat' dir='ltr'><strong>Nic‘etas</strong></span> <span class='ocrx_word' id='word_1_736' title='bbox 1681 5116 1826 5172; x_wconf 87' lang='lat' dir='ltr'><strong>Cho-</strong></span> 
     </span>
    </p>
   </div>
   <div class='ocr_carea' id='block_1_100' title="bbox 231 5206 1826 5281">
    <p class='ocr_par' dir='ltr' id='par_1_100' title="bbox 231 5206 1826 5281">
     <span class='ocr_line' id='line_1_100' title="bbox 231 5206 1826 5281; baseline -0.008 -8"><span class='ocrx_word' id='word_1_737' title='bbox 231 5221 408 5276; x_wconf 85' lang='lat' dir='ltr'><strong>niates</strong></span> <span class='ocrx_word' id='word_1_738' title='bbox 452 5219 554 5274; x_wconf 87' lang='lat' dir='ltr'><strong>lib.</strong></span> <span class='ocrx_word' id='word_1_739' title='bbox 581 5231 638 5270; x_wconf 83' lang='lat' dir='ltr'><strong>tv</strong></span> <span class='ocrx_word' id='word_1_740' title='bbox 682 5213 838 5269; x_wconf 79' lang='lat' dir='ltr'><strong>Thes.</strong></span> <span class='ocrx_word' id='word_1_741' title='bbox 867 5213 1074 5268; x_wconf 85' lang='lat' dir='ltr'><strong>orthod.</strong></span> <span class='ocrx_word' id='word_1_742' title='bbox 1106 5212 1229 5281; x_wconf 62' lang='grc' dir='ltr'><strong>βάς,</strong></span> <span class='ocrx_word' id='word_1_743' title='bbox 1263 5211 1397 5266; x_wconf 71' lang='lat' dir='ltr'><strong>liter.</strong></span> <span class='ocrx_word' id='word_1_744' title='bbox 1423 5222 1590 5271; x_wconf 77' lang='lat' dir='ltr'><strong>xm,</strong></span> <span class='ocrx_word' id='word_1_745' title='bbox 1622 5206 1826 5262; x_wconf 80' lang='lat' dir='ltr'><strong>dixisse</strong></span> 
     </span>
    </p>
   </div>
   <div class='ocr_carea' id='block_1_101' title="bbox 232 5299 1825 5382">
    <p class='ocr_par' dir='ltr' id='par_1_101' title="bbox 232 5299 1825 5382">
     <span class='ocr_line' id='line_1_101' title="bbox 232 5299 1825 5382; baseline -0.008 -16"><span class='ocrx_word' id='word_1_746' title='bbox 232 5313 303 5367; x_wconf 90' lang='lat' dir='ltr'><strong>ait</strong></span> <span class='ocrx_word' id='word_1_747' title='bbox 337 5313 667 5382; x_wconf 84' lang='lat' dir='ltr'><strong>Origenem,</strong></span> <span class='ocrx_word' id='word_1_748' title='bbox 713 5303 956 5363; x_wconf 80' lang='lat' dir='ltr'><strong>futurum</strong></span> <span class='ocrx_word' id='word_1_749' title='bbox 989 5315 1047 5360; x_wconf 92' lang='lat' dir='ltr'><strong>ut</strong></span> <span class='ocrx_word' id='word_1_750' title='bbox 1093 5306 1273 5359; x_wconf 86' lang='lat' dir='ltr'><strong>anima</strong></span> <span class='ocrx_word' id='word_1_751' title='bbox 1312 5302 1574 5367; x_wconf 89' lang='lat' dir='ltr'><strong>tantisper</strong></span> <span class='ocrx_word' id='word_1_752' title='bbox 1612 5299 1667 5354; x_wconf 90' lang='lat' dir='ltr'><strong>in</strong></span> <span class='ocrx_word' id='word_1_753' title='bbox 1700 5299 1825 5368; x_wconf 86' lang='lat' dir='ltr'><strong>igne</strong></span> 
     </span>
    </p>
   </div>
   <div class='ocr_carea' id='block_1_102' title="bbox 235 5388 1826 5468">
    <p class='ocr_par' dir='ltr' id='par_1_102' title="bbox 235 5388 1826 5468">
     <span class='ocr_line' id='line_1_102' title="bbox 235 5388 1826 5468; baseline -0.012 -7"><span class='ocrx_word' id='word_1_754' title='bbox 235 5415 474 5468; x_wconf 87' lang='lat' dir='ltr'><strong>maneat,</strong></span> <span class='ocrx_word' id='word_1_755' title='bbox 501 5403 635 5457; x_wconf 90' lang='lat' dir='ltr'><strong>dum</strong></span> <span class='ocrx_word' id='word_1_756' title='bbox 656 5399 913 5454; x_wconf 87' lang='lat' dir='ltr'><strong>vitiorum</strong></span> <span class='ocrx_word' id='word_1_757' title='bbox 938 5399 1189 5453; x_wconf 90' lang='lat' dir='ltr'><strong>sordibus</strong></span> <span class='ocrx_word' id='word_1_758' title='bbox 1219 5401 1590 5465; x_wconf 85' lang='lat' dir='ltr'><strong>expurgetur;</strong></span> <span class='ocrx_word' id='word_1_759' title='bbox 1624 5388 1826 5444; x_wconf 63' lang='lat' dir='ltr'><strong>at&#39;ver-</strong></span> 
     </span>
    </p>
   </div>
   <div class='ocr_carea' id='block_1_103' title="bbox 233 5491 1824 5560">
    <p class='ocr_par' dir='ltr' id='par_1_103' title="bbox 233 5491 1824 5560">
     <span class='ocr_line' id='line_1_103' title="bbox 233 5491 1824 5560; baseline -0.014 -5"><span class='ocrx_word' id='word_1_760' title='bbox 233 5513 373 5554; x_wconf 86' lang='lat' dir='ltr'><strong>mem</strong></span> <span class='ocrx_word' id='word_1_761' title='bbox 414 5506 608 5552; x_wconf 88' lang='lat' dir='ltr'><strong>tamen</strong></span> <span class='ocrx_word' id='word_1_762' title='bbox 661 5491 781 5547; x_wconf 91' lang='lat' dir='ltr'><strong>sine</strong></span> <span class='ocrx_word' id='word_1_763' title='bbox 818 5491 925 5546; x_wconf 85' lang='lat' dir='ltr'><strong>ﬁne</strong></span> <span class='ocrx_word' id='word_1_764' title='bbox 959 5501 1396 5560; x_wconf 87' lang='lat' dir='ltr'><strong>permansurum,</strong></span> <span class='ocrx_word' id='word_1_765' title='bbox 1437 5497 1540 5539; x_wconf 90' lang='lat' dir='ltr'><strong>nec</strong></span> <span class='ocrx_word' id='word_1_766' title='bbox 1584 5492 1824 5551; x_wconf 91' lang='lat' dir='ltr'><strong>unquam</strong></span> 
     </span>
    </p>
   </div>
   <div class='ocr_carea' id='block_1_104' title="bbox 233 5567 1823 5667">
    <p class='ocr_par' dir='ltr' id='par_1_104' title="bbox 233 5567 1823 5667">
     <span class='ocr_line' id='line_1_104' title="bbox 233 5567 1823 5667; baseline -0.015 -15"><span class='ocrx_word' id='word_1_767' title='bbox 233 5596 543 5667; x_wconf 77' lang='lat' dir='ltr'><strong>gehennam</strong></span> <span class='ocrx_word' id='word_1_768' title='bbox 597 5587 927 5644; x_wconf 73' lang='lat' dir='ltr'><strong>exstinctum</strong></span> <span class='ocrx_word' id='word_1_769' title='bbox 967 5584 1065 5650; x_wconf 90' lang='lat' dir='ltr'><strong>iri,</strong></span> <span class='ocrx_word' id='word_1_770' title='bbox 1116 5601 1135 5635; x_wconf 83' lang='grc' dir='ltr'><strong>ι</strong></span> <span class='ocrx_word' id='word_1_771' title='bbox 1167 5591 1226 5637; x_wconf 89' lang='grc' dir='ltr'><strong>ιιι</strong></span> <span class='ocrx_word' id='word_1_772' title='bbox 1271 5581 1377 5637; x_wconf 91' lang='lat' dir='ltr'><strong>hoc</strong></span> <span class='ocrx_word' id='word_1_773' title='bbox 1425 5583 1582 5648; x_wconf 86' lang='lat' dir='ltr'><strong>pacto</strong></span> <span class='ocrx_word' id='word_1_774' title='bbox 1628 5567 1823 5631; x_wconf 78' lang='lat' dir='ltr'><strong>stimu-</strong></span> 
     </span>
    </p>
   </div>
   <div class='ocr_carea' id='block_1_105' title="bbox 235 5667 1825 5754">
    <p class='ocr_par' dir='ltr' id='par_1_105' title="bbox 235 5667 1825 5754">
     <span class='ocr_line' id='line_1_105' title="bbox 235 5667 1825 5754; baseline -0.011 -13"><span class='ocrx_word' id='word_1_775' title='bbox 235 5687 372 5742; x_wconf 89' lang='lat' dir='ltr'><strong>letur</strong></span> <span class='ocrx_word' id='word_1_776' title='bbox 412 5684 469 5739; x_wconf 92' lang='lat' dir='ltr'><strong>in</strong></span> <span class='ocrx_word' id='word_1_777' title='bbox 510 5689 833 5754; x_wconf 83' lang='lat' dir='ltr'><strong>posterum,</strong></span> <span class='ocrx_word' id='word_1_778' title='bbox 889 5676 1283 5746; x_wconf 87' lang='lat' dir='ltr'><strong>refriceturque</strong></span> <span class='ocrx_word' id='word_1_779' title='bbox 1316 5669 1578 5729; x_wconf 88' lang='lat' dir='ltr'><strong>memoria</strong></span> <span class='ocrx_word' id='word_1_780' title='bbox 1629 5667 1825 5724; x_wconf 64' lang='lat' dir='ltr'><strong>divinae</strong></span> 
     </span>
    </p>
   </div>
   <div class='ocr_carea' id='block_1_106' title="bbox 233 5759 1829 5840">
    <p class='ocr_par' dir='ltr' id='par_1_106' title="bbox 233 5759 1829 5840">
     <span class='ocr_line' id='line_1_106' title="bbox 233 5759 1829 5840; baseline -0.009 -6"><span class='ocrx_word' id='word_1_781' title='bbox 233 5775 599 5835; x_wconf 82' lang='lat' dir='ltr'><strong>humanitatis</strong></span> <span class='ocrx_word' id='word_1_782' title='bbox 659 5772 716 5826; x_wconf 86' lang='lat' dir='ltr'><strong>in</strong></span> <span class='ocrx_word' id='word_1_783' title='bbox 768 5770 998 5834; x_wconf 88' lang='lat' dir='ltr'><strong>animis,</strong></span> <span class='ocrx_word' id='word_1_784' title='bbox 1043 5783 1165 5839; x_wconf 70' lang='lat' dir='ltr'><strong>qua:</strong></span> <span class='ocrx_word' id='word_1_785' title='bbox 1211 5783 1242 5824; x_wconf 89' lang='lat' dir='ltr'><strong>a</strong></span> <span class='ocrx_word' id='word_1_786' title='bbox 1289 5763 1622 5840; x_wconf 85' lang='lat' dir='ltr'><strong>perennibus</strong></span> <span class='ocrx_word' id='word_1_787' title='bbox 1673 5759 1829 5820; x_wconf 82' lang='lat' dir='ltr'><strong>hisco</strong></span> 
     </span>
    </p>
   </div>
   <div class='ocr_carea' id='block_1_107' title="bbox 238 5860 1107 5942">
    <p class='ocr_par' dir='ltr' id='par_1_107' title="bbox 238 5860 1107 5942">
     <span class='ocr_line' id='line_1_107' title="bbox 238 5860 1107 5942; baseline -0.018 -14"><span class='ocrx_word' id='word_1_788' title='bbox 238 5867 524 5942; x_wconf 81' lang='lat' dir='ltr'><strong>suppliciis</strong></span> <span class='ocrx_word' id='word_1_789' title='bbox 551 5864 798 5922; x_wconf 75' lang='lat' dir='ltr'><strong>liberata:</strong></span> <span class='ocrx_word' id='word_1_790' title='bbox 829 5860 1048 5919; x_wconf 80' lang='lat' dir='ltr'><strong>fuerint.</strong></span> <span class='ocrx_word' id='word_1_791' title='bbox 1075 5875 1107 5912; x_wconf 79' lang='grc' dir='ltr'>ι·</span> 
     </span>
    </p>
   </div>
   <div class='ocr_carea' id='block_1_108' title="bbox 1937 4646 3512 4721">
    <p class='ocr_par' dir='ltr' id='par_1_108' title="bbox 1937 4646 3512 4721">
     <span class='ocr_line' id='line_1_108' title="bbox 1937 4646 3512 4721; baseline -0.002 -17"><span class='ocrx_word' id='word_1_792' title='bbox 1937 4649 2246 4721; x_wconf 85' lang='lat' dir='ltr'><strong>purgandos</strong></span> <span class='ocrx_word' id='word_1_793' title='bbox 2279 4664 2401 4705; x_wconf 88' lang='lat' dir='ltr'><strong>esse</strong></span> <span class='ocrx_word' id='word_1_794' title='bbox 2433 4650 2510 4704; x_wconf 89' lang='lat' dir='ltr'><strong>ait</strong></span> <span class='ocrx_word' id='word_1_795' title='bbox 2536 4650 2733 4719; x_wconf 92' lang='lat' dir='ltr'><strong>quibus</strong></span> <span class='ocrx_word' id='word_1_796' title='bbox 2769 4649 3025 4704; x_wconf 90' lang='lat' dir='ltr'><strong>omnibus</strong></span> <span class='ocrx_word' id='word_1_797' title='bbox 3057 4649 3299 4720; x_wconf 56' lang='lat' dir='ltr'><strong>praelusit</strong></span> <span class='ocrx_word' id='word_1_798' title='bbox 3338 4646 3512 4718; x_wconf 78' lang='lat' dir='ltr'><strong>Sibyl-</strong></span> 
     </span>
    </p>
   </div>
   <div class='ocr_carea' id='block_1_109' title="bbox 1936 4741 3037 4810">
    <p class='ocr_par' dir='ltr' id='par_1_109' title="bbox 1936 4741 3037 4810">
     <span class='ocr_line' id='line_1_109' title="bbox 1936 4741 3037 4810; baseline 0.001 -16"><span class='ocrx_word' id='word_1_799' title='bbox 1936 4742 2165 4796; x_wconf 80' lang='lat' dir='ltr'><strong>linorum</strong></span> <span class='ocrx_word' id='word_1_800' title='bbox 2193 4742 2526 4796; x_wconf 85' lang='lat' dir='ltr'><strong>oraculorum</strong></span> <span class='ocrx_word' id='word_1_801' title='bbox 2555 4743 2792 4810; x_wconf 84' lang='lat' dir='ltr'><strong>scriptor</strong></span> <span class='ocrx_word' id='word_1_802' title='bbox 2822 4741 2916 4795; x_wconf 85' lang='lat' dir='ltr'><strong>lib.</strong></span> <span class='ocrx_word' id='word_1_803' title='bbox 2946 4757 2982 4796; x_wconf 92' lang='grc' dir='ltr'><strong>ιι</strong></span> <span class='ocrx_word' id='word_1_804' title='bbox 3024 4759 3037 4795; x_wconf 92' lang='lat'>:</span> 
     </span>
    </p>
   </div>
   <div class='ocr_carea' id='block_1_110' title="bbox 2007 4821 3440 4901">
    <p class='ocr_par' dir='ltr' id='par_1_110' title="bbox 2007 4821 3440 4901">
     <span class='ocr_line' id='line_1_110' title="bbox 2007 4821 3440 4901; baseline -0.002 -14"><span class='ocrx_word' id='word_1_805' title='bbox 2007 4833 2118 4887; x_wconf 82' lang='lat' dir='ltr'><strong>Kal</strong></span> <span class='ocrx_word' id='word_1_806' title='bbox 2151 4833 2286 4886; x_wconf 85' lang='grc' dir='ltr'><strong>τότε</strong></span> <span class='ocrx_word' id='word_1_807' title='bbox 2309 4831 2385 4900; x_wconf 78' lang='grc' dir='ltr'><em>δὴ</em></span> <span class='ocrx_word' id='word_1_808' title='bbox 2419 4833 2641 4898; x_wconf 78' lang='grc' dir='ltr'><strong>πάντες</strong></span> <span class='ocrx_word' id='word_1_809' title='bbox 2670 4833 2767 4887; x_wconf 82' lang='grc' dir='ltr'><strong>διὰ</strong></span> <span class='ocrx_word' id='word_1_810' title='bbox 2792 4830 3106 4901; x_wconf 75' lang='grc' dir='ltr'><strong>αἰθομένου</strong></span> <span class='ocrx_word' id='word_1_811' title='bbox 3134 4821 3440 4901; x_wconf 76' lang='grc' dir='ltr'><em>ποταμοῖο,</em></span> 
     </span>
    </p>
   </div>
   <div class='ocr_carea' id='block_1_111' title="bbox 2006 4901 3515 5039">
    <p class='ocr_par' dir='ltr' id='par_1_111' title="bbox 2006 4901 3515 5039">
     <span class='ocr_line' id='line_1_111' title="bbox 2006 4901 3515 5039; baseline -0.004 -81"><span class='ocrx_word' id='word_1_812' title='bbox 2006 4903 2117 4958; x_wconf 72' lang='grc' dir='ltr'><strong>Καὶ</strong></span> <span class='ocrx_word' id='word_1_813' title='bbox 2155 4903 2382 4972; x_wconf 73' lang='grc' dir='ltr'><em>φλογός</em></span> <span class='ocrx_word' id='word_1_814' title='bbox 2428 4903 2732 4960; x_wconf 77' lang='grc' dir='ltr'><em>ἀσϐέστου</em></span> <span class='ocrx_word' id='word_1_815' title='bbox 2774 4902 3143 4956; x_wconf 79' lang='grc' dir='ltr'><strong>διελεύσονθ’</strong></span> <span class='ocrx_word' id='word_1_816' title='bbox 3167 4917 3180 4931; x_wconf 76' lang='grc' dir='ltr'><strong>ο</strong></span> <span class='ocrx_word' id='word_1_817' title='bbox 3225 4901 3283 4954; x_wconf 80' lang='grc' dir='ltr'><em>οἵ</em></span> <span class='ocrx_word' id='word_1_818' title='bbox 3322 4917 3388 5039; x_wconf 42' lang='lat' dir='ltr'><strong>is</strong></span> <span class='ocrx_word' id='word_1_819' title='bbox 3427 4901 3515 4953; x_wconf 80' lang='grc' dir='ltr'><strong>δί-</strong></span> 
     </span>
     <span class='ocr_line' id='line_1_112' title="bbox 3361 4987 3515 5022; baseline -0.006 0"><span class='ocrx_word' id='word_1_820' title='bbox 3361 4987 3515 5022; x_wconf 70' lang='grc' dir='ltr'><strong>καίοι</strong></span> 
     </span>
    </p>
   </div>
   <div class='ocr_carea' id='block_1_112' title="bbox 3361 4987 3515 5022">
    <p class='ocr_par' dir='ltr' id='par_1_112' title="bbox 3361 4987 3515 5022">
     <span class='ocr_line' id='line_1_113' title="bbox 3361 4987 3515 5022; baseline -0.006 0"><span class='ocrx_word' id='word_1_821' title='bbox 3361 4987 3515 5022; x_wconf 70' lang='grc' dir='ltr'><strong>καίοι</strong></span> 
     </span>
    </p>
   </div>
   <div class='ocr_carea' id='block_1_113' title="bbox 2005 5038 3515 5112">
    <p class='ocr_par' dir='ltr' id='par_1_113' title="bbox 2005 5038 3515 5112">
     <span class='ocr_line' id='line_1_114' title="bbox 2005 5038 3515 5112; baseline -0.005 -13"><span class='ocrx_word' id='word_1_822' title='bbox 2005 5045 2234 5112; x_wconf 77' lang='grc' dir='ltr'><strong>Πάντες</strong></span> <span class='ocrx_word' id='word_1_823' title='bbox 2299 5041 2667 5110; x_wconf 78' lang='grc' dir='ltr'><em>σωθήσοντ⁹,</em></span> <span class='ocrx_word' id='word_1_824' title='bbox 2721 5040 2960 5107; x_wconf 83' lang='grc' dir='ltr'><strong>ἀσεϐεῖς</strong></span> <span class='ocrx_word' id='word_1_825' title='bbox 3029 5038 3092 5092; x_wconf 78' lang='grc' dir='ltr'><strong>δ’</strong></span> <span class='ocrx_word' id='word_1_826' title='bbox 3148 5038 3261 5112; x_wconf 61' lang='lat' dir='ltr'><strong>argi</strong></span> <span class='ocrx_word' id='word_1_827' title='bbox 3319 5038 3515 5112; x_wconf 65' lang='grc' dir='ltr'><em>ἑοῖσιν</em></span> 
     </span>
    </p>
   </div>
   <div class='ocr_carea' id='block_1_114' title="bbox 3207 5108 3515 5180">
    <p class='ocr_par' dir='ltr' id='par_1_114' title="bbox 3207 5108 3515 5180">
     <span class='ocr_line' id='line_1_115' title="bbox 3207 5108 3515 5180; baseline -0.003 -18"><span class='ocrx_word' id='word_1_828' title='bbox 3207 5108 3515 5180; x_wconf 67' lang='grc' dir='ltr'><em>[ἀλοῦνται</em></span> 
     </span>
    </p>
   </div>
   <div class='ocr_carea' id='block_1_115' title="bbox 2002 5178 3513 5320">
    <p class='ocr_par' dir='ltr' id='par_1_115' title="bbox 2002 5178 3513 5320">
     <span class='ocr_line' id='line_1_116' title="bbox 2002 5178 3513 5320; baseline -0.005 -80"><span class='ocrx_word' id='word_1_829' title='bbox 2002 5188 2106 5252; x_wconf 78' lang='grc' dir='ltr'><strong>Εἰς</strong></span> <span class='ocrx_word' id='word_1_830' title='bbox 2137 5184 2355 5252; x_wconf 72' lang='grc' dir='ltr'><strong>αἰῶνας</strong></span> <span class='ocrx_word' id='word_1_831' title='bbox 2387 5187 2591 5250; x_wconf 78' lang='grc' dir='ltr'><em>ὅλους,</em></span> <span class='ocrx_word' id='word_1_832' title='bbox 2626 5182 2841 5238; x_wconf 80' lang='grc' dir='ltr'><em>ὁπόσοι</em></span> <span class='ocrx_word' id='word_1_833' title='bbox 2887 5178 3046 5235; x_wconf 81' lang='grc' dir='ltr'><em>κακὰ</em></span> <span class='ocrx_word' id='word_1_834' title='bbox 3083 5178 3513 5320; x_wconf 51' lang='grc' dir='ltr'><strong>πρόσθπὶὲρε-</strong></span> 
     </span>
     <span class='ocr_line' id='line_1_117' title="bbox 3412 5267 3510 5301; baseline 0.01 -1"><span class='ocrx_word' id='word_1_835' title='bbox 3412 5267 3450 5300; x_wconf 85' lang='grc' dir='ltr'><em>α</em></span> <span class='ocrx_word' id='word_1_836' title='bbox 3495 5288 3510 5301; x_wconf 79' lang='grc' dir='ltr'><strong>ο</strong></span> 
     </span>
    </p>
   </div>
   <div class='ocr_carea' id='block_1_116' title="bbox 1932 5370 3513 5577">
    <p class='ocr_par' dir='ltr' id='par_1_116' title="bbox 1932 5370 3513 5577">
     <span class='ocr_line' id='line_1_118' title="bbox 1932 5370 3513 5577; baseline -0.008 -59"><span class='ocrx_word' id='word_1_837' title='bbox 1932 5370 2228 5528; x_wconf 48' lang='grc' dir='ltr'><strong>Ειὲἓιὶῗιᾶὲ</strong></span> <span class='ocrx_word' id='word_1_838' title='bbox 2245 5411 2506 5526; x_wconf 44' lang='grc' dir='ltr'><em>,ἄλλουα</em></span> <span class='ocrx_word' id='word_1_839' title='bbox 2538 5458 2790 5523; x_wconf 82' lang='grc' dir='ltr'><strong>ὁπόσοις</strong></span> <span class='ocrx_word' id='word_1_840' title='bbox 2815 5472 2878 5510; x_wconf 88' lang='grc' dir='ltr'><strong>τε</strong></span> <span class='ocrx_word' id='word_1_841' title='bbox 2901 5455 3062 5522; x_wconf 80' lang='grc' dir='ltr'><strong>δίκη,</strong></span> <span class='ocrx_word' id='word_1_842' title='bbox 3097 5450 3513 5577; x_wconf 29' lang='grc' dir='ltr'><strong>καῗὰέτᾉὲιέἷα</strong></span> 
     </span>
     <span class='ocr_line' id='line_1_119' title="bbox 3217 5542 3510 5577; baseline 0 0"><span class='ocrx_word' id='word_1_843' title='bbox 3217 5542 3254 5577; x_wconf 87' lang='grc' dir='ltr'><strong>ιι</strong></span> <span class='ocrx_word' id='word_1_844' title='bbox 3289 5542 3327 5577; x_wconf 83' lang='grc' dir='ltr'><strong>ιι</strong></span> <span class='ocrx_word' id='word_1_845' title='bbox 3494 5563 3510 5577; x_wconf 91' lang='grc'><strong>.</strong></span> 
     </span>
    </p>
   </div>
   <div class='ocr_carea' id='block_1_117' title="bbox 2003 5673 2528 5750">
    <p class='ocr_par' dir='ltr' id='par_1_117' title="bbox 2003 5673 2528 5750">
     <span class='ocr_line' id='line_1_120' title="bbox 2003 5673 2528 5750; baseline -0.008 -21"><span class='ocrx_word' id='word_1_846' title='bbox 2003 5673 2109 5742; x_wconf 65' lang='grc' dir='ltr'><strong>Εἱξ</strong></span> <span class='ocrx_word' id='word_1_847' title='bbox 2133 5674 2260 5745; x_wconf 74' lang='grc' dir='ltr'><strong>φῶς</strong></span> <span class='ocrx_word' id='word_1_848' title='bbox 2289 5673 2528 5750; x_wconf 80' lang='grc' dir='ltr'><em>ἄξουσι.</em></span> 
     </span>
    </p>
   </div>
   <div class='ocr_carea' id='block_1_118' title="bbox 2007 5763 3193 5833">
    <p class='ocr_par' dir='ltr' id='par_1_118' title="bbox 2007 5763 3193 5833">
     <span class='ocr_line' id='line_1_121' title="bbox 2007 5763 3193 5833; baseline -0.006 -12"><span class='ocrx_word' id='word_1_849' title='bbox 2007 5767 2052 5822; x_wconf 87' lang='grc' dir='ltr'><strong><em>Τ</em></strong></span> <span class='ocrx_word' id='word_1_850' title='bbox 2055 5785 2154 5820; x_wconf 85' lang='lat' dir='ltr'><strong>unc</strong></span> <span class='ocrx_word' id='word_1_851' title='bbox 2176 5783 2293 5821; x_wconf 86' lang='lat' dir='ltr'><strong>vero</strong></span> <span class='ocrx_word' id='word_1_852' title='bbox 2315 5781 2491 5819; x_wconf 79' lang='lat' dir='ltr'><strong>omnes</strong></span> <span class='ocrx_word' id='word_1_853' title='bbox 2529 5780 2634 5832; x_wconf 88' lang='lat' dir='ltr'><strong>per.</strong></span> <span class='ocrx_word' id='word_1_854' title='bbox 2653 5764 2922 5818; x_wconf 83' lang='lat' dir='ltr'><strong>ardentem</strong></span> <span class='ocrx_word' id='word_1_855' title='bbox 2951 5763 3193 5833; x_wconf 81' lang='lat' dir='ltr'><strong>fluvium,</strong></span> 
     </span>
    </p>
   </div>
   <div class='ocr_carea' id='block_1_119' title="bbox 1927 5834 3509 5904">
    <p class='ocr_par' dir='ltr' id='par_1_119' title="bbox 1927 5834 3509 5904">
     <span class='ocr_line' id='line_1_122' title="bbox 1927 5834 3509 5904; baseline -0.004 -11"><span class='ocrx_word' id='word_1_856' title='bbox 1927 5850 1937 5858; x_wconf 69' lang='lat'>‘</span> <span class='ocrx_word' id='word_1_857' title='bbox 2007 5837 2076 5893; x_wconf 80' lang='lat' dir='ltr'><strong>Et</strong></span> <span class='ocrx_word' id='word_1_858' title='bbox 2105 5839 2376 5895; x_wconf 72' lang='lat' dir='ltr'><strong>ﬂammam</strong></span> <span class='ocrx_word' id='word_1_859' title='bbox 2401 5837 2777 5893; x_wconf 73' lang='lat' dir='ltr'><strong>inexstinctam</strong></span> <span class='ocrx_word' id='word_1_860' title='bbox 2802 5837 3104 5891; x_wconf 73' lang='lat' dir='ltr'><strong>transibunt</strong></span> <span class='ocrx_word' id='word_1_861' title='bbox 3129 5850 3146 5888; x_wconf 93' lang='lat'><strong><em>:</em></strong></span> <span class='ocrx_word' id='word_1_862' title='bbox 3161 5834 3301 5904; x_wconf 78' lang='lat' dir='ltr'><strong>justi</strong></span> <span class='ocrx_word' id='word_1_863' title='bbox 3333 5842 3509 5889; x_wconf 73' lang='lat' dir='ltr'><strong>autem</strong></span> 
     </span>
    </p>
   </div>
   <div class='ocr_carea' id='block_1_120' title="bbox 3869 4673 3876 5933">
    <p class='ocr_par' dir='ltr' id='par_1_120' title="bbox 3869 4901 3874 5933">
     <span class='ocr_line' id='line_1_123' title="bbox 3871 4901 3873 5006; baseline 0 -18"><span class='ocrx_word' id='word_1_864' title='bbox 3871 4925 3873 5006; x_wconf 44' lang='grc' dir='ltr'><strong>ι</strong></span> 
     </span>
     <span class='ocr_line' id='line_1_124' title="bbox 3870 5397 3874 5580; baseline 0 0"><span class='ocrx_word' id='word_1_865' title='bbox 3870 5397 3874 5580; x_wconf 76' lang='lat' dir='ltr'><strong>i</strong></span> 
     </span>
     <span class='ocr_line' id='line_1_125' title="bbox 3871 5585 3874 5740; baseline 0 -46"><span class='ocrx_word' id='word_1_866' title='bbox 3871 5585 3874 5740; x_wconf 62' lang='grc' dir='ltr'><strong>ε</strong></span> 
     </span>
     <span class='ocr_line' id='line_1_126' title="bbox 3869 5743 3874 5933; baseline 0 0"><span class='ocrx_word' id='word_1_867' title='bbox 3869 5743 3874 5933; x_wconf 73' lang='lat' dir='ltr'><strong>i</strong></span> 
     </span>
    </p>
   </div>
  </div>
