3914 6518
395 412 531 467 1007

1680 407 1740 463 Ρ.
1785 404 2098 460 DANIEIJS
2132 404 2364 461 llUETII

3490 407 3624 463 1008

460 527 651 581 Omnes
686 526 903 580 salutem
935 526 1337 595 adipiscentur;
1378 526 1523 593 impii
1554 540 1673 579 vero
1709 525 1948 590 peribant
1981 528 2022 581 A
2054 526 2189 587 dies,
2220 527 2262 579 si
2297 526 2399 580 hoc
2441 525 2700 593 temporis
2745 524 3029 581 intervallo
3070 526 3299 595 spiritus
3340 526 3627 582 defuncto-

461 596 527 650 ln
558 600 733 652 omnia
785 596 1002 658 uacula,
1051 599 1344 666 quicunque
1403 596 1544 648 mala
1600 606 1719 648 ante
1762 611 1950 737 lgesse-

1790 674 1907 718 runt
1934 680 1950 717 .'

1790 674 1907 718 runt
1934 680 1951 717 :

390 759 456 815 Et
484 759 679 815 deinde
704 779 716 814 :

456 854 602 907 Alios
636 868 775 916 vero,
821 850 1008 921 quibus
1044 851 1277 920 justitia,
1321 858 1368 904 et
1406 860 1549 905 recto
1600 867 1757 992 opefla
1810 866 1952 971 carie

1742 937 1906 974 uerun
1934 959 1949 985 ,

1742 937 1949 985 uerunt,

456 991 643 1058 Ληρειὶ
674 991 906 1044 tollentes
926 1006 1030 1053 .per
1060 993 1323 1045 ardentem
1353 991 1571 1060 fluvium

457 1063 525 1115 In
554 1062 721 1115 lucem
748 1063 1024 1115 deducent.

461 1154 640 1222 Ignem
682 1155 735 1208 in
764 1152 1116 1209 conscientia:
1158 1152 1367 1208 facibus
1410 1162 1466 1208 et
1500 1152 1723 1225 ﬂagellis
1768 1152 1952 1206 itidem

386 1254 443 1297 ut
486 1244 745 1313 Origenes
789 1243 1075 1299 constituit
1114 1244 1434 1300 Ambrosius
1463 1244 1555 1299 lib.
1597 1260 1668 1298 vn
1706 1244 1762 1297 in
1795 1242 1949 1305 Luc.,

384 1351 505 1405 cap.
551 1336 642 1400 14,
682 1337 870 1391 iisdem
922 1336 1036 1389 fere
1094 1336 1263 1405 ipsius
1322 1336 1503 1390 verbis
1547 1353 1561 1390 :
1609 1336 1771 1404 Ergo,
1812 1354 1830 1386 ι
1868 1336 1951 1387 in—

384 1429 522 1496 quit,
572 1443 745 1496 neque
793 1426 1155 1495 corporalium
1192 1428 1395 1480 stridor
1444 1426 1639 1497 aliquis
1680 1425 1950 1487 dentium,

386 1534 558 1589 neque
586 1518 725 1588 ignis
755 1518 949 1589 aliquis
982 1527 1275 1588 perpetuus
1312 1517 1649 1572 ﬂammarum
1693 1532 1952 1587 corpora-

385 1612 536 1678 lium,
561 1627 737 1681 neque
769 1611 967 1667 vermis
1002 1620 1085 1665 est
1130 1611 1455 1680 corporalis.
1511 1610 1615 1665 Sed
1664 1611 1779 1665 haec
1808 1609 1948 1673 ideo,

383 1707 510 1775 quia
544 1707 689 1761 sicut
720 1719 784 1759 ex
813 1704 977 1757 multa
1001 1703 1268 1757 cruditate
1290 1710 1346 1757 et
1368 1702 1547 1758 febres
1578 1712 1875 1757 nascuntur
1897 1711 1954 1758 et

384 1810 631 1863 vermes;
657 1797 729 1850 ita
758 1798 801 1849 si
835 1796 956 1865 quis
979 1812 1084 1850 non
1111 1797 1376 1865 decoquat
1407 1804 1628 1864 peccata
1662 1811 1784 1859 sua,
1806 1796 1951 1850 velut

344 1926 349 1935 .
387 1862 623 1956 quadam
666 1862 980 1956 interposita
1010 1862 1301 1943 sobrietate
1328 1862 1690 1952 abstinentia,
1718 1887 1811 1941 sed
1847 1887 1949 1941 mi-
1981 1862 2024 1923 Β

384 1980 585 2034 scendo
616 1989 840 2049 peccata
865 1981 1118 2050 peccatis,
1146 1989 1399 2049 tanquam
1421 1980 1741 2034 cruditatem
1768 1993 1952 2049 quam-

381 2070 505 2124 dam
548 2071 831 2125 contrahat
877 2079 1117 2125 veterum
1162 2079 1217 2124 et
1253 2070 1556 2125 recentium
1602 2069 1947 2137 delictorum,

384 2161 509 2230 igne
548 2162 802 2216 aduretur
835 2162 1070 2231 proprio,
1105 2171 1159 2215 et
1186 2163 1301 2216 suis
1335 2161 1616 2216 vermibus
1660 2176 1952 2217 consume-

382 2261 489 2307 tur.
526 2270 545 2305 ι
580 2252 935 2323 Hieronymus
965 2252 1226 2307 doctrinas
1274 2252 1401 2308 huic
1430 2252 1567 2307 alias
1595 2255 1731 2308 satis
1772 2252 1951 2308 infen-

380 2358 494 2410 sus,
528 2344 581 2399 in
613 2359 732 2399 eam
779 2353 956 2398 tamen
990 2342 1223 2412 benigne
1265 2358 1325 2400 se
1370 2345 1507 2416 gerit
1558 2346 1660 2402 sub
1692 2344 1852 2399 linem
1879 2342 1950 2398 li—

382 2436 462 2490 bri
497 2451 628 2491 xvm
664 2437 951 2490 Comment.
985 2434 1041 2488 in
1069 2435 1269 2489 Isaiam
1290 2451 1310 2490 :
1340 2454 1359 2488 ι
1398 2436 1610 2493 Vermis
1637 2444 1818 2491 autem
1855 2434 1949 2505 qui

384 2543 487 2583 non
510 2527 789 2595 morietur,
824 2539 881 2584 et
907 2528 1043 2598 ignis
1066 2528 1157 2597 qui
1197 2543 1303 2582 non
1336 2528 1734 2599 exstinguetur,
1776 2542 1807 2582 a
1833 2526 1950 2597 ple-

383 2625 566 2694 risque
592 2625 927 2681 conscientia
969 2625 1236 2695 accipitur
1266 2634 1631 2695 peccatorum,
1672 2637 1794 2694 qua:
1830 2630 1948 2676 tor-

380 2727 542 2786 queat
569 2720 621 2772 in
660 2717 939 2787 suppliciis
967 2718 1313 2782 constitutos,
1336 2730 1505 2785 quare
1544 2714 1674 2769 vitio
1721 2727 1820 2768 suo
1863 2721 1949 2768 ιιι

378 2824 486 2880 que
512 2817 735 2879 peccato
775 2808 1051 2863 caruerint
1089 2808 1384 2864 electorum
1422 2807 1597 2872 bono;
1635 2824 1655 2858 ι
1691 2814 1747 2862 et
1772 2795 1949 2876 ‘paulo

383 2909 542 2969 post:
580 2916 599 2950 ι
647 2900 705 2955 Si
734 2898 856 2969 quis
897 2899 1062 2970 igitur
1108 2899 1306 2954 habeat
1358 2899 1412 2953 in
1464 2898 1798 2954 conscientia
1847 2911 1946 2953 sua

381 2993 609 3059 zizania,
645 3008 766 3063 quae
807 2990 1059 3045 inimicus
1085 2992 1266 3055 homo,
1294 2989 1595 3045 dormiente
1627 2988 1949 3059 patrefami-

383 3085 505 3150 lias,
540 3083 1013 3154 superseminavit,
1035 3082 1148 3136 haec
1174 3081 1317 3151 ignis
1349 3095 1561 3148 exuret,
1589 3080 1703 3135 inec
1737 3079 1950 3135 vorabit

378 3176 710 3231 incendium.
746 3194 763 3228 ι
801 3174 1019 3229 Minime
1043 3173 1260 3244 quidem
1288 3172 1445 3227 [idem
1471 3172 1555 3227 bis
1583 3186 1611 3226 a
1638 3186 1696 3227 se
1725 3170 1943 3243 adjungi

382 3277 642 3333 testatur;
675 3268 770 3323 sed
800 3281 901 3323 nec
930 3281 993 3322 ea
1034 3266 1140 3321 sibi
1180 3265 1474 3337 improbari
1506 3264 1809 3337 significat;
1844 3280 1943 3322 nec
1971 3238 2015 3298 θ

378 3361 477 3416 sub
526 3360 723 3425 aliena,
758 3359 856 3414 sed
891 3356 990 3413 sub
1022 3372 1118 3412 sua
1172 3358 1343 3427 ipsius
1384 3372 1613 3427 persona
1671 3358 1941 3427 proponit.

383 3449 603 3505 Diversa
647 3463 773 3503 vero
816 3455 901 3502 est
956 3446 1240 3518 Augustini
1296 3444 1457 3511 ratio,
1514 3461 1638 3500 nam
1696 3448 1946 3517 quamvis

379 3542 473 3595 lib.
503 3556 591 3595 ut
618 3540 692 3593 De
713 3538 855 3595 civit.
884 3538 1001 3603 Dei,
1030 3553 1153 3608 cap.
1181 3537 1236 3603 9,
1276 3548 1463 3593 eorum
1504 3537 1811 3607 opinionem
1860 3554 1947 3594 re-

378 3631 589 3703 probet,
620 3630 711 3699 qui
765 3631 945 3700 ignem
996 3628 1377 3683 damnatorum
1433 3629 1805 3698 metaphorice
1855 3645 1947 3685 su-

381 3732 555 3787 munt,
585 3736 817 3791 eumque
855 3732 1174 3789 corporeum
1229 3718 1471 3775 fateatur
1519 3719 1641 3774 libri
1705 3720 1944 3787 ejusdem

377 3830 502 3884 cap.
527 3814 594 3868 10
622 3822 676 3869 et
708 3813 850 3870 libro
875 3826 949 3866 xu
978 3810 1054 3865 De
1078 3809 1264 3865 Gener.
1298 3812 1367 3865 ad
1404 3811 1590 3876 litter.,
1621 3824 1743 3881 cap.
1784 3810 1854 3865 '52
1894 3820 1949 3867 et

376 3907 468 3971 33,
515 3918 673 3977 neget
719 3904 1014 3961 inferorum
1042 3903 1401 3958 substantiam
1444 3917 1568 3958 esse
1604 3902 1941 3972 spiritalem;

376 4009 430 4055 et
453 4015 515 4055 ea
545 4001 742 4070 quibus
778 3999 976 4055 animae
1014 3998 1336 4069 corporibus
1378 4004 1554 4054 exuta:
1599 3996 1944 4065 aﬂiciuntur,

374 4093 694 4148 doeeatnon
721 4106 845 4148 esse
885 4090 1213 4162 corporalia,
1259 4090 1353 4146 sed
1397 4090 1597 4146 similia
1641 4092 1945 4161 corporali-

376 4185 508 4249 bus;
539 4191 719 4238 tamen
741 4183 879 4239 libro
904 4198 977 4237 xx
1006 4181 1079 4237 De
1104 4182 1245 4238 civit.
1288 4179 1410 4245 Dei,
1450 4195 1571 4252 cap.
1622 4180 1712 4247 16,
1761 4182 1943 4252 ignem

379 4275 527 4330 illum
558 4275 691 4330 dicit
725 4289 785 4330 se
816 4292 837 4326 ι
876 4275 1202 4345 cujusmodi,
1231 4283 1286 4331 et
1309 4275 1362 4329 in
1394 4290 1500 4345 qua
1534 4272 1721 4329 mundi
1746 4273 1831 4328 vel
1855 4288 1946 4329 re-

376 4383 497 4422 rum
528 4378 681 4437 parte
716 4368 927 4421 futurus
966 4367 1037 4422 sit
1063 4366 1342 4421 hominem
1372 4367 1515 4422 scire
1548 4365 1805 4420 arbitrari
1850 4378 1943 4419 ne-

377 4458 598 4521 minem,
628 4456 727 4510 nisi
764 4454 903 4510 forte
947 4455 1034 4511 cui
1081 4456 1295 4511 divinus
1334 4455 1570 4525 Spiritus
1607 4454 1874 4509 ostendit.
1918 4470 1940 4505 ι

373 4547 564 4617 Capite
587 4546 659 4600 26
692 4547 815 4601 libri
853 4548 1130 4615 sequentis
1174 4548 1290 4602 haec
1337 4546 1607 4616 Apostoli,
1640 4544 1661 4599 i
1692 4546 1821 4602 Cor.
1850 4562 1941 4611 tu,

374 4640 476 4693 i5:
508 4657 527 4690 ι
552 4636 986 4706 Uniuscujusqne
1007 4652 1140 4708 opus
1154 4638 1315 4707 quale
1333 4637 1427 4703 sit,
1452 4637 1593 4705 ignis
1610 4637 1887 4708 probabit;
1921 4657 1941 4691 ι

375 4738 428 4783 ct
449 4742 591 4782 vers.
624 4726 735 4781 15:
779 4745 797 4779 ι
836 4726 952 4796 Ipse
998 4737 1181 4782 autem
1238 4727 1421 4783 salvus
1463 4729 1589 4795 erit,
1642 4729 1723 4784 sic
1766 4740 1945 4786 tamen

374 4820 529 4890 quasi
563 4833 661 4888 per
704 4819 917 4888 ignem,
950 4838 968 4872 ι
997 4818 1301 4889 signiﬁcare
1355 4827 1509 4888 putat
1562 4822 1846 4891 angustias
1880 4837 1945 4878 ac

375 4925 658 4975 maerores,
680 4912 875 4981 quibus
903 4910 1063 4965 homo
1086 4909 1415 4980 percellitur,
1445 4926 1567 4967 cum
1609 4912 1771 4967 rebus
1818 4914 1941 4968 ani-

375 5018 463 5057 mo
489 5017 588 5059 suo
627 5012 827 5073 praeter
861 5018 1071 5073 aequum
1099 5003 1279 5058 charis
1318 5011 1373 5057 et
1415 5003 1751 5073 complacitis
1776 5005 1942 5059 orba-

375 5102 508 5149 tnr:
562 5112 581 5146 ι
613 5095 769 5162 Quod
813 5097 983 5161 enim,
1030 5094 1229 5165 inquit,
1278 5094 1396 5150 sine
1442 5094 1699 5151 illicieute
1756 5112 1944 5154 amore

360 5192 481 5238 non
519 5185 727 5247 habuit,
766 5186 884 5241 sine
924 5195 1115 5241 urente
1147 5185 1333 5241 dolore
1380 5201 1486 5239 non
1532 5187 1740 5255 perdet.
1778 5208 1801 5241 ›
1829 5188 1942 5243 Hoc

376 5288 589 5343 quoque
640 5277 763 5346 igne
806 5286 1035 5331 mortem
1081 5276 1259 5331 notari
1320 5276 1629 5345 conjecmt,
1680 5278 1945 5335 Ecclesia:

376 5370 802 5435 persecutiones,
835 5369 1128 5439 martyris;
1158 5383 1221 5422 ac
1246 5383 1366 5423 eum
1395 5368 1622 5437 proinde
1649 5370 1717 5424 ab
1740 5380 1944 5426 aeterno

380 5458 481 5511 hoc
512 5458 632 5526 igne
661 5460 959 5529 distinguit,
1001 5460 1055 5514 in
1093 5474 1254 5529 quem
1295 5459 1534 5513 damnati
1590 5460 1795 5517 Christi
1842 5463 1943 5518 de-

378 5558 529 5603 creto
558 5550 801 5605 mittendi
834 5559 979 5607 sunt.
1012 5556 1083 5605 At
1108 5550 1238 5604 illud
1268 5550 1472 5604 adverti
1497 5552 1718 5606 omnino
1739 5552 1940 5608 velim:

385 5656 403 5688 ι
438 5637 567 5691 Post
597 5640 751 5693 istius
786 5654 917 5693 sane
957 5640 1203 5708 corporis
1251 5647 1501 5702 mortem,
1547 5640 1721 5697 donec
1753 5643 1821 5697 ad
1872 5643 1941 5698 il-

380 5729 491 5781 lum
539 5731 809 5795 veniatur,
861 5730 953 5800 qui
1001 5741 1123 5800 post
1156 5734 1613 5789 resurrectionem
1648 5748 1937 5803 corporum

383 5819 594 5873 futurus
617 5828 701 5873 est
741 5820 1103 5878 damnationis
1131 5833 1185 5879 et
1214 5825 1674 5882 remunerationis
1720 5825 1943 5883 ultimus

2056 634 2171 671 rum
2203 614 2464 684 ejusmodi
2506 615 2681 685 ignem
2722 616 2977 670 dicuntur
3026 619 3257 687 perpeti,
3299 633 3465 687 quem
3518 634 3624 672 non

2055 709 2288 763 sentiant
2317 707 2392 760 illi
2423 707 2516 776 qui
2555 722 2659 759 non
2684 707 2992 763 habuerunt
3022 708 3156 763 tales
3185 725 3367 764 moves
3395 718 3450 765 et
3475 724 3627 764 amo-

2056 814 2145 854 res
2179 802 2233 852 in
2282 799 2440 867 hujus
2473 796 2723 867 corporis
2764 797 2895 861 vita,
2936 808 2996 853 ut
3036 814 3223 854 eorum
3262 800 3434 869 ligna,
3465 810 3523 854 et
3555 799 3630 854 fe-

2054 906 2204 952 num,
2258 899 2312 944 et
2358 887 2557 956 Stipula
2588 898 3024 942 consumantur:
3061 888 3149 942 alii
3194 905 3323 943 vero
3367 890 3630 951 sentiant,

2052 982 2144 1051 qui
2176 981 2436 1049 ejusmodi
2465 996 2648 1036 secum
2685 981 2912 1037 aedilicia
2964 990 3354 1049 portaverant;
3404 981 3523 1036 sive
3556 982 3631 1036 ibi

2055 1080 2299 1138 tantum;
2326 1073 2438 1127 sive
2468 1082 2521 1127 et
2550 1072 2638 1128 hic
2671 1082 2727 1128 et
2753 1073 2848 1137 ibi,
2883 1073 3002 1127 sive
3037 1073 3160 1127 ideo
3188 1074 3276 1128 hic
3306 1082 3366 1127 ut
3393 1089 3502 1128 non
3534 1073 3628 1138 ibi,

2052 1164 2354 1227 smeularia,
2382 1164 2627 1234 quamvis
2652 1179 2682 1219 a
2712 1164 3063 1219 damnatione
3109 1163 3343 1217 venialia
3392 1177 3629 1217 concre-

2054 1264 2292 1309 mantem
2332 1255 2505 1325 ignem
2534 1253 2863 1308 transitoria;
2910 1251 3279 1307 tribulationis
3319 1253 3627 1318 inveniant,

2054 1360 2160 1399 non
2191 1345 2475 1413 redarguo,
2506 1344 2632 1413 quia
2671 1342 2899 1398 forsitan
2948 1357 3136 1397 verum
3186 1351 3291 1396 est.
3344 1360 3365 1394 ι
3402 1340 3516 1397 Nec
3552 1343 3626 1396 le-

2054 1435 2169 1488 vius
2198 1433 2249 1487 in
2273 1431 2477 1487 Grzecis
2509 1431 2866 1500 scriptoribus
2897 1430 3133 1501 positum
3182 1430 3407 1501 Origeni
3438 1434 3626 1499 pnesi-

2051 1525 2197 1579 dium
2228 1534 2312 1580 est
2335 1541 2349 1578 :
2373 1523 2529 1578 Philo
2554 1524 2605 1578 in
2635 1524 2771 1578 libro
2800 1522 2940 1591 Περὶ
2979 1522 3093 1591 τῆς
3137 1525 3225 1587 εὶς
3269 1523 3339 1575 τὰ
3375 1536 3627 1592 προπαι-

2052 1619 2311 1688 δεύματα
2329 1616 2614 1671 συνόδου·
2647 1617 2758 1687 Τὴν
2792 1616 2975 1671 ἄδικον
3009 1618 3104 1671 καὶ
3139 1617 3295 1673 ἄθεον
3321 1616 3503 1687 ψυχὴν
3531 1636 3630 1687 φυ-

2052 1711 2293 1781 γαδεύων
2325 1710 2418 1779 ἀφ’
2463 1707 2655 1763 ἑαυτοῦ
2697 1710 3033 1780 πορρωτάτω
3078 1708 3387 1782 διέσπειρεν
3422 1710 3502 1772 εἰς
3537 1709 3628 1762 τὸν

2052 1790 2252 1874 ἡδονῶν
2282 1802 2375 1855 καὶ
2414 1800 2716 1873 ἐπιθυμιῶν
2758 1802 2851 1855 καὶ
2881 1801 3234 1872 ἀδικημάτων
3266 1801 3447 1872 χῶρον
3465 1817 3478 1829 ·
3515 1803 3542 1853 6
3569 1800 3626 1852 δὲ

2051 1888 2224 1960 χῶρος
2255 1885 2408 1951 οὗτος
2442 1887 2858 1959 προσφυέστατα
2898 1889 3111 1943 ἀσεϐῶν
3152 1889 3414 1955 καλεῖται,
3468 1889 3565 1959 οὐχ
3597 1890 3628 1941 6

2051 1979 2413 2050 μυθευόμενος
2433 1980 2491 2031 ὲν
2522 1979 2667 2049 ᾆδουο
2697 1981 2790 2033 καῖ⁹
2821 1980 2929 2052 γὰρ
2960 1983 2988 2035 6
3019 1981 3154 2051 πρὸς
3186 1981 3447 2052 ἀλήθειαν
3473 1981 3627 2052 ᾅδης,

2047 2074 2077 2126 6
2106 2071 2198 2125 τοῦ
2224 2070 2498 2142 μοχθηροῦ
2533 2070 2645 2140 βίος
2685 2073 2852 2135 ἐστιν,
2888 2075 2916 2126 6
2959 2073 3232 2144 ἀλάστωρ,
3268 2074 3362 2127 καὶ
3410 2072 3630 2143 παλαμ-

2048 2167 2216 2230 ναῖος,
2256 2164 2352 2218 καὶ
2385 2163 2587 2228 πάσαις
2613 2164 2776 2236 ἀραῖς
2814 2163 3016 2234 ἔνοχος.
3058 2182 3077 2215 ι
3115 2163 3374 2232 injustam
3412 2176 3471 2219 et
3522 2166 3629 2218 im-

2048 2256 2193 2329 piam
2224 2256 2460 2311 animam
2487 2255 2724 2326 fugatam
2751 2271 2781 2309 a
2804 2257 2981 2326 seipso
3013 2256 3169 2327 longe
3193 2257 3382 2327 procul
3415 2256 3629 2327 disper-

2049 2348 2127 2420 git
2158 2347 2343 2419 (Deus)
2368 2348 2422 2403 in
2452 2348 2820 2419 voluptatum,
2859 2358 2916 2403 et
2945 2349 3323 2418 cupiditatum,
3346 2357 3404 2403 et
3436 2348 3627 2403 crimio

2050 2455 2176 2495 num
2218 2440 2421 2496 locum.
2473 2439 2573 2495 ilic
2611 2449 2795 2495 autem
2839 2440 2991 2496 locus
3021 2439 3300 2509 aptissime
3339 2440 3630 2509 impiorum

2050 2525 2371 2595 appellatur,
2399 2541 2503 2583 non
2536 2529 2632 2599 qui
2658 2529 2804 2599 apud
2851 2527 3056 2584 inferos
3088 2528 3332 2584 fabulose
3383 2528 3631 2599 fingitur.

2050 2615 2225 2673 Verus
2272 2620 2415 2674 enim
2474 2619 2737 2686 infernus,
2790 2620 2901 2677 vita
2946 2631 3031 2677 est
3076 2620 3314 2676 hominis
3365 2636 3628 2691 nequam,

2049 2710 2390 2777 perniciosa,
2450 2712 2852 2778 conscelerata,
2908 2721 2965 2767 et
3029 2715 3176 2768 omni
3242 2713 3630 2769 exsecratione

2048 2801 2231 2869 digna.
2266 2818 2287 2853 ι
2318 2800 2654 2871 Corporeum
2690 2818 2909 2874 quoque
2960 2812 3124 2874 negat
3173 2816 3297 2859 esse
3355 2802 3628 2857 infernum

2048 2889 2341 2962 Gregorius
2374 2890 2654 2963 Nyssenus
2708 2893 2801 2948 lib.
2853 2891 2931 2947 De
2979 2893 3159 2947 anima
3216 2903 3267 2947 et
3321 2903 3632 2957 ταυτησί..

2048 2983 2498 3054 quemadmodum
2538 2985 2716 3056 ignem
2769 2995 3032 3041 aeternum
3091 2985 3318 3039 materia
3381 2997 3635 3041 constare

2049 3076 2322 3131 inﬁciatur
2348 3074 2581 3132 Joannes
2636 3077 3006 3133 Damascenus
3048 3078 3101 3132 in
3146 3077 3253 3130 line
3300 3076 3428 3130 libri
3460 3092 3514 3132 tv
3556 3075 3632 3130 De

2050 3169 2257 3224 orthod.
2280 3168 2402 3239 ﬁd.,
2430 3168 2585 3238 cujus
2628 3177 2807 3223 tamen
2849 3168 3174 3224 sententiam
3219 3167 3435 3222 mollire
3468 3182 3635 3221 cona-

2053 3270 2141 3315 tur
2195 3260 2256 3315 S.
2310 3260 2573 3327 Thomas,
2622 3269 2685 3315 ut
2730 3269 2815 3315 est
2860 3261 3001 3329 apud
3055 3258 3268 3314 Sixtum
3325 3258 3630 3315 Senensem

2053 3349 2307 3407 Biblioth.
2346 3350 2441 3406 lib.
2478 3366 2530 3417 v,
2580 3351 2763 3406 aduot.
2816 3350 2937 3405 Hi.
2986 3350 3167 3422 Ignem
3204 3360 3260 3405 et
3305 3366 3550 3405 vermem
3577 3351 3632 3404 iu

2051 3441 2316 3501 scelerum
2348 3442 2605 3499 memoria
2622 3441 2774 3511 ponit
2802 3439 3241 3511 TheOphylactus
3264 3442 3319 3495 in
3340 3456 3395 3496 ιι
3416 3439 3589 3495 Marc.
3613 3453 3633 3491 :

2052 3533 2274 3605 Σκώληξ
2304 3534 2360 3587 δὲ
2390 3535 2485 3589 καὶ
2524 3533 2637 3607 πῦρ
2674 3534 2969 3600 κολάζοντα
3008 3534 3136 3597 τοὺς
3183 3533 3551 3606 ἁμαρτωλοὺς
3599 3534 3633 3602 ή

2055 3627 2355 3697 συνείδησις
2382 3628 2528 3679 ἐστιν
2553 3625 2805 3689 ἑκάστου,
2824 3626 2915 3677 καὶ
2943 3626 2976 3696 ή
3006 3625 3197 3695 μνήμη
3223 3624 3335 3677 τῶν
3364 3623 3635 3698 πραχθέν-

2051 3736 2160 3773 των
2191 3720 2249 3771 ὲν
2284 3717 2360 3789 τῷ
2390 3717 2491 3789 βίῳ
2514 3716 2686 3787 τούτῳ
2732 3717 2990 3788 αἰσχρῶν·
3031 3718 3152 3788 ἥτις
3183 3716 3379 3788 ὥσπερ
3416 3715 3632 3786 σκώληξ

2054 3809 2407 3880 καταδαπανᾷ
2431 3809 2525 3862 καὶ
2546 3808 2621 3871 ὡς
2648 3807 2759 3879 πῦρ
2780 3807 2986 3878 φλέγει.
3018 3825 3037 3858 ι
3082 3807 3291 3861 Vermis
3341 3816 3524 3861 autem
3577 3817 3633 3859 et

2055 3902 2227 3971 ignis,
2294 3903 2383 3970 qui
2456 3900 2687 3971 puniunt
2753 3911 3091 3970 peccatores,
3158 3899 3504 3954 conscientia
3554 3908 3635 3952 est

2056 3993 2481 4063 uniuscujusque
2510 4002 2566 4046 et
2606 3992 2867 4047 memoria
2919 3991 3154 4061 turpium
3187 3990 3241 4044 in
3278 3992 3383 4045 bac
3410 3990 3515 4044 vita
3548 4005 3634 4058 ge-

2054 4101 2261 4144 storum
2287 4104 2301 4148 ;
2331 4101 2450 4156 quae
2497 4086 2637 4141 sicut
2675 4087 2873 4140 vermis
2904 4084 3164 4149 absumit,
3204 4092 3262 4137 et
3301 4084 3447 4138 sicut
3498 4084 3633 4153 ignis

2054 4182 2180 4236 urit.
2225 4198 2244 4232 ι
2280 4179 2494 4235 Nicetas
2530 4178 2623 4234 lib.
2653 4193 2705 4232 tv
2739 4177 2891 4233 Thes.
2928 4178 3137 4232 ortltod.
3165 4178 3287 4245 ﬁd.,
3312 4178 3449 4232 haer.
3482 4191 3630 4239 xxxi,

2053 4272 2221 4327 Deum
2247 4271 2389 4341 ignis
2440 4270 2584 4325 illius
2635 4271 2856 4326 nomine
2899 4270 3076 4325 notari
3130 4269 3473 4338 suspicatur,
3508 4268 3629 4336 quia

2058 4382 2079 4415 ο
2113 4364 2300 4419 vitium
2348 4361 2643 4428 consumit,
2698 4370 2753 4417 et
2796 4362 2849 4416 in
2900 4360 3135 4416 favillam
3181 4361 3480 4416 convertit.
3524 4378 3543 4411 ι
3573 4358 3628 4412 In

2051 4456 2337 4512 statuendo
2366 4453 2660 4509 inferorum
2689 4454 2806 4507 loco
2844 4463 2995 4507 extra
3029 4454 3217 4508 mundi
3257 4454 3422 4523 huius
3465 4461 3631 4506 metas

2052 4549 2271 4620 Origeni
2317 4548 2651 4617 suffragatur
2697 4546 3126 4619 Cbrysostomus
3192 4546 3388 4601 homil.
3449 4546 3512 4600 '51
3577 4544 3627 4596 in

2055 4642 2231 4712 Epist.
2259 4641 2329 4695 ad
2367 4639 2546 4707 Rom.,
2570 4642 2875 4709 gehennam
2900 4641 2951 4693 in
2982 4638 3174 4708 spatiis
3205 4639 3272 4691 ab
3294 4638 3400 4692 hoc
3432 4638 3628 4692 mundo

2052 4734 2282 4791 secretis
2308 4741 2554 4787 statuens
2601 4732 2704 4788 hoc
2742 4741 3082 4800 argumento,
3120 4732 3265 4800 quod
3296 4746 3483 4798 regum
3511 4743 3627 4783 car-

2052 4840 2207 4882 ceres
2229 4833 2286 4878 et
2311 4822 2531 4878 metalla
2561 4832 2765 4877 remota
2792 4834 2916 4876 esse
2946 4822 3179 4877 soleant.
3214 4817 3555 4890 Suﬂragatur
3572 4827 3625 4873 et

2048 4918 2382 4988 Augustinus
2424 4915 2518 4970 lib.
2566 4930 2639 4969 xu
2679 4914 2759 4968 De
2796 4912 2984 4969 Cenes.
3034 4915 3105 4967 ad
3140 4913 3332 4979 titan,
3371 4928 3493 4982 cap.
3536 4912 3624 4973 55.

2050 5011 2142 5073 51,
2169 5024 2292 5063 cum
2340 5007 2546 5062 inferos
2579 5017 2736 5062 extra
2775 5016 2979 5061 terram
3008 5006 3278 5071 collocat;
3327 5015 3384 5062 et
3431 5008 3527 5061 lib.
3560 5021 3622 5059 ιι

2050 5102 2127 5157 De
2150 5102 2295 5156 civit.
2322 5099 2441 5164 Dei,
2474 5113 2593 5169 cap.
2621 5098 2711 5163 i6,
2756 5113 2881 5154 cum
2918 5100 3167 5169 ignorare
3212 5113 3271 5154 se
3322 5098 3623 5169 profitetur,

2052 5210 2073 5243 ‹
2112 5192 2164 5245 in
2190 5206 2296 5262 qua
2329 5191 2515 5245 mundi
2551 5190 2636 5244 vel
2670 5205 2854 5245 rerum
2903 5201 3055 5260 parte
3098 5188 3321 5244 futurus
3364 5189 3441 5243 sit
3488 5188 3622 5256 ignis

2047 5279 2161 5334 ille.
2209 5296 2229 5331 ι
2262 5278 2523 5344 Quamvis
2554 5278 2648 5333 lib.
2680 5294 2719 5334 ιι
2749 5278 3011 5346 Retract.,
3052 5282 3175 5349 ca'p.
3210 5278 3309 5343 24,
3347 5279 3450 5333 sub
3475 5278 3625 5332 terris

2047 5370 2191 5426 hunc
2210 5385 2331 5424 esse
2367 5370 2582 5424 tandem
2612 5370 2899 5425 concedat.
2924 5370 3084 5424 Certe
3114 5370 3179 5424 de
3205 5367 3327 5423 loco
3356 5378 3410 5422 et
3439 5378 3621 5421 natura

2046 5461 2186 5533 ignis
2218 5461 2405 5530 hujus,
2435 5461 2565 5516 licet
2593 5461 2801 5515 nullum
2832 5462 3008 5515 adhuc
3028 5460 3235 5516 editum
3263 5457 3336 5515 sit
3358 5458 3621 5529 peculiare

2049 5552 2351 5616 decretum,
2408 5551 2606 5608 nedum
2662 5550 2972 5605 Adamantii
3024 5560 3207 5615 aatate,
3244 5551 3513 5605 universa:
3544 5559 3619 5602 ta-

2052 5661 2176 5702 men
2201 5659 2497 5701 consensus
2524 5644 2780 5698 Ecclesite
2807 5644 2940 5699 satis
2962 5643 3222 5708 ostendit,
3261 5642 3392 5713 quid
3427 5639 3619 5696 unicui.

2051 5754 2158 5809 que
2190 5739 2490 5794 tenendum
2536 5736 2630 5792 sit.
2692 5738 2933 5809 Denique
2981 5735 3224 5791 Joannes
3279 5736 3615 5806 Philoponus,

2052 5830 2391 5888 Christianus
2415 5828 2792 5901 philosophus,
2836 5829 3051 5889 animas
3083 5828 3409 5901 corporibus
3445 5844 3613 5885 exem-
