3914 6548
278 446 398 507 1009

1105 441 1679 500 omcsa'uuonuu
1720 438 1850 497 LIB.
1891 440 1957 509 ll,
1996 400 2149 499 oar.
2189 443 2254 509 tt,
2286 444 2569 540 'QUASST.
2611 445 2704 503 XI.

3354 444 3485 502 lOiO

269 574 372 636 ptas
397 558 539 615 circa
581 570 928 615 monumenta
958 559 1186 614 volutari
1226 573 1350 614 cum
1380 559 1610 626 Origene
1646 559 1832 615 decrc-
1859 556 1905 613 A
1934 556 2186 611 vitiorum
2221 556 2353 611 freee
2395 566 2646 628 purgata,
2701 555 2834 611 nihil
2874 554 3019 610 aliud
3067 555 3147 611 vel
3189 556 3490 627 intelligere

267 655 373 710 vit:
416 665 540 706 nam
585 650 865 707 hominem
895 650 1088 719 triplici
1126 651 1450 705 instructum
1496 650 1697 712 anima,
1737 663 1829 702 ve-

266 742 494 815 getativa,
552 741 816 796 sensitiva
863 751 916 796 et
976 740 1266 803 rationali,
1315 739 1585 809 prioribus
1618 739 1825 794 duabus

265 850 345 905 per
373 840 603 887 mortem
634 831 837 900 privari
879 831 1040 897 dixit,
1072 832 1281 885 tertiam
1324 846 1453 885 vero
1502 844 1821 899 superesse;

260 941 362 996 quae
382 924 423 979 si
458 923 766 978 sceleribus
795 924 1074 993 inquinata
1108 925 1200 991 sit,
1229 925 1515 994 expiandis
1539 925 1604 981 iis
1625 927 1821 995 spiritu

261 1015 386 1073 tenui
422 1013 639 1079 vestiri,
686 1013 743 1069 in
776 1028 947 1078 eoque
1011 1016 1362 1072 commeritas
1408 1033 1597 1086 poenas
1653 1021 1819 1083 dare;

259 1108 472 1176 alioquin
495 1107 874 1175 incorpoream
904 1105 1162 1171 animam,
1189 1109 1464 1177 corporeis
1491 1110 1654 1166 rebus
1682 1112 1820 1166 allici

261 1215 348 1255 non
384 1212 574 1269 posse;
616 1197 858 1268 spiritale
907 1198 1087 1268 itaque
1147 1201 1299 1271 istud.
1326 1216 1521 1271 corpus
1547 1203 1821 1273 suppliciis

260 1289 515 1358 torqueri;
540 1290 673 1343 etin
715 1286 1031 1357 sepulcretis
1077 1289 1290 1345 interim
1314 1290 1530 1362 degere,
1549 1293 1820 1364 variisque

261 1379 388 1434 indui
431 1377 646 1443 formis,
693 1388 748 1436 et
792 1380 1080 1449 vaporibus
1125 1380 1350 1446 nutriri;
1390 1395 1564 1452 eoque
1600 1384 1816 1439 tandem

256 1472 543 1538 absumpto,
599 1464 716 1525 tum.
760 1470 976 1526 demum
1006 1470 1279 1541 expiatam
1312 1471 1550 1526 animam
1583 1472 1811 1537 absolvi,

256 1576 302 1622 et
321 1565 368 1619 in
399 1564 596 1620 caelum
624 1563 777 1619 ferri.

314 1654 451 1710 Nihil
481 1670 646 1726 porro
676 1656 876 1712 iterare
895 1657 1111 1723 attinet,
1144 1658 1292 1728 quod
1320 1658 1545 1729 suojam
1568 1659 1813 1729 disputa-

255 1751 411 1807 vimus
459 1750 599 1814 loco,
653 1764 956 1820 ecquonam
1008 1758 1250 1820 tempore
1305 1738 1639 1806 dtemOnib'us
1685 1751 1816 1806 infe-

256 1843 400 1898 renda
461 1841 729 1914 supplicia
792 1841 1058 1912 Origenes
1110 1841 1406 1912 putaverit.
1460 1841 1811 1910 Perspicuum

253 1933 377 1986 enim
405 1932 638 1987 fecimus
667 1930 866 1997 nullas,
899 1932 1067 2004 ipsius
1099 1932 1373 2002 opinione,
1400 1948 1591 2006 pteuas
1631 1935 1696 1990 iis
1723 1935 1811 1989 in-

251 2023 363 2093 lligi,
407 2022 586 2093 quoad
642 2033 915 2092 postremo
972 2022 1174 2093 judicio
1227 2024 1279 2079 in
1324 2025 1499 2095 ignem
1549 2035 1808 2081 aeternum

249 2114 461 2185 coniecti
486 2116 630 2182 sint;
661 2117 966 2186 multosque
990 2131 1023 2172 e
1054 2118 1256 2173 sanctis
1290 2116 1540 2173 Patribus
1570 2133 1807 2188 pinnam,

251 2210 315 2264 uti
337 2210 660 2279 appellatur,
686 2224 876 2265 sensus
904 2211 972 2264 ab
996 2208 1060 2265 iis
1084 2211 1402 2266 removisse.

307 2301 391 2359 lx.
414 2300 576 2357 Nunc
598 2301 728 2371 quid
756 2300 825 2357 de
864 2302 1121 2357 heatitate
1140 2311 1481 2358 commentus
1511 2303 1601 2367 sit,
1628 2304 1811 2374 explo-

250 2408 432 2448 remus.
469 2393 625 2448 llanc
655 2393 710 2447 in
737 2409 804 2449 eo
834 2392 1065 2463 positam
1092 2393 1289 2453 sensit,
1336 2402 1394 2449 nt
1421 2394 1667 2465 quisquis
1688 2410 1811 2449 eam

248 2486 310 2540 sit
349 2485 599 2556 adeptus,
654 2499 793 2540 unus
843 2499 962 2541 cum
1014 2484 1126 2539 Deo
1165 2483 1451 2551 eﬂiciatur,
1480 2485 1632 2555 juxta
1682 2487 1810 2541 illud

248 2575 388 2632 Joan.
421 2593 560 2644 xvu,
608 2576 681 2631 24
730 2585 786 2632 et
816 2575 880 2631 21
918 2598 930 2632 :
972 2595 993 2628 ι
1041 2575 1204 2631 Pater
1240 2591 1393 2646 quos-
1424 2576 1616 2631 dedisti
1649 2578 1802 2645 mihi,

247 2669 354 2725 volo
375 2678 432 2725 ut
462 2670 561 2726 ubi
591 2684 712 2726 sum
748 2684 872 2741 ego,
904 2677 960 2725 et
1000 2668 1077 2723 illi
1111 2668 1221 2725 sint
1255 2684 1500 2736 mecum;
1538 2679 1597 2725 ut
1624 2687 1814 2729 omnes

247 2776 395 2815 unum
427 2761 563 2826 sint,
599 2759 744 2817 sicut
775 2768 829 2816 tu
857 2759 1019 2816 Pater
1041 2759 1095 2815 in
1126 2774 1233 2825 me,
1269 2769 1327 2815 et
1359 2774 1460 2832 ego
1483 2762 1535 2815 in
1573 2769 1646 2826 te,
1672 2770 1732 2816 ut
1760 2770 1815 2816 et

246 2849 332 2920 ipsi
357 2852 408 2906 in
436 2850 600 2907 nobis
646 2866 811 2905 unum
860 2851 990 2906 sint.
1040 2868 1062 2903 ι
1109 2850 1193 2905 Ad
1224 2848 1276 2904 id
1308 2858 1486 2904 autem
1541 2849 1814 2907 felicitatis

243 2944 439 2999 culmen
465 2959 578 3000 non
614 2943 800 2999 statim
842 2943 1055 3012 putavit
1107 2941 1406 3013 perveniri,
1455 2942 1551 2998 sed
1588 2957 1685 3012 per
1711 2958 1812 2999 co-

244 3036 523 3105 gnitionem
556 3034 793 3101 primum
824 3042 881 3091 et
900 3033 1293 3095 eruditionem,
1318 3048 1424 3103 qua
1452 3046 1700 3088 errorum
1760 3042 1816 3089 ct

245 3127 554 3198 ignorantia:
579 3125 761 3196 caligo
801 3123 1125 3190 discutitur;
1176 3137 1242 3178 ac
1268 3122 1464 3179 deinde
1493 3138 1588 3195 per
1616 3123 1710 3179 Dei
1741 3124 1818 3179 si-

1930 645 2015 700 vel
2037 647 2238 703 sentire
2265 656 2460 717 potest,
2499 662 2661 717 quam
2701 646 2906 714 Deum;
2938 660 3037 702 nec
3059 647 3291 716 amplius
3313 662 3380 702 ex
3410 663 3493 701 ar-

1928 736 2059 793 bore
2092 739 2330 794 scientite
2370 738 2495 794 boni
2544 747 2600 793 et
2642 739 2769 793 mali
2805 738 3091 807 decerptus
3143 737 3355 795 fructus
3398 739 3492 793 de-

1930 838 2145 896 gustare
2172 827 2526 899 coucupiscit,
2554 844 2674 884 cum
2701 844 2913 898 semper
2942 829 2993 883 in
3028 829 3168 885 bono
3200 830 3292 896 sit,
3319 846 3419 887 nec
3441 830 3490 886 ei

1927 919 2125 976 malum
2169 931 2482 992 perpetrare
2536 932 2849 992 promptum
2902 921 3004 987 sit;
3055 936 3228 992 eoque
3271 923 3491 978 tandem

1924 1023 2082 1081 pacto
2134 1012 2288 1068 linem
2354 1013 2596 1083 reparari
2657 1012 2709 1067 in
2778 1012 3137 1084 principium,
3202 1030 3493 1087 rerumque

1923 1108 2100 1162 exitus
2138 1106 2307 1162 initiis
2348 1106 2607 1176 conferri,
2641 1121 2762 1163 cum
2809 1108 2860 1160 in
2904 1106 3051 1162 illum
3090 1115 3289 1162 statum
3334 1106 3493 1163 resti-

1926 1206 2109 1254 tuetur
2141 1200 2345 1264 anima,
2378 1214 2540 1268 quem
2590 1214 2712 1255 cum
2763 1208 2994 1267 teneret,
3048 1199 3195 1271 ligno
3249 1198 3490 1256 scientia:

1920 1288 2044 1342 boni
2078 1299 2133 1343 et
2166 1291 2289 1344 mali
2318 1307 2423 1345 non
2458 1291 2678 1360 egebat;
2717 1301 2843 1350 tunc
2869 1307 2987 1347 eam
3012 1293 3171 1348 morti
3197 1292 3491 1347 obnoxiam

1922 1395 2026 1435 non
2061 1383 2316 1448 futuram,
2349 1385 2624 1440 detersum
2652 1380 2723 1440 iri
2749 1399 2964 1443 omnem
2990 1383 3211 1439 malitia:
3242 1398 3487 1447 sensum,

1922 1472 2194 1544 Deumque
2223 1490 2348 1531 vere
2379 1474 2619 1530 futurum
2650 1476 2833 1531 omnia
2876 1477 2928 1531 in
2952 1477 3226 1532 omnibus.
3266 1476 3347 1531 Ad
3372 1476 3491 1531 haec

1918 1564 2077 1633 quale
2115 1564 2351 1620 futurum
2374 1567 2445 1621 sit
2476 1567 2722 1636 spiritale
2749 1567 2882 1623 illud
2902 1583 3101 1641 corpus
3129 1584 3236 1639 quo
3261 1567 3494 1623 circum-

1919 1657 2179 1712 vestiendi
2204 1668 2331 1712 sunt
2371 1660 2535 1727 beati,
2569 1660 2851 1729 patefecit,
2877 1660 3210 1730 splendidius
3235 1658 3488 1713 nimirum

1916 1756 1971 1802 et
1998 1749 2348 1805 excellentius
2369 1751 2682 1820 corporibus
2706 1751 2929 1823 reliquis
2955 1765 3077 1822 quae
3094 1751 3197 1809 sub
3214 1760 3490 1822 aspectum

1916 1841 2110 1895 cadere
2138 1851 2401 1911 possunt;
2450 1857 2516 1898 co
2551 1858 2680 1900 vero
2704 1845 2826 1914 plus
2855 1843 3170 1900 subtilitatis
3201 1859 3266 1898 ac
3309 1841 3493 1913 spien-

1878 1932 1885 1997 ἶ
1916 1932 2063 1991 doris
2094 1935 2436 2005 adepturum,
2466 1952 2573 2007 quo
2621 1938 2832 1993 ratione
2867 1939 3133 1993 instructa
3161 1936 3342 1992 anima
3373 1935 3495 2007 plus

1915 2026 2121 2081 meritis
2149 2027 2265 2082 suis
2287 2043 2351 2083 ac
2375 2029 2661 2085 virtutibus
2692 2032 3019 2101 poposcerit.
3050 2029 3253 2098 Quuerit
3278 2030 3492 2084 demum

1914 2125 2093 2169 utrum
2125 2127 2244 2186 post
2281 2133 2462 2173 rerum
2506 2110 3048 2188 consummationem,
3082 2136 3204 2177 cum
3232 2118 3374 2176 Deus
3391 2122 3495 2176 erit

1912 2205 2091 2259 omnia
2134 2206 2187 2262 in
2238 2208 2528 2275 omnibus,
2593 2209 2734 2265 idem
2776 2211 2883 2265 erit
2925 2225 3213 2281 corporum
3252 2210 3491 2266 omnium

1916 2296 2093 2368 fulgor
2138 2307 2194 2353 et
2233 2299 2435 2369 gloria;
2475 2302 2871 2371 respondetque
2925 2316 3196 2357 summum
3245 2302 3395 2356 illum
3438 2309 3495 2356 et

1914 2390 2212 2460 perfectum
2263 2402 2462 2447 statum
2505 2395 2823 2464 adepturam
2859 2409 3176 2465 corpoream
3220 2402 3491 2457 naturam,

1912 2490 2197 2550 postquam
2250 2484 2456 2539 sanctis
2497 2482 2761 2541 doctrinis
2819 2486 3061 2541 eruditas
3109 2485 3322 2541 animas
3382 2484 3494 2541 Deo

1914 2570 2060 2626 Patri
2105 2574 2355 2630 Christus
2411 2574 2725 2646 subjecerit.
2785 2576 2962 2647 Atque
3001 2577 3117 2632 haec
3177 2578 3293 2632 fere
3332 2574 3509 2649 habet.

1916 2663 2273 2737 Hieronymus
2330 2665 2490 2734 epist.
2556 2666 2659 2732 59,
2705 2667 2771 2723 ad
2816 2667 2986 2733 Avit.,
3039 2682 3162 2738 cap.
3213 2668 3282 2735 '5,
3329 2677 3385 2724 et
3427 2667 3496 2724 ad

1915 2755 2076 2810 linem
2109 2756 2229 2811 libri
2264 2757 2425 2828 hujus
2451 2757 2599 2813 tertii
2647 2758 2790 2829 Περὶ
2821 2759 3024 2832 ἀρχῶν
3075 2762 3175 2816 ista
3207 2758 3496 2833 Origenem

1913 2846 2165 2904 intulisse
2189 2848 2264 2903 ait
2295 2865 2310 2903 :
2345 2867 2365 2901 ι
2414 2848 2477 2903 Ει
2511 2850 2621 2904 erit
2661 2850 2800 2906 Deus
2823 2853 3008 2907 omnia
3040 2853 3093 2908 in
3122 2853 3399 2919 omnibus,
3436 2860 3497 2907 ut

1914 2940 2165 2995 universa
2193 2950 2386 2996 natura
2416 2957 2678 3014 corporea
2720 2945 2995 3016 redigatur
3018 2945 3070 2999 in
3099 2960 3219 3000 eam
3240 2947 3498 3002 substan-

1915 3030 2041 3086 tiam
2078 3046 2199 3101 qua:
2225 3033 2480 3088 omnibus
2520 3034 2715 3090 melior
2742 3043 2848 3099 est,
2893 3035 2947 3089 in
2990 3036 3229 3091 divinam
3261 3035 3490 3102 scilicet,

1917 3134 2022 3188 qua
2052 3120 2194 3175 nulla
2222 3130 2307 3177 est
2345 3122 2569 3192 melior;
2604 3143 2624 3177 ι
2659 3126 2804 3196 quod
2850 3124 3079 3182 Ruﬁnus
3115 3126 3493 3181 dissimulavit.

242 3220 623 3281 militudinem;
674 3223 731 3272 et
781 3215 995 3271 demum
1050 3229 1149 3287 per
1205 3215 1453 3270 intimam
1506 3230 1651 3271 cum.
1704 3215 1883 3289 Deoc
1918 3210 2292 3266 Dissimulavit
2327 3221 2383 3266 et
2428 3212 2533 3269 hoc
2579 3214 2830 3283 alterum,
2882 3216 3024 3285 quod
3053 3230 3119 3270 ex
3148 3216 3339 3270 eodem
3373 3215 3499 3271 Ori-

241 3309 672 3378 conjunctionem
703 3314 759 3361 et
782 3305 1072 3373 unitatem,
1108 3319 1213 3375 qua
1251 3306 1561 3373 supremum
1613 3303 1811 3360 bonum

240 3398 568 3454 continetur.
601 3394 787 3451 Multis
820 3395 934 3450 haec
956 3394 1298 3465 explicantur
1329 3394 1427 3449 lib.
1472 3409 1514 3449 ιι
1555 3392 1631 3450 De
1669 3395 1825 3464 prin-

238 3493 351 3561 cip.,
379 3506 502 3562 cap.
544 3489 635 3558 il,
672 3504 821 3544 num.
855 3489 911 3552 3,
941 3497 996 3544 et
1031 3488 1126 3543 lib.
1151 3503 1237 3551 ιιι,
1289 3501 1407 3557 cap.
1441 3485 1495 3551 6,
1532 3501 1682 3541 num.
1715 3487 1741 3541 Ι
1768 3496 1824 3545 et

238 3596 344 3653 seq.
375 3600 390 3638 :
426 3598 560 3639 nam
593 3581 780 3653 priore
804 3579 926 3635 loco
953 3578 1189 3635 ostendit
1215 3576 1476 3648 Origenes
1492 3585 1822 3633 comesturos

238 3684 441 3731 sanctos
465 3693 486 3727 ι
519 3688 722 3745 panem
745 3671 890 3737 vitze,
912 3671 1005 3742 qui
1036 3669 1283 3726 veritatis
1297 3679 1349 3726 et
1378 3669 1659 3738 sapientiae
1686 3668 1822 3725 cibis

236 3767 430 3823 nutriat
453 3766 726 3830 animam,
752 3753 809 3820 et
831 3762 1095 3818 illuminet
1127 3771 1387 3827 mentem,
1430 3769 1484 3816 et
1522 3771 1669 3832 potet
1700 3777 1819 3817 eam

235 3855 419 3912 divinae
446 3855 740 3928 sapientiae
767 3853 1070 3924 poculis....
1116 3851 1313 3921 quibus
1363 3850 1645 3923 sapientia:
1678 3851 1818 3908 escis

236 3945 423 4001 nutrita
449 3959 615 4001 mens
635 3945 702 4000 ad
730 3944 995 4015 integrum
1021 3951 1075 3998 et
1095 3940 1412 4012 perfectura,
1429 3941 1648 3998 sicutex
1668 3942 1820 4030 initio

236 4035 398 4095 factus
427 4049 518 4095 est
551 4039 742 4102 homo,
775 4036 842 4091 ad
868 4036 1159 4104 imaginem
1188 4044 1244 4089 et
1282 4032 1697 4088 similitudinem
1722 4032 1816 4087 Dei

236 4141 532 4201 reparetur.
563 4151 582 4183 ι
608 4128 748 4185 Hinc
777 4127 1067 4197 unicuique
1105 4143 1134 4180 ιι
1166 4124 1278 4180 Deo
1309 4124 1571 4179 insertum
1596 4138 1718 4179 esse
1744 4123 1821 4177 ait

234 4225 469 4280 discendi
518 4237 792 4286 amorem,
852 4219 943 4290 qui
997 4229 1109 4273 tum
1160 4214 1487 4286 explebitur,
1535 4230 1657 4269 cum
1696 4223 1820 4285 post

236 4316 515 4388 diligenter
544 4315 834 4386 quaesitam
866 4313 919 4367 in
964 4312 1067 4367 hac
1115 4310 1226 4364 vita
1262 4307 1512 4363 veritatis
1542 4306 1818 4372 notitiam,

232 4411 516 4468 clariorem
547 4424 735 4464 rerum
763 4406 1167 4479 perceptionem
1214 4403 1472 4474 consequi
1503 4416 1820 4474 promerue—

236 4504 417 4562 rimus.
451 4501 814 4573 Multiplicem
842 4498 1035 4554 deinde
1068 4511 1248 4552 rerum
1282 4494 1569 4550 scientiam
1594 4507 1821 4550 enume-

1923 3303 2075 3373 genis
2104 3301 2242 3357 libro
2271 3318 2391 3373 cap.
2429 3303 2485 3371 6,
2515 3322 2641 3361 num
2671 3307 2728 3371 5,
2759 3307 2980 3362 adducit
3013 3307 3210 3363 ibidem
3235 3306 3491 3379 Hierony-

1923 3410 2043 3451 mus
2079 3412 2094 3450 :
2140 3412 2160 3446 ι
2199 3394 2308 3451 Nec
2343 3396 2562 3452 dubiqu
2605 3407 2691 3454 est
2720 3399 2850 3469 quin
2885 3407 3005 3470 post
3035 3399 3283 3469 quaedam
3327 3400 3498 3455 inter-

1922 3487 2059 3541 valla
2097 3496 2398 3559 temporum
2422 3505 2613 3545 rursus
2635 3491 2860 3546 materia
2881 3493 3161 3557 subsistat,
3189 3500 3244 3548 et
3267 3506 3498 3562 corpora

1924 3577 2088 3645 liant,
2140 3588 2198 3633 et
2252 3578 2438 3635 mundi
2503 3579 2794 3636 diversitas
2860 3590 3233 3647 construatur;
3280 3590 3500 3652 propter

1921 3671 2103 3724 varias
2132 3669 2442 3728 voluntates
2484 3654 2888 3729 rationabilium
2931 3681 3330 3739 creaturarum,
3378 3687 3500 3743 qua:

1922 3771 2042 3831 post
2071 3761 2369 3833 perfectam
2424 3764 2813 3821 beatitudinem
2856 3779 3027 3833 usque
3076 3766 3144 3820 ad
3192 3765 3353 3820 tinem
3383 3780 3501 3818 om-

1920 3854 2071 3908 nium
2108 3844 2288 3910 rerum
2332 3855 2590 3925 paulatim
2633 3856 2699 3911 ad
2743 3856 2999 3911 inferiora
3039 3855 3257 3924 dilapsa:
3293 3864 3497 3911 tantam

1924 3945 2184 4001 malitiam
2211 3957 2561 4018 receperunt,
2586 3955 2647 4001 ut
2680 3946 2734 4001 in
2762 3947 3098 4001 contrarium
3132 3955 3497 4011 verterentur,

1920 4041 2047 4096 dum
2098 4039 2286 4094 nolunt
2332 4053 2559 4094 servare
2616 4037 2980 4110 principium,
3028 4047 3085 4093 et
3132 4037 3498 4106 incorruptam

1918 4133 2308 4189 beatitudinem
2358 4131 2656 4202 possidere.
2696 4148 2715 4182 ι
2758 4130 2812 4185 Id
2875 4129 3074 4199 quippe
3122 4129 3497 4200 pervulgatum

1921 4221 2174 4291 Origenis
2223 4220 2416 4292 dogma
2472 4219 2540 4274 de
2565 4219 2854 4275 beatorum
2910 4220 3215 4273 animorum
3260 4218 3500 4288 peccatis

1921 4323 1977 4366 et
2010 4312 2267 4382 lapsibus.
2315 4314 2368 4367 in
2410 4312 2548 4367 alios
2587 4312 2850 4367 transfert
2903 4311 3353 4383 interpretatione
3402 4324 3498 4365 sua

1925 4403 2153 4461 Ruﬁnus
2195 4405 2334 4461 libro
2362 4406 2550 4460 eodem
2602 4421 2663 4460 ιιι
2708 4403 2788 4459 De
2842 4404 3092 4475 princip.,
3142 4418 3259 4473 cap.
3308 4401 3364 4458 6.
3409 4402 3502 4459 Sic

1925 4498 2070 4552 enim
2099 4496 2267 4553 habet
2300 4515 2315 4553 :
2354 4515 2373 4549 ‹
2412 4494 2611 4552 Verum
2641 4497 2803 4552 istam
2836 4497 3225 4567 perfectionem
3257 4510 3323 4551 ac
3369 4495 3500 4552 bea-

235 4607 333 4662 rat,
362 4612 471 4666 qua
499 4604 624 4649 tum
650 4607 804 4649 mens
854 4589 1230 4655 illustrabitur,
1272 4601 1379 4641 non
1423 4582 1654 4657 simplici
1693 4588 1817 4657 qui-
1848 4596 1893 4653 υ
1923 4586 2206 4640 titudinem
2258 4586 2660 4642 rationabilium
2701 4597 3099 4651 creaturarum,
3149 4586 3237 4642 vel
3280 4596 3502 4639 natura-

234 4686 345 4741 deut
373 4698 432 4742 et
458 4677 753 4757 repentina
775 4682 1202 4755 collustratione,
1234 4680 1328 4735 sed
1360 4679 1598 4743 diversa,
1630 4687 1686 4734 et
1715 4693 1812 4749 pro

234 4782 423 4835 mentis
470 4788 645 4848 captu
670 4785 729 4833 et
759 4788 1051 4846 progressu
1107 4772 1415 4829 continenti
1466 4771 1816 4828 successione

236 4870 530 4942 impertita.
586 4869 900 4926 Posteriore
951 4876 1133 4921 autem
1172 4866 1293 4921 loco
1343 4865 1502 4921 docet
1541 4879 1814 4919 summum

234 4963 453 5028 bonum,
483 4977 591 5021 seu
625 4963 787 5016 linem
815 4958 1078 5019 omnium,
1107 4957 1175 5012 ad
1213 4972 1375 5028 quem
1411 4966 1603 5010 natura
1651 4955 1817 5009 ratio-

235 5054 366 5109 nalis
416 5054 689 5110 universa
748 5052 943 5119 tendit,
997 5051 1143 5107 hunc
1203 5063 1348 5113 esse,
1401 5046 1634 5104 similem
1683 5044 1815 5112 Deo,

233 5149 402 5214 quoad
439 5147 572 5216 ejus
608 5143 724 5199 ﬁeri
761 5151 960 5213 potest,
993 5143 1259 5207 evadere;
1310 5148 1473 5209 atque
1502 5154 1566 5194 ex
1604 5139 1709 5193 hac
1743 5139 1820 5194 si-

236 5236 545 5294 militudine
598 5235 652 5290 in
696 5234 889 5290 melius
931 5233 1308 5304 proficientem
1356 5231 1592 5286 animam
1652 5245 1820 5285 unum

227 5324 332 5394 jam
380 5327 507 5382 fieri
555 5340 686 5381 cum
733 5325 865 5391 Deo,
911 5331 1071 5394 prout
1121 5322 1395 5393 pollicitus
1440 5330 1528 5377 est
1568 5320 1824 5378 Christus

233 5416 386 5474 Joan.
417 5434 566 5486 xvu,
592 5418 667 5472 24
696 5425 752 5473 et
778 5416 873 5482 21,
907 5425 1068 5485 atque
1095 5416 1167 5470 ita
1197 5429 1364 5486 porro
1394 5413 1446 5469 in
1479 5413 1585 5469 ﬁne
1614 5415 1820 5483 omnia,

233 5510 364 5564 etin
388 5509 663 5566 omnibus
696 5508 862 5563 Deum
908 5506 1148 5562 futurum
1191 5522 1332 5563 esse.
1383 5505 1618 5577 Exponit
1666 5517 1821 5577 post-

234 5601 450 5659 modum
485 5599 590 5670 qui
642 5599 824 5654 omnia
857 5607 913 5656 et
945 5598 999 5653 in
1050 5598 1298 5652 omnibus
1355 5598 1494 5653 Deus
1537 5611 1657 5653 esse
1695 5612 1817 5667 pos-

236 5691 303 5748 sit
333 5692 418 5761 “;
455 5706 667 5762 nempe
715 5705 839 5747 cum
894 5691 1118 5748 rationis
1176 5689 1379 5761 pollens
1424 5690 1626 5759 anima,
1667 5691 1813 5747 omni

309 5894 353 5929 ”
382 5894 398 5950 Ι
428 5895 570 5951 Cor.
598 5907 693 5958 xv,
726 5892 816 5949 28.

1919 4693 2058 4743 rum,
2096 4678 2170 4732 ita
2196 4677 2413 4733 demum
2435 4678 2656 4749 quidam
2682 4692 3004 4748 permanere
3025 4677 3077 4733 in
3109 4678 3300 4733 eodem
3330 4686 3499 4742 statu,

1917 4786 2026 4840 quo
2052 4785 2215 4841 supra
2246 4771 2502 4839 diximus,
2537 4780 2753 4842 putant,
2788 4771 2839 4825 id
2880 4781 2965 4827 est
3015 4782 3075 4826 ut
3104 4772 3275 4827 Deum
3318 4770 3498 4827 omnia

1919 4861 2181 4929 habeant,
2209 4872 2265 4918 et
2293 4862 2433 4917 Deus
2457 4863 2542 4919 eis
2584 4863 2656 4918 sit
2702 4864 2904 4930 omnia,
2951 4864 2996 4919 si
3048 4862 3363 4917 nullatenus
3408 4876 3501 4916 eas

1919 4952 2155 5009 societas
2234 4963 2441 5006 natura:
2511 4953 2810 5022 corporalis
2884 4959 3155 5006 atuoveat.
3245 4950 3498 5018 Alioquin

1925 5043 2238 5098 existimant
2285 5043 2516 5114 gloriam
2557 5058 2785 5098 summa:
2828 5039 3183 5098 beatitudinis
3229 5040 3500 5109 impediri,

1927 5134 1972 5190 si
2023 5136 2320 5191 materialis
2369 5136 2687 5191 substantiae
2734 5134 3094 5190 interseratur
3139 5131 3421 5188 admistio.
3476 5151 3496 5184 ι

1928 5229 2067 5296 Quin
2092 5229 2255 5283 etiam
2291 5230 2433 5298 quod
2456 5229 2579 5285 aliis
2605 5229 2973 5284 ascribeutem
3000 5226 3381 5282 Adamantium
3414 5225 3500 5278 iu-

1931 5321 2078 5375 ducit
2106 5319 2355 5387 Rufinus,
2379 5319 2432 5375 id
2465 5319 2831 5375 conlutantcm
2857 5319 3033 5388 ipsum
3076 5317 3299 5373 exhibet
3326 5318 3504 5385 capite

1931 5410 2118 5467 eodem
2147 5427 2295 5466 num.
2319 5412 2352 5466 6
2384 5430 2397 5466 :
2435 5431 2455 5464 ι
2486 5413 2539 5468 ln
2579 5427 2686 5481 quo
2716 5420 2861 5467 statu
2891 5408 3289 5482 (beatitudinis)
3334 5407 3500 5462 etiam

1930 5520 2246 5575 permanere
2278 5519 2494 5576 semper
2529 5516 2583 5560 et
2631 5504 3041 5560 immutabiliter
3085 5500 3362 5559 Creatoris
3398 5516 3500 5556 vo-

1924 5599 2128 5652 luntatc
2153 5607 2237 5654 est
2276 5598 2624 5665 credendum,
2661 5597 2823 5652 Iidem
2865 5597 2941 5652 rei
2974 5596 3206 5652 faciente
3232 5594 3500 5657 sententia

1923 5688 2159 5761 Apostoli
2212 5687 2441 5744 dicentis
2474 5711 2485 5747 ;
2522 5687 2741 5744 Domum
2793 5690 3039 5745 habemus
3100 5706 3203 5745 non
3246 5686 3501 5760 manufa~
