3914 6544
383 443 511 500 1011

1661 440 1720 494 ρ.
1765 407 2082 495 οΑΝιΕιιέ
2108 437 2339 494 HUETII

3499 440 3630 494 IOI‘Z

381 575 539 630 Clam,
566 574 813 628 retentam
842 563 894 616 in
915 562 1054 617 ratiis
1080 564 1174 616 ³⁷.»
1198 567 1265 620 De
1292 565 1622 633 iiuequoque
1648 577 1824 616 rerum
1851 561 1957 630 agit
1986 567 2032 622 Α
2062 572 2359 622 summum,
2396 571 2555 625 quem
2604 557 2860 622 diximus,
2907 555 3177 611 felicitatis
3206 556 3414 625 apicem
3443 571 3629 612 evase-

383 654 645 723 Origenes
676 655 770 712 lib.
807 671 819 709 l
862 654 936 708 De
963 657 1206 724 princip.,
1233 672 1352 726 cap.
1384 658 1438 723 6,
1476 672 1626 711 num.
1656 656 1707 717 l,
1742 656 1798 718 2,
1839 670 1955 708 om-

386 745 586 815 niaque
630 745 760 800 dicit
789 745 854 798 ad
885 761 1048 799 unum
1104 747 1263 801 finem
1321 748 1646 811 revocanda,
1695 745 1954 817 quemad-

384 837 605 891 modum
632 836 700 889 ab
727 851 833 890 uno
857 837 1009 891 initio
1038 838 1272 906 profecta
1300 849 1446 904 sunt,
1481 847 1766 909 postquam
1809 837 1956 892 scili-

381 933 470 981 cet
523 928 831 997 regnaverit
877 926 1151 994 Christus,
1202 946 1496 1000 omnesque
1544 929 1790 984 inimicos
1849 927 1953 983 sibi

381 1016 697 1085 subiecerit,
721 1019 1005 1087 ipsumque
1026 1021 1376 1075 novissimum
1406 1022 1684 1076 inimicum
1718 1031 1952 1076 mortem

379 1110 740 1175 destruxerit,
763 1121 818 1164 et
839 1109 984 1165 Patri
1018 1127 1240 1180 regnum
1277 1113 1559 1167 tradiderit
1583 1123 1818 1183 tuncque
1846 1127 1958 1168 cm-

383 1200 561 1268 lcstia,
597 1202 872 1256 terrestria
902 1212 958 1258 et
988 1203 1195 1259 inferna
1248 1203 1312 1258 ad
1356 1221 1519 1258 unum
1550 1203 1708 1258 linem
1757 1205 1957 1259 deven-

383 1302 526 1366 tura,
565 1313 583 1346 ι
619 1309 715 1362 per
740 1295 1030 1350 bonitatem
1068 1296 1185 1360 Dei,
1220 1305 1274 1351 et
1313 1295 1702 1364 subjectionem
1725 1295 1952 1357 Christi,

381 1393 547 1453 atque
578 1385 839 1438 unitatem
873 1384 1108 1454 Spiritus
1138 1385 1335 1440 sancti.
1369 1405 1386 1439 ι
1418 1387 1583 1441 Addit
1612 1388 1834 1458 insuper
1855 1387 1954 1441 soli

381 1465 639 1529 Trinitati
681 1476 974 1531 bonitatem
1007 1475 1446 1533 substantialiter
1487 1479 1683 1543 inesse,
1729 1491 1956 1535 creterris

380 1565 505 1638 inde
533 1577 830 1622 mutuatam
865 1575 918 1622 et
944 1568 1240 1624 derivatam
1273 1568 1510 1634 habere;
1549 1589 1567 1620 ι
1598 1581 1653 1626 et
1681 1579 1808 1625 tunc
1835 1586 1957 1626 esse

381 1656 435 1710 in
470 1657 821 1723 beatitudine,
855 1674 978 1713 cum
1023 1661 1090 1715 de
1126 1661 1437 1726 sanctitate,
1483 1676 1546 1716 ac
1581 1662 1871 1731 sapientia,
1901 1671 1956 1717 et

381 1744 449 1800 de
476 1745 592 1815 ipsa
628 1747 910 1803 divinitate
940 1749 1267 1820 participant
1310 1769 1324 1806 :
1377 1770 1396 1802 ι
1453 1753 1595 1822 quod
1649 1753 1957 1823 quicunque

381 1837 681 1908 negligunt,
713 1841 946 1910 propria:
996 1841 1214 1897 desidiae
1256 1843 1387 1898 vitio
1423 1843 1686 1899 felicitate
1718 1845 1821 1900 bac
1863 1861 1956 1901 eos

378 1930 654 1990 excidere.
703 1942 757 1987 et
791 1949 820 1987 a
857 1933 966 1988 Deo
1004 1950 1106 2004 pro
1143 1936 1312 2005 culpa:
1355 1936 1514 1992 modo
1543 1935 1812 1990 adhiberi.
1848 1935 1958 1991 Nec

378 2019 451 2093 ab
493 2021 578 2076 his
605 2021 918 2092 discrepant
947 2039 1068 2094 quae
1101 2040 1169 2080 ex
1219 2025 1453 2098 Origene
1498 2027 1710 2098 profert
1753 2027 1955 2083 Catena

380 2109 712 2179 Corderiana
741 2113 792 2168 in
831 2113 1091 2180 Psalmos,
1112 2117 1178 2172 ad
1208 2119 1400 2186 psalm.
1432 2135 1522 2184 1.x,
1555 2120 1590 2175 3
1613 2161 1628 2184 ,
1672 2135 1794 2191 pag.
1830 2119 1953 2185 759,

382 2202 473 2274 ubi
508 2201 759 2261 Christus
796 2220 918 2268 esse
967 2209 1165 2264 dicitur
1210 2211 1644 2278 tabernaculum,
1698 2222 1752 2268 et
1802 2228 1958 2269 mons

379 2305 625 2357 sanctus,
658 2296 710 2351 in
747 2313 857 2366 quo
882 2299 1105 2368 perfecti
1133 2303 1570 2372 conquiescunt;
1612 2305 1806 2360 deinde
1828 2305 1961 2362 sub-.

372 2387 494 2454 jicit
526 2405 541 2442 :
585 2387 732 2461 Πλὴν
763 2392 812 2445 εἰ
839 2393 934 2444 καὶ
961 2392 1102 2446 οὕτω
1128 2394 1466 2468 τελειότητος
1517 2397 1630 2470 ἔχει
1663 2399 1696 2469 ἡ
1732 2397 1954 2470 τοιαύτη

378 2479 576 2566 σκηνὴ,
607 2480 682 2545 ὡς
707 2483 804 2536 καὶ
835 2481 967 2552 ἅγια
1004 2485 1174 2553 ἁγίων
1206 2482 1364 2552 εἶναι,
1400 2488 1513 2541 ἀλλ’
1547 2485 1640 2544 οὖν
1684 2491 1802 2543 ἐστι
1840 2492 1957 2566 μετ’

376 2569 547 2642 αὐτὴν
593 2573 925 2639 κατάστασις
983 2576 1326 2647 ὑπερέχουσα
1375 2579 1484 2634 τῶν
1530 2580 1789 2648 λογικῶν,
1833 2581 1957 2635 καθ’

375 2660 445 2751 ην
477 2661 689 2717 ἔσονται
718 2666 776 2717 ὲν
808 2667 984 2738 Πατρὶ
1019 2671 1110 2722 καὶ
1152 2659 1287 2741 Υἱῷ,
1330 2671 1529 2742 μᾶλλον
1563 2673 1620 2726 δὲ
1650 2676 1715 2748 τῇ
1747 2673 1953 2746 τριάδιο

375 2751 459 2824 διὸ
489 2757 772 2827 παροικεῖν
808 2757 888 2820 εἰς
929 2757 1056 2822 τοὺς
1094 2759 1316 2825 αἰῶνας,
1357 2761 1472 2816 ἀλλ’
1501 2763 1564 2815 οὐ
1594 2766 1868 2817 κατοικεῖν
1900 2765 1958 2816 ἐν

375 2845 455 2918 τῷ
488 2847 803 2921 σκηνώματι
831 2849 1044 2922 εἴρηται
1063 2865 1076 2878 ·
1102 2854 1131 2906 ὁ
1159 2855 1216 2907 ἐν
1241 2854 1414 2927 τούτῳ
1440 2855 1519 2927 τῷ
1549 2856 1682 2928 οἴκῳ
1719 2855 1959 2926 γεγονὼς

379 2935 818 3011 σκεπασθήσεται
889 2943 948 2996 ἐν
1020 2947 1088 3020 τῇ
1149 2946 1260 3001 τῶν
1334 2947 1616 3022 πτερύγων
1663 2949 1758 3003 τοῦ
1820 2949 1957 3006 Θεοῦ

377 3031 580 3106 σκέπῃ.
603 3030 718 3088 Hoc
744 3043 828 3088 est
858 3051 872 3088 :
898 3034 940 3092 E
963 3036 1332 3113 tabernaculo,
1371 3041 1513 3108 qttod
1568 3049 1652 3094 est
1683 3039 1956 3108 Christus,

377 3122 610 3198 digressi
676 3127 848 3181 sancti
912 3127 966 3181 in
1013 3127 1279 3185 Trinitate
1351 3131 1785 3202 conquiescent,
1831 3149 1954 3189 cum

2061 653 2203 716 rint;
2236 667 2300 705 ac
2331 653 2564 722 primum
2603 650 2655 703 in
2688 659 2842 704 certo
2870 651 3107 719 quodam
3138 657 3296 704 terra:
3318 651 3438 704 loco
3461 658 3636 705 terre-

2059 759 2154 800 nas
2180 746 2360 809 faeces,
2396 752 2452 797 et
2475 744 2838 809 ignorantiam
2887 741 3105 812 deponi,
3155 749 3317 811 atque
3343 742 3490 796 hunc
3515 758 3637 798 esse

2057 837 2400 908 paradisum;
2435 837 2557 891 inde
2588 836 2638 889 in
2669 851 2816 898 aere,
2845 844 2899 890 et
2929 836 2982 888 in
3023 833 3252 889 diversis
3287 835 3637 902 postmodum

2057 930 2179 986 εωῐί
2205 931 2340 984 locis
2371 943 2564 982 novam
2601 942 2883 998 capessere
2910 923 3272 995 disciplinam,
3303 935 3358 980 et
3393 926 3638 993 perfecta

2059 1024 2272 1078 demum
2299 1020 2557 1076 beatitate
2591 1019 2733 1085 frui;
2767 1019 2822 1072 in
2852 1017 3080 1088 singulis
3117 1026 3296 1071 autem
3333 1016 3640 1069 mansioni-

2057 1117 2161 1172 bus
2203 1130 2271 1172 eo
2323 1115 2718 1172 diuturniorem
2771 1128 2932 1182 agere
2985 1128 3193 1167 moram
3247 1111 3496 1174 animas,
3533 1126 3641 1178 quo

2059 1208 2324 1278 pluribus,
2369 1209 2495 1261 dum
2532 1206 2747 1275 corpori
2778 1205 3052 1274 adjuncta:
3080 1213 3284 1268 essent,
3315 1218 3440 1258 sese
3481 1202 3642 1256 noxis

2059 1301 2521 1361 contaminaruut,
2552 1298 2900 1369 pluribusque
2951 1297 3380 1366 inquinamentis
3426 1310 3633 1364 expur—

2059 1390 2246 1462 ganda:
2295 1399 2441 1444 sunt.
2493 1388 2832 1458 Frequentcs
2888 1396 3107 1440 exstant
3158 1385 3422 1440 doctrinm
3481 1383 3642 1453 hujus

2061 1491 2238 1542 noue;
2301 1494 2401 1534 nos
2447 1480 2746 1547 praecipuas
2776 1491 3150 1546 excerpemus.
3199 1475 3431 1531 Homilia
3463 1477 3536 1530 26
3588 1478 3643 1528 in

2063 1570 2249 1636 Num.,
2282 1585 2432 1626 ntun.
2471 1569 2526 1628 4.
2557 1569 2856 1637 digressum
2896 1567 3091 1620 anima:
3119 1581 3150 1620 a
3187 1579 3440 1634 corpore,
3465 1564 3642 1618 Israc-

2060 1664 2276 1717 Iitarum
2312 1660 2462 1718 exitu
2489 1661 2552 1713 de
2583 1658 2816 1728 Egypto
2846 1657 3076 1725 exprimi
3113 1657 3297 1724 tradit,
3337 1671 3486 1716 cum,
3515 1655 3643 1710 reli-

2059 1754 2161 1810 ctis
2193 1751 2376 1806 mundi
2430 1751 2588 1820 hujus
2626 1749 2887 1814 tenebris,
2920 1757 2974 1803 et
3009 1749 3253 1818 corporis
3283 1749 3554 1811 caecitate,
3587 1749 3645 1802 in

2059 1852 2223 1906 alium
2252 1850 2437 1904 orbem
2469 1849 2665 1902 transit
2692 1847 2870 1902 anima
2898 1889 2914 1914 ,
2950 1847 3044 1917 qui
3074 1847 3159 1902 vel
3190 1849 3348 1902 sinus
3372 1847 3638 1907 Abrahm,

2065 1953 2126 1998 ut
2151 1944 2205 1998 in
2253 1941 2443 1996 Lazari
2476 1940 2741 2007 historia;
2773 1939 2855 1995 vel
2891 1939 3199 2009 paradisus,
3237 1949 3297 1993 ut
3333 1940 3386 1993 in
3441 1938 3529 1991 illa
3561 1938 3646 1991 Ia.-

2063 2036 2258 2099 tronis,
2283 2045 2657 2102 nuncupatur;
2698 2051 2716 2084 ι
2760 2032 2847 2086 vel
2873 2033 3060 2098 etiam,
3088 2031 3291 2101 inquit,
3321 2032 3366 2085 si
3400 2045 3508 2100 qua
3545 2045 3645 2084 no-

2060 2128 2138 2182 vit
2165 2129 2304 2183 Deus
2334 2140 2457 2181 esse
2484 2125 2587 2178 alia
2613 2124 2750 2188 loca,
2772 2125 2857 2180 vel
2885 2123 3020 2180 alias
3051 2123 3386 2186 mansiones,
3409 2137 3508 2192 per
3525 2137 3648 2189 qua!

2062 2221 2333 2276 transiens
2368 2218 2547 2272 anima
2596 2217 2703 2272 Deo
2731 2217 2995 2281 credens,
3031 2229 3084 2272 et
3114 2215 3446 2285 perveniens
3475 2229 3650 2284 usque

2061 2314 2128 2367 ad
2156 2311 2355 2367 ﬂumen
2384 2311 2534 2378 illud,
2571 2312 2718 2381 quod
2763 2309 3000 2364 laetificat
3046 2309 3322 2364 civitatem
3351 2307 3472 2371 Dei,
3505 2308 3646 2360 intra

2065 2406 2238 2476 ipsam
2273 2415 2477 2462 sortem
2528 2403 2810 2472 promissa:
2843 2401 3094 2456 Patribus
3128 2399 3468 2455 hereditatis
3501 2400 3646 2454 acci-

2058 2498 2202 2570 piat;
2243 2518 2261 2550 ›
2295 2507 2349 2553 et
2396 2496 2676 2567 aliquanto
2725 2504 2888 2566 post,
2932 2509 3082 2548 num.
3111 2493 3144 2547 5
3182 2511 3196 2546 :
3235 2511 3254 2544 ι
3312 2492 3474 2546 Istius
3513 2506 3644 2562 ergo

2059 2601 2219 2648 terra:
2263 2584 2679 2658 haereditatem,
2724 2599 3078 2662 posteaquam
3133 2590 3202 2646 de
3254 2589 3446 2643 mundi
3488 2587 3648 2656 hujus

2059 2685 2299 2760 Egypto
2332 2684 2555 2749 exierit,
2587 2684 2700 2739 Deo
2734 2683 2962 2738 credens
3011 2682 3192 2736 anima
3235 2680 3594 2748 consequitur
3628 2695 3641 2731 :

2058 2787 2115 2834 et
2141 2778 2270 2832 alibi
2298 2776 2516 2846 quidem
2546 2775 2583 2830 ii
2606 2775 2697 2845 qui
2722 2774 2821 2830 sub
2848 2774 2965 2844 lege
2994 2773 3274 2836 vixerunt;
3306 2771 3435 2825 alibi
3463 2781 3645 2823 atttcm

2058 2870 2150 2939 qui
2196 2883 2294 2940 per
2332 2867 2460 2925 Jesu
2509 2865 2711 2923 Christi
2761 2865 2920 2920 fidem
2965 2875 3021 2920 et
3067 2863 3306 2932 gratiam
3343 2861 3645 2931 dispensati
3695 2930 3704 2939 .

2060 2971 2207 3032 sunt.
2255 2979 2275 3014 ι
2305 2959 2538 3015 Homilia
2563 2957 2758 3014 deinde
2779 2957 3022 3027 sequenti
3061 2955 3254 3025 repetit
3284 2955 3401 3010 haec
3426 2954 3644 3018 eadem,

2057 3065 2112 3111 et
2141 3055 2373 3110 diversis
2427 3051 2806 3108 mansionibus
2853 3049 3220 3106 lsraelitarum
3280 3049 3336 3102 in
3386 3047 3645 3109 deserto,

2060 3148 2254 3202 anima:
2303 3145 2616 3201 mansiones
2649 3143 2826 3200 notari
2864 3142 3085 3206 scribit;
3120 3150 3179 3194 ut
3207 3148 3264 3195 et
3315 3138 3410 3193 illo
3437 3137 3644 3192 Christi

377 3236 542 3297 magno
573 3222 771 3288 Christi
827 3227 1100 3293 absoluto,
1149 3227 1313 3283 Pater
1347 3228 1459 3298 ipse
1506 3245 1730 3302 regnum
1770 3245 2027 3313 susce-c
2057 3238 2217 3296 Joan.
2270 3255 2386 3303 xiv,
2415 3238 2502 3292 2:
2547 3256 2566 3290 ι
2618 3235 2678 3290 ln
2727 3235 2890 3291 domo
2939 3233 3121 3289 Patris
3172 3232 3277 3287 mei
3330 3229 3648 3285 mansiones

374 3315 538 3396 perit.
570 3315 685 3388 Hac
703 3318 954 3376 doctrina
980 3321 1219 3377 imbutus
1243 3321 1559 3377 Theodorus
1580 3323 1825 3389 Ascidas,
1842 3323 1956 3380 Ca:-

375 3421 547 3508 sareae
582 3408 941 3480 Cappadociae
973 3414 1280 3484 episcopus,
1322 3413 1755 3488 Origcnistarum
1789 3416 1955 3472 Justi-

375 3496 525 3567 niani
557 3507 716 3555 actate
741 3514 1023 3570 patronus,
1055 3505 1190 3559 dixit
1229 3524 1241 3560 :
1294 3508 1360 3560 Et
1410 3507 1505 3570 νῦν
1548 3510 1596 3562 οἱ
1641 3509 1953 3576 ἀπόστολοι,

377 3590 471 3663 καὶ
488 3590 537 3643 ot
569 3591 847 3665 μάρτυρες
869 3594 1366 3670 θαυμτουργοῦσι,
1403 3601 1498 3673 καὶ
1527 3602 1584 3654 ὲν
1625 3604 1693 3673 τῇ
1724 3601 1958 3673 τοσαύτῃ

374 3684 510 3758 τιμῇ
545 3683 900 3757 ὑπάρχουσιν,
932 3688 990 3741 ὲν
1009 3692 1075 3761 τῇ
1101 3690 1542 3748 ἀποκαταστάσει
1574 3695 1623 3747 εἰ
1642 3694 1716 3767 μὴ
1745 3694 1849 3748 ῐσοι
1875 3694 1960 3763 γέ-

376 3791 553 3848 νοιντο
615 3777 694 3850 τῷ
763 3780 1023 3852 Χριστῷ,
1085 3783 1216 3837 ποια
1277 3785 1724 3850 ἀποκατάστασις
1774 3786 1958 3850 αὐτοῖς

377 3869 558 3942 tactv;
603 3889 624 3924 ι
670 3872 728 3928 Si
783 3889 926 3934 nunc
974 3877 1203 3947 apostoli
1260 3889 1315 3935 et
1364 3890 1637 3952 martyres
1693 3882 1955 3937 miracula

377 3962 563 4028 edunt,
595 3965 730 4021 etin
770 3977 922 4024 tanto
961 3980 1090 4026 sunt
1133 3974 1382 4038 honore;
1418 3975 1473 4029 in
1529 3975 1876 4031 restitutiOne
1909 3977 1955 4032 si

375 4055 616 4124 atquales
646 4057 859 4115 Christo
884 4077 990 4116 non
1022 4064 1281 4130 evadant,
1312 4065 1487 4134 qualis
1517 4081 1705 4123 eorum
1734 4067 1957 4123 restitu-

377 4146 452 4197 tio
509 4144 690 4202 futura
743 4153 868 4206 est?
916 4171 935 4205 ι
983 4154 1155 4220 Quam
1182 4171 1369 4211 vocem
1421 4159 1474 4212 in
1527 4158 1718 4228 quinta
1748 4160 1955 4230 synodo

374 4236 684 4303 damnatam
719 4242 887 4301 fuisse
913 4254 1143 4302 testatur
1170 4248 1435 4319 Evagrius
1473 4249 1569 4305 lib.
1600 4266 1674 4316 tv,
1702 4266 1827 4320 cap.
1861 4251 1954 4308 58.

375 4325 764 4398 Verumtamen
809 4336 862 4391 in
909 4339 1226 4406 praefatione
1275 4339 1568 4398 Comment.
1623 4342 1676 4396 in
1722 4341 1886 4406 Joan.
1924 4359 1954 4397 a

374 4427 644 4490 communi
694 4429 1064 4499 theologorum
1116 4433 1387 4496 sententia
1445 4434 1670 4492 minime
1750 4436 1958 4492 recedit

373 4510 656 4584 Origenes,
691 4518 742 4580 in
772 4519 864 4579 Dei
897 4523 1208 4590 cognitione
1238 4534 1293 4578 et
1324 4526 1788 4594 contemplatione
1821 4527 1952 4582 bea-

2059 3332 2243 3396 multa:
2298 3338 2458 3394 sunt;
2524 3347 2543 3380 ι
2605 3342 2670 3382 ac
2711 3325 2877 3380 variis
2940 3333 3205 3396 praeterea
3255 3322 3646 3392 prophetarum

2061 3423 2408 3488 testimoniis,
2443 3435 2566 3491 qua:
2605 3419 2834 3476 subinde
2877 3425 3159 3474 enumerat
3192 3433 3207 3474 :
3241 3430 3340 3486 per
3369 3414 3490 3469 haec
3516 3428 3646 3483 ergo

2058 3511 2178 3567 loca
2213 3511 2648 3581 peregrinantem
2680 3509 2915 3564 animam
2943 3509 3011 3563 ad
3063 3506 3261 3576 quietis
3294 3504 3475 3560 locum
3523 3519 3645 3559 eum

2057 3604 2262 3677 gemitu
2293 3612 2351 3659 et
2378 3601 2564 3659 dolore
2587 3600 2876 3667 anhelare;
2902 3599 3201 3655 hebescere
3223 3587 3416 3664 etiam,
3434 3605 3491 3654 et
3516 3594 3647 3652 cali-

2057 3712 2206 3768 gare,
2238 3697 2416 3770 quoad
2447 3693 2660 3750 itineris
2689 3693 2771 3748 sui
2803 3701 3005 3748 metam
3045 3700 3293 3747 assecuta
3324 3691 3399 3745 sit
3433 3706 3448 3741 :
3487 3709 3506 3740 ι
3544 3688 3647 3742 Per

2057 3789 2296 3860 singulas
2332 3803 2574 3860 quasque
2596 3827 2612 3852 ,
2645 3807 2663 3840 ι
2698 3785 2877 3854 inquit
2925 3799 3076 3839 num.
3110 3783 3166 3850 4,
3201 3799 3326 3853 pag.
3356 3783 3490 3847 3'77,
3523 3801 3542 3833 ι
3563 3781 3645 3835 di-

2057 3882 2310 3953 grediens
2344 3879 2655 3934 mansiones
2681 3919 2696 3944 ,
2726 3877 2847 3932 illas
2875 3871 3083 3932 scilicet
3120 3876 3354 3942 multas,
3411 3891 3533 3945 qua:
3561 3875 3641 3928 di—

2055 3979 2252 4027 cuntur
2295 3985 2416 4025 esse
2456 3970 2595 4040 apud
2650 3969 2891 4034 Patrem,
2929 3967 3269 4022 illuminatur
3297 3967 3536 4037 amplius
3578 3981 3644 4020 ex

2056 4078 2163 4119 una
2197 4062 2264 4116 ad
2293 4061 2452 4127 aliam
2482 4061 2727 4126 veniens,
2761 4059 2966 4129 majora
2987 4074 3204 4128 semper
3227 4057 3645 4112 illuminationis

2056 4161 2344 4224 augmenta
2395 4150 2718 4220 conquirit,
2750 4164 3033 4222 usquequo
3084 4157 3307 4203 assueta
3358 4149 3432 4224 sit
3480 4146 3642 4218 ipsius

2055 4245 2170 4300 veri
2200 4243 2441 4308 luminis,
2485 4243 2628 4311 quod
2675 4241 2947 4309 illuminat
2976 4256 3192 4296 omnem
3224 4221 3526 4307 hominem,
3561 4238 3642 4293 in-

2058 4339 2252 4392 tuitum
2285 4338 2420 4408 pati,
2472 4345 2528 4391 et
2557 4335 2708 4389 mira:
2755 4333 3059 4400 maiestatis
3103 4332 3248 4386 ferre
3285 4331 3578 4399 fulgorem.
3617 4346 3637 4380 ι

2057 4429 2295 4492 Inculcat
2317 4430 2458 4485 idem
2505 4428 2559 4482 in
2584 4424 2963 4496 sequentibus,
2995 4438 3145 4477 num.
3175 4423 3242 4476 6:
3271 4439 3291 4471 ι
3313 4419 3446 4475 Post
3466 4433 3642 4474 resur-

2055 4521 2352 4576 rectionem
2384 4532 2676 4584 ascensura
2716 4515 2783 4570 ad
2832 4515 3000 4570 caelos
3031 4511 3263 4585 (anima)
3296 4526 3409 4564 non
3443 4509 3640 4570 subito,

375 4601 656 4670 ιῖιιιόίιιειη
693 4608 854 4667 Silam
883 4625 1003 4665 esse
1032 4613 1255 4679 docens,
1302 4625 1358 4668 et
1382 4617 1560 4682 {tinem
1591 4631 1713 4671 esse
1740 4617 1802 4670 τὸ
1824 4617 1952 4671 Osui-
1985 4605 2028 4659 1)
2061 4628 2162 4668 nec
2195 4615 2501 4679 importune
2531 4609 2599 4664 ad
2629 4622 2839 4662 summa
2866 4603 3205 4668 conscendit,
3239 4603 3336 4657 sed
3371 4616 3472 4672 per
3509 4599 3643 4656 mul-

373 4695 618 4799 ρτιτιξεέξν,
643 4699 724 4761 εἰς
747 4699 776 4751 ὃ
815 4701 1142 4773 καταλήγειν
1179 4704 1239 4756 τὸ
1273 4705 1424 4770 τέλος
1463 4707 1583 4762 ὁδοῦ
1618 4709 1676 4761 ἐν
1695 4712 1763 4781 τῇ
1795 4709 1952 4781 λεγο-

374 4788 513 4860 μένῃ
541 4788 1004 4846 ἁποκαταστὰσει.

446 4875 513 4932 Χ.
540 4879 656 4936 Νοη
683 4884 870 4939 statim
894 4895 1073 4942 autem
1098 4887 1167 4942 ad
1197 4904 1506 4960 supremam
1533 4893 1951 4963 beatitudinem,

369 4968 465 5022 scd
503 4971 831 5036 pedetentim
887 4991 952 5031 ac
1003 4992 1105 5048 per
1137 4978 1385 5035 diversos
1438 4984 1637 5053 gradus
1683 4986 1953 5052 perveniri

369 5059 560 5120 voluit.
596 5061 730 5118 Nam
762 5066 972 5123 animas
998 5068 1391 5126 beatitudinem
1437 5074 1769 5140 promeritas
1794 5115 1811 5141 ,
1857 5075 1952 5130 sed

370 5159 714 5226 terrenarum
763 5172 947 5228 rerum
1001 5171 1240 5235 contage.
1277 5163 1576 5217 etiamnum
1619 5165 1950 5230 laborantes,

369 5253 656 5314 postquam
689 5263 920 5321 corpore
973 5253 1186 5321 emissa:
1224 5263 1394 5320 sunt,
1441 5270 1538 5324 per
1571 5257 1721 5310 varia
1757 5257 1950 5313 deduci

367 5335 486 5407 loca
523 5337 700 5414 finxit,
731 5341 781 5395 in
811 5344 1012 5418 quibus
1046 5357 1397 5417 expurgatas,
1424 5359 1480 5402 et
1503 5349 1571 5417 ab
1593 5350 1801 5420 angelis
1823 5351 1950 5406 huic

370 5427 674 5485 ministerio
702 5431 993 5498 destinatis
1021 5439 1292 5502 eruditas,
1341 5448 1398 5492 et
1426 5453 1674 5495 errorum
1705 5441 1949 5496 tenebris

370 5518 645 5583 exsolutas
671 5562 687 5588 ,
739 5526 1166 5595 splendidiorem
1203 5515 1292 5586 ac}
1327 5531 1614 5588 celsiorem
1673 5534 1951 5602 regionem

370 5616 772 5710 transcendere;
845 5619 1024 5690 ibique
1081 5623 1237 5684 novis
1290 5625 1583 5695 instructas
1644 5624 1949 5692 doctrinisj',

372 5699 603 5773 aliisque
632 5724 759 5764 usas
788 5713 1066 5782 magistris
1097 5716 1150 5772 in
1179 5714 1466 5774 sublimius
1493 5717 1650 5787 ferri,
1691 5719 1860 5776 donec
1884 5718 1952 5775 ad

443 5901 484 5932 ³⁷
519 5902 557 5955 tt
584 5906 704 5960 Cur.
737 5921 786 5972 ν,
817 5907 862 5962 ι.

2061 4718 2143 4760 tas
2166 4704 2454 4758 deducitur
2484 4701 2818 4763 mansiones,
2851 4699 2903 4752 in
2933 4697 3132 4767 quibus
3178 4694 3493 4750 illuminata
3549 4706 3642 4763 per

2060 4793 2307 4862 singulas
2333 4831 2349 4856 ,
2397 4800 2453 4846 et
2476 4796 2768 4860 augmento
2796 4803 3012 4856 semper
3037 4785 3350 4855 splendoris
3398 4792 3638 4853 accepto,

2062 4888 2113 4939 in
2143 4898 2468 4954 unaquaque
2506 4881 2791 4936 mansione
2819 4879 3092 4933 illustrata
3125 4877 3415 4944 sapientia:
3443 4875 3643 4929 lumine

2063 4991 2236 5046 usque
2270 4977 2337 5030 ad
2367 4975 2542 5046 ipsum
2567 4973 2850 5044 perveniat
2878 4971 3141 5025 luminum
3171 4969 3420 5024 Patrem.
3465 4986 3485 5019 ι
3520 4966 3642 5020 Post

2057 5071 2174 5125 haec
2213 5071 2560 5125 mansionum
2595 5068 2807 5122 illarum
2846 5063 3048 5120 deserti
3081 5062 3306 5116 nomina
3344 5060 3642 5116 mansioni-
3711 5080 3715 5083 ·

2056 5164 2156 5218 bus
2179 5161 2572 5225 accommodat,
2598 5174 2745 5230 quas
2765 5158 2944 5212 anima
2969 5156 3022 5210 in
3046 5154 3250 5210 ctelum
3267 5154 3487 5209 abitura
3521 5167 3636 5222 per.

2060 5263 2234 5322 agrat,
2273 5254 2619 5321 ostenditque
2666 5253 2808 5306 hanc
2834 5251 2997 5305 etiam
3027 5257 3139 5303 tum
3168 5247 3480 5303 daemonum
3508 5243 3637 5298 insi-

2056 5346 2162 5401 diis
2188 5354 2243 5399 et
2270 5345 2620 5400 tentamentis
2649 5359 2770 5401 esse
2801 5343 3091 5398 obnoxiam
3117 5382 3132 5407 ,
3166 5341 3499 5410 laboresque
3525 5350 3638 5390 sus-

2059 5436 2251 5500 tinere,
2297 5446 2353 5490 at
2376 5451 2482 5490 non
2523 5436 2747 5489 invitam
2773 5476 2788 5502 ,
2819 5449 2918 5489 nec
2953 5443 3164 5487 tantum
3199 5431 3270 5485 iis
3304 5428 3586 5498 defatigari
3615 5465 3630 5489 ,

2059 5538 2321 5599 quantum
2362 5544 2459 5598 spe
2490 5528 2836 5595 sublevatur;
2863 5526 2956 5582 sed
2985 5535 3040 5581 et
3071 5523 3378 5594 refrigeriis
3406 5525 3631 5575 animam

2062 5625 2258 5689 foveri,
2288 5624 2657 5708 paulatimque
2688 5622 2756 5677 ad
2797 5618 3102 5676 ctrlcstium
3131 5616 3512 5688 cognitionem"
3548 5625 3634 5665 as-

2060 5729 2302 5787 surgere,
2321 5713 2544 5785 jamque
2577 5715 2788 5785 plenam
2823 5713 2877 5768 in
2903 5725 3098 5782 corpus
3116 5723 3383 5767 exercere
3407 5711 3634 5781 potest»
