3914 6520
216 364 324 421 1015

1071 360 1646 420 ORIGENIANORUM
1687 359 1817 452 LOIB.
1858 360 1924 429 ll,
1959 362 2110 419 CAP.
2154 363 2216 429 11,
2259 365 2534 432 ΟυᾸΞΒΤ.
2575 365 2664 421 XI.

3297 370 3433 426 10M

215 491 316 539 tein,
340 483 392 530 et
422 482 539 528 tum
570 474 830 528 curriculi
861 483 1058 529 metam
1095 475 1381 544 stringere.
1415 491 1537 530 cum
1572 491 1765 546 perve-
1797 477 1838 532 A
1869 478 2165 530 certamina
2195 487 2248 531 et
2275 492 2475 546 agones
2499 479 2786 533 exsistunt.
2830 478 2964 533 Tum
2989 481 3146 535 docet
3196 484 3247 536 in
3290 498 3432 550 pra?-

213 572 272 624 nit
311 568 370 620 ad
412 564 616 620 ﬂumen
646 567 770 633 Dei,
806 573 861 620 et
890 566 1172 634 sapientiae
1205 566 1456 633 liuentis,
1489 568 1753 637 undisque

215 659 376 714 divina:
409 658 661 712 scientiae
712 657 990 726 irrigatur.
1021 657 1097 712 Ex
1141 658 1336 728 quibus
1366 659 1499 714 satis
1526 669 1756 730 apparet

216 750 468 808 sententiae
497 749 627 803 huic
656 748 906 819 Origenis
935 749 1042 803 vim
1079 749 1274 805 all'erre
1297 751 1510 806 Sixtum
1542 736 1752 810 Senen-

211 859 299 900 sem
321 842 410 896 lib.
447 856 480 894 v
507 840 794 907 Biblioth.,
834 844 1014 897 adnot.
1043 842 1302 907 128.cum
1337 845 1415 898 ait
1443 845 1752 902 mansiones

213 934 322 999 illas,
351 947 456 987 non
485 933 554 986 ad
580 933 796 987 diversa
837 931 1216 988 ascensionum
1259 943 1524 1002 tempora,
1559 937 1654 990 sed
1685 936 1752 990 ad

210 1025 424 1079 diversos
460 1023 814 1092 praemiorum
853 1022 1050 1094 gradus
1073 1037 1198 1077 esse
1225 1023 1556 1080 referendas.
1588 1027 1751 1081 Deni-

209 1129 292 1184 que
317 1115 460 1168 hom.
492 1113 565 1170 28
596 1115 652 1168 in
679 1112 868 1180 Num.,
915 1129 1066 1169 num.
1095 1115 1157 1181 2,
1186 1115 1241 1180 5,
1272 1115 1505 1186 aliquem
1538 1117 1693 1174 nobis
1720 1134 1751 1174 a

211 1209 298 1262 Deo
321 1207 494 1261 locum
517 1207 815 1278 praeparari
844 1206 1294 1275 comminiscitur,
1334 1210 1422 1265 ubi
1446 1210 1516 1266 ad
1544 1219 1749 1267 certum

212 1311 391 1368 tempus
419 1299 752 1363 babitemus,
782 1300 826 1355 si
868 1314 987 1369 quae
1009 1310 1228 1369 peccata
1259 1301 1625 1370 imprudentes
1657 1305 1752 1357 ad-

213 1391 460 1456 misimus;
519 1393 972 1462 quemadmodum
1018 1400 1194 1449 certas
1235 1392 1428 1464 refugii
1485 1394 1646 1448 urbes
1685 1395 1752 1449 iis

210 1483 478 1552 assignavit
507 1481 744 1553 Moyses,
797 1483 890 1552 qui
924 1482 1280 1538 homicidium
1325 1499 1458 1539 casu
1487 1491 1544 1538 et
1567 1484 1753 1538 incon-

209 1575 326 1632 sulto
349 1574 790 1638 commisissent;
824 1584 878 1630 et
902 1589 1346 1647 unumquemque
1375 1574 1428 1629 in
1471 1575 1572 1629 hac
1593 1574 1752 1628 illave

210 1667 312 1722 cadi
355 1675 503 1737 parte
543 1682 575 1721 a
627 1667 846 1723 Christo
893 1681 992 1738 pro
1034 1668 1245 1723 meritis
1282 1667 1560 1722 constitui.
1593 1667 1753 1720 Addit

209 1759 367 1816 homil.
391 1759 463 1814 25
489 1761 545 1814 in
581 1759 763 1826 Iosue,
783 1775 931 1815 num.
959 1760 1018 1826 4,
1046 1761 1187 1816 ﬁlios
1220 1761 1489 1816 Abraham
1521 1760 1750 1815 locatum

210 1851 261 1904 iri
286 1850 330 1905 in
354 1851 493 1908 caelo
530 1852 828 1907 secundum
854 1852 1100 1910 ordinem
1127 1850 1408 1906 stellarum
1438 1859 1488 1905 et
1519 1850 1752 1920 partium
1789 1836 1827 1890 Β

209 1945 338 2009 cmli;
364 1945 662 2014 datumque
697 1944 762 1998 iri
784 1942 906 1998 aliis
948 1952 1150 1999 sortem
1195 1943 1260 1996 ad
1296 1942 1580 2010 orientem,
1634 1943 1755 1998 aliis

210 2039 264 2091 ad
287 2037 611 2092 occidentem
641 2074 657 2098 ,
690 2036 757 2090 ad
787 2047 1032 2091 austrum
1064 2035 1210 2102 aliis,
1266 2034 1388 2089 aliis
1431 2042 1610 2088 autem
1660 2035 1751 2105 qui

211 2127 302 2184 Deo
324 2129 490 2199 magis
518 2129 633 2182 noti
685 2137 814 2184 sunt
843 2128 908 2180 ad
955 2127 1286 2196 aquilonem.
1323 2125 1477 2181 Facit
1523 2127 1590 2181 ad
1640 2142 1751 2182 rem

207 2219 315 2276 illud
339 2234 401 2275 ex
427 2219 616 2275 homil.
648 2220 673 2273 1
703 2219 757 2273 in
784 2219 919 2288 psal.
965 2233 1191 2283 xxxvut,
1233 2233 1381 2274 num.
1411 2217 1486 2275 8:
1525 2236 1544 2270 ι
1572 2218 1751 2274 Alium

210 2309 318 2366 facit
339 2311 474 2365 diem
510 2310 647 2366 solis
671 2311 772 2365 iste
802 2325 994 2364 cursus
1025 2308 1196 2364 nostri
1223 2308 1382 2379 hujus
1413 2309 1536 2364 θαιΙί
1561 2311 1752 2380 spatiis

214 2403 540 2470 terminatus;
575 2402 741 2456 alium
777 2402 941 2457 habet
971 2402 1114 2456 diem
1146 2401 1236 2456 ille
1283 2402 1374 2470 qui
1412 2401 1478 2456 ad
1526 2401 1751 2456 secundi

212 2493 316 2548 caeli
351 2493 635 2564 pervenire
661 2501 906 2548 meretur
930 2508 1240 2548 ascensum.
1266 2491 1433 2546 Multo
1475 2492 1620 2547 enim
1642 2491 1752 2546 ela-

213 2587 381 2640 riorem
411 2584 556 2640 diem
589 2585 740 2639 ducit
769 2585 857 2640 ille
887 2584 979 2654 qui
1001 2599 1173 2654 usque
1206 2584 1272 2638 ad
1305 2584 1526 2640 tertium
1555 2587 1752 2641 caelum

208 2674 279 2729 vel
302 2676 427 2745 rapi,
449 2674 533 2730 vel
559 2675 843 2744 pervenire
863 2675 1117 2744 potuerit,
1151 2675 1242 2730 ubi
1278 2689 1382 2730 non
1413 2675 1586 2730 Solum
1618 2675 1752 2735 inef-

208 2760 547 2818 fabilelumen
581 2763 842 2830 inveniet,
869 2779 1060 2828 verum
1095 2763 1262 2820 etiam
1291 2766 1454 2820 verba
1503 2781 1624 2835 quae
1655 2765 1753 2819 ho-

211 2858 322 2914 mini
346 2859 485 2930 loqui
518 2873 624 2914 non
652 2859 837 2924 liceat,
871 2857 1075 2912 audiet.
1122 2855 1256 2912 Novi
1307 2865 1362 2913 et
1414 2857 1550 2912 alios
1597 2858 1748 2922 dies,

211 2963 409 3016 quorum
439 2961 728 3002 numerum
759 2945 1011 3000 fortassis
1053 2945 1314 3015 propheta
1345 2947 1539 3000 merito
1571 2945 1752 3015 requi-

214 3039 287 3091 rit.
319 3058 336 3090 ι
361 3037 741 3094 Clarissimum
781 3051 908 3090 vero
943 3035 1086 3091 istud
1105 3036 1250 3105 quod
1292 3035 1487 3104 legitur
1530 3043 1748 3091 tractat.

211 3147 298 3184 nx
321 3132 368 3183 in
416 3129 635 3196 Matth.,
670 3144 820 3183 num.
854 3127 944 3191 5|,
995 3142 1115 3197 pag.
1151 3127 1249 3181 871
1285 3147 1297 3182 :
1337 3147 1356 3179 ι
1402 3127 1754 3198 Unumquod-

209 3221 503 3290 quecmlum
528 3233 660 3276 sum
682 3219 1041 3275 institutionis
1068 3229 1122 3274 et
1155 3220 1306 3274 initia
1333 3219 1516 3286 habet,
1542 3228 1596 3274 et
1626 3234 1751 3289 per-

210 3314 460 3379 fectiones,
492 3313 544 3368 id
574 3321 660 3368 est
693 3313 974 3367 terminos.
1017 3311 1086 3368 Ut
1139 3323 1268 3381 puta
1307 3319 1432 3382 post
1463 3327 1754 3368 conversa-

212 3409 382 3465 tionem
437 3423 706 3466 summam
736 3424 858 3480 quze
907 3408 1008 3462 fuit
1037 3424 1203 3480 super
1235 3419 1436 3464 terram
1463 3449 1480 3476 ,
1527 3411 1757 3481 suscipit
1779 3459 1795 3483 ,

212 3499 377 3555 iterum
421 3503 701 3557 hominem
744 3503 1082 3558 conversatio
1113 3503 1274 3558 unius
1319 3504 1463 3569 C(Bli,
1504 3514 1558 3558 et
1579 3504 1756 3574 perfe-

213 3592 303 3648 ctio
327 3608 441 3663 quae
467 3593 522 3648 in
558 3608 625 3649 ea
655 3601 760 3648 est.
786 3593 988 3648 lterum
1011 3595 1238 3665 suscipit
1267 3610 1390 3650 eum
1435 3598 1597 3653 tertia
1625 3613 1756 3653 con-

212 3685 420 3740 versatio
450 3685 598 3740 tertii
627 3685 754 3740 cteli
780 3725 796 3749 ,
827 3695 884 3741 et
922 3687 1182 3756 perfectio
1214 3703 1336 3757 quae
1374 3689 1428 3743 in
1452 3703 1515 3743 ea
1539 3699 1642 3745 est.
1689 3691 1758 3746 Et

213 3777 525 3850 sicintellige
560 3781 695 3834 mihi
727 3761 1017 3834 multorum
1047 3779 1313 3835 caelorum
1334 3781 1500 3837 multa
1535 3799 1755 3838 conver-

209 3868 448 3923 sationum
488 3871 642 3924 initia
666 3885 788 3925 esse
821 3880 878 3926 et
924 3870 1208 3937 terminos,
1245 3873 1298 3928 id
1350 3882 1434 3929 est
1466 3875 1758 3944 perfectio-

213 3977 309 4031 nes,
339 3979 368 4018 a
397 3964 600 4034 quibus
629 3963 798 4018 initiis
826 3975 880 4018 et
923 3961 1173 4019 terminis
1215 3965 1558 4022 diversorum
1595 3968 1757 4023 coelo.

211 4069 310 4109 rum
351 4064 644 4127 congregat
683 4055 826 4112 Deus
871 4071 1000 4112 suos
1046 4057 1274 4113 electos.
1319 4077 1338 4110 ι
1376 4057 1520 4112 Idem
1553 4057 1692 4116 libro
1737 4074 1753 4113 ι

210 4144 272 4198 De
299 4148 544 4216 princip.,
569 4164 690 4218 cap.
723 4148 776 4214 6,
808 4149 965 4204 docet
1007 4150 1076 4205 ad
1125 4165 1290 4204 unum
1322 4149 1484 4204 linem
1519 4151 1754 4206 reditura

209 4239 389 4304 omnia,
420 4239 877 4308 quemadmodum
904 4239 1090 4295 eadem
1120 4240 1270 4294 initia
1293 4241 1751 4304 habuerunt,tum

209 4327 394 4385 scilicet
427 4344 550 4383 eum
595 4329 884 4397 imperium
913 4330 1149 4385 tenuerit
1176 4330 1450 4397 Christus,
1491 4343 1548 4386 et
1573 4332 1757 4403 proﬂi-

211 4418 328 4486 gatis
376 4420 631 4483 inimicis,
693 4421 901 4491 sibique
947 4423 1230 4493 subjectis,
1289 4437 1355 4479 ac
1415 4424 1530 4492 ipsa
1587 4424 1753 4478 etiam

1873 567 2013 620 senti
2045 577 2100 620 et
2129 569 2178 621 in
2220 569 2400 622 futuro
2436 569 2637 626 saeculo
2685 565 2932 637 singulas
2963 573 3189 626 diversis
3213 576 3435 644 castiga-

1865 666 1946 712 tas
1972 659 2269 728 suppliciis,
2301 661 2558 729 angelicis
2597 661 2897 728 disciplinis
2934 662 3229 726 emendari,
3263 664 3437 738 donec

1861 751 1926 802 ad
1961 751 2194 819 perfecta
2225 762 2279 805 et
2315 761 2512 806 aeterna
2543 753 2894 821 perveniant;
2925 768 3084 822 quem
3111 755 3289 810 locum
3323 761 3434 813 'non

1861 838 2025 895 semel
2052 857 2211 910 supra
2245 845 2590 898 adduximus.
2615 839 2856 898 Tandem
2881 844 2933 900 in
2967 860 3033 900 eo
3067 846 3287 914 desinit,
3328 865 3434 904 non

1861 934 2202 988 interituram
2233 935 2446 1003 quidem
2475 935 2528 989 in
2579 933 2689 988 fine
2722 949 2904 988 rerum
2939 938 3277 1004 corporalem
3337 955 3435 993 na-

1860 1016 2059 1089 turam,
2087 1023 2181 1078 sed
2229 1032 2496 1077 mutatum
2545 1022 2617 1076 iri
2646 1023 2864 1078 aetheris
2886 1023 2940 1076 in
2971 1026 3204 1088 modum,
3230 1035 3285 1082 et
3317 1041 3435 1082 coe-

1860 1115 2046 1172 lestem
2081 1116 2370 1186 quamdam
2407 1114 2780 1170 subtilitatem
2812 1129 2875 1169 ac
2927 1116 3267 1186 splendorem
3308 1120 3435 1173 ade-

1857 1217 2091 1278 pturam.
2128 1207 2310 1262 Multis
2355 1208 2518 1262 etiam
2562 1207 2942 1276 argumentum
2988 1208 3128 1262 istud
3180 1209 3436 1281 explanat

1858 1298 1951 1352 lib.
1981 1315 2020 1353 ll
2053 1297 2192 1366 Περὶ
2214 1297 2418 1367 ἀρχῶν
2437 1312 2558 1367 cap.
2587 1297 2640 1359 5,
2686 1295 2898 1366 sibique
2929 1298 3277 1366 quaerendum
3308 1315 3434 1374 pro-

1859 1390 2031 1460 ponit,
2059 1400 2238 1443 utrutn
2273 1398 2393 1458 post
2434 1388 2578 1444 hunc
2610 1389 2867 1442 mundum
2919 1390 3130 1445 curatio
3169 1391 3350 1460 aliqua
3378 1399 3434 1446 et

1858 1482 2170 1536 emendatio
2200 1481 2382 1535 futura
2416 1481 2507 1546 sit,
2553 1481 2802 1550 asperior
2851 1480 3068 1550 quidem
3124 1480 3178 1536 in
3215 1496 3310 1536 eos
3337 1483 3432 1553 qui

1863 1573 2038 1628 Verbo
2058 1573 2149 1626 Dei
2177 1589 2380 1628 morem
2408 1588 2515 1628 non
2541 1583 2860 1644 gesserunt;
2893 1589 3019 1643 erga
3045 1585 3272 1632 cancros
3302 1589 3432 1631 vero

1860 1664 2072 1718 mollior
2105 1673 2160 1720 et
2192 1664 2386 1731 lenior,
2417 1663 2639 1733 quijam
2681 1666 2732 1720 in
2758 1667 2939 1720 studio
2984 1665 3252 1730 veritatis,
3299 1667 3426 1722 dum

1860 1756 2130 1821 viverent,
2160 1755 2396 1820 subacti,
2427 1755 2624 1810 divina:
2649 1757 2926 1824 sapientia:
2956 1758 3270 1825 capaciores
3297 1755 3429 1815 effe-

1855 1848 1926 1903 cti
1958 1857 2084 1901 sunt
2112 1865 2127 1902 :
2156 1858 2336 1901 utrum
2373 1847 2537 1900 etiam
2569 1847 2692 1902 finis
2727 1847 2967 1901 omnium
3005 1847 3146 1902 hanc
3170 1849 3335 1902 vitam
3355 1849 3430 1904 sit

1855 1951 2171 2010 exceptura,
2200 1940 2340 1994 alius
2373 1954 2503 1994 vero
2553 1940 2788 1994 mundus
2831 1938 3050 1995 futurus
3104 1939 3179 1994 sit
3234 1941 3302 1995 ad
3332 1955 3428 1996 eos

1855 2035 2222 2105 corrigendos,
2257 2033 2349 2102 qui
2404 2033 2457 2088 id
2508 2033 2686 2087 meriti
2721 2041 2865 2088 sunt.
2896 2016 3051 2088 Hane
3099 2034 3292 2089 deinde
3333 2049 3428 2090 ex-

1855 2127 1992 2181 cutit
2021 2126 2332 2196 opinionem
2380 2140 2500 2195 quae
2553 2123 2870 2196 corpoream
2921 2135 3170 2180 naturam
3219 2127 3272 2180 in
3321 2115 3430 2181 line

1856 2231 2036 2271 rerum
2087 2215 2301 2287 penitus
2355 2216 2408 2271 in
2445 2214 2672 2270 nihilum
2727 2216 3078 2287 redigendam
3107 2226 3450 2293 asseverat;

1855 2324 2018 2378 quam
2047 2309 2357 2364 edisserens
2383 2308 2459 2362 ait
2487 2324 2635 2364 num.
2656 2306 2692 2360 2
2725 2326 2738 2362 :
2767 2326 2787 2360 ι
2831 2307 2956 2362 Hzec
2979 2309 3206 2363 materia
3235 2323 3428 2380 corpo-

1855 2402 1952 2466 ris,
1983 2417 2104 2471 quze
2127 2417 2270 2457 nunc
2300 2401 2676 2470 corruptibilis
2715 2410 2819 2468 est,
2851 2402 3036 2456 induet
3065 2402 3428 2468 incorruptio-

1853 2509 2000 2558 nem,
2039 2509 2163 2550 eum
2204 2493 2440 2564 perfecta
2474 2494 2675 2562 anima,
2719 2503 2776 2548 et
2823 2495 3159 2565 dogmatibus
3183 2495 3429 2550 incorru-

1853 2587 2054 2657 ptionis
2087 2588 2348 2642 instructa
2384 2587 2820 2658 utieormperit;
2857 2607 2875 2640 ι
2896 2588 3157 2657 docetque
3191 2589 3428 2641 animam

1855 2677 2102 2748 corporis
2135 2677 2509 2733 indumentum
2565 2678 2830 2743 futuram,
2882 2695 3004 2745 qua:
3045 2679 3160 2748 ipsa
3207 2679 3426 2734 Christo

1855 2769 2130 2836 induetur,
2155 2770 2298 2824 unde
2337 2771 2655 2840 incorrupta
2700 2771 2913 2826 evadet.
2940 2772 3294 2827 Postmodum
3326 2771 3453 2842 ad-'

1854 2863 1934 2916 dit
1959 2879 1973 2916 :
2011 2882 2030 2915 ι
2065 2861 2407 2932 lncorruptio
2423 2872 2603 2918 autem
2631 2873 2686 2918 et
2720 2865 3102 2920 immortalitas
3126 2865 3256 2934 quid
3283 2864 3429 2920 aliud

1853 2954 1981 3019 erit,
2011 2953 2117 3008 nisi
2146 2954 2451 3024 Sapientia,
2481 2965 2535 3008 et
2569 2953 2821 3020 Verbum,
2855 2964 2909 3010 et
2933 2955 3149 3010 Justitia
3183 2956 3429 3025 Dei,qua:

1855 3045 2093 3101 formant
2119 3047 2382 3112 animam,
2411 3056 2468 3103 et
2500 3047 2752 3114 induunt,
2785 3056 2840 3102 et
2876 3049 3193 3103 exornant?
3230 3069 3250 3102 ο
3293 3049 3426 3102 Eant

1857 3147 2037 3193 autem
2068 3139 2414 3208 sententiam,
2443 3154 2562 3208 qua:
2604 3140 2846 3194 futurum
2877 3141 3091 3204 statuit,
3137 3151 3197 3194 ut
3245 3141 3428 3194 incor-

1858 3245 2020 3300 porea
2049 3230 2158 3285 vita
2191 3232 2398 3300 agenda
2432 3231 2525 3296 sit,
2559 3246 2681 3286 eum
2705 3231 2928 3286 Christo
2968 3231 3212 3302 subjecta
3242 3232 3427 3288 omnia

1859 3321 2095 3388 fuerint;
2133 3323 2217 3376 vel
2251 3322 2475 3378 alteram
2520 3324 2660 3379 hanc
2690 3319 2812 3391 quae
2837 3338 3150 3393 corpoream
3180 3325 3428 3378 substan-

1859 3411 1988 3466 tiam
2021 3412 2330 3481 purissimis
2361 3414 2644 3484 spiritibus
2688 3430 2787 3484 pro
2814 3415 3025 3468 meritis
3077 3415 3386 3470 soeiandam
3409 3454 3424 3477 ,

1856 3513 1912 3558 et
1967 3503 2019 3557 in
2066 3505 2358 3560 :ethereum
2405 3514 2604 3562 statum
2653 3507 3122 3562 transmutandam
3149 3507 3426 3570 decernit;

1858 3605 1951 3650 aut
1980 3597 2192 3674 tertiam
2246 3598 2498 3667 denique,
2531 3613 2665 3669 quae.
2695 3599 2998 3655 desiturum
3031 3599 3214 3653 mundi
3269 3590 3428 3664 hujus

1859 3686 2105 3742 habitum
2147 3688 2366 3755 definit,
2394 3699 2452 3745 et
2484 3706 2644 3766 supra
2678 3692 2944 3761 sphaeram
2975 3689 3188 3760 ἀπλανῆ
3224 3691 3277 3744 in
3313 3700 3430 3743 tuto

1857 3780 2229 3837 collocanda'm
2251 3783 2464 3852 piorum
2501 3779 2813 3848 stationem,
2849 3793 2960 3838 tum
2991 3785 3083 3853 qui
3113 3783 3428 3851 castigatio-

1859 3873 2016 3926 nibus
2040 3872 2236 3928 delieta
2258 3873 2572 3942 expiarunt,
2609 3873 2846 3943 tum'qui
2875 3874 3163 3927 virtutibus
3197 3887 3264 3926 eo
3307 3888 3430 3942 per-

1858 3963 2044 4017 venire
2077 3973 2415 4028 meruerunt,
2445 3966 2703 4034 proponit
2733 3966 3046 4033 unicuique,
3081 3972 3140 4018 ut
3171 3978 3291 4032 qua:
3313 3963 3432 4016 ani-

1859 4066 1946 4105 mo
1975 4066 2076 4106 suo
2117 4051 2422 4107 collibuerit
2455 4053 2664 4124 magis,
2690 4069 2810 4108 eam
2836 4069 2935 4124 pro
2964 4053 3194 4107 arbitrio
3221 4051 3429 4119 ample-

1857 4155 2058 4201 etatur.
2088 4145 2281 4214 Capite
2310 4149 2368 4203 il
2400 4147 2520 4202 libri
2545 4147 2808 4216 ejusdem,
2855 4164 3004 4205 num'.
3041 4149 3096 4215 6,
3136 4160 3332 4219 putare
3371 4164 3431 4205 se

1859 4240 2170 4308 pronuntiat
2195 4241 2490 4310 migrantes
2526 4257 2593 4296 ex
2635 4243 2735 4296 hac
2769 4243 2878 4296 vita
2909 4243 3121 4298 animas
3156 4245 3208 4296 iu
3250 4243 3428 4298 locum

1857 4332 2090 4401 aliquem
2112 4333 2165 4387 in
2203 4342 2344 4388 terra
2374 4335 2604 4404 positum
2630 4335 2905 4400 secedere,
2931 4351 3089 4404 quem
3117 4335 3429 4404 paradisum

1862 4424 2144 4494 Scriptura
2173 4425 2451 4496 appellat,
2494 4427 2678 4496 ibique
2710 4429 2790 4481 sic
2823 4436 3080 4495 tanquam
3130 4427 3184 4480 in
3219 4429 3429 4490 schola,

214 4520 382 4576 morte,
425 4528 650 4584 regnum
701 4511 848 4567 Patri
909 4515 1213 4570 tradiderit.
1265 4514 1513 4571 Ostendit
1561 4516 1754 4572 deinde
1786 4527 1829 4583 ι)
1861 4531 2044 4572 rerum
2072 4532 2211 4588 quas
2239 4518 2292 4571 in
2331 4518 2490 4573 terris
2537 4519 2806 4588 viderant,
2838 4535 2902 4574 ac
2932 4520 3234 4574 futurorum
3266 4519 3430 4573 etiam

207 4601 302 4656 suis
324 4603 602 4660 ordinibus
627 4604 875 4674 delapsas
905 4607 1166 4676 quasdam
1196 4607 1487 4662 rationales
1512 4618 1755 4674 naturas,

208 4690 313 4747 aliis
334 4683 497 4749 fuisse
525 4693 595 4748 ad
629 4695 921 4764 regendum
967 4696 1193 4752 traditas
1237 4712 1358 4766 quae
1387 4697 1566 4754 locum
1599 4713 1754 4752 suum

211 4784 527 4852 tenuissent,
579 4789 1207 4856 earumquesalubribus
1237 4791 1536 4860 disciplinis
1584 4791 1755 4847 refor-

210 4884 362 4931 matas
405 4877 665 4932 amissam
713 4877 1111 4934 beatitudinem
1162 4893 1489 4950 recuperare
1537 4896 1696 4950 posse
1736 4900 1752 4938 :

213 4980 230 5014 ι
261 4965 332 5020 Ex
381 4967 614 5038 quibus,
661 4987 682 5022 ι
731 4968 909 5038 inquit
937 4985 1087 5024 num.
1121 4971 1176 5035 2,
1210 4990 1229 5023 ι
1273 4973 1550 5036 existimo,
1598 4985 1760 5044 prout

208 5070 295 5124 ego
314 5061 515 5116 sentire
546 5074 768 5130 possum
798 5100 814 5124 ,
846 5061 990 5117 hunc
1017 5063 1260 5118 ordinem
1291 5064 1511 5120 humani
1541 5066 1758 5133 generis

208 5147 513 5218 institutum,
540 5153 635 5223 qui
659 5155 849 5224 utique
894 5158 947 5209 in
982 5155 1164 5212 futuro
1195 5157 1418 5224 sreculo,
1446 5157 1529 5212 vel
1563 5173 1758 5228 super-

208 5243 528 5302 venientibus
580 5248 821 5314 saaculis,
877 5266 1000 5304 cum
1051 5251 1248 5306 coelum
1284 5266 1481 5305 novum
1512 5261 1568 5306 et
1611 5261 1753 5306 terra

207 5345 331 5389 nova
377 5338 673 5394 secundum
729 5341 922 5396 Isaiam
954 5345 1100 5408 erit,
1151 5337 1470 5398 reStituetur
1499 5343 1554 5397 in
1609 5342 1755 5398 illam

207 5424 483 5495 unitatem,
512 5446 678 5500 quam
711 5433 980 5502 promittit
1016 5434 1274 5489 Dominus
1305 5433 1486 5490 Jcsus.
1529 5453 1548 5486 ι
1586 5435 1758 5501 Quas-

206 5515 315 5570 dam
353 5531 608 5587 prrcterea
642 5523 696 5576 in
729 5533 931 5577 tantam
969 5523 1047 5578 ait
1096 5525 1380 5582 devenisse
1424 5526 1756 5594 nequitiam,

207 5615 260 5660 ut
300 5612 552 5670 virtutum
607 5615 912 5670 crelestiutu
967 5618 1323 5672 eruditionem
1386 5618 1602 5688 penitus
1661 5635 1750 5674 re-

208 5711 412 5768 spuant,
462 5704 637 5775 iisque
668 5717 1002 5775 repugnent;
1054 5718 1216 5776 atque
1254 5708 1372 5762 illas
1396 5709 1464 5762 ab
1496 5710 1756 5777 apostolis

211 5802 422 5851 virtutes
453 5798 754 5856 contrarias
795 5798 1052 5870 appellari
1082 5842 1095 5867 ,
1130 5799 1268 5855 unde
1300 5800 1603 5858 mortalium
1635 5803 1756 5858 vitae

1858 4613 2057 4665 causas
2106 4611 2448 4666 condiscere.
2478 4611 2596 4677 Quo
2637 4613 2890 4666 mundior
2924 4624 3128 4676 autem,
3153 4621 3207 4666 et
3232 4600 3436 4666 exerci-

1869 4702 2032 4757 tatior
2055 4702 2236 4772 aliqua
2286 4703 2472 4770 luerit,
2499 4719 2566 4758 eo
2612 4705 2784 4775 magis
2829 4704 3222 4774 proficientem,
3272 4696 3432 4759 citius

1859 4792 1912 4846 iu
1940 4806 2120 4848 aerem
2155 4807 2596 4858 conscensuram,
2629 4793 2756 4847 hinc
2779 4795 2844 4848 ad
2879 4795 3122 4863 sphaeras
3159 4794 3430 4858 cmlestes,

1862 4886 1914 4940 iu
1937 4884 2138 4953 quibus
2165 4884 2320 4938 novis
2343 4885 2671 4939 eruditionis
2703 4885 3109 4940 accessionibus
3139 4883 3432 4952 locupleta-

1859 4975 2026 5029 bitur.
2074 4973 2276 5028 Eadem
2316 4975 2585 5028 habentur
2619 4975 2712 5029 lib.
2746 4991 2802 5029 Ill
2844 4975 2986 5042 Περὶ
3035 4975 3260 5041 ἀρχῶν,
3300 4989 3423 5044 cap.

1858 5064 1912 5129 6,
1969 5078 2122 5117 num.
2150 5065 2204 5128 6,
2239 5063 2505 5141 docetque
2545 5080 2640 5134 per
2673 5065 2934 5120 immensa
2969 5079 3234 5118 annorum
3260 5066 3432 5119 curri-

1859 5155 1978 5210 cula
2017 5155 2230 5210 animas
2254 5155 2368 5210 suis
2395 5156 2446 5209 in
2482 5157 2616 5210 locis
2640 5155 2942 5219 emendari,
2968 5156 3426 5223 przecurreutibus

1859 5253 2004 5316 aliis,
2027 5260 2083 5306 et
2113 5251 2280 5306 citato
2304 5265 2468 5306 cursu
2519 5252 2586 5305 ad
2609 5265 2820 5306 summa
2849 5251 3200 5313 euitentibus,
3248 5251 3432 5304 subse-

1859 5342 2150 5412 quentibus
2191 5341 2441 5411 proxime
2466 5342 2610 5406 aliis,
2664 5341 2941 5396 nonnullis
2971 5341 3214 5407 tardius;
3251 5350 3307 5395 et
3351 5342 3430 5394 sic

1859 5453 1955 5505 per
1976 5436 2219 5490 diversos
2241 5435 2462 5490 ordines
2486 5435 2776 5504 proiicere,
2809 5449 2873 5489 ac
2925 5434 3032 5487 Deo
3062 5433 3432 5498 reconciliari,

1857 5529 2028 5582 donec
2058 5528 2366 5582 destruatur
2397 5535 2699 5596 postremus
2718 5525 2988 5588 inimicus,
3017 5541 3161 5580 tuors
3189 5525 3429 5594 scilicet;

1863 5635 1925 5674 ac
1957 5617 2218 5673 restitutis
2259 5620 2476 5673 tandem
2506 5619 2556 5672 in
2603 5619 2746 5672 hunc
2783 5626 2981 5671 statum
3021 5617 3242 5682 animis,
3277 5627 3436 5671 natu-

1866 5725 1980 5765 ram
2014 5708 2352 5777 corporalem
2388 5709 2452 5762 ad
2485 5708 2711 5776 gloriam
2745 5707 3058 5775 perductum
3100 5705 3201 5773 iri;
3231 5691 3437 5760 omnia-

1869 5814 1972 5871 que
2000 5815 2164 5856 unum
2189 5799 2391 5869 futura,
2422 5815 2542 5856 cum
2578 5797 2719 5855 Deus
2770 5797 2930 5854 fuerit
2974 5798 3154 5853 omnia
3190 5798 3242 5854 in
3269 5800 3438 5854 omni~
