3906 6532
163 415 307 471 1017

1011 411 1582 470 οιιιοΕΝιΑΝοιιιιιι
1625 415 1752 468 LIB.
1797 415 1862 479 ιι,
1902 415 2054 476 CAP.
2099 419 2166 485 ιι,
2194 421 2470 488 QII/EST.
2514 407 2618 480 x1;

3282 437 3418 495 1018

163 533 412 591 eamdem
443 529 684 585 adhiberi
717 529 1114 599 purgationem,
1134 529 1180 584 si
1215 530 1304 583 diu
1329 529 1402 584 illi
1437 531 1488 584 in
1523 531 1740 593 virtute,
1772 536 1820 591 Α
1848 549 1937 588 mo
1974 535 2095 590 loco
2129 538 2458 605 moriuntur,
2495 540 2737 612 ablegari
2785 545 2837 598 in
2877 545 3296 618 ﬁrmamentum,
3333 557 3417 612 vel

167 639 362 694 parum
395 622 483 676 isti
517 620 873 687 desudat-unt,
904 620 1170 675 similibus
1200 620 1325 676 licet
1355 623 1407 674 in
1437 621 1605 675 Deum
1626 630 1740 676 stu-

162 720 275 774 diis
306 717 432 770 elati
461 716 623 770 vitam
672 713 1008 780 clauserint;
1061 715 1156 770 sed
1199 714 1432 768 diversis
1477 725 1740 784 utrosque

161 810 473 880 disciplinis
499 849 514 873 ,
551 816 608 863 et
634 806 1104 863 emendationibus
1143 808 1419 876 reparari,
1447 816 1736 878 antequam

163 907 219 960 in
251 916 506 972 supremo
537 899 817 955 beatitatis
869 899 1108 953 culmine
1148 898 1504 954 collocentur.
1553 899 1739 970 Itaque

162 997 385 1066 subjicit
417 997 682 1066 Origenes
732 1011 886 1050 num.
933 994 1024 1055 57,
1061 1009 1182 1064 pag.
1230 994 1372 1051 707:
1434 994 1738 1064 Ἐχέτωσαν

164 1090 392 1161 μὲνγὰρ
423 1089 510 1142 διὰ
537 1089 634 1160 τὴν
665 1087 951 1158 μετάνοιαν
985 1086 1078 1140 καὶ
1121 1085 1182 1140 τὸ
1224 1084 1738 1156 καταλαμϐάνεσθαι

160 1186 221 1236 ὲν
251 1182 688 1255 ὲπεστραμμένῳ
717 1179 818 1251 βιῳ
849 1179 1130 1252 κρείττονα.
1181 1177 1290 1232 τῶν
1308 1177 1736 1248 ’καταλαμϐανο-

163 1276 345 1346 μένων
372 1275 431 1328 ἐν
456 1275 573 1336 ταῖς
616 1273 930 1345 ἁμαρτίαις,
955 1271 1016 1325 οὔ
1048 1270 1153 1342 μὴν
1186 1270 1290 1341 χρὴ
1339 1269 1738 1340 ὑπολαμϐάνειν

160 1365 296 1435 περὶ
327 1363 506 1417 αὐτῶν
531 1363 612 1417 ὃτι
643 1363 818 1434 ὅμοιοί
852 1363 958 1415 εἰσι
980 1363 1093 1424 τοῖς
1115 1362 1264 1430 παρὰ
1294 1359 1451 1413 τοῦτο
1487 1362 1736 1432 ἡμαρτη-

158 1459 314 1512 κόσιν
345 1460 403 1510 ὲν
435 1459 500 1528 τῇ
524 1456 754 1528 νεότητι,
786 1455 936 1527 παρὰ
959 1455 1020 1510 τὸ
1044 1455 1177 1527 μηδὲ
1204 1455 1304 1525 τὴν
1329 1453 1503 1526 ἀρχὴν
1543 1453 1612 1506 τὰ
1641 1454 1739 1526 τῆς

161 1552 404 1614 πίστεως
454 1549 850 1622 μεμαθηκέναι.
910 1548 1204 1603 Plurimum
1257 1562 1385 1616 ergo
1431 1547 1546 1602 haec
1598 1546 1738 1602 inter

161 1642 420 1712 Origenis
478 1640 665 1696 deliria
718 1655 782 1696 ac
841 1639 1111 1696 Joviniani
1167 1639 1416 1696 haeresim
1484 1639 1734 1707 interest,

157 1736 250 1804 qui
307 1715 539 1788 virtutes
573 1747 638 1786 ac
668 1743 889 1801 peccata
915 1745 1037 1787 esse
1069 1731 1298 1801 aequalia
1326 1771 1344 1797 ,
1386 1745 1448 1786 ac
1473 1731 1734 1800 aequalem

157 1826 392 1896 proinde
439 1825 741 1880 mercedem
794 1833 852 1880 et
889 1838 1106 1896 pinnam
1156 1823 1272 1879 fore
1327 1823 1732 1888 arbitrabatur,

156 1918 379 1972 Stoicos
407 1925 629 1971 secutus
664 1917 756 1984 qui
786 1933 805 1968 ι
844 1916 910 1971 de
936 1914 1213 1986 parilitate
1237 1925 1610 1984 peccatorum,
1638 1935 1659 1969 ι
1681 1928 1739 1973 ιιι

156 2005 235 2057 ait
267 2003 606 2074 Augustinus
645 2003 809 2073 epist.
856 2002 925 2058 29
953 2043 970 2069 ,
1027 2003 1096 2059 ad
1144 2003 1506 2074 lIieronym.,
1565 2023 1584 2057 ‹
1637 2009 1734 2062 soli

158 2096 278 2150 ausi
315 2105 446 2151 sunt
479 2096 760 2165 disputare
784 2105 978 2152 contra
1004 2110 1224 2152 omnem
1269 2112 1488 2154 sensum
1519 2102 1737 2169 generis

156 2185 407 2240 humani.
445 2203 466 2237 ι

226 2277 323 2332 XI.
363 2276 614 2332 Emensis
643 2276 751 2333 illis
785 2291 850 2333 ac
883 2279 1186 2348 peragratis
1215 2280 1428 2350 spatiis,
1463 2297 1584 2352 qua:
1613 2283 1733 2338 ani-

156 2386 276 2425 mas
312 2371 576 2442 purgandi
604 2384 772 2428 causa
795 2371 1087 2428 decurrere
1119 2373 1276 2428 ﬁnxit
1305 2371 1590 2444 Origenes,
1628 2392 1737 2446 quo

153 2476 248 2517 eas
290 2464 598 2520 subsistere
636 2466 759 2520 loco
785 2481 849 2521 ac
877 2466 1268 2537 conquiescere
1313 2477 1468 2522 ratus
1501 2468 1594 2534 sit,
1650 2469 1736 2524 vi-

153 2557 397 2610 dendum
427 2565 529 2610 est.
564 2555 772 2612 Novum
803 2559 1019 2628 quidem
1051 2558 1272 2623 caelum,
1305 2573 1368 2614 ac
1398 2566 1600 2613 terram
1634 2575 1737 2614 no-

159 2661 279 2700 vam
337 2647 587 2702 felicitati
634 2658 689 2703 et
737 2649 906 2719 quieti
947 2658 1072 2718 post
1119 2647 1264 2703 hanc
1311 2648 1478 2703 vitam
1513 2648 1737 2719 deputat

155 2739 248 2793 lib.
297 2755 313 2793 ι
364 2740 502 2808 Περὶ
543 2740 766 2810 ἀρχῶν,
805 2755 926 2811 cap.
962 2741 1020 2807 6,
1064 2743 1218 2796 num.
1250 2741 1305 2807 2,
1340 2751 1560 2812 propter
1602 2742 1736 2798 illud

158 2832 307 2887 Isaia:
344 2847 473 2898 va,
511 2834 612 2888 l7:
668 2850 688 2884 ι
726 2833 864 2888 Ecce
898 2833 1042 2889 enim
1099 2849 1201 2905 ego
1245 2849 1372 2890 creo
1418 2834 1589 2889 cmlos
1638 2850 1737 2889 no-

153 2937 246 2978 vos
302 2931 363 2978 et
410 2933 611 2978 terram
675 2939 906 2991 novam;
941 2932 996 2980 et
1037 2940 1144 2979 non
1179 2933 1340 2980 erunt
1386 2925 1439 2980 in
1470 2924 1735 2980 memoria

155 3013 367 3082 priora,
412 3024 468 3069 et
512 3029 618 3069 non
659 3016 958 3070 ascendent
1013 3031 1179 3085 super
1232 3030 1362 3082 cor;
1399 3034 1418 3067 ι
1467 3015 1612 3085 quod
1650 3029 1736 3068 re-

153 3115 518 3174 prazsentatur
563 3103 605 3159 II
657 3105 807 3162 Petr.
855 3123 939 3165 ιιι.
992 3107 1094 3173 15,
1149 3115 1205 3161 et
1257 3104 1480 3176 Apocal.
1516 3121 1630 3172 xxI,
1681 3105 1733 3164 I.

1843 626 1898 680 in
1937 635 2156 694 terram,
2207 638 2261 684 et
2300 633 2448 686 varia
2493 632 2566 688 ibi
2616 633 2732 689 loca
2773 637 3052 692 nancisci:
3098 656 3164 696 ac
3198 658 3415 701 rursum

1843 716 2302 786 quemadmodum
2349 720 2647 790 migrantes
2683 738 2748 776 ex
2784 722 2975 779 inferis
3006 726 3221 795 animae,
3260 740 3316 784 et
3348 733 3418 786 ob

1840 817 1990 864 recte
2021 820 2172 879 gesta
2213 812 2266 864 in
2301 822 2498 867 terram
2552 828 2882 881 remeantes,
2928 820 3078 874 nasci
3127 820 3413 890 dicuntur;

1841 899 1914 954 ita
1957 902 2139 956 varios
2168 904 2472 957 animarum
2514 915 2668 960 ortus
2712 907 2766 960 in
2815 909 3175 975 ﬁrmamento,
3219 921 3275 967 et
3318 929 3415 970 su-

1840 1006 2028 1060 premo
2060 993 2184 1048 item
2221 995 2369 1050 caelo
2399 997 2732 1068 contingere.
2775 998 2948 1054 Verba
2992 1001 3108 1071 ipsa
3145 1001 3412 1075 Origenis,

1838 1083 2038 1152 quibus
2079 1084 2196 1140 htcc
2234 1088 2548 1142 continetur
2586 1091 2856 1154 doctrina,
2895 1092 3114 1148 adducit
3155 1093 3414 1170 Hierony-

1839 1186 1961 1226 mus
1994 1175 2173 1244 capite
2216 1175 2253 1229 2
2282 1185 2337 1230 et
2385 1177 2420 1231 4
2452 1177 2612 1246 epist.
2657 1178 2726 1234 59
2749 1219 2765 1244 ,
2796 1181 2864 1235 ad
2894 1181 3075 1248 Avit.,
3116 1199 3147 1238 e
3183 1184 3322 1243 libro
3365 1205 3416 1244 Iv

1840 1267 1982 1332 Περὶ
2011 1265 2233 1334 ἀρχῶν,
2271 1284 2421 1322 num.
2472 1268 2564 1324 25.
2606 1269 2775 1340 I‘Injus
2804 1281 2952 1328 certe
2989 1272 3112 1328 libri
3160 1291 3312 1336 num.
3345 1278 3419 1334 22

1842 1357 2006 1412 tradit
2037 1356 2299 1429 Origenes
2321 1359 2734 1433 Jerosolymam,
2765 1365 2859 1418 sed
2889 1373 2944 1420 et
2981 1366 3218 1438 reliquas
3247 1369 3412 1426 etiam

1840 1455 1997 1503 terra:
2057 1451 2340 1519 regiones,
2400 1451 2536 1507 alias
2600 1454 2702 1509 sibi
2749 1456 3094 1524 cognomines
3149 1458 3203 1513 in
3261 1459 3419 1517 caelis

1839 1539 2061 1605 habere,
2108 1541 2291 1610 ibique
2338 1541 2652 1614 Egyptum,
2693 1544 3064 1616 Babyloniam,
3114 1547 3314 1619 Tyrum
3360 1560 3420 1606 et

1843 1631 2100 1689 Sidonem
2141 1635 2414 1705 reperiri;
2461 1637 2738 1708 multaque
2779 1639 2844 1694 de
2895 1639 3027 1694 locis
3077 1641 3182 1696 illis
3228 1641 3418 1700 vatici-

1844 1731 2006 1780 natos
2035 1739 2155 1781 esse
2183 1729 2501 1796 prophetas,
2545 1745 2666 1796 qua:
2704 1731 2747 1784 si
2784 1730 2909 1800 quis
2945 1733 3012 1785 ad
3053 1742 3266 1789 terrena
3295 1733 3415 1790 loca

1842 1817 2064 1884 referat,
2114 1817 2276 1872 valde
2315 1835 2435 1872 eum
2475 1820 2816 1876 hallucinari.
2853 1822 3086 1880 Plurima
3119 1826 3191 1881 ibi
3239 1829 3292 1882 in
3324 1842 3416 1884 sa-

1840 1906 1954 1961 cris
1985 1907 2352 1964 voluminibus
2383 1923 2683 1966 memorata
2730 1925 2997 1981 recenset,
3048 1932 3171 1986 quae
3207 1919 3412 1990 allego-

1843 1998 1957 2052 rice
1988 1997 2422 2070 interpretanda,
2470 2015 2525 2058 et
2556 2005 2621 2057 ad
2654 2005 2897 2060 cmlestia
2925 2007 3292 2078 detorquenda
3331 2025 3418 2064 ar-

1842 2089 2100 2146 bitratur.
2133 2092 2367 2147 llomilia
2399 2095 2469 2150 28
2499 2095 2552 2148 in
2595 2094 2789 2163 Num.,
2822 2113 2972 2152 num.
3002 2098 3062 2162 2.
3089 2099 3329 2155 .Iudaeam
3361 2100 3414 2156 in

1844 2183 1984 2238 caelo
2030 2185 2146 2240 suis
2175 2186 2484 2240 distinctam
2519 2188 2818 2252 montibus,
2867 2190 2982 2244 suis
3021 2190 3333 2246 civitatibus
3358 2201 3417 2246 et

1842 2276 2002 2341 vicis,
2041 2276 2157 2333 suis
2178 2278 2343 2334 etiam
2378 2279 2624 2335 tribubus
2656 2281 2864 2345 statuit,
2915 2281 2970 2335 in
3012 2297 3184 2352 eaque
3229 2283 3412 2338 sedem

1840 2370 2146 2439 positurum
2187 2372 2442 2442 populum
2483 2373 2602 2441 Dei,
2647 2384 2703 2429 et
2733 2391 2920 2432 verum
2955 2375 3233 2442 lsraelem,
3281 2376 3409 2434 Iesu

1840 2461 2001 2529 duce,
2032 2462 2184 2530 cujus
2205 2465 2493 2532 imaginem
2519 2467 2690 2536 gessit
2713 2467 2872 2524 .Iesus
2897 2470 3034 2524 alter
3060 2469 3202 2525 ﬁlius
3232 2471 3411 2537 Nave;

1841 2568 2293 2625 unumquemque
2325 2566 2503 2611 autem
2558 2558 2609 2610 in
2658 2558 2798 2614 hanc
2848 2559 3064 2615 illumve
3103 2561 3301 2616 tribum
3345 2563 3415 2618 iri

1846 2644 2155 2715 ablegatum
2184 2661 2283 2716 pro
2329 2647 2539 2704 meritis
2570 2662 2634 2704 ac
2680 2649 3012 2718 virtutibus;
3051 2669 3069 2704 ι
3111 2667 3285 2722 neque
3323 2668 3416 2709 so-

1841 2735 1952 2790 lum
1983 2753 2083 2808 pro
2111 2739 2321 2794 meritis
2359 2755 2546 2794 eorum
2595 2741 2686 2810 qui
2719 2741 3123 2811 dispensantur,
3171 2762 3194 2795 ι
3240 2745 3417 2816 inquit

1839 2843 1992 2882 num.
2019 2829 2076 2895 4,
2099 2847 2118 2881 ‹
2143 2831 2237 2886 sed
2269 2841 2323 2886 et
2342 2847 2440 2902 pro
2469 2833 2750 2888 novissimi
2777 2834 2967 2898 Adam,
3000 2835 3059 2890 in
3089 2851 3196 2905 quo
3224 2851 3415 2893 omnes

1842 2919 2154 2975 viviﬁcandi
2189 2922 2466 2988 dicuntur,
2493 2924 2971 2995 contemplatione.
3010 2947 3030 2979 ι
3065 2926 3266 2981 Ibidem
3308 2927 3418 2982 col-

1839 3014 1982 3069 locat
2015 3013 2338 3080 Jerusalem,
2372 3027 2427 3072 et
2459 3028 2696 3073 montem
2732 3020 2886 3084 Sion,
2911 3020 3066 3088 juxta
3097 3018 3412 3090 Apostolum

1837 3106 1958 3162 Gal.
1997 3123 2072 3174 tv,
2103 3107 2194 3175 26,
2228 3117 2283 3165 et
2319 3109 2484 3164 Ilebr.
2528 3123 2628 3173 ιιι,
2660 3108 2750 3173 22,
2799 3120 2853 3164 et
2895 3109 3156 3165 Joannem
3187 3110 3412 3178 Apocal.

154 3202 391 3271 Propter
424 3201 554 3257 illud
604 3213 783 3256 autem
814 3202 967 3257 Pauli
1003 3202 1020 3256 l
1064 3201 1190 3258 Cor.
1234 3217 1344 3268 vn,
1377 3202 1469 3268 5|,
1506 3221 1526 3256 ι
1581 3203 1728 3258 Ρηε-
1759 3211 1803 3271 c
1839 3215 1923 3266 ιιι,
1953 3199 2040 3266 I2,
2070 3209 2126 3256 et
2155 3215 2270 3266 ni,
2298 3201 2355 3265 2,
2388 3211 2442 3255 et
2487 3201 2742 3271 templum
2784 3201 2910 3267 Dei;
2954 3202 3178 3270 diesque
3217 3200 3412 3255 ibidem

152 3293 280 3347 terit
318 3293 466 3346 enim
503 3292 672 3362 ﬁgura
721 3293 880 3362 hujus
926 3294 1139 3360 mundi,
1181 3312 1202 3347 ι
1234 3302 1290 3349 et
1339 3294 1482 3350 istud
1513 3293 1733 3351 Davidis

152 3384 352 3453 psalm.
383 3399 459 3449 ct,
485 3385 576 3450 27,
617 3402 638 3437 ι
673 3385 808 3440 εωιι
853 3386 1139 3456 peribunt,
1189 3393 1245 3439 tu
1289 3398 1469 3442 autem
1519 3401 1735 3457 perma-

155 3493 270 3542 nes,
308 3488 368 3533 et
395 3493 587 3534 omnes
616 3480 760 3534 sicut
790 3479 1174 3534 vestimentum
1209 3487 1584 3548 veterascent;
1623 3500 1642 3532 ι
1678 3490 1734 3537 et

155 3572 259 3628 hoc
293 3571 532 3626 fortasse
561 3570 710 3626 Isaia:
745 3585 819 3635 LI,
851 3569 904 3633 6,
949 3588 968 3621 ι
998 3568 1136 3625 Caeli
1163 3571 1304 3626 sicut
1339 3569 1520 3628 fumus
1552 3571 1730 3642 lique-

152 3670 343 3728 scent,
382 3671 439 3717 et
465 3670 613 3717 terra
660 3663 802 3717 sicut
841 3662 1227 3718 vestimentum
1258 3673 1547 3729 atteretur,
1585 3684 1604 3718 ι
1641 3681 1733 3721 ea-

154 3765 313 3810 tenus
365 3770 564 3809 novum
600 3754 796 3810 malum
838 3763 893 3809 et
931 3769 1126 3810 novam
1161 3765 1357 3810 terram
1388 3766 1632 3813 creatum
1665 3759 1732 3815 iri

151 3849 335 3912 docet,
368 3857 638 3917 quatenus
670 3847 725 3902 in
758 3846 863 3902 ﬁne
894 3861 1076 3903 rerum
1108 3848 1422 3903 destruetur
1452 3851 1552 3906 iste
1578 3867 1734 3906 mun-

149 3942 270 4006 dus,
310 3951 370 3994 et
416 3942 472 3995 in
505 3955 702 3994 novam
744 3950 967 4006 terram,
997 3956 1061 3996 ac
1100 3956 1298 3996 novum
1329 3941 1528 3996 caelum
1571 3959 1730 4014 repa-

153 4033 410 4087 rabitur:
447 4051 466 4084 ι
502 4032 808 4098 Innovatio,
839 4053 858 4086 ι
893 4031 1072 4102 inquit
1107 4034 1260 4098 ibid.,
1292 4050 1440 4088 num.
1465 4034 1521 4101 4,
1551 4051 1570 4085 ι
1606 4036 1729 4089 ςωιί

149 4133 203 4178 et
234 4133 421 4188 terrm,
453 4132 508 4179 et
537 4125 923 4179 transmutatio
960 4123 1176 4178 habitus
1225 4124 1392 4195 hujus
1435 4125 1640 4190 mundi,
1675 4135 1731 4180 et

153 4215 462 4269 immutatio
500 4215 765 4271 caelorum
808 4216 896 4270 bis
939 4216 1057 4270 sine
1097 4215 1261 4270 dubio
1312 4216 1729 4284 prmparahitur,

151 4307 242 4375 qui
283 4321 388 4376 per
420 4307 570 4362 illam
613 4308 780 4372 viam,
817 4321 981 4376 quam
1023 4321 1191 4376 supra
1223 4307 1581 4370 ostendimus,
1627 4307 1732 4362 iter

153 4407 381 4467 agentes
421 4398 487 4452 ad
543 4399 692 4453 illum
730 4397 892 4452 ﬁnem
937 4396 1286 4452 beatitudinis
1339 4399 1602 4464 tendunt,
1640 4399 1728 4454 cui

154 4491 316 4545 etiam
356 4490 456 4560 ipsi
485 4489 690 4545 inimici
723 4488 1046 4559 subjiciendi
1079 4489 1355 4551 dicuntur,
1394 4490 1448 4544 in
1479 4506 1588 4561 quo
1623 4489 1730 4545 ﬁne

152 4583 363 4647 omnia,
395 4591 448 4636 et
498 4583 552 4636 in
587 4581 838 4637 omnibus
881 4579 1082 4635 dicitur
1124 4595 1248 4637 esse
1280 4579 1443 4637 Dens.
1486 4601 1506 4636 ι
1547 4582 1734 4655 Itaque

153 4677 517 4748 Hieronymus
558 4678 717 4747 epist.
750 4676 838 4742 59,
869 4677 936 4732 ad
984 4676 1154 4740 Avit.,
1201 4691 1320 4748 cap.
1358 4678 1412 4742 1,
1457 4680 1734 4736 censuisse

153 4771 448 4844 Origenem
482 4772 750 4842 queritur,
788 4764 1033 4826 futurum
1069 4778 1126 4826 ut
1167 4788 1233 4827 ex
1275 4773 1475 4828 animis
1507 4775 1734 4844 quihus-

149 4865 273 4919 dam
329 4882 351 4915 ι
398 4863 676 4918 hominum
729 4869 944 4918 constet
991 4877 1162 4932 genus
1208 4863 1260 4917 in
1303 4879 1410 4917 uno
1447 4865 1629 4935 aliquo
1661 4884 1727 4923 cx

153 4957 402 5022 mundis,
444 4955 660 5026 quando
681 4953 837 5026 juxta
871 4955 1064 5010 Isaiam
1093 4955 1386 5012 cmlum'ct
1417 4965 1560 5011 terra
1591 4975 1730 5016 nova

151 5052 299 5103 ﬁent.
354 5067 374 5101 ι

221 5139 407 5208 Supra
457 5138 562 5194 hoc
601 5139 767 5194 etiam
823 5137 1192 5208 conspicabile
1238 5138 1471 5201 caelum,
1527 5148 1728 5196 terram

151 5246 352 5286 novam
401 5244 466 5286 ac
499 5229 696 5285 malum
744 5244 941 5283 novum
985 5228 1310 5298 quandoque
1359 5228 1626 5295 collocat;
1676 5241 1732 5286 ct

149 5324 351 5378 summi
401 5322 548 5376 illius
583 5336 649 5375 ac
700 5321 824 5376 novi
886 5320 1007 5376 caeli
1054 5319 1265 5374 ratione
1326 5320 1730 5378 ﬁrmamentum

149 5431 271 5469 esse
305 5412 515 5468 inferos
542 5413 640 5476 ait,
669 5411 1124 5483 quemadmodum
1159 5411 1373 5466 ratione
1402 5414 1732 5470 ﬁrmamenti

153 5517 300 5561 terra
340 5507 457 5561 haec
505 5516 716 5571 nostra,
746 5519 910 5575 quam
953 5504 1172 5574 proprie
1211 5503 1421 5557 aridam
1453 5506 1734 5576 appellan-

153 5603 276 5652 dam
311 5607 534 5666 censet,
585 5597 746 5652 inferi
800 5607 959 5662 sunt;
1012 5596 1311 5652 inferorum
1350 5612 1483 5653 vero
1525 5601 1734 5658 ratione

154 5691 356 5748 celum
409 5691 529 5760 ipsa
588 5699 708 5755 est;
769 5698 825 5744 et
884 5689 1336 5759 quemadmodum
1385 5690 1732 5750 discedentes

155 5797 224 5836 ex
259 5781 349 5837 his
379 5780 612 5836 terrenis
645 5779 864 5834 sedibus
893 5781 1088 5834 anima:
1127 5794 1223 5838 ιιι-ο
1251 5780 1366 5836 suis
1413 5781 1620 5837 meritis
1649 5783 1731 5838 di-

161 5887 322 5930 versa
360 5872 503 5943 apud
535 5870 743 5930 inferos
780 5871 1022 5928 obtinent
1051 5871 1189 5941 loca,
1228 5872 1300 5929 ita
1330 5885 1450 5945 qua.
1508 5890 1542 5931 n
1576 5890 1726 5932 sum-

1764 4557 1823 4616 D-

1838 3291 2014 3347 festos
2045 3292 2376 3348 celebratum
2418 3293 2482 3346 iri
2533 3303 2706 3364 putat,
2739 3303 2795 3349 et
2833 3308 3166 3362 qmccunque
3194 3293 3412 3347 demum

1835 3385 2233 3455 prmcipiuntur
2277 3385 2331 3439 in
2369 3385 2506 3456 lege,
2540 3401 2704 3455 quam
2735 3387 2980 3441 umbram
3023 3384 3303 3441 continere
3329 3384 3414 3438 di-

1838 3479 1917 3533 cit
1962 3476 2251 3548 Apostolus
2299 3479 2604 3534 futurorum
2663 3480 2952 3538 bonorum.
3003 3479 3204 3535 Eadem
3253 3475 3416 3538 habet

1837 3571 2026 3627 homil.
2076 3571 2158 3639 2'5
2187 3574 2241 3626 in
2279 3573 2461 3640 Iosue,
2515 3590 2666 3629 num.
2716 3574 2792 3641 4,
2843 3589 3018 3645 coque
3058 3577 3222 3632 refert
3271 3576 3415 3632 istud

1833 3659 1992 3717 Joan.
2038 3677 2152 3729 xxv,
2202 3663 2274 3731 2,
2327 3681 2347 3716 ι
2409 3665 2466 3719 In
2522 3665 2682 3720 dumo
2732 3665 2909 3720 Patris
2951 3665 3056 3720 mei
3106 3667 3416 3723 mansiones

1836 3755 2021 3811 multa:
2059 3765 2210 3822 sunt,
2245 3775 2264 3809 ι
2296 3766 2351 3812 et
2384 3773 2550 3828 super
2573 3758 2822 3813 civitates
2879 3757 2999 3814 illas
3023 3759 3280 3815 etelestes
3318 3775 3418 3828 po—

1837 3858 2087 3904 testatem
2116 3848 2426 3904 habiturum
2470 3850 2746 3906 existimat
2790 3867 3008 3907 servum
3053 3852 3202 3906 illum
3246 3851 3413 3923 frugi,

1835 3939 1929 4010 qui
1965 3940 2313 3995 commissam
2346 3939 2447 3995 sibi
2496 3941 2781 4010 pecuniam
2819 3941 3022 3996 utiliter
3063 3943 3264 4012 posuit.
3304 3942 3416 3998 Bas

1837 4045 1970 4100 ergo
2004 4033 2145 4086 inter
2179 4033 2482 4087 animarum
2511 4035 2672 4089 sedes
2708 4048 2829 4088 eam
2866 4034 3272 4104 proportionem
3297 4043 3412 4090 sta-

1837 4123 1940 4176 tuit
1983 4133 2041 4177 et
2083 4122 2495 4178 similitudinem
2553 4124 2836 4195 Origenes,
2872 4135 2932 4179 ut
2959 4126 3259 4182 caelestium
3295 4143 3415 4182 um-

1835 4219 1992 4269 bram
2037 4229 2159 4270 esse
2186 4224 2239 4269 et
2272 4215 2564 4285 imaginem
2599 4216 2728 4269 velit
2762 4227 2963 4270 terram
2996 4217 3156 4284 hanc,
3186 4230 3414 4287 quaeque

1835 4307 1890 4361 in
1943 4309 2107 4363 terris
2138 4317 2422 4376 geruntur,
2455 4307 2610 4374 juxta
2651 4308 2962 4376 Apostolum
2999 4307 3166 4364 Hebr.
3203 4323 3323 4374 vui,
3353 4307 3410 4366 5.

1837 4397 2206 4454 Memorabilis
2240 4413 2368 4453 vero
2409 4413 2520 4468 prae
2555 4400 2769 4454 cmteris
2805 4399 2893 4454 ille
2936 4399 3088 4454 locus
3120 4414 3282 4478 quem
3311 4401 3416 4463 ho-

1841 4489 1959 4545 mil.
1990 4490 2024 4544 5
2054 4491 2110 4546 in
2139 4491 2330 4564 psalm.
2376 4506 2564 4562 unt,
2591 4491 2915 4567 reperimus,
2964 4500 3053 4554 ubi
3087 4500 3189 4554 hoc
3232 4500 3416 4570 expla-

1845 4600 1981 4640 nans
2011 4585 2198 4656 psalmi
2229 4602 2416 4653 χχχιιι,
2447 4587 2537 4653 54,
2572 4606 2591 4639 ι
2631 4587 2696 4641 Ει
2735 4590 2994 4645 exaltabit
3038 4601 3110 4660 te,
3141 4599 3198 4647 ut
3245 4592 3418 4647 haere-

1842 4678 2018 4733 ditate
2049 4679 2237 4748 capias
2270 4690 2496 4746 terram,
2539 4699 2560 4732 ι
2590 4690 2789 4735 terram
2822 4684 2960 4737 hanc
2993 4698 3116 4740 esse
3149 4685 3263 4738 vult
3290 4685 3418 4739 dor~

1841 4785 1960 4824 sum
1993 4769 2166 4840 ipsius
2216 4770 2544 4825 ﬁrmamenti
2575 4785 2590 4822 :
2645 4790 2662 4822 ι
2703 4772 2876 4840 Unde,
2908 4794 2926 4825 ι
2967 4775 3141 4845 inquit
3176 4791 3326 4829 num.
3356 4777 3418 4848 4,⁴

1846 4875 1994 4930 «ego
2043 4863 2301 4926 arbitror,
2361 4865 2484 4932 quia
2533 4865 2672 4918 sicut
2705 4865 2826 4933 (δωΙί
2879 4866 3068 4935 ipsius,
3107 4867 3157 4920 id
3205 4874 3288 4920 est
3318 4868 3413 4920 ﬁr-

1839 4955 2100 5008 mamenti
2138 4952 2371 5008 inferius
2402 4954 2579 5009 solum
2625 4956 2773 5010 arida
2805 4957 2918 5010 hmc
2947 4956 2998 5009 in
3035 4971 3141 5025 qua
3185 4973 3283 5012 nos
3322 4960 3416 5011 ha-

1831 5045 2075 5099 bitamus
2098 5085 2114 5108 ,
2165 5055 2308 5098 terra
2334 5044 2455 5112 ejus
2485 5046 2728 5112 dicitur;
2773 5048 2846 5101 ita
2895 5059 2951 5102 et
2983 5049 3125 5103 illius
3165 5049 3415 5119 superio-

1833 5137 1931 5202 ris,
1985 5137 2131 5204 quod
2173 5137 2547 5206 principaliter
2584 5139 2786 5193 dicitur
2838 5140 3066 5194 inferius
3114 5140 3312 5208 solum,
3359 5143 3415 5196 in

1833 5240 1944 5296 quo
1982 5226 2322 5282 habitatores
2372 5228 2444 5282 illi
2496 5229 2748 5285 coalestes
2793 5240 3206 5296 conversantur,
3238 5243 3314 5299 et,
3356 5245 3416 5288 ut

1832 5319 1908 5374 ita
1948 5319 2144 5384 dicam,
2174 5322 2392 5376 dorsum
2425 5321 2602 5390 ipsum
2635 5322 2960 5378 ﬁrmamenti
2991 5323 3167 5392 huius,
3198 5325 3415 5391 merito,

1833 5417 1893 5465 ut
1946 5409 2083 5476 dixi,
2120 5420 2266 5465 terra
2323 5411 2468 5468 illius
2498 5413 2620 5469 cmli
2663 5429 2786 5469 esse
2823 5414 3058 5470 dicitur:
3115 5418 3210 5470 sed
3270 5425 3414 5471 terra

1841 5508 2006 5572 bona,
2052 5517 2198 5560 terra
2247 5517 2456 5575 sancta,
2505 5517 2647 5562 terra
2702 5507 2892 5573 multa,
2946 5517 3089 5562 terra
3143 5509 3412 5572 vivorum,

1837 5609 1983 5652 terra
2019 5596 2194 5653 ﬁuens
2227 5599 2310 5652 Iac
2335 5607 2391 5651 et
2421 5602 2546 5652 mel.
2585 5617 2603 5650 ι
2634 5597 2774 5652 Fnse
2803 5606 2973 5652 totum
3010 5599 3271 5653 doctrina:
3302 5613 3416 5653 sua:

1839 5697 2152 5744 contextum
2206 5689 2442 5759 explicat
2482 5690 2574 5745 lib.
2625 5705 2662 5743 ιι
2715 5689 2856 5757 Περὶ
2900 5689 3127 5760 ἀρχῶν,
3177 5705 3299 5762 cap.
3356 5690 3415 5756 3,

1838 5799 1991 5838 num.
2031 5781 2086 5848 6,
2121 5781 2176 5848 7,
2216 5789 2380 5852 atque
2429 5797 2610 5838 rerum
2661 5783 2907 5839 omnium
2963 5784 3367 5840 universitatem
3396 5825 3413 5850 ,

1835 5871 2198 5940 infernarum,
2239 5883 2600 5943 terrenarum,
2631 5874 2956 5946 caelestium,
2989 5883 3044 5932 ct
3083 5889 3203 5946 qua:
3250 5889 3416 5945 supra
