3914 6518
513 407 649 463 4019

1800 400 1857 455 Ρ.
1903 397 2220 454 DANIELIS
2259 393 2492 453 llUETIl

3620 392 3643 446 1
3653 394 3750 445 0Ξο

512 529 713 587 cmlum
750 537 901 591 sunt,
937 527 1176 596 generati
1221 526 1438 580 nomine
1474 525 1730 578 mttndum
1762 524 1862 586 ait,
1900 521 2082 590 appcl-
2114 528 2157 582 Α
2192 529 2298 586 tnr,
2354 515 2661 586 temporalia
2718 523 2868 580 sunt;
2906 529 3027 584 qum
3081 522 3261 570 autem
3315 528 3422 569 non
3473 513 3748 581 videntur,

515 621 634 680 lari.
669 634 776 688 quo
825 615 1008 670 caeteri
1059 615 1242 668 mundi
1295 615 1682 674 continentur;
1726 618 1781 664 et
1817 608 2078 678 quemad-

515 712 732 766 modum
775 709 1175 762 ﬁrmamentum
1209 715 1408 760 terram
1455 704 1598 757 hanc
1628 703 1933 770 capacitate
1983 714 2079 753 sua

515 801 915 868 complectitur,
957 799 1030 850 ita
1085 797 1356 863 sphaeram
1387 794 1675 864 quamdam
1719 793 2078 862 superiorem,

512 908 631 962 qua:
675 891 727 944 in
762 889 1062 960 Scripturis
1111 899 1253 942 terra
1311 887 1478 950 bona,
1515 893 1570 940 et
1603 895 1748 939 terra
1783 884 2078 938 viventium

514 985 843 1045 nominatur,
892 990 948 1037 et
995 980 1222 1036 mitibus
1268 994 1331 1034 ac
1382 977 1680 1032 mansuetis
1723 974 2078 1045 promittitur,

513 1090 613 1128 suo
635 1073 930 1142 constringi
958 1070 1119 1133 coelo,
1154 1071 1205 1122 in
1251 1082 1359 1137 quo
1403 1077 1717 1121 sanctorum
1748 1065 1964 1118 nomina
1991 1065 2083 1117 de-

515 1169 721 1235 scripta
762 1176 928 1230 sunt;
973 1177 1038 1218 ex
1071 1164 1174 1218 hoc
1205 1171 1379 1215 autem
1412 1160 1574 1220 cmlo,
1623 1174 1687 1212 ex
1717 1172 1886 1223 eaque
1916 1165 2080 1220 terra,

514 1269 674 1312 terrm
715 1273 777 1311 ac
807 1257 932 1311 caeli
969 1253 1276 1310 nominibus
1321 1252 1515 1306 aﬂecta
1550 1251 1719 1304 fuisse
1765 1249 2078 1302 ﬁrmamen-

517 1359 627 1402 tum
675 1357 728 1402 et
777 1347 1014 1410 aridam;
1067 1343 1318 1412 aliudque
1371 1355 1490 1396 esse
1539 1340 1736 1394 C(Blttm
1793 1347 1848 1394 et
1883 1349 2079 1394 terram

513 1455 634 1508 quzc
683 1438 837 1492 initio
879 1452 908 1490 a
959 1437 1064 1490 Deo
1108 1443 1288 1490 creata
1343 1441 1500 1496 sunt,
1559 1445 1623 1486 ac
1681 1431 2080 1484 firmamentum

515 1531 659 1600 quod
688 1531 775 1584 die
807 1528 1046 1584 secundo
1070 1526 1342 1582 conditum
1378 1524 1614 1580 dicitur:
1647 1523 1905 1576 mundum
1941 1523 2083 1578 hunc

515 1635 694 1677 autem
736 1621 1098 1689 superiorem,
1143 1633 1265 1672 eum
1299 1631 1445 1681 esse,
1477 1615 1617 1669 unde
1660 1614 1888 1668 missum
1920 1628 1978 1667 se
2010 1613 2083 1666 si-

512 1708 736 1779 gniﬁcat
767 1708 1014 1763 Christus
1059 1707 1244 1761 dicens
1272 1704 1430 1760 Joau.
1462 1719 1580 1767 vui,
1607 1703 1715 1756 25:
1751 1722 1770 1754 ‹
1822 1702 1935 1770 Ego
1977 1718 2080 1758 non

514 1815 633 1854 sunt
661 1799 727 1854 de
757 1799 858 1852 hoc
889 1797 1110 1860 mundo,
1144 1815 1162 1848 ι
1197 1793 1532 1864 corruptioui
1565 1792 1874 1861 neutiquam
1905 1790 2082 1860 ipsum

2188 623 2390 667 atterna
2425 619 2568 665 sunt.
2603 628 2620 660 ι

2264 704 2378 759 XII.
2415 703 2494 757 Ad
2525 703 2830 771 paradisum
2877 700 3018 770 quod
3069 700 3288 762 attinet,
3340 712 3370 750 a
3417 711 3636 750 summo
3670 696 3748 749 illo

2189 805 2244 851 et
2273 810 2530 865 supremo
2559 795 2696 850 cmlo
2741 807 2863 848 eum
2908 791 3261 845 Adamantius
3295 789 3586 851 distinxit,
3620 796 3673 840 et
3702 788 3747 842 in

2189 899 2340 944 certo
2371 889 2552 956 aliquo
2579 897 2736 942 terrae
2778 887 2894 942 loco
2919 883 3230 948 collocavit;
3277 897 3401 936 eum
3448 891 3749 935 terrestre

2189 980 2498 1035 econtrario
2552 979 2857 1048 paradisum
2879 1018 2896 1040 ,
2922 991 3079 1044 quem
3126 975 3180 1029 in
3217 983 3364 1029 terra
3395 974 3564 1028 situm
3595 971 3752 1026 fuisse

2191 1071 2556 1127 certissimum
2599 1080 2702 1133 est,
2737 1069 3020 1140 allegorice
3054 1082 3332 1138 exponens
3362 1080 3529 1133 supra
3563 1063 3752 1118 malum

2191 1164 2551 1229 constituerit,
2591 1169 2649 1215 ut
2691 1164 3062 1217 ostendemus.
3117 1161 3192 1214 Ac
3232 1160 3300 1214 de
3349 1159 3535 1228 priore
3589 1156 3754 1210 mani-

2192 1254 2388 1309 festum
2412 1262 2496 1309 est
2524 1253 2890 1308 testimonium
2916 1252 3012 1308 lib.
3039 1268 3075 1306 tt
3105 1251 3240 1319 Περὶ
3268 1248 3497 1320 ἀρχῶν,
3525 1263 3645 1318 cap.
3673 1248 3755 1311 II,

2191 1361 2319 1401 num
2356 1345 2431 1400 6:
2486 1363 2505 1396 ι
2543 1343 2680 1400 Ριιιο
2705 1345 2871 1409 enim,
2901 1345 3096 1413 inquit,
3133 1343 3274 1411 quod
3325 1341 3504 1396 sancti
3561 1340 3754 1408 quique

2183 1437 2532 1493 discedentes
2557 1437 2625 1491 de
2651 1436 2754 1490 hac
2782 1435 2894 1490 vita
2926 1434 3318 1503 permanebunt
3349 1434 3404 1486 in
3437 1431 3561 1485 loco
3582 1431 3756 1499 aliquo

2190 1528 2246 1584 in
2281 1538 2421 1584 terra
2455 1529 2649 1597 posito,
2677 1543 2837 1598 quem
2863 1527 3170 1597 paradisum
3197 1526 3332 1580 dicit
3361 1524 3648 1593 Scriptura
3681 1525 3757 1579 di-

2190 1623 2348 1684 vina,
2403 1620 2551 1674 velut
2601 1620 2652 1673 in
2697 1619 2928 1688 quodam
2977 1617 3297 1672 eruditionis
3341 1617 3488 1670 loco.
3530 1634 3551 1668 ›
3591 1616 3758 1684 Atque

2193 1713 2332 1767 hanc
2364 1712 2594 1780 primam
2619 1724 2738 1765 esse
2770 1709 2880 1762 vult
2910 1708 3266 1771 mansionem,
3305 1707 3357 1760 in
3388 1721 3498 1775 qua
3535 1721 3758 1774 corpore

2191 1813 2449 1858 exeuntes
2499 1801 2693 1855 animm
2755 1799 2986 1855 terrenis
3047 1799 3299 1855 sordibus
3347 1808 3754 1867 expurgantur;

515 1906 639 1946 esse
683 1890 1004 1952 obnoxium.
1059 1902 1159 1942 nec
1205 1887 1379 1941 oculis
1427 1883 1830 1956 aspectabilcm.
1886 1883 2086 1937 sanctis
2116 1887 2349 1964 Bqnam
2379 1904 2433 1948 et
2463 1894 2604 1948 idem
2648 1907 2770 1947 esse
2800 1891 2916 1944 vult
2945 1907 3009 1947 ac
3059 1892 3235 1945 sinum
3289 1889 3548 1944 Abrahae.
3585 1908 3603 1940 ι
3659 1889 3756 1943 Sed

517 1992 695 2035 autem
742 1989 796 2034 et
847 1979 1104 2049 perfectis
1142 1977 1323 2032 sedem
1367 1978 1509 2031 hanc
1565 1991 1686 2030 esse
1737 1973 2082 2036 destinatam,

516 2082 576 2127 et
605 2081 804 2125 terram
831 2071 1049 2141 quidem
1096 2069 1279 2123 mundi
1315 2069 1455 2122 illius
1501 2067 1569 2122 iis
1591 2067 1682 2136 qui
1715 2065 2087 2134 castigationi-

519 2164 620 2217 bus
679 2170 733 2215 et
783 2160 1260 2216 emcndationibus
1323 2158 1548 2212 fuerunt
1598 2156 1920 2226 expurgati,
1966 2155 2087 2211 aliis

516 2269 648 2309 vero
685 2253 906 2319 caelum,
952 2253 1042 2321 qui
1090 2253 1215 2306 dum
1253 2251 1306 2304 in
1338 2249 1499 2304 terris
1529 2259 1753 2318 agerent
1810 2248 1905 2302 Dei
1937 2263 2086 2302 man-

517 2349 662 2402 datis
685 2347 1158 2417 obtemperarunt,
1187 2344 1280 2399 sed
1311 2343 1383 2398 ita
1418 2351 1598 2398 tamen
1627 2350 1686 2396 ut
1729 2341 1798 2396 ab
1831 2340 1918 2394 illa
1947 2349 2086 2394 terra

519 2439 586 2492 ad
630 2437 828 2492 malum
869 2450 1180 2505 supremum
1215 2436 1472 2488 transitus
1521 2441 1721 2501 pateat.
1775 2431 2088 2486 Consimilia

519 2539 649 2585 sunt
680 2544 801 2598 qua:
825 2529 1098 2582 habentur
1125 2525 1371 2595 ejusdem
1419 2524 1541 2578 libri
1584 2539 1703 2594 cap.
1735 2523 1789 2589 9,
1837 2538 1987 2577 nttm.
2031 2525 2086 2589 5,

519 2631 576 2673 et
614 2635 735 2688 qua:
763 2618 940 2687 capite
980 2625 1253 2686 postremo
1302 2616 1423 2671 libri
1469 2631 1552 2683 tu,
1607 2631 1757 2670 num.
1800 2616 1854 2680 8,
1890 2616 1946 2680 9,
1999 2614 2088 2668 ubi

521 2720 577 2763 et
605 2709 735 2763 illud
779 2707 990 2775 adjicit,
1024 2721 1205 2760 rerum
1245 2705 1470 2759 istaruut
1502 2704 1829 2766 caalestium,
1858 2720 1979 2774 qua:
2007 2705 2090 2758 in-

525 2798 788 2853 feriorum
832 2798 1087 2852 harumce
1139 2805 1322 2867 typum
1373 2806 1587 2865 gerunt,
1637 2797 1869 2850 formam
1922 2794 2090 2866 Moysi

522 2891 576 2944 in
636 2898 820 2944 monte
863 2888 1030 2943 fuisse
1072 2897 1467 2953 monstratam;
1530 2889 1596 2941 ad
1643 2889 1865 2958 ejusque.
1908 2901 2092 2940 exem-

486 3047 491 3052 _
521 2980 667 3051 plum
689 2980 1083 3036 tabernaculiet
1108 2979 1503 3035 sacrificiorum
1528 2980 1889 3034 instrumenta
1917 2979 2088 3048 ipsum

519 3084 883 3142 comparasse,
917 3071 1208 3125 secundum
1239 3079 1570 3140 praeceptum
1609 3071 1736 3125 illud
1773 3071 1866 3126 Dei
1919 3069 2089 3124 Exod.

522 3173 660 3229 xxv,
722 3162 829 3217 40:
877 3180 897 3214 ι
953 3163 1163 3230 Inspice
1219 3172 1273 3217 et
1329 3162 1415 3219 fac
1462 3164 1758 3218 secundum
1817 3163 2091 3231 exemplar

2187 1995 2241 2038 et
2270 1984 2414 2037 illam
2442 1982 2688 2053 llguratn,
2726 2001 2744 2034 ι
2782 1982 2958 2052 inquit
2991 1981 3175 2035 homil.
3202 1980 3272 2034 26
3299 1981 3354 2033 in
3380 1978 3579 2043 Βίωνι..
3613 1996 3754 2032 utttu.

2185 2076 2242 2142 4,
2287 2093 2305 2127 ι
2341 2089 2462 2129 esse
2494 2073 2730 2127 diximus
2774 2073 3003 2127 exeundi
3033 2073 3104 2126 de
3135 2071 3395 2142 Aigypto,
3429 2088 3560 2124 cum
3604 2071 3755 2124 relin-

2189 2167 2306 2235 quit
2337 2165 2518 2219 auima
2559 2164 2740 2218 mundi
2793 2163 2949 2232 hujus
2982 2165 3255 2230 tenebras,
3291 2178 3354 2217 ac
3393 2175 3605 2216 natura:
3639 2179 3754 2217 ror-

2191 2270 2364 2326 porca:
2392 2256 2716 2315 czecitatem.
2743 2264 2798 2308 et
2841 2253 3163 2308 transfertur
3191 2255 3256 2307 ad
3294 2255 3445 2308 aliud
3483 2256 3755 2317 saeuitum,

2188 2343 2330 2412 quod
2367 2343 2447 2397 vel
2491 2343 2642 2398 sinus
2685 2341 2937 2406 Abrahae,
2984 2355 3042 2396 ut
3079 2343 3131 2395 in
3173 2342 3419 2409 Lazaro;
3470 2343 3557 2398 vc!
3611 2359 3755 2412 para-

2191 2435 2363 2498 disus,
2405 2444 2461 2487 ut
2494 2435 2545 2487 in
2587 2433 2795 2488 latrone
2825 2435 2915 2502 qui
2949 2434 3016 2487 de
3045 2447 3208 2488 cruce
3258 2434 3530 2498 credidit,
3569 2435 3755 2488 indica

2191 2534 2297 2578 tur.
2341 2543 2360 2576 ι
2397 2524 2688 2592 Aliquibus
2720 2524 2883 2578 etiam
2931 2525 3241 2592 paradisum
3286 2523 3615 2579 diﬂ‘erentiis
3657 2525 3758 2579 dia-

2191 2614 2442 2668 criminat
2492 2615 2683 2670 bomil.
2715 2617 2783 2670 15
2824 2615 2877 2668 in
2913 2614 3132 2678 Haecin,
3165 2630 3318 2668 num.
3347 2615 3405 2679 2,
3457 2630 3586 2685 pag.
3635 2615 3756 2674 405,

2192 2707 2320 2774 404,
2354 2716 2412 2760 ut
2447 2707 2589 2762 alter
2617 2707 2690 2762 sit
2721 2707 3031 2775 paradisus,
3065 2707 3207 2761 alter
3242 2704 3566 2761 deliciarum
3604 2722 3757 2775 para-

2189 2800 2365 2854 disus.
2393 2799 2573 2870 Atque
2594 2799 2738 2854 hunc
2757 2799 3071 2854 deliciarum
3094 2801 3427 2867 paradisum,
3449 2815 3572 2853 cum
3598 2799 3759 2863 Edon,

2190 2889 2293 2947 hoc
2317 2900 2421 2956 est,
2459 2891 2701 2946 terrestri
2730 2893 2978 2961 paradiso
3007 2891 3288 2945 confundit
3327 2891 3426 2946 lib.
3464 2907 3508 2955 ι,
3540 2894 3594 2945 in
3624 2889 3758 2945 Can-

2192 2983 2306 3045 tic.,
2339 2996 2460 3051 pag.
2489 2981 2600 3047 42;
2636 2983 2713 3036 ait
2741 2982 2922 3037 enim:
2956 3001 2975 3034 ε
3013 2982 3114 3050 Qui
3151 2992 3330 3038 autem
3369 2983 3567 3051 dignus
3605 2983 3761 3038 fuerit

2193 3073 2373 3129 redire
2399 3081 2604 3127 etesse
2634 3086 2757 3126 cum
2797 3072 3038 3139 Christo,
3070 3073 3271 3142 quique
3300 3073 3354 3125 in
3387 3087 3556 3141 parvo
3593 3072 3759 3125 lidelis

2195 3163 2444 3216 iuventus
2473 3162 2842 3217 constituetur
2873 3177 3038 3232 super
3071 3162 3258 3226 multa,
3297 3161 3388 3215 ille
3418 3161 3676 3231 gustabit,
3709 3171 3762 3217 et

521 3256 664 3326 quod
703 3255 798 3310 tibi
878 3255 931 3308 in
985 3262 1166 3309 monte
1227 3263 1583 3309 monstratum
1657 3263 1760 3310 est.
1812 3273 1831 3305 ι
1897 3240 2376 3324 Atljicithapiet
2425 3253 2760 3322 voluptatem
2818 3253 3070 3318 Domini,
3118 3253 3412 3321 perductus
3471 3251 3537 3304 ad
3588 3252 3758 3306 locum

519 3346 682 3400 etiam
730 3346 782 3400 iu
824 3359 1036 3400 summo
1089 3345 1179 3400 illo
1225 3343 1366 3400 caelo
1419 3343 1656 3398 futurum
1707 3345 1834 3399 illud
1881 3363 1901 3395 ι
1950 3345 2092 3415 quod

521 3444 783 3488 aeternum
814 3433 1011 3488 dicitur
1039 3432 1387 3502 Evangelium
1423 3443 1478 3488 et
1525 3431 1928 3487 Testamentum
1962 3446 2098 3487 sem-

467 3505 483 3520 .
523 3541 621 3595 per
648 3540 866 3592 novum,
889 3525 1030 3594 quod
1069 3539 1342 3594 nunquam
1385 3533 1728 3579 veterascet:
1767 3543 1787 3577 ι
1819 3526 1873 3579 in
1923 3539 2096 3594 eaque

525 3619 736 3687 piorum
766 3627 909 3672 terra
936 3617 1203 3672 eruditum
1231 3618 1295 3671 iri
1324 3618 1392 3672 ab
1425 3619 1630 3687 angelis
1655 3619 1885 3682 animas,
1907 3633 2098 3688 quem-

524 3709 810 3765 admodum
843 3719 897 3765 et
928 3711 979 3762 in
1021 3709 1466 3764 commemoratis
1502 3726 1664 3778 supra
1696 3711 2091 3780 mansionibus,

522 3799 694 3856 donec
730 3814 1040 3868 supremum
1073 3797 1282 3866 adeptis
1307 3798 1503 3853 ccelum
1538 3799 1608 3853 sit
1639 3798 1781 3855 Deus
1819 3800 2000 3855 omnia
2039 3804 2092 3857 in

522 3890 796 3946 omnibus.
829 3888 939 3944 Nec
971 3891 1040 3942 ab
1080 3889 1164 3943 his
1202 3889 1407 3943 abludit
1447 3890 1635 3945 bomil.
1705 3892 1728 3946 1
1787 3892 1844 3947 in
1882 3891 2093 3962 Cenem,

525 3998 675 4038 num.
708 3981 765 4046 2,
798 3997 920 4037 cum
955 3979 1147 4036 scribit
1181 3979 1378 4036 cmlum
1424 3980 1553 4035 illud
1586 3996 1895 4051 supremum
1939 3994 1992 4040 et
2016 3986 2096 4038 in-

527 4089 885 4144 corporemn,
933 4075 1076 4142 quod
1128 4074 1222 4128 Dei
1272 4075 1428 4128 sedes
1479 4083 1594 4138 est,
1641 4074 1873 4144 primum
1921 4091 1950 4128 a
1987 4076 2095 4132 Deo

525 4167 802 4221 conditum
828 4206 845 4231 ,
889 4167 1085 4222 deinde
1110 4182 1432 4236 corporeum
1464 4168 1684 4232 caelum,
1737 4167 1842 4222 hoc
1881 4176 1965 4222 est
2003 4168 2096 4222 lir-

527 4266 903 4311 mamentum:
955 4272 1079 4311 nam
1125 4259 1504 4327 incorporeum
1549 4257 1805 4328 appellat,
1840 4268 1900 4312 ut
1934 4273 2094 4328 supra

525 4347 888 4412 ostendimus,
912 4349 1054 4417 quod
1083 4359 1306 4418 propter
1341 4348 1601 4402 eximiam
1645 4349 1958 4404 tenuitatem
1996 4349 2096 4404 sub

524 4453 722 4492 sensus
765 4453 870 4491 non
913 4440 1076 4492 cadit.
1117 4438 1246 4494 Item
1282 4439 1462 4509 capite
1486 4438 1676 4492 ultimo
1715 4438 1841 4493 libri
1886 4455 1923 4493 tt
1953 4439 2094 4507 Περὶ

523 4527 747 4597 ἀρχῶν,
774 4545 920 4582 num.
961 4528 1018 4592 6,
1047 4539 1328 4598 postquam
1363 4538 1579 4584 sanctos
1605 4544 1670 4583 ex
1704 4529 1806 4583 hac
1847 4529 1956 4583 vita
1983 4531 2094 4584 dis-

531 4613 789 4666 cedentes
835 4614 886 4666 in
918 4616 1205 4683 quemdam
1237 4624 1395 4669 terra:
1431 4618 1589 4687 hujus
1623 4617 1798 4672 locum
1833 4617 2094 4673 deventu-

528 4718 614 4759 ros
647 4702 806 4767 dixit,
831 4706 921 4774 qui
942 4706 1224 4774 paradisus
1255 4705 1574 4776 appellatur,
1596 4706 1730 4761 inde
1763 4707 1905 4762 aeris
1936 4723 2091 4760 tuan-

2121 4579 2171 4640 D

2167 4778 2170 4780 γ
2209 4713 2420 4769 scensis
2447 4711 2713 4766 vehiculis
2743 4712 2809 4764 ad
2837 4710 3255 4766 Acherusiadem
3286 4710 3531 4779 paludem
3559 4709 3754 4776 depor-

2194 3346 2504 3416 quemdam,
2532 3347 2624 3415 qui
2657 3361 2754 3416 pro
2783 3344 3085 3414 bujusmodi
3109 3343 3351 3398 ciborum
3385 3345 3560 3414 c0piis
3587 3353 3645 3399 et
3673 3358 3760 3396 va-

2194 3436 2510 3503 rietatibus,
2565 3438 2878 3494 deliciarum
2935 3436 3246 3491 nominatur
3301 3437 3471 3493 locus.
3540 3437 3762 3505 Propter

2193 3529 2335 3596 quod
2370 3537 2424 3583 et
2463 3530 2519 3582 in
2559 3528 2952 3598 Eden'positus
2983 3527 3202 3588 dicitur.
3237 3529 3383 3595 quod
3430 3528 3651 3583 delicias
3680 3528 3760 3580 iu-

2194 3621 2360 3674 dicat.
2395 3639 2412 3672 ι
2448 3620 2567 3686 Quo
2609 3620 2679 3675 de
2727 3621 2966 3676 terrestri
3007 3620 3259 3690 paradiso
3307 3621 3438 3689 quid
3492 3621 3756 3682 senserit,

2195 3709 2333 3763 infra
2363 3710 2792 3780 explorabimus.

2266 3801 2402 3857 Xlll.
2445 3802 2648 3858 llausta
2690 3813 2816 3859 sunt
2857 3811 2913 3858 et
2962 3802 3050 3857 illa
3098 3803 3211 3857 fere
3252 3817 3285 3857 e
3317 3801 3562 3857 Platonis
3607 3799 3758 3855 t'outi-

2194 3892 2335 3948 bus:
2372 3909 2496 3948 nam
2539 3893 2922 3949 beatitudinem
2958 3897 3011 3948 in
3053 3893 3143 3950 Dei
3195 3893 3555 3949 similitudine
3603 3892 3758 3946 sitam

2197 3982 2287 4038 ille
2316 3983 2506 4039 voluit.
2537 3983 2728 4040 Testes
2763 3984 3010 4040 Laertius
3042 3984 3096 4038 in
3141 3983 3393 4050 Platone,
3423 3995 3480 4039 et
3521 3982 3761 4036 Clemens

2196 4075 2590 4132 Alexandrinus
2631 4076 2829 4139 Strom.
2866 4077 2960 4132 lib.
3000 4091 3062 4142 ll,
3090 4077 3179 4145 qui
3208 4085 3263 4132 et
3291 4078 3344 4131 iu
3377 4077 3563 4131 eadem
3599 4073 3762 4126 fuisse

2199 4165 2413 4222 Stoicos
2445 4168 2714 4222 sententia
2746 4169 3080 4222 demonstrat
3101 4207 3116 4231 ,
3161 4175 3220 4220 et
3261 4166 3560 4220 Abammon
3594 4161 3758 4230 Egy-

2199 4258 2344 4327 ptius
2376 4257 2428 4311 in
2449 4257 2803 4325 responsione
2849 4258 2916 4310 ad
2961 4255 3240 4326 epistolam
3259 4253 3563 4324 Porphyrii.
3604 4251 3754 4304 Plato

2198 4355 2458 4416 praeterea
2493 4346 2548 4400 in
2597 4344 2882 4409 Phwdone,
2932 4354 3217 4415 postquam
3265 4343 3469 4397 inferni
3515 4351 3759 4410 topogra-

2198 4439 2384 4508 phiam
2413 4438 2720 4506 descripsit,
2757 4446 2944 4490 narrat
2975 4437 3208 4502 animas,
3239 4451 3361 4505 qua:
3390 4434 3639 4488 virtutem
3668 4434 3756 4485 in-

2202 4541 2283 4586 ter
2312 4539 2367 4586 et
2399 4531 2589 4585 vitium
2623 4529 2852 4584 mediam
2908 4535 3199 4583 tenuerunt
3228 4527 3399 4590 viam,
3448 4535 3565 4594 post
3597 4523 3757 4578 latam

2198 4626 2263 4678 de
2301 4637 2361 4676 se
2411 4620 2736 4676 sententiam
2776 4621 2841 4674 ad
2888 4618 3249 4673 Acherontem
3301 4616 3588 4680 prolectas,
3625 4630 3761 4669 con-

523 4794 772 4850 sionibus
811 4809 877 4850 ac
914 4796 1228 4852 coelestibus
1269 4797 1591 4867 transgressi
1623 4799 1690 4853 ad
1737 4812 1799 4852 ea
1826 4813 1947 4868 qua:
1985 4815 2111 4856 non,
2205 4803 2332 4868 tari,
2360 4802 2697 4872 expiatisque
2727 4801 2836 4855 illic
2862 4815 2959 4869 per
2989 4799 3248 4868 supplicia
3279 4798 3576 4853 siteleribus
3601 4796 3760 4861 solvi,

523 4887 798 4956 videntur,
844 4900 898 4944 et
939 4906 1059 4960 qute
1109 4893 1330 4948 nomine
1374 4894 1639 4948 duntaxat
1683 4893 1836 4949 nobis
1874 4893 2090 4962 cognita

521 4987 669 5043 sunt,
699 4979 931 5037 aﬂirmat
969 4997 1312 5038 ascensurus.
1359 4982 1497 5040 Hinc
1534 4985 1673 5040 libro
1713 5000 1785 5038 vu
1816 4985 1874 5038 in
1915 4983 2085 5052 Epist.

518 5078 590 5127 ad
623 5073 801 5141 Rom.,
845 5093 992 5132 num.
1029 5077 1084 5142 5,
1123 5094 1243 5149 pag.
1279 5079 1404 5147 600,
1440 5095 1505 5135 ea
1553 5095 1673 5150 quae
1719 5079 1894 5134 oculis
1929 5093 2090 5134 usur-

520 5177 741 5232 pantur,
778 5169 986 5223 aridam
1022 5170 1276 5225 nimirum
1323 5171 1402 5225 vel
1445 5173 1843 5228 ﬁrmamentum
1881 5167 2089 5239 sperari

521 5267 688 5326 vetat,
731 5259 826 5314 sed
852 5275 971 5330 quae
1004 5261 1058 5314 in
1101 5262 1288 5317 oculos
1321 5277 1428 5316 non
1462 5263 1773 5328 incurrunt,
1809 5271 1864 5316 et
1888 5269 2091 5315 aeterna

522 5355 672 5412 sunt,
711 5366 905 5418 nempe
953 5349 1184 5405 coelum:
1225 5369 1242 5402 ι
1287 5352 1398 5406 lmo
1440 5353 1615 5422 potius
1643 5392 1659 5418 ,
1685 5352 1882 5421 inquit,
1925 5346 2090 5406 cmlos

523 5443 696 5494 multo
733 5442 1118 5496 etnineutiores
1160 5450 1217 5496 et
1253 5442 1584 5500 excelsiores
1629 5458 1792 5512 quam
1838 5451 1921 5496 est
1964 5439 2093 5494 illud

524 5534 924 5585 tirtnamentum
961 5533 1104 5600 quod
1156 5533 1327 5586 videri
1363 5533 1536 5587 oculis
1584 5542 1783 5602 potest,
1838 5549 1857 5582 ι
1899 5539 1955 5585 et
1992 5537 2096 5583 ter-

523 5636 636 5676 ram
697 5625 997 5678 mansuetis
1048 5623 1416 5691 assignatam,
1471 5624 1716 5679 edicente
1758 5620 2013 5691 Apostolo
2055 5619 2095 5673 ll

525 5713 653 5767 Cor.
684 5728 759 5780 tv,
791 5716 894 5769 18:
934 5733 953 5766 ί
990 5712 1104 5767 Non
1144 5714 1640 5784 contemplantibus
1671 5713 1829 5768 nobis
1857 5726 1975 5780 qua:
2021 5711 2098 5763 vi-

525 5804 738 5872 dentur,
780 5808 870 5863 sed
915 5823 1033 5874 quae
1086 5822 1192 5861 non
1240 5809 1517 5862 videntur:
1566 5819 1683 5875 qua:
1731 5804 1873 5859 enim
1916 5803 2098 5858 viden-

2198 4903 2252 4949 et
2283 4893 2505 4964 praemia
2537 4893 2758 4956 tandem
2807 4904 2985 4944 rerum
3038 4890 3174 4944 bene
3220 4899 3496 4958 gestarum
3534 4886 3759 4948 referre,

2195 4995 2250 5040 et
2276 4985 2342 5038 ad
2387 4983 2705 5037 animalium
2740 4982 2915 5050 etiam,
2946 4981 3348 5048 generationem
3381 4992 3759 5046 nonnunquam

2195 5077 2445 5133 remitti:
2479 5090 2600 5146 quae
2641 5089 2771 5129 vero
2823 5073 3218 5127 insanabilibus
3259 5087 3380 5126 sese
3431 5069 3763 5126 facinoribus

2199 5169 2509 5238 alligarunt,
2546 5167 2600 5220 in
2633 5165 2921 5220 Tartarum
2977 5164 3182 5233 absque
3226 5162 3335 5216 ulla
3372 5161 3534 5216 futuri
3581 5159 3764 5213 exitus

2197 5275 2293 5330 spe
2337 5259 2701 5328 praecipitari:
2761 5263 2818 5308 at
2869 5269 3096 5324 quorum
3144 5252 3373 5307 crimina
3416 5250 3589 5305 sanari
3625 5263 3762 5316 pos-

2201 5359 2348 5416 sunt,
2391 5348 2581 5419 projici
2614 5356 2669 5402 et
2723 5347 2863 5401 illas‘
2894 5347 2946 5400 iu
2995 5346 3323 5407 Tartarum,
3364 5342 3457 5396 sed
3489 5352 3767 5396 transacto

2205 5440 2315 5494 illic
2352 5455 2494 5493 anno
2520 5478 2535 5502 ,
2579 5436 2743 5492 ﬂuctu
2781 5436 2907 5489 inde
2962 5436 3105 5504 ejici,
3145 5443 3200 5487 et
3237 5433 3306 5488 ad
3340 5430 3763 5488 Acherusiadem

2206 5529 2431 5593 revolvi,
2467 5540 2567 5580 nec
2596 5533 2720 5579 ante
2767 5522 3012 5585 liberari,
3051 5533 3211 5589 quam
3259 5532 3355 5572 eos
3398 5514 3768 5577 cxoraverint,

2205 5634 2341 5688 quos
2387 5618 2583 5687 injuria
2622 5614 2707 5669 vel
2729 5603 2916 5670 morte
2949 5610 3279 5666 aﬂ‘ccerunt:
3311 5625 3431 5680 qua:
3454 5621 3626 5679 puram
3657 5619 3765 5656 an-

2208 5719 2315 5764 tem
2367 5718 2422 5762 ct
2469 5709 2736 5763 insontem
2785 5707 3054 5761 duxerunt
3103 5701 3306 5764 vitam,
3351 5715 3453 5753 cas-
3489 5695 3767 5784 regionem

2206 5799 2498 5869 quamdam
2545 5797 2898 5866 superiorem,
2948 5805 2999 5850 et
3035 5792 3244 5849 deliciis
3276 5789 3589 5848 abluentem,
3628 5796 3763 5850 qua
