3906 6524
116 425 256 478 11121
322 413 327 416 ’

943 428 1514 490 ORAGENIANOIl-UM
1555 437 1683 494 LIB.
1726 438 1792 502 11,
1832 421 2086 508 CAP.»H,
2127 444 2398 511 QUzEST.
2441 448 2532 505 XI.

3229 457 3246 511 l
3259 457 3364 511 029.

115 557 286 598 terra:
332 548 741 616 supereminet,
796 553 1122 617 ascendere;
1185 557 1580 628 ironnullasque
1630 578 1695 616 ex
1725 573 1771 624 Α
1800 565 1996 618 anima:
2033 563 2247 636 quidem
2303 571 2581 635 fuerimus,
2633 574 2726 626 sed
2780 588 2932 627 mens
2963 583 3015 629 et
3055 589 3247 630 sensus
3295 575 3362 631 ad

115 635 188 687 iis
221 635 579 706 philosophia!
625 643 908 710 praeceptis
952 645 1227 701 institutas
1259 663 1517 719 corporea
1553 654 1693 709 mole

111 723 612 795 liberari-penitus,
664 741 720 783 et
755 732 806 784 iu
857 734 1154 790 ammoiora
1205 736 1320 791 loca
1371 743 1690 800 concedere.

112 813 400 886 Praecipue
455 821 748 875 notandum
797 825 944 878 venit
996 826 1126 882 illud
1179 829 1374 884 Plotini
1427 832 1569 887 Enn.
1608 849 1692 897 111,

110 908 213 964 lib.
256 923 329 971 iv,
368 924 486 980 cap.
529 910 584 976 6,
623 927 732 981 quo
783 916 1086 971 animarum
1135 920 1199 972 ad
1246 923 1522 988 superiora
1567 939 1691 991 pro-

110 1014 435 1066 gressarum
465 1003 751 1059 nonnullas
774 1019 1050 1062 asseverat
1074 1011 1128 1063 111
1162 1011 1344 1066 seusili
1371 1013 1475 1066 hoc
1495 1015 1692 1070 mundo

110 1094 290 1145 vitam
352 1108 535 1163 agere,
581 1094 715 1150 alias
748 1108 902 1152 extra
947 1099 1092 1154 hunc
1136 1103 1429 1158 mundum:
1477 1120 1596 1174 qua:
1635 1106 1691 1162 in

110 1184 307 1238 sensili
343 1187 542 1240 mundo
577 1187 814 1257 degunt,
861 1189 996 1244 alias
1026 1205 1194 1261 penes
1233 1193 1428 1258 solem,
1475 1195 1560 1250 vel
1591 1197 1696 1251 ali-

108 1289 284 1343 quem
309 1277 600 1343 planetam,
632 1279 768 1335 alias
802 1285 853 1334 in
883 1283 1223 1338 lirmamento
1250 1300 1422 1340 aevum
1463 1288 1689 1357 agitare,

111 1381 558 1437 unamquamque
608 1386 705 1440 pro
757 1375 983 1429 meritis.
1044 1376 1356 1433 Dictaverat
1406 1394 1537 1434 vero
1579 1381 1692 1450 jam

108 1469 247 1511 ante
278 1459 631 1530 Pythagoras,
672 1471 731 1516 ut
779 1465 947 1519 refert
984 1467 1230 1523 Laertius
1271 1468 1325 1523 in
1359 1468 1710 1542 Pythagora,

109 1547 258 1604 εἶναι
288 1553 466 1606 πάντα
497 1553 588 1607 τὸν
615 1554 752 1625 ἀέρα
783 1557 970 1626 ψυχῶν
1002 1559 1274 1630 ἔμπλεων,
1310 1578 1330 1611 1
1363 1575 1542 1617 acrem
1573 1579 1690 1618 om-

111 1655 241 1694 nem
275 1643 473 1697 animis
506 1647 724 1712 plenum
759 1661 901 1702 esse.
953 1666 972 1700 1
1006 1648 1182 1717 Atque
1225 1651 1338 1705 haec
1369 1652 1688 1720 interpolata

107 1726 380 1794 Origenes
447 1730 512 1783 ad
593 1729 890 1802 Scriptura:
956 1750 1126 1793 sacra:
1193 1739 1352 1795 elfata
1416 1749 1688 1813 utcunque

108 1819 341 1886 aptavit.

1797 655 2092 724 perfectum
2127 661 2368 723 veniens,
2402 662 2656 733 nulloque
2687 665 3146 733 perturbationqu
3179 667 3362 724 nubilo

1796 746 2052 814 caligans,
2087 750 2387 805 intuebitur
2413 753 2709 823 (legendum
2739 757 2981 822 fortasse,
3011 757 3359 828 intuebimur)

1799 838 2169 902 rationabiles,
2224 841 2698 912 intelligibilesqne
2733 845 3064 900 substantias
3108 847 3244 903 facie
3293 851 3358 902 ad

1797 929 2010 985 faciem.
2061 951 2080 983 1
2130 931 2253 1002 Legi
2290 935 2448 987 velim
2493 945 2548 988 et
2609 945 2861 1004 quartum
2907 937 3146 1002 ejusdem
3201 949 3361 1008 caput

1795 1022 2058 1091 epistolae,
2090 1039 2197 1092 quo
2228 1024 2430 1079 dixisse
2460 1026 2750 1096 Origenem
2784 1027 2963 1095 prodit
3000 1027 3359 1099 Hieronymus

1795 1116 2056 1169 adversus
2100 1117 2307 1170 animas
2338 1118 2387 1170 in
2426 1133 2607 1172 rerum
2645 1118 2750 1172 line
2782 1119 2846 1171 ad
2893 1121 3168 1175 caelestem
3197 1117 3358 1175 «101114

1794 1203 1961 1258 salem
1988 1215 2338 1272 pr0peranles
2359 1207 2791 1261 adversariarum
2819 1208 3195 1263 fortitudinum
3221 1210 3359 1264 bella

1793 1311 2146 1365 consurgere,
2198 1315 2266 1352 ne
2304 1300 2606 1354 animarum
2645 1303 2984 1356 remollescat
3023 1302 3214 1368 virtus,
3266 1304 3359 1356 sed

1794 1397 1854 1440 ut
1913 1390 2115 1457 prasliis
2174 1393 2431 1446 exercita:
2479 1410 2674 1449 novum
2720 1395 2931 1449 roboris
2963 1396 3358 1450 incrementum

1793 1481 2033 1548 eapiant.
2083 1479 2278 1553 Tangit
2321 1483 2370 1535 id
2420 1492 2475 1538 et
2519 1484 2850 1554 Theophilus
2898 1484 3089 1538 Pasch.
3125 1501 3198 1549 11,
3235 1499 3356 1539 011111

1761 1571 2093 1625 .somuiasse
2146 1572 2278 1627 dicit
2322 1573 2614 1644 Origenem
2650 1594 2668 1627 1
2715 1580 3010 1632 ascendere
3059 1578 3266 1631 animas
3301 1578 3354 1630 111

1706 1719 1709 1722 ,
1792 1663 1992 1716 coelum
2023 1673 2079 1718 et
2117 1665 2489 1732 descendere;
2529 1677 2585 1723 et
2617 1685 2758 1723 nunc
2796 1671 3085 1737 proﬁcere,
3118 1685 3261 1724 nunc
3293 1671 3359 1722 ad

1792 1753 2050 1808 inferiora
2079 1756 2277 1813 delabi.
2320 1777 2338 1808 1
2377 1759 2658 1814 Variarum
2693 1776 2909 1830 quoque
2943 1761 3066 1815 caeli
3118 1761 3355 1815 mansio-

1793 1860 1920 1898 num
1952 1845 2266 1915 ﬁgmentum
2317 1851 2635 1919 perstringit
2667 1852 2824 1919 paulo
2856 1852 3108 1914 inferius,
3159 1853 3359 1906 dixisse

182 1911 355 1966 Terra
415 1922 596 1969 autem
649 1915 736 1971 illa
786 1919 1111 1978 ﬁrmamenti
1176 1925 1432 1981 convexis
1476 1926 1683 1983 incum-
1717 1930 1760 1986 Β
1786 1911 2072 2006 Origenem
2119 1911 2357 2006 tradens,
2397 1960 2416 1991 1
2458 1956 2687 2010 corpora
2727 1958 2848 2010 quze
2897 1950 3204 2012 resurgunt.
3237 1951 3358 2011 post

107 2001 273 2065 beas,
311 2019 474 2072 quam
516 2006 769 2061 describit
802 2008 1184 2076 Adamantius,
1231 2014 1386 2070 alteri
1419 2017 1544 2072 huic
1575 2034 1692 2086 per-

106 2094 315 2149 similis
349 2105 451 2160 est,
481 2113 642 2166 quam
682 2098 818 2155 libro
859 2102 1049 2156 eodem
1095 2104 1247 2160 Plato
1275 2120 1688 2177 commemorat,

104 2186 198 2239 ubi
250 2188 348 2250 ait,
391 2191 561 2262 αὐτὴν
587 2191 683 2263 τὴν
719 2194 822 2264 γῆν
861 2196 1105 2267 καθαρὰν
1133 2198 1189 2250 ὲν
1219 2199 1442 2272 καθαρῷ
1478 2203 1688 2258 κεῖσθαι

106 2278 188 2348 τῷ
209 2281 446 2352 οὐρανῷ,
475 2284 533 2337 ὲν
562 2277 713 2357 ᾧπέρ
741 2288 856 2340 ἐστι
878 2289 945 2342 τὰ
959 2291 1156 2362 ἄστρα,
1179 2291 1236 2346 ὃν
1259 2293 1322 2364 δὴ
1355 2294 1548 2366 αἰθέρα
1569 2297 1688 2352 ὀνο-

109 2371 310 2440 μάζειν
335 2375 462 2437 τοὺς
505 2376 731 2441 πολλοὺς
759 2380 868 2433 τῶν
907 2383 1035 2453 περὶ
1065 2383 1134 2436 τὰ
1164 2385 1386 2440 τοιαῦτα
1422 2389 1689 2446 εἰωθότων

100 2463 312 2532 λέγειν·
331 2458 392 2519 οὗ
419 2467 482 2538 δὴ
505 2469 857 2544 ὑποστάθμην
873 2475 1044 2529 ταῦτα
1076 2473 1233 2540 εἶναι,
1251 2479 1346 2534 καὶ
1372 2480 1587 2553 ξυρρεἴν
1602 2484 1690 2537 ἀεὶ

104 2555 275 2620 εἰςτὰ
299 2557 450 2612 κοῖλα
469 2560 571 2630 τῆς
602 2563 724 2632 γῆς’
756 2581 775 2615 1
809 2563 1003 2620 Puram
1037 2575 1232 2622 terram
1263 2569 1314 2623 in
1349 2586 1484 2639 puro
1516 2573 1685 2628 sitam

104 2661 233 2700 esse
274 2648 408 2702 11010
450 2649 501 2703 in
533 2667 641 2720 quo
674 2664 801 2708 sunt
838 2663 1006 2721 astra,
1037 2661 1178 2727 quod
1207 2659 1356 2713 multi
1395 2676 1461 2716 ex
1495 2662 1559 2717 iis
1591 2665 1684 2733 qui

105 2737 421 2805 huiusmodi
453 2743 518 2797 de
547 2743 706 2798 rebus
740 2746 1006 2804 disserere
1043 2750 1237 2816 solent,
1281 2754 1543 2808 aetherem
1597 2770 1688 2826 ap-

105 2831 332 2897 pellant,
367 2833 518 2900 cujus
550 2836 663 2892 haec
697 2851 822 2892 esse
855 2838 1062 2906 faecem,
1089 2853 1144 2896 et
1175 2843 1228 2896 in
1256 2859 1491 2900 concava
1526 2855 1687 2902 terra:

103 2937 326 2991 semper
351 2925 643 2982 conﬂuere.
681 2947 700 2979 1
748 2928 884 2984 111110
912 2931 1278 2990 Tertullianus
1319 2935 1413 2990 lib.
1451 2937 1526 2991 De
1569 2938 1687 2991 ani-

104 3030 214 3076 ma,
253 3028 373 3083 cap.
409 3015 511 3071 55:
550 3035 567 3066 1
595 3018 702 3072 Sed
736 3018 787 3073 in
819 3021 1022 3076 aethere
1055 3022 1310 3077 dormitio
1347 3036 1530 3079 nostra
1560 3039 1685 3080 cum

109 3105 299 3170 pueris
335 3104 609 3173 Platonis;
649 3119 742 3162 aut
782 3110 834 3164 in
868 3126 1011 3176 aere,
1058 3127 1178 3166 cum
1208 3113 1378 3182 Ario;
1409 3125 1502 3169 aut
1540 3118 1685 3172 circa

107 3194 334 3260 lunam,
383 3211 504 3251 cum
558 3199 983 3269 Endymionihus
1031 3202 1357 3258 Stoicorum.
1395 3225 1414 3259 1
1462 3207 1684 3261 Vetusta

105 3300 330 3355 quoque
379 3286 468 3340 illa
506 3297 788 3357 poetarum
837 3290 1103 3360 theologia
1155 3294 1434 3348 beatorum
1472 3298 1682 3354 animas

104 3378 158 3432 in
202 3389 412 3432 terram
443 3381 756 3449 quamdam,
785 3382 1024 3453 Elysium
1053 3399 1244 3452 nempe
1269 3401 1478 3452 nemus,
1513 3389 1680 3458 recipi

102 3467 364 3524 canebat.
397 3469 528 3525 lude
558 3471 888 3528 Christianis
928 3473 1234 3541 objectabat
1263 3475 1450 3531 Celsus
1482 3492 1580 3532 nos
1613 3478 1683 3534 ab

108 3558 353 3613 ethnicis
379 3560 602 3614 edoctos
631 3561 832 3616 dixisse
865 3563 1107 3619 abituras
1139 3574 1259 3634 post
1302 3575 1528 3622 mortem
1567 3569 1684 3622 ani-

106 3664 223 3703 mas
259 3649 315 3702 in
351 3649 512 3704 aliam
543 3661 744 3708 terram
777 3655 881 3731 hac
908 3655 1206 3713 meliorem.
1239 3657 1375 3712 Tum
1403 3675 1532 3715 vero
1573 3677 1685 3715 ma-

106 3742 265 3807 gislri
298 3742 384 3796 sui
420 3741 706 3812 Origenem
747 3748 938 3816 puduit
975 3747 1107 3820 (4:9),
1141 3758 1195 3804 et
1234 3766 1351 3819 quae
1393 3767 1422 3805 a
1459 3751 1684 3808 Platone

105 3833 397 3898 didicerat,
455 3835 658 3891 referre
705 3838 894 3892 maluit
948 3843 1014 3894 ad
1057 3841 1329 3913 Moysem,
1385 3845 1475 3915 qui
1527 3846 1682 3900 bonis

108 3926 276 3979 Deum
311 3926 525 3981 induxit
569 3930 981 3996 promittentem
1015 3943 1216 3989 terram
1252 3935 1389 4017 lacte
1429 3946 1482 3992 et
1527 3939 1683 3994 melle

105 4027 460 4084 manantem;
494 4018 646 4087 cujus
677 4022 981 4092 symbolum
1017 4039 1138 4080 esse
1170 4035 1223 4080 et
1255 4013 1540 4097 imaginem
1581 4013 1691 4085 Ju-l

105 4108 278 4162 (11011111
315 4109 457 4164 1111110
483 4123 753 4167 terrenam
777 4123 831 4166 et
853 4113 1154 4172 Jerusalem
1184 4119 1338 4186 dixit,
1364 4119 1517 4188 juxta
1546 4122 1684 4191 Apo-

109 4201 307 4255 stolum
360 4201 526 4258 Hebr.
560 4220 659 4270 111,
686 4205 779 4263 22.
809 4207 866 4260 111
913 4223 1104 4264 00111111
1151 4225 1526 4282 argumentum
1561 4215 1685 4284 qui-

107 4294 341 4349 busdam
374 4295 548 4350 utitur
583 4298 804 4356 Davidis
857 4303 1184 4358 testimoniis
1209 4346 1226 4372 ,
1257 4297 1414 4376 'l’rugi
1450 4307 1683 4362 homini-

109 4385 207 4436 bus
251 4401 418 4439 serrae
457 4389 736 4456 cujusdam
775 4390 1145 4448 btcredilatem
1177 4394 1500 4464 pollicentis.
1537 4397 1682 4452 Illius

107 4492 326 4546 quoque
373 4486 533 4534 terra:
574 4493 815 4551 gemmas
849 4484 918 4539 ab
971 4484 1102 4539 Isaia
1152 4501 1266 4552 uv,
1301 4487 1388 4550 l2,
1445 4497 1678 4544 transtu‘

1792 2025 1961 2080 multa
2005 2032 2202 2082 szecula
2247 2031 2299 2083 iu
2354 2029 2576 2084 nihilum
2632 2030 2995 2096 dissolvenda,
3049 2043 3146 2084 nec
3179 2029 3355 2083 futura

1790 2120 2012 2188 aliquid,
2047 2121 2152 2175 nisi
2184 2138 2306 2175 cum
2339 2123 2405 2177 de
2448 2123 2712 2177 cmlorum
2759 2122 3132 2177 mansionibus
3161 2122 3357 2175 anima:

1759 2211 1855 2266 ad
1891 2212 2146 2269 inferiora
2178 2215 2420 2280 dilapsze,
2470 2216 2800 2286 indiguerint
2854 2215 3028 2278 novis,
3077 2229 3198 2283 qua:
3243 2213 3351 2266 alia

1789 2320 2002 2360 rursum
2037 2305 2190 2373 ﬁant,
2242 2307 2510 2376 prioribus
2558 2307 2778 2362 omnino
2822 2305 3032 2361 deletis.
3086 2324 3105 2355 1
3161 2304 3351 2359 Totam

1761 2397 1928 2451 .hanc
1976 2399 2136 2473 etiam
2192 2400 2258 2453 de
2305 2399 2448 2455 coelo
2488 2414 2647 2463 novo,
2677 2409 2730 2453 et
2780 2407 2924 2452 terra
2976 2413 3138 2461 nova,
3182 2398 3355 2467 deque

1787 2488 1994 2544 cmlesti
2042 2489 2134 2542 illo
2173 2490 2394 2552 mundo,
2449 2491 2610 2558 hujus
2649 2491 2819 2545 nostri
2867 2490 3150 2557 persimili,
3199 2505 3352 2544 com-

1759 2580 2176 2648 qmentationem
2201 2582 2450 2636 exsumat
2475 2582 2837 2652 Hieronymus
2865 2598 2984 2651 cap.
2999 2583 3056 2649 Α,
3075 2582 3234 2651 epist.
3261 2582 3354 2650 59,

1788 2671 1856 2724 ad
1890 2671 2034 2725 Avit.
2065 2673 2135 2726 At
2173 2673 2446 2728 immerito
2479 2673 2769 2744 Origenem
2805 2673 2986 2743 culpat
3028 2671 3358 2741 Epiphanius

1774 2761 1921 2816 111111.
1952 2778 2098 2825 111111,
2147 2780 2266 2834 cap.
2315 2765 2374 2827 4,
2424 2767 2566 2834 quod
2619 2765 2932 2821 Davidicum
2983 2763 3113 2818 illud
3158 2763 3353 2834 psalm.

1785 2867 1931 2918 cxtv,
1986 2854 2038 2920 7,
2097 2874 2125 2906 1.
2173 2856 2525 2920 Convertere,
2583 2857 2761 2911 anima
2818 2874 2960 2922 mea,
3007 2859 3060 2912 in
3112 2856 3353 2925 requiem

1761 2952 1956 3008 .tuam,
1989 2964 2008 2997 1
2045 2947 2111 3000 ad
2141 2948 2385 3016 requiem
2413 2947 2555 3001 illam
2584 2949 2858 3003 caelestem
2896 2950 3162 3014 retulerit,
3192 2965 3354 3018 quam

1784 3035 1854 3090 ob
1889 3035 2151 3104 praeclara
2193 3037 2244 3090 in
2273 3037 2381 3091 vita
2420 3039 2523 3092 hac
2559 3050 2712 3108 gesta
2742 3039 2918 3093 anima
2964 3040 3355 3108 consequitur;

1787 3133 1956 3179 totum
1988 3124 2186 3195 quippe
2213 3125 2356 3179 hunc
2385 3126 2646 3194 psalmum
2672 3127 2859 3182 eodem
2898 3127 3062 3182 refert
3093 3128 3353 3182 Ecclesia.

1787 3217 2116 3286 Augustinus
2167 3217 2220 3271 in
2272 3217 2410 3272 libro
2465 3217 2541 3272 De
2571 3207 2854 3272 hwresibus
2894 3234 2912 3271 :
2943 3237 2964 3270 1
3013 3218 3353 3283 Paradisum,

1784 3315 1841 3360 et
1877 3307 2068 3373 caelos,
2103 3315 2159 3362 et
2185 3307 2290 3363 alia
2321 3325 2425 3363 non
2462 3310 2692 3363 credunt
2727 3309 3085 3380 (Origeniani)
3114 3323 3234 3364 esse
3266 3323 3353 3363 se-

1785 3398 2021 3452 cundum
2061 3399 2318 3466 litteram,
2359 3401 2452 3456 sed
2509 3402 2561 3456 in
2610 3401 2889 3473 allegoria.
2929 3421 2948 3455 1
2985 3402 3224 3472 Denique
3255 3400 3352 3455 Mi-

1763 3489 1940 3544 .chael
1972 3491 2172 3561 Glycas
2207 3493 2404 3547 Annal.
2450 3503 2591 3564 part.
2628 3513 2644 3550 1
2678 3504 2733 3550 01
2779 3511 2832 3550 ιν
2876 3503 3037 3551 vexat
3066 3493 3353 3564 Origeucm

1762 3583 1886 3640 .boc
1928 3587 2163 3652 nomine,
2198 3589 2476 3657 ipsiusque
2509 3590 2835 3645 sententiam
2867 3604 2897 3643 a
2940 3587 3148 3644 Joanne
3177 3587 3354 3657 Chry-

1785 3686 2023 3733 sostomo
2059 3678 2396 3751 proﬂigatam
2427 3685 2840 3736 commemdrat.

1863 3771 1979 3828 XV.
2018 3773 2269 3828 Attamen
2305 3782 2494 3829 contra
2533 3782 2611 3828 tot
2638 3773 3070 3828 adversariorum
3119 3769 3358 3827 assultus

1784 3867 2004 3937 Origeni
2049 3867 2302 3936 przesidio
2343 3873 2426 3920 est
2477 3867 2594 3921 haec
2653 3867 2823 3936 ipsius
2871 3865 3158 3920 obtestatio
3206 3863 3300 3916 lib.
3338 3878 3355 3916 1

1784 3962 1925 4030 Περὶ
1949 3961 2171 4032 ἀρχῶν,
2206 3977 2326 4030 cap.
2362 3962 2417 4026 6,
2451 3976 2596 4014 num.
2637 3962 2687 4024 l,
2717 3975 2819 4027 qua
2845 3959 3054 4012 animos
3095 3956 3352 4011 lectorum

1784 4057 1851 4110 ad
1903 4037 2065 4124 supra
2111 4053 2357 4122 exposita
2387 4053 2635 4122 dogmata
2680 4052 2755 4105 ita
2802 4049 3128 4120 pranuunit:
3168 4065 3188 4099 1
3225 4048 3356 4114 Qua:

1783 4147 2000 4216 quidem
2028 4161 2058 4199 a
2096 4145 2248 4200 nobis
2281 4145 2445 4198 etiam
2483 4160 2606 4198 cum
2646 4158 2845 4213 magno
2884 4151 3026 4196 metu
3053 4151 3108 4196 et
3145 4140 3352 4197 cautela

1785 4241 2060 4302 dicuntur,
2093 4238 2512 4292 discutientibus
2551 4236 2723 4306 magis
2770 4244 2826 4289 et
2873 4233 3354 4304 pertractantibus,

1784 4346 1944 4400 quam
1979 4346 2079 4400 pro
2113 4339 2262 4384 certo
2287 4345 2352 4384 ac
2381 4329 2604 4383 deﬁnito
2641 4327 3027 4382 statuentibus.
3056 4322 3354 4380 Iudicatum

1785 4437 2017 4490 namque
2066 4437 2096 4476 a
2139 4421 2296 4477 nobis
2351 4423 2403 4476 in
2455 4421 2830 4489 superioribus
2865 4429 2967 4484 est,
2999 4434 3120 4488 qua:
3152 4417 3259 4472 sint
3289 4414 3357 4471 de

1783 4514 1979 4582 quibus
2013 4514 2302 4568 manifesto
2332 4514 2583 4581 dogmate
2639 4512 3036 4566 terminandum
3081 4510 3174 4572 sit,
3215 4509 3356 4577 quod

109 4569 234 4622 lisse
269 4568 553 4625 Platonem
607 4572 924 4640 arbitratur,
976 4590 1039 4630 ac
1091 4577 1296 4648 reliqua
1335 4579 1520 4634 itidem
1561 4595 1681 4648 quae
1715 4606 1759 4661 ι)
1788 4568 1841 4658 (ξι
1866 4603 2198 4672 ρτονίι-ῃηιε
2237 4617 2337 4656 nos
2379 4568 2569 4656 fecisse
2606 4610 2773 4669 puto,
2809 4615 2931 4652 cum
2980 4598 3047 4651 de
3092 4595 3359 4650 Τι’ἱηίιίιιθ

111 4661 174 4714 1111
213 4662 359 4716 1111110
401 4661 637 4717 fabulam
691 4667 994 4735 pertinent,
1049 4671 1502 4736 quemadmodum
1547 4682 1603 4726 et
1651 4689 1684 4727 a

113 4752 321 4824 Moyse,
357 4755 584 4824 aliisque
613 4758 912 4826 prophetis.
942 4761 1194 4831 Aggamm
1213 4777 1340 4818 vero
1365 4764 1682 4818 nominatim

108 4849 316 4913 laudat,
362 4850 454 4917 qui
483 4864 602 4918 cap.
637 4866 700 4917 11,
733 4867 875 4908 vers.
898 4853 954 4916 7,
981 4863 1179 4909 terram
1214 4857 1281 4913 ab
1326 4857 1475 4911 arida
1506 4857 1683 4911 maui-

112 4942 248 4997 leste
274 4942 584 5011 distinguit.

180 5032 324 5086 XIV.
362 5031 720 5104 Origenianos
753 5050 966 5092 errores
997 5036 1149 5094 libris
1186 5040 1326 5107 Περὶ
1370 5041 1574 5108 ἀρχῶν
1602 5041 1683 5096 111-

113 5135 292 5182 sertos
314 5141 644 5198 percenseas
675 5129 1034 5201 Hieronymus
1059 5131 1111 5186 in
1139 5132 1299 5201 epist.
1326 5133 1495 5196 59,ad
1519 5133 1687 5196 Avit.,

116 5227 449 5274 memoratos
478 5220 600 5276 illos
633 5222 702 5277 de
729 5236 981 5290 suprema
1024 5222 1304 5290 felicitate,
1351 5239 1414 5278 ac
1456 5224 1690 5279 diversis

116 5309 396 5366 felicitatis
442 5313 703 5384 gradibus
753 5314 976 5369 minime
1025 5315 1396 5383 praetermisit.
1444 5315 1686 5370 Primum

114 5397 275 5466 hujus
314 5403 556 5471 epistolae
601 5413 767 5474 caput
806 5406 909 5474 legi
935 5405 1117 5472 velim,
1160 5421 1225 5460 ac
1259 5406 1489 5462 alterum
1536 5407 1687 5473 item,

113 5494 256 5560 quod
288 5495 340 5548 in
378 5496 463 5551 his
494 5497 700 5564 verbis,
735 5513 766 5553 c
797 5498 901 5553 line
940 5498 1164 5552 secundi
1196 5498 1272 5553 De
1321 5500 1591 5569 principiis
1621 5499 1686 5553 li-

117 5581 197 5635 bri
230 5585 442 5650 petitis,
474 5584 712 5640 desinit:
745 5607 765 5640 1
795 5587 1040 5658 Cumque
1069 5589 1348 5645 intantum
1384 5591 1685 5659 profeceri-

116 5686 255 5734 mus,
290 5684 352 5727 nt
379 5689 720 5745 nequaquam
751 5693 941 5734 carnes
973 5688 1028 5735 et
1057 5695 1303 5750 corpora,
1350 5681 1575 5739 forsitan
1619 5703 1684 5744 nc

185 5783 231 5815 “
256 5784 416 5840 Joan.
445 5788 688 5853 xvn,15.

189 5877 304 5950 (19)
332 5879 480 5952 Orig.
510 5883 602 5942 lib.
635 5898 706 5940 vu
734 5894 915 5939 contra
949 5885 1179 5957 Celsum,
1212 5904 1358 5944 1111111.
1390 5889 1480 5956 29,
1512 5889 1597 5944 50.

1792 4682 2155 4764 loqueremur.
2189 4692 2341 4747 Nunc
2376 4703 2558 4747 autem
2598 4690 2907 4761 disputandi
2949 4689 3130 4758 specie
3163 4686 3352 4755 magis,

1785 4803 1948 4856 quam
2002 4786 2314 4851 deﬁniendi,
2373 4795 2532 4854 prout
2579 4798 2888 4855 possumus,
2941 4794 3278 4836 exercemur.
3332 4795 3350 4828 1

1784 4881 1866 4934 Ad
1904 4880 2019 4934 hazc
2057 4879 2197 4933 libro
2230 4879 2497 4948 sequenti,
2545 4893 2666 4947 cap.
2713 4877 2768 4940 5,
2823 4891 2967 4929 1111111.
3013 4873 3069 4934 6,
3105 4871 3233 4940 quid
3264 4877 3358 4922 aut

1786 4985 1894 5038 quo
1929 4969 2047 5024 loco
2091 4968 2163 5022 sit
2206 4968 2308 5022 iste
2336 4969 2590 5031 mundus,
2626 4981 2655 5018 e
2678 4981 2786 5034 quo
2817 4964 3034 5018 venisse
3069 4976 3128 5016 se
3157 4957 3357 5025 signiﬁ-

1788 5062 1943 5115 cabat
1979 5060 2254 5123 Servator,
2286 5074 2408 5113 cum
2459 5059 2693 5121 diccbat,
2752 5074 2771 5106 1
2813 5055 2922 5124 Ego
2983 5069 3087 5106 11011
3127 5066 3243 5105 sum
3291 5049 3357 5103 de

1788 5153 1893 5208 hoc
1930 5152 2129 5205 mundo
2179 5151 2246 5217 ‘°,
2298 5169 2317 5202 1
2377 5167 2482 5205 11011
2524 5150 2662 5203 satis
2709 5155 3023 5201 constanter
3072 5139 3351 5210 prodidit:

1792 5255 1812 5288 1
1856 5238 1962 5291 Sed
2018 5247 2198 5291 utrum
2255 5238 2483 5292 mundus
2543 5237 2666 5297 iste,
2731 5233 2924 5302 inquit,
2971 5245 3129 5301 quem
3167 5228 3354 5283 sentiri

1786 5327 1925 5394 vult,
1975 5339 2260 5398 separatus
2309 5329 2377 5383 ab
2419 5329 2521 5382 hoc
2575 5328 2669 5389 sit,
2705 5319 3231 5408 longeque’divisus,
3271 5317 3354 5370 vel

1786 5419 1924 5486 loco,
1955 5419 2036 5473 vel
2072 5418 2358 5488 qualitate,
2416 5417 2498 5472 vel
2546 5416 2755 5487 gloria;
2807 5430 2874 5467 an
2908 5412 3075 5483 gloria
3112 5410 3352 5479 quidem,

1787 5520 1843 5564 et
1893 5510 2156 5579 qualitate
2205 5509 2498 5577 praecellat,
2546 5509 2687 5561 intra
2734 5515 2917 5558 tamen
2967 5501 3150 5556 mundi
3195 5500 3354 5567 hujus

1763 5600 2344 5669 circumscriptionem
2380 5598 2720 5662 cohibeatur,
2755 5593 2895 5662 quod
2929 5602 2983 5648 et
3009 5591 3140 5644 mihi
3185 5588 3353 5658 magis

1765 5690 2088 5749 verisimile
2115 5691 2351 5756 videtur,
2387 5690 2654 5746 incertum
2686 5695 2866 5741 tamen
2911 5692 3019 5748 est,
3043 5688 3100 5736 ut
3127 5692 3227 5748 ego
3259 5691 3349 5732 ar-
