3914 6528
574 424 714 481 10ὶό

1850 422 1909 476 Ρ.
1955 419 2272 475 DANIELIS
2312 416 2545 472 HUETII

3703 420 3823 474 lilii

575 542 773 605 hitror,
804 551 853 594 et
889 541 1139 597 humanis
1181 541 1359 597 adhuc
1412 542 1831 613 cogitationibus
1870 552 1926 595 et
1956 543 2148 595 menti-
2176 547 2225 601 Α
2259 554 2400 601 ram,
2437 552 2561 591 cum
2594 538 2729 591 Deus
2766 538 2876 591 erit
2906 536 3091 589 omnia
3123 534 3178 589 in
3209 536 3502 600 omnibus;
3550 543 3823 605 consequi-

573 633 673 687 luis
719 634 1034 686 inusitatum
1076 649 1146 698 ς»
1206 633 1401 689 deinde
1443 636 1642 704 triplici
1689 636 1756 689 de
1807 649 1991 689 rerum
2019 648 2150 686 con-

571 726 931 780 summatione
971 734 1027 779 et
1078 740 1291 780 summa
1329 727 1667 782 beatitudine
1716 727 1992 798 pr0posita
2029 741 2153 780 sen-

570 816 769 879 tentia,
841 817 907 868 ad
979 816 1279 885 quamlibet
1349 821 1780 888 persequendam
1858 817 2153 887 unicuique

566 907 778 961 arbitrii
835 908 921 961 sui
983 908 1290 964 libertatem
1355 911 1643 980 permittit.
1700 909 1770 963 Et
1816 918 2149 979 postremum

571 998 788 1051 tandem
848 1008 1012 1068 caput
1062 999 1184 1055 libri
1224 1015 1309 1065 Ill,
1360 1000 1440 1055 De
1495 1001 1751 1069 princip.,
1782 1001 1926 1068 quod
1957 1006 2039 1053 est
2075 996 2151 1050 De

566 1091 1028 1143 consummatione
1053 1092 1259 1157 mundi,
1291 1091 1494 1147 claudit
1521 1092 1607 1147 his
1643 1091 1823 1146 verbis
1849 1110 1862 1145 :
1892 1109 1911 1143 ι
1953 1090 2149 1146 [lacte-

566 1196 670 1234 nus
705 1180 862 1234 nobis
887 1183 1050 1236 etiam
1084 1198 1360 1252 corporea!
1378 1196 1592 1239 natura:
1626 1183 1706 1237 vel
1731 1183 1994 1251 spiritalis
2023 1197 2149 1237 cor-

566 1267 716 1335 poris
750 1267 958 1321 ratione
1006 1269 1274 1334 discussa,
1328 1273 1560 1326 arbitrio
1613 1270 1842 1337 legentis
1886 1272 2144 1340 relinqui-

566 1375 711 1419 mus.
758 1374 825 1414 ex
868 1371 1096 1425 utroque
1152 1365 1298 1434 quod
1347 1365 1542 1419 melius
1591 1365 1919 1434 judicaverit
1950 1364 2148 1436 eligen-

564 1449 713 1503 dum.
747 1470 767 1501 ι
824 1450 1052 1507 liomilia
1096 1453 1168 1509 25
1223 1454 1277 1507 in
1321 1451 1524 1521 Josue,
1573 1470 1725 1513 num.
1770 1455 1825 1522 4,
1860 1466 2146 1525 postquam

574 1557 683 1597 .oea
738 1544 982 1600 cmlestia
1039 1546 1125 1602 his
1177 1547 1530 1603 terrestribus
1578 1548 1778 1603 similia
1823 1550 2146 1617 assignavit,

562 1634 831 1702 ejusmodi
895 1639 1158 1708 mysteria
1216 1640 1572 1696 veneratione
1628 1641 1791 1712 digna
1835 1650 1891 1696 et
1932 1641 2147 1715 silentio

563 1740 687 1780 esse
717 1726 987 1793 declarat,
1020 1745 1122 1784 nec
1162 1745 1191 1783 a
1224 1732 1539 1786 mortalium
1598 1722 1895 1802 quoquam,
1923 1746 1991 1785 ne
2015 1732 2147 1799 ipsis

561 1818 785 1886 quidem
835 1822 1103 1888 apostolis
1148 1822 1391 1891 perfecte
1432 1817 1673 1893 proferri
1712 1837 1891 1894 posse.
1939 1822 2144 1890 Quam-

2258 638 2345 682 tur
2376 627 2527 680 illinc
2564 628 2877 681 necessario
2916 625 3154 679 desitura
3206 627 3587 680 damnatorum
3630 631 3820 697 suppli-

2252 723 2361 783 cia,
2392 734 2567 789 eaque
2595 735 2858 774 noxarum
2909 719 3174 773 duntaxat
3216 721 3553 788 expurgandi
3605 736 3762 775 causa
3795 740 3819 774 a

2253 811 2365 866 Deo
2400 810 2709 865 hominibus
2738 808 2930 879 inlligi.
2953 809 3198 865 Hominis
3220 820 3367 864 esset
3400 810 3817 879 intemperantis,

2254 922 2431 978 neque
2463 907 2598 961 satis
2631 906 2862 975 tempori
2889 905 3163 975 parcentis
3191 919 3308 969 suo,
3339 919 3683 973 quaecunque
3724 920 3818 960 ve-

2252 998 2405 1052 sania
2446 996 2547 1050 hac
2579 995 2747 1050 oblita
2800 995 2856 1049 in
2907 994 3255 1064 Origenianis
3299 992 3710 1047 commentariis
3748 1008 3817 1048 re-

2252 1089 2559 1158 periuntur,
2597 1088 2783 1143 lectori
2826 1087 3164 1143 recensenda
3203 1086 3476 1157 objicere;
3523 1087 3662 1140 adeo
3692 1088 3810 1140 mul-

2252 1188 2337 1235 tus
2362 1188 2447 1234 est
2475 1180 2528 1234 in
2557 1181 2657 1236 hoc
2682 1182 2941 1251 dogmate
2967 1179 3268 1249 prodendo,
3320 1188 3376 1233 et
3415 1180 3640 1233 odiosus
3684 1179 3811 1233 Ada-

2251 1275 2510 1328 mantius.
2546 1274 2651 1327 Sed
2709 1288 2777 1328 ne
2819 1288 2917 1327 nos
2976 1283 3157 1327 tamen
3203 1286 3233 1324 a
3282 1286 3434 1325 more
3484 1270 3814 1325 deﬂectamus

2251 1374 2460 1425 nostro.
2495 1363 2727 1418 illustria
2760 1364 2933 1418 solum
2956 1364 3078 1416 tidei
3104 1377 3267 1416 causa
3297 1376 3649 1431 seponemus.
3677 1359 3815 1415 Prior

2248 1456 2489 1512 occurrit
2546 1455 2695 1510 locus
2742 1455 2930 1509 homil.
2979 1455 3011 1509 7
3066 1456 3121 1509 in
3161 1455 3352 1518 Levit.,
3402 1455 3456 1507 in
3490 1469 3595 1521 qua
3627 1453 3817 1520 prolixe

2250 1547 2490 1617 disputat
2517 1546 2787 1617 quomodo
2814 1544 2961 1599 Patri
2992 1544 3272 1613 subjectus
3304 1544 3475 1599 Filius
3498 1543 3602 1597 dici
3640 1545 3813 1613 possit,

2251 1639 2599 1707 ostenditque
2648 1636 2845 1691 Filium
2905 1645 3132 1691 eatenus
3189 1634 3298 1690 dici
3350 1633 3505 1689 Patri
3557 1648 3664 1689 non
3710 1650 3817 1690 esse

2249 1733 2578 1803 subjectum,
2604 1738 2879 1800 quatenus
2908 1743 3027 1792 nos,
3059 1728 3148 1796 qui
3201 1740 3392 1781 sumus
3416 1725 3625 1781 Christi
3658 1740 3813 1781 mem-

2247 1825 2367 1888 bra,
2403 1821 2546 1877 Patri
2578 1820 2807 1875 minime
2848 1818 3073 1886 subjecti
3122 1833 3329 1872 sumus.
3372 1836 3391 1868 ι
3439 1816 3578 1871 Cum
3607 1832 3751 1882 vero,
3794 1834 3811 1869 ι

559 1913 747 1963 obrem
771 1920 827 1965 et
850 1911 988 1965 libro
1035 1929 1087 1967 Iv
1129 1914 1271 1983 Περὶ
1298 1914 1521 1984 ἀρχῶν,
1557 1932 1705 1970 num.
1743 1915 1837 1981 25,
1865 1932 1987 1986 pag.
2020 1916 2137 1981 186,

2250 1917 2448 1985 inquit,
2473 1927 2621 1968 num.
2650 1912 2706 1974 2,
2752 1926 2879 1981 pag.
2919 1909 3047 1977 222,
3113 1929 3132 1962 ‹
3175 1909 3639 1964 consummaverit
3694 1924 3815 1978 opus

564 2016 787 2070 regnum
816 2005 1078 2061 ctelomm
1115 2008 1373 2064 thesauro
1405 2009 1457 2062 in
1493 2023 1625 2078 agro
1660 2008 1978 2064 abscondito
2005 2023 2147 2063 com-

562 2103 811 2163 paratum
846 2095 1017 2152 fuisse
1045 2108 1219 2166 putat.

637 2185 1050 2252 Verumtamen.
1099 2191 1349 2261 quamvis
1387 2193 1596 2263 liquido
1648 2202 1705 2250 et
1757 2194 1876 2251 sine
1920 2195 2145 2263 ambage

560 2289 947 2346 asseverasset,
994 2298 1113 2351 quae
1158 2283 1401 2339 incertus
1459 2289 1769 2356 proposuit,
1832 2298 2143 2342 sanctorum

561 2368 768 2439 aliquot
795 2371 1035 2427 virorum
1071 2373 1347 2444 suﬂ‘ragiis
1380 2386 1434 2431 et
1462 2392 1731 2433 consensu
1767 2378 2141 2447 adjuvaretur.

557 2461 809 2518 Clemens
854 2464 1250 2521 Alexandrinus
1298 2467 1392 2521 lib.
1460 2484 1499 2523 ιι
1556 2468 1755 2523 Strom.
1804 2470 1855 2525 id
1905 2468 2145 2525 Platonis

560 2555 796 2623 axioma,
844 2573 951 2627 quo
1010 2568 1121 2613 tum
1170 2560 1386 2614 beatum
1442 2561 1715 2616 hominem
1766 2577 1886 2618 esse
1932 2562 2141 2631 deiinit,

558 2661 682 2700 cum
731 2648 839 2703 Deo
891 2650 1085 2704 similis
1129 2662 1232 2716 est,
1277 2652 1576 2723 Scriptura:
1608 2669 1779 2708 sacrae
1817 2655 2145 2710 auctoritate

558 2739 823 2796 defendit.
863 2741 938 2796 De
967 2746 1127 2798 modo
1176 2760 1237 2799 ac
1274 2745 1391 2801 loco
1427 2746 1705 2801 felicitatis
1739 2756 2070 2812 sanctorum,
2112 2763 2142 2803 a

556 2832 749 2899 primis
806 2849 976 2903 usque
1035 2836 1287 2891 Ecclesiae
1352 2838 1681 2907 temporibus
1739 2838 1806 2891 ad
1875 2839 2143 2893 Innocen-

560 2924 692 2977 tium
716 2923 781 2977 Ill
813 2933 865 2978 et
898 2926 1235 2982 Benedictum
1260 2928 1348 2995 XI,
1374 2943 1438 2983 ac
1458 2928 1820 2983 Florentinam
1846 2930 2141 3000 synodum,

556 3015 689 3069 nihil
722 3017 858 3071 certi
886 3017 985 3070 fuit
1012 3020 1080 3072 ab
1117 3018 1363 3075 Ecclesia
1392 3021 1798 3091 praescriptum,
1831 3025 1967 3075 adeo
1999 3031 2057 3075 ut
2087 3020 2139 3076 in

557 3106 779 3162 diversa
812 3106 1004 3164 Patres
1039 3111 1292 3166 abierint.
1333 3112 1532 3166 Eorum
1557 3114 1861 3169 sententias
1892 3123 1945 3169 et
1987 3114 2141 3168 testi-

555 3200 734 3253 monia
763 3200 981 3268 collegit
1015 3200 1204 3257 Sixtus
1250 3204 1511 3259 Senensis
1554 3204 1650 3258 lib.
1681 3222 1715 3258 v
1776 3204 1940 3272 Bibl.,
1970 3209 2139 3261 adno-

558 3298 655 3344 tat.
693 3291 819 3355 545,
852 3301 910 3346 ιιι
935 3292 990 3345 in
1024 3292 1216 3347 iisdem
1245 3293 1352 3349 huc
1381 3295 1708 3364 reponendis
1731 3311 2135 3366 supervacanea

550 3384 731 3439 omnis
759 3400 881 3440 esse
921 3399 1084 3454 opera
1134 3386 1406 3442 videatur.
1451 3387 1656 3442 Prteter
1677 3403 1771 3444 eos
1805 3390 1895 3458 qui
1922 3391 1989 3445 ab
2022 3392 2139 3463 ipso

550 3477 969 3530 commemorati
1010 3485 1157 3544 sunt,
1186 3478 1321 3532 adiri
1356 3479 1518 3533 velim
1549 3476 1811 3549 Cypriani
1844 3483 2137 3550 epistolam

553 3564 644 3628 52,
678 3565 746 3619 ad
801 3567 1198 3635 Antonianum,
1254 3567 1611 3624 Novatiannm
1660 3571 1754 3629 lib.
1812 3572 1891 3628 De
1919 3573 2137 3640 Triuit.,

551 3670 673 3726 cap.
704 3660 775 3723 1;
820 3658 1175 3713 Athanasium
1222 3660 1274 3714 in
1335 3658 1676 3729 Expositione
1730 3664 1878 3733 ﬁdei,
1922 3668 2139 3735 paradi-

551 3764 669 3802 sum
694 3748 888 3803 latroni
914 3764 943 3802 a
973 3748 1192 3804 Christo
1225 3750 1276 3804 in
1306 3765 1470 3807 cruce
1492 3754 1845 3822 promissum,
1868 3770 1991 3811 eum
2018 3772 2139 3814 esse

552 3850 866 3894 ccusentem
909 3841 1050 3896 unde
1084 3843 1323 3898 Adamus
1368 3843 1578 3914 ejectus
1624 3855 1729 3911 est,
1777 3863 1898 3902 cum
1936 3848 2138 3920 Cyrillo

549 3931 1003 4004 Jerusolymitano
1058 3934 1272 3991 Cateclt.
1301 3948 1524 4008 mystag.
1570 3955 1611 4005 ι,
1666 3938 1867 3995 Basilio
1908 3942 1960 3996 in
1997 3943 2138 3999 libro

554 4023 631 4078 De
662 4024 934 4092 paradiso,
988 4034 1044 4081 et
1089 4042 1210 4089 cap.
1247 4028 1316 4081 27
1353 4030 1477 4085 libri
1528 4031 1607 4085 De
1659 4029 1864 4098 Spiritu
1910 4044 2134 4101 sancto;

550 4115 815 4184 Gregorio
841 4116 1088 4188 Nysseno
1119 4120 1171 4173 in
1200 4130 1345 4178 orat.
1383 4124 1439 4175 iu
1464 4123 1818 4193 quadraginta
1852 4138 2132 4196 martyres,

551 4215 607 4258 et
628 4206 856 4263 Paulino
882 4208 1106 4275 Nolano,
1124 4211 1263 4265 idem
1289 4214 1655 4268 sentientibus
1675 4230 1737 4268 ac
1766 4218 1939 4270 sensit
1968 4220 2135 4271 Attia-

549 4297 760 4352 nasius.
794 4300 1035 4352 Adeatur
1062 4308 1115 4355 et
1149 4301 1491 4370 Epiphanius
1536 4304 1589 4356 ιιι
1639 4304 1799 4373 epist.
1851 4308 1917 4359 ad
1971 4306 2130 4362 Joan.

546 4385 895 4457 Jerosolym.,
928 4405 1049 4459 cap.
1098 4391 1155 4459 4,
1203 4400 1258 4446 et
1312 4393 1363 4446 in
1395 4394 1681 4460 Ain-orato,
1718 4410 1835 4465 cap.
1872 4396 1966 4463 54,
1999 4398 2126 4453 alibi

547 4480 858 4545 paradisum
887 4482 1183 4547 collocatis,
1235 4484 1366 4539 alibi
1407 4484 1649 4549 cmlutn;
1692 4496 1748 4541 et
1795 4487 2132 4557 Augustinus

2249 2020 2430 2068 suum,
2464 2011 2520 2058 et
2558 2002 2870 2057 universam
2902 2010 3215 2055 creaturam
3270 2014 3424 2053 suam
3458 1999 3527 2053 ad
3561 2014 3813 2053 summurn

2246 2094 2599 2167 perfectionis
2624 2092 2939 2158 adduxerit,
2970 2100 3095 2146 tunc
3140 2092 3257 2161 ipse
3291 2092 3514 2146 dicetur
3555 2090 3815 2159 subjectus

2250 2188 2302 2241 in
2339 2186 2424 2241 his
2450 2200 2587 2255 quos
2609 2185 2850 2239 subdidit
2876 2183 3045 2247 Patri,
3079 2193 3136 2237 et
3171 2183 3225 2236 in
3268 2182 3474 2252 quibus
3510 2196 3646 2250 opus
3685 2184 3812 2252 quod

2246 2280 2294 2335 ei
2326 2279 2489 2334 Pater
2517 2277 2743 2332 dederat
2771 2274 3190 2340 consummavit,
3224 2283 3282 2327 ut
3313 2275 3358 2327 si
3389 2272 3536 2329 Deus
3566 2274 3743 2327 omnia
3770 2275 3813 2326 in

2246 2371 2519 2425 omnibus.
2556 2387 2574 2421 ι
2620 2366 2912 2435 Subjungit
2942 2366 3134 2420 deinde
3173 2365 3455 2419 Christum
3501 2375 3615 2419 tum
3645 2365 3811 2419 vinum

2247 2463 2566 2525 bibiturum,
2613 2478 2632 2512 ι
2685 2474 2810 2514 cum
2856 2457 3095 2525 subjecta
3167 2457 3217 2510 ei
3256 2456 3466 2509 fuerint
3517 2456 3722 2521 omnia,
3766 2466 3814 2510 et

2248 2553 2470 2608 salvatis
2505 2551 2763 2606 omnibus
2793 2563 2858 2602 ac
2885 2549 3157 2602 destructa
3191 2556 3369 2601 morte
3396 2548 3636 2615 peccati,
3686 2547 3812 2600 ultra

2240 2645 2351 2715 jam
2394 2644 2760 2700 necessarium
2797 2657 2900 2695 non
2941 2642 3047 2695 erit
3086 2640 3283 2696 offerre
3312 2643 3523 2697 hostias
3554 2657 3653 2711 pro
3694 2656 3813 2710 pec-

2246 2747 2389 2793 cato.
2425 2756 2444 2789 ι
2480 2737 2642 2790 Addit
2664 2734 2824 2805 paulo
2863 2742 3025 2803 post:
3063 2750 3084 2785 ι
3114 2734 3334 2800 Quanto
3360 2734 3537 2803 magis
3571 2734 3816 2788 Dominus

2245 2840 2300 2885 et
2326 2829 2579 2885 Salvator
2618 2837 2825 2893 noster,
2872 2828 2967 2899 qui
3017 2837 3181 2896 caput
3231 2836 3284 2882 et
3310 2835 3507 2882 auctor
3553 2835 3639 2881 est
3662 2825 3819 2879 totius

2244 2922 2513 2992 corporis,
2563 2937 2670 2975 non
2704 2922 2808 2977 sibi
2845 2919 3141 2991 perfectam
3195 2920 3329 2973 dicit
3378 2932 3506 2974 esse
3556 2918 3814 2982 laetitiam,

2243 3015 2416 3070 donec
2442 3015 2646 3083 aliquid
2690 3030 2758 3070 ex
2811 3016 3075 3072 membris
3127 3011 3319 3068 deesse
3352 3012 3576 3081 corpori
3612 3025 3714 3066 suo
3749 3010 3822 3065 vi-

2242 3105 2390 3161 det?
2439 3124 2459 3159 ι
2516 3105 2919 3177 Suhjectionem
2998 3108 3141 3163 illam
3184 3105 3347 3160 simili
3373 3104 3553 3159 'modo
3602 3103 3817 3173 exponit

2243 3197 2339 3254 lib.
2385 3213 2444 3252 ιιι
2484 3199 2623 3266 Περὶ
2652 3198 2875 3269 ἀρχῶν,
2910 3214 3033 3268 cap.
3071 3200 3125 3264 5,
3169 3212 3321 3252 num.
3368 3197 3425 3262 6,
3476 3210 3601 3252 cum
3638 3194 3817 3250 scribit

2242 3290 2521 3346 Christum
2562 3291 2615 3345 in
2644 3292 2939 3360 semetipso
2969 3290 3427 3358 complectentem
3457 3302 3652 3343 omnes
3689 3301 3817 3355 quos

2241 3382 2474 3451 subjecit
2512 3381 2683 3448 Patri,
2720 3392 2775 3437 et
2798 3383 2887 3453 qui
2918 3382 3081 3452 hujus
3119 3396 3223 3451 ope
3260 3381 3493 3437 salutem
3541 3379 3813 3437 consecuti

2239 3482 2386 3538 sunt,
2440 3488 2564 3529 cum
2597 3473 2733 3543 ipsis
2762 3485 2819 3529 et
2866 3475 2918 3529 in
2950 3473 3083 3543 ipsis
3128 3474 3277 3528 Patri
3330 3472 3639 3543 subjectum
3692 3470 3813 3525 dici.

2240 3564 2525 3620 Subnectit
2553 3575 2738 3636 postea
2759 3580 2908 3620 num.
2939 3566 2971 3619 7
2998 3582 3012 3620 :
3040 3584 3059 3617 ι
3084 3565 3139 3619 Si
3172 3578 3302 3632 ergo
3324 3565 3467 3618 bona
3500 3573 3555 3617 et
3575 3560 3815 3617 salutaris

2239 3657 2511 3726 accipitur
2537 3658 2641 3712 ista
2674 3657 2964 3725 subjectio,
2991 3672 3094 3726 qua
3134 3656 3418 3725 subjectus
3450 3669 3577 3709 esse
3620 3654 3813 3708 dicitur

2241 3747 2411 3804 Filius
2433 3748 2602 3813 Patri,
2627 3748 2783 3803 valde
2833 3763 3176 3817 consequens
3209 3755 3262 3800 et
3304 3747 3591 3801 cohaerens
3620 3754 3723 3807 est,
3760 3752 3814 3793 ut

2241 3838 2587 3893 inimicorum
2655 3852 2776 3907 qua:
2825 3838 3025 3893 dicitur
3066 3836 3202 3892 Filio
3237 3836 3334 3890 Dei
3374 3850 3502 3890 esse
3531 3834 3812 3904 subjectio,

2239 3929 2496 3984 salutaris
2556 3930 2803 3998 quaedam
2854 3929 3178 3998 intelligatur
3234 3938 3291 3982 et
3326 3927 3523 3982 utilis:
3575 3937 3635 3980 ut
3675 3930 3813 3979 sicut

2239 4036 2362 4078 cum
2405 4020 2605 4075 dicitur
2638 4020 2810 4076 Filius
2860 4020 3012 4075 Patri
3065 4019 3366 4088 subjectus,
3407 4018 3647 4088 perfecta
3699 4017 3813 4069 uni-

2237 4123 2409 4165 versa:
2470 4120 2737 4166 creaturm
2790 4112 3066 4167 restitutio
3129 4111 3444 4166 declaratur
3492 4127 3506 4176 ;
3574 4110 3648 4163 ita
3693 4123 3813 4163 cum

2239 4200 2378 4256 Filio
2409 4202 2503 4257 Dei
2536 4203 2740 4257 inimici
2785 4204 3044 4257 dicuntur
3077 4218 3201 4257 esse
3235 4202 3498 4271 subjecti,
3540 4200 3811 4269 subjecto-

2238 4309 2356 4347 rutn
2411 4295 2557 4350 salus
2596 4296 2648 4349 in
2682 4311 2747 4350 eo
2786 4296 3139 4366 intelligatur,
3174 4303 3230 4349 et
3259 4294 3540 4362 reparatio
3573 4293 3811 4362 perdito~

2235 4401 2377 4440 rum.
2410 4404 2428 4438 ι
2464 4384 2559 4440 llis
2586 4397 2889 4440 consonant
2912 4400 3031 4455 quae
3073 4386 3332 4455 leguntur
3370 4384 3424 4438 in
3472 4385 3577 4437 line
3613 4391 3812 4436 tracta-

2240 4484 2325 4530 tus
2380 4491 2514 4530 xxnt
2583 4477 2638 4531 iu
2692 4475 2911 4542 Matth.,
2964 4492 3115 4530 num.
3171 4479 3226 4530 8.
3284 4475 3393 4531 Sed
3434 4486 3491 4531 et
3541 4476 3721 4545 aliqua
3749 4475 3814 4528 de

547 4568 643 4622 lib.
702 4585 771 4622 xx
822 4569 900 4623 De
948 4573 1091 4627 civit.
1135 4573 1257 4639 Dei,
1303 4575 1531 4644 cap.'u
1560 4585 1614 4630 et
1654 4576 1744 4640 i6,
1774 4577 1827 4631 in
1858 4579 2129 4648 aliquibus
2167 4591 2209 4645 υ
2235 4568 2566 4638 subjectione
2615 4569 2701 4623 illa
2740 4569 2862 4624 Filii
2903 4568 3121 4624 disserit
3175 4578 3338 4625 tract.
3365 4584 3503 4636 xxx,
3536 4584 3685 4622 num.
3724 4566 3811 4632 55,

546 4657 769 4728 Origeni
802 4663 1173 4730 consentiens,
1209 4673 1265 4718 et
1298 4674 1488 4720 auctor
1520 4665 1887 4730 Qumstionum
1912 4669 1983 4720 ad
2014 4672 2125 4724 An.

544 4750 799 4814 tiochum,
838 4750 1147 4807 hominibus
1182 4753 1563 4808 absconditum
1612 4753 1737 4819 hoc,
1789 4763 1843 4809 et
1884 4756 2124 4823 ignotum

542 4857 665 4900 esse
695 4848 1013 4916 mysterium
1042 4849 1283 4907 edicens.

624 4938 766 4992 XVI.
804 4940 949 4995 Satis
993 4956 1058 4996 ex
1098 4942 1494 5011 superioribus,
1542 4943 1708 4999 etiam
1768 4958 1855 4999 me
1902 4944 2120 5008 silente,

544 5031 825 5100 colligitur
852 5033 1231 5087 damnatorum
1260 5036 1438 5103 pmnis
1473 5038 1691 5091 modum
1739 5036 2031 5105 aliquando
2072 5045 2128 5090 et

544 5124 704 5179 linem
757 5140 824 5178 ex
877 5126 1101 5180 decreto
1157 5126 1411 5195 Origenis
1462 5127 1773 5196 impositum
1837 5128 1944 5183 iri:
1998 5142 2122 5183 cum

541 5219 686 5271 enim
732 5217 974 5271 futurum
1022 5227 1176 5273 ratus
1216 5218 1312 5283 sit,
1360 5227 1421 5273 ut
1467 5234 1851 5288 quemcunque
1908 5227 2127 5273 teneant

541 5319 742 5361 statum
783 5308 1003 5371 animai,
1035 5322 1265 5377 peccare
1316 5309 1547 5377 possint,
1581 5317 1636 5363 et
1670 5309 1849 5378 reipsa
1884 5322 2124 5378 persaspe

544 5409 793 5471 peccent,
832 5414 894 5452 ac
937 5415 1039 5467 pro
1076 5402 1317 5470 peccatis
1356 5401 1441 5455 vel
1489 5401 1700 5455 meritis
1730 5409 1989 5469 perpetuo
2010 5400 2121 5454 cir-

542 5495 686 5549 cuitu
718 5491 785 5546 ab
809 5492 932 5545 imis
967 5492 1033 5545 ad
1068 5508 1303 5555 summa,
1330 5509 1359 5546 a
1389 5493 1619 5547 summis
1666 5494 1734 5546 ad
1780 5493 1887 5546 ima
1942 5492 2122 5547 revolo

555 5593 773 5647 vantur,
806 5584 1083 5653 ipsiusque
1130 5583 1327 5637 diaboli
1383 5598 1573 5637 aversa
1628 5598 1658 5635 a
1706 5581 1817 5638 Deo
1867 5581 2123 5638 voluntas

541 5676 670 5728 olim
704 5677 1031 5729 conterenda
1067 5674 1156 5738 sit,
1188 5684 1244 5727 et
1267 5674 1376 5727 Deo
1412 5673 1560 5726 Patri
1606 5688 1830 5743 regnum
1869 5673 2120 5730 Christus

544 5768 614 5819 sit
643 5766 960 5826 traditurus,
1010 5775 1230 5834 tumque
1281 5763 1679 5819 existimaverit
1732 5764 1946 5831 plenam
2001 5781 2117 5820 om-

548 5856 693 5909 nium
735 5856 1175 5911 ἀποκατάστασιν
1203 5872 1264 5913 ac
1290 5856 1580 5927 perfectam
1620 5854 1935 5913 felicitatem
1974 5857 2115 5914 futu-

2234 4660 2416 4728 operis
2446 4660 2709 4730 ejusdem,
2764 4677 2886 4732 qua:
2930 4663 3189 4731 quoniam
3232 4661 3464 4715 alterius
3493 4669 3621 4714 sunt
3653 4674 3813 4727 argu-

2232 4752 2424 4818 menti,
2459 4756 2837 4822 prmtermitto.
2893 4754 3160 4810 Sueccdat
3191 4752 3416 4809 homilia
3460 4753 3494 4807 6
3544 4753 3599 4805 iu
3624 4750 3812 4813 Nam,

2230 4858 2379 4897 num.
2410 4843 2466 4909 4,
2497 4844 2548 4897 in
2588 4860 2692 4914 qua
2722 4846 2789 4899 de
2836 4846 2982 4917 lepra
3031 4847 3338 4917 disputans,
3381 4856 3606 4915 propter
3649 4856 3813 4913 quam

2227 4935 2423 4989 castris
2451 4933 2807 5003 ejiciebantur
2838 4936 2929 5000 qui
2964 4951 3026 4990 ea
3067 4936 3417 5000 laborabant,
3450 4936 3653 5003 lepram
3687 4945 3809 5001 pec-

2231 5034 2352 5079 cato
2376 5025 2610 5090 coulert,
2643 5041 2873 5095 eamque
2909 5042 3013 5081 non
3060 5036 3323 5097 perpetuo
3363 5040 3679 5080 mansuram
3715 5024 3810 5087 ait,

2230 5116 2324 5172 sed
2354 5119 2623 5189 completa
2656 5120 2961 5189 septimana
2993 5120 3058 5174 ad
3096 5129 3279 5174 castra
3314 5120 3565 5189 leprosos
3589 5132 3811 5172 revoca-

2237 5220 2348 5264 tum
2379 5211 2468 5275 iri,
2498 5212 2550 5265 in
2590 5211 2695 5265 ﬁne
2727 5225 2923 5281 nempe
2954 5212 3159 5276 mundi,
3197 5227 3323 5267 cum
3358 5211 3633 5281 plenitudo
3672 5225 3807 5277 gen-

2234 5302 2369 5357 tium
2399 5301 2695 5367 introierit,
2726 5313 2780 5357 et
2813 5304 2992 5357 omnis
3028 5302 3196 5358 Israel
3239 5303 3424 5358 salvus
3462 5304 3588 5367 erit,
3614 5302 3813 5371 lietque

2230 5407 2370 5447 unus
2401 5408 2559 5463 gres,
2591 5404 2645 5448 et
2672 5409 2812 5449 unus
2835 5403 3041 5464 pastor,
3071 5403 3127 5449 et
3154 5392 3324 5448 Deum
3358 5394 3434 5448 ita
3459 5408 3650 5449 omnes
3681 5407 3815 5446 con-

2231 5485 2459 5541 clusisse
2484 5486 2587 5541 sub
2613 5498 2860 5557 peccato,
2897 5497 2957 5543 ut
2983 5488 3225 5543 omnium
3252 5488 3474 5541 demum
3506 5487 3558 5541 in
3591 5485 3815 5540 Christo

2228 5579 2605 5636 misereretur.
2628 5581 2855 5637 lilustris
2875 5590 2930 5636 et
2963 5582 3051 5636 ille
3080 5580 3233 5635 locus
3260 5595 3292 5634 e
3314 5580 3524 5636 Catena
3546 5579 3720 5649 Regia
3760 5578 3814 5631 in

2232 5673 2428 5729 Ezech.
2482 5691 2536 5741 v,
2593 5676 2681 5741 15,
2726 5691 2848 5747 pag.
2898 5676 3003 5731 415
3034 5694 3047 5729 :
3079 5675 3190 5727 Kal.
3247 5672 3741 5744 συντελεσθήσεται
3787 5669 3817 5720 ὁ

2228 5765 2394 5837 Θυμός
2438 5786 2535 5837 μου
2562 5785 2576 5799 θ
2620 5769 2776 5821 τοῦτο
2816 5768 2963 5839 δηλοί
3002 5768 3083 5820 ὅτι
3109 5765 3286 5837 πέρας
3321 5765 3433 5831 ἕξει
3458 5767 3487 5818 ὁ
3517 5764 3687 5834 θυμὸς
3723 5762 3817 5815 τοῦ

2224 5857 2380 5926 Θεοῦ,
2417 5857 2552 5929 ὁμοῦ
2600 5860 2695 5931 τῆς
2746 5856 3049 5923 συντελείας
3085 5856 3179 5912 τοῦ
3221 5856 3467 5927 κόσμου’
3514 5864 3567 5913 et
3607 5853 3703 5910 hic
3752 5864 3813 5908 ex
