3914 6526
93 420 209 482 1025

884 422 1454 482 ORIGENHNORUM
1492 424 1620 479 LIB.
1659 421 1721 487 ll,
1764 422 1921 477 CAP.
1960 423 2021 489 ll,
2068 423 2348 491 QUEST.
2388 424 2483 482 XI.

3194 428 3337 491 1026

97 538 255 595 uomit.
291 540 328 592 4
378 537 439 593 in
466 540 729 595 eumdem
769 540 1112 610 prapbetam,
1166 555 1313 594 num.
1347 539 1380 594 8
1410 556 1425 592 :
1469 560 1487 590 ι
1524 538 1669 592 Talis
1698 539 1741 597 Α
1772 536 2090 607 perfectum,
2124 540 2179 592 in
2216 553 2529 593 mensuram
2565 509 2743 594 {etatis
2786 538 3141 610 plenitudinis
3172 542 3338 600 Chri~

95 634 392 701 estjustus:
435 631 594 686 vidit
635 633 893 686 mundum
941 641 1067 685 ante
1102 632 1388 696 diluvium,
1428 632 1531 686 hoc
1583 640 1666 686 est

97 729 199 774 ante
229 721 785 775 consummationem
825 738 841 775 :
903 721 1037 775 vidit
1069 721 1328 775 mundum
1356 722 1412 774 in
1443 720 1664 786 diluvio,

99 811 138 862 in
170 809 533 875 corruptione
587 820 641 864 et
690 812 744 864 in
799 810 1022 864 interitu
1054 820 1429 879 peccatorum,
1465 825 1585 878 qua:
1614 811 1666 864 in

96 900 169 951 die
194 906 317 950 sunt
354 906 639 951 eventura
673 898 896 966 judicii:
931 912 1144 951 rursum
1176 896 1380 950 videbit
1412 895 1666 949 tnundum

97 988 145 1038 in
194 985 613 1040 resurrectione
671 987 910 1040 omnium
963 997 1355 1056 peccatorum;
1398 1005 1416 1038 ι
1474 994 1530 1060 et
1580 985 1670 1039 ille

94 1090 293 1146 quoque
324 1089 395 1129 ex
427 1078 628 1133 bomil.
663 1079 750 1143 10,
802 1086 1064 1147 sequente
1122 1094 1270 1133 num.
1313 1078 1347 1131 5
1381 1094 1395 1132 :
1447 1095 1467 1129 ‹
1502 1077 1669 1133 Aiunt

96 1168 285 1223 llebmi
316 1168 626 1224 Sodomam
658 1169 711 1224 in
739 1171 984 1226 eumdem
1023 1180 1225 1227 statum
1249 1169 1665 1231 restituendam,

94 1263 143 1315 in
168 1276 270 1330 quo
296 1271 353 1313 et
382 1269 550 1314 antea
602 1264 866 1327 constitit,
904 1272 964 1317 ut
1002 1280 1216 1318 rursum
1273 1262 1534 1333 paradiso
1575 1261 1666 1316 Dei

95 1364 137 1407 et
167 1363 327 1408 terra:
352 1352 585 1425 Aﬁgypti
616 1364 984 1424 comparetur.
1020 1355 1083 1409 Si
1122 1356 1226 1409 hoc
1267 1367 1327 1408 se
1374 1354 1454 1408 sic
1482 1353 1665 1417 habet,

96 1455 140 1501 et
160 1445 272 1501 sive
305 1444 560 1499 futurum
594 1454 700 1511 est,
735 1446 854 1502 sive
881 1462 986 1501 non
1024 1464 1038 1513 ;
1081 1450 1398 1516 quaerentur
1417 1443 1560 1498 enim
1589 1443 1666 1497 is—

97 1536 340 1591 tiusmodi
379 1550 472 1591 res
505 1537 649 1606 apud
690 1551 787 1592 eos
816 1536 906 1606 qui
933 1536 1234 1591 doctissimi
1262 1542 1425 1589 sunt:
1474 1542 1532 1587 ut
1568 1548 1669 1587 au-

96 1636 186 1680 tem
219 1626 311 1680 tiat
345 1627 498 1695 quod
524 1628 750 1693 dicitur,
779 1627 1195 1696 complebantur
1225 1626 1357 1681 mihi
1395 1639 1663 1679 annorum

96 1716 184 1769 tria
229 1716 431 1783 millia,
489 1725 548 1773 et
601 1727 729 1772 tunc
775 1718 1093 1771 restituetur
1140 1715 1451 1771 excruciata
1491 1713 1666 1769 tribus

97 1807 318 1863 millibus
374 1824 652 1864 annorum
707 1809 962 1872 Sodoma,
1016 1808 1067 1862 id
1130 1817 1213 1863 est
1266 1809 1447 1863 anima
1496 1821 1662 1862 mea:

1768 626 1873 690 sti;
1901 645 1919 677 ι
1952 640 2053 680 nec
2092 627 2365 681 daemones
2393 628 2611 696 quidem
2658 629 2803 697 ipsos
2845 630 3210 685 restitutionis
3240 632 3341 685 liu-

1763 716 1853 785 jus
1883 716 2148 771 beneficio
2215 718 2489 772 carituros
2532 733 2652 773 esse
2680 728 2851 788 putat.
2885 719 3088 786 Quaarit
3126 720 3193 774 ad
3226 721 3339 775 lucc

1771 817 1902 862 tom.
1972 823 2006 862 x
2053 809 2108 860 iu
2142 806 2359 875 Matth.,
2398 825 2549 863 num.
2598 810 2653 874 5,
2715 826 2837 878 pag.
2890 810 3016 876 465,
3067 812 3340 879 quomodo

1768 896 1980 951 diversa
2029 896 2132 950 erit
2191 896 2242 950 in
2304 898 2703 953 resurrectione
2756 899 3035 953 hominum
3090 900 3338 966 claritas,

1763 987 1918 1057 juxta
1968 988 2307 1058 Apostolum,
2343 987 2361 1040 l
2392 990 2517 1043 Cor.
2564 1005 2653 1054 xv,
2680 990 2772 1053 4i,
2814 1006 2935 1044 cum
2967 991 3165 1045 dixerit
3211 990 3339 1045 Ser-

1767 1090 1961 1135 valor:
2002 1080 2184 1135 «Justi
2235 1081 2516 1150 fulgebunt
2568 1082 2714 1136 sicut
2760 1082 2864 1148 sol,
2913 1102 2933 1136 ι
2990 1082 3181 1137 Matth.
3213 1100 3334 1151 xm,

1767 1172 1876 1238 45;
1910 1181 2022 1227 tum
2052 1173 2343 1243 respondet
2385 1173 2438 1227 in
2482 1174 2602 1243 ipso
2643 1172 2996 1229 beatitudinis
3037 1175 3215 1241 initio,
3254 1175 3339 1229 fu-

1770 1274 1949 1319 turum
1990 1274 2049 1318 ut
2093 1266 2305 1320 diversa
2355 1267 2427 1321 sit
2481 1266 2760 1321 hominum
2806 1267 3048 1331 claritas,
3099 1268 3338 1322 nondum

1767 1356 2019 1410 omnibus
2044 1357 2396 1425 expurgatis;
2431 1366 2490 1410 at
2518 1366 2807 1427 postquam
2856 1360 3084 1415 collecta
3138 1360 3342 1415 fuerint

1766 1459 1797 1499 e
1824 1460 1986 1515 regno
2007 1444 2211 1502 Christi
2252 1445 2533 1512 scandala,
2560 1456 2615 1502 et
2646 1448 2771 1519 igne
2799 1449 3101 1519 absumpta:
3145 1448 3351 1518 nequi-7

1768 1536 1877 1601 tiae,
1910 1548 2038 1593 tunc
2068 1553 2260 1595 omnes
2289 1555 2456 1593 unum
2485 1540 2669 1596 solare
2708 1540 2891 1595 lumen
2942 1539 3181 1596 futuros.
3217 1539 3339 1593 Non

1766 1629 1901 1685 satis
1930 1644 2064 1685 vero
2093 1631 2369 1687 cohaerere
2396 1632 2615 1688 videtur
2640 1632 2784 1701 quod
2830 1632 3113 1700 sequitur;
3145 1632 3342 1687 scribit

1766 1721 1909 1776 enim
1960 1722 2078 1777 fore
2120 1731 2179 1776 ut
2215 1722 2347 1790 justi
2400 1733 2528 1778 tunc
2557 1722 2912 1778 inferioribus
2952 1723 3212 1792 fulgeant,
3244 1723 3341 1793 qui

1768 1808 1905 1865 lucis
1949 1825 2136 1865 eorum
2202 1814 2496 1883 participes
2553 1813 2705 1879 fient,
2760 1816 3211 1883 quemadmodum
3259 1816 3340 1870 sol

98 1898 340 1965 Sodoma,
380 1901 521 1955 meis
558 1914 721 1970 poena
762 1898 1021 1968 peccatis.
1063 1898 1282 1954 Grande
1315 1899 1659 1957 intervallum
1695 1872 1740 1930 Β
1769 1910 1928 1956 terra:
1958 1900 2132 1957 lucem
2161 1917 2317 1957 suam
2346 1906 2573 1975 praebet.
2619 1903 2753 1958 Nam
2786 1905 2830 1958 si
2863 1905 2933 1959 ita
2969 1905 3210 1959 omnium
3238 1921 3341 1979 ex:

98 1991 345 2059 temporis
401 1992 555 2046 inter
613 1992 1009 2045 restitutionem
1054 1998 1111 2045 et
1166 1990 1381 2045 ruinam
1425 1993 1658 2062 positum

96 2091 184 2134 est.
221 2100 241 2134 ι
294 2081 516 2137 Anium
545 2083 890 2153 postmodum
941 2082 1117 2137 noxiae
1171 2083 1396 2153 ﬁguram
1435 2099 1556 2139 esse
1585 2086 1662 2140 ait

98 2172 407 2241 Samariam,
460 2189 590 2245 quae
630 2189 750 2229 'non
808 2173 945 2228 alias
990 2174 1325 2231 restituenda
1369 2176 1457 2241 sit,
1497 2193 1659 2247 quam

97 2276 199 2316 ca
237 2262 432 2318 decem
492 2263 671 2319 tribus
714 2264 917 2319 fuerint
965 2276 1221 2329 reversae,
1256 2276 1365 2320 tum
1390 2267 1505 2321 ait:
1554 2284 1574 2318 ι
1601 2266 1659 2321 Si

97 2364 257 2410 autem
289 2364 450 2410 tanto
482 2364 612 2425 post
654 2364 893 2425 tempore
918 2357 1234 2413 restituetur
1263 2356 1315 2410 id
1342 2358 1487 2427 quod
1513 2373 1659 2428 prae-

96 2448 241 2503 cessit
289 2447 345 2501 in
391 2450 642 2517 signum,
674 2449 888 2516 quando
937 2459 992 2501 tu
1039 2449 1366 2516 restitueris,
1402 2450 1448 2505 si
1477 2459 1657 2506 tamen

97 2539 404 2602 restitueris,
446 2536 806 2592 Samaritana
833 2546 887 2591 et
918 2539 1173 2594 haeretica
1207 2540 1410 2594 anima.
1451 2556 1555 2611 qua
1589 2541 1661 2595 si-

98 2630 335 2684 mulacris
364 2636 421 2683 et
452 2628 611 2684 feriis
637 2644 745 2683 non
780 2629 950 2695 veris,
986 2645 1052 2686 ac
1087 2630 1358 2700 figmentis
1398 2631 1466 2687 de
1502 2632 1658 2688 Jero-

97 2719 234 2773 boam
261 2718 433 2775 corde
452 2718 805 2774 venientibus
830 2718 1191 2774 credidisti?»
1222 2719 1497 2789 Ejusmodi
1524 2736 1661 2779 non-

98 2809 224 2863 nulla
276 2809 331 2863 in
380 2808 746 2878 sequentibus
790 2808 976 2865 videre
1015 2818 1122 2874 est,
1175 2810 1375 2879 quibus
1410 2814 1657 2868 doctrina

95 2898 262 2953 eadem
299 2898 637 2953 inculcatur.
661 2897 768 2953 Sed
794 2898 847 2952 in
874 2898 1187 2954 Adamantii
1218 2909 1396 2957 tamen
1427 2904 1656 2971 gratiam

99 3001 295 3046 notetur
323 2991 497 3057 istud,
536 3008 556 3042 ι
594 2991 655 3046 Si
680 3002 855 3045 tamen
889 2991 1211 3056 restitueris,
1239 3010 1258 3044 ι
1288 3008 1396 3063 quo
1418 2995 1659 3051 incertus

98 3082 202 3150 ejus
226 3091 280 3136 et
304 3082 584 3137 ﬂuctuans
613 3082 831 3140 animus
860 3084 1139 3156 proditur:
1176 3087 1220 3141 si
1255 3088 1415 3143 modo
1467 3085 1658 3158 Orige-

100 3174 297 3228 nianum
330 3175 514 3246 reipsa
548 3176 657 3230 hoc
697 3185 800 3243 est,
841 3190 945 3230 non
978 3177 1347 3234 Ruﬁnianum.
1389 3177 1658 3236 illustrius

99 3266 241 3321 etiam
270 3267 418 3321 istud
449 3277 505 3322 et
538 3267 669 3322 libri
707 3282 725 3321 ι
766 3268 904 3337 Περὶ
928 3267 1156 3338 ἀρχῶν,
1186 3284 1303 3340 cap.
1336 3271 1391 3337 6,
1429 3288 1578 3326 num.
1603 3272 1656 3339 i,

98 3357 144 3422 Ἰ,
166 3357 216 3411 in
256 3374 367 3427 quo
400 3358 599 3428 probat
626 3359 731 3414 hoc
763 3358 1057 3429 Scriptura:
1093 3361 1441 3418 testimonio:
1471 3380 1490 3415 ι
1514 3362 1661 3417 Dixit

103 3448 340 3505 Dominus
367 3449 601 3506 Domino
625 3465 746 3505 meo
776 3468 790 3505 :
824 3449 965 3506 Sede
994 3466 1024 3505 a
1050 3452 1256 3507 dextris
1285 3454 1455 3508 meis:
1484 3452 1663 3509 Donec

101 3555 275 3607 ponam
317 3543 572 3597 inimicos
605 3550 725 3597 tuos
759 3543 1057 3598 scabellum
1092 3546 1288 3615 pedum
1316 3554 1530 3600 tuorum
1551 3544 1652 3612 “,i

99 3643 146 3684 et
170 3632 256 3686 illo
288 3634 305 3687 Ι
344 3634 475 3689 Cor.
506 3651 602 3699 xv,
654 3634 748 3702 24,
774 3635 846 3691 25
874 3654 889 3690 :
933 3653 952 3688 ι
987 3635 1190 3693 Deinde
1218 3637 1365 3704 linis,
1399 3652 1520 3692 cum
1553 3647 1660 3693 tra-

100 3724 279 3778 diderit
314 3741 543 3796 regnum
570 3725 683 3782 Deo
705 3736 758 3781 et
781 3726 962 3782 Patri:
993 3741 1115 3782 cum
1159 3729 1507 3783 evacuaverit
1538 3744 1660 3783 om-

102 3828 206 3867 nem
270 3816 672 3886 principatum,
730 3828 784 3872 et
838 3826 1197 3888 potestatem,
1255 3827 1310 3876 et
1380 3820 1658 3875 virtutem.

102 3904 307 3973 Oportet
365 3919 550 3963 autem
588 3909 739 3964 illum
777 3927 1032 3981 regnare,
1072 3914 1244 3967 donec
1279 3921 1444 3982 ponat
1471 3928 1661 3968 omnes

102 3993 337 4051 inimicos
384 4000 488 4053 sub
538 4000 771 4068 pedibus
800 4001 938 4070 ejus,
970 4021 989 4054 ι
1019 4018 1143 4057 cum
1177 4003 1567 4073 sequentibus;
1604 4014 1663 4059 et

103 4087 191 4140 isto
243 4090 442 4157 psalm.
502 4106 619 4156 th,
658 4093 695 4145 2
741 4111 754 4146 :
801 4111 819 4145 ‹
873 4092 1061 4148 Nonne
1108 4093 1217 4150 Deo
1269 4093 1514 4162 subjecta
1556 4095 1662 4150 erit

103 4181 266 4234 anima
296 4197 417 4236 mea
438 4182 464 4235 ?
492 4184 560 4237 ab
594 4184 712 4253 ipso
741 4186 882 4240 enim
927 4185 1172 4241 salutare
1223 4201 1443 4250 meum;
1484 4203 1505 4238 ι
1552 4186 1656 4251 his,

104 4270 330 4341 inquam,
370 4273 679 4343 Scriptura:
709 4276 1036 4335 testimoniis
1070 4278 1311 4333 futurum
1339 4278 1555 4348 probat,
1602 4288 1661 4333 ut

104 4364 325 4419 subactis
354 4364 559 4421 Christi
592 4367 827 4423 inimicis
854 4369 906 4422 in
933 4384 1098 4425 unum
1120 4370 1278 4424 finem
1302 4384 1398 4435 per
1428 4368 1656 4433 Filium,

104 4454 301 4511 bonitas
330 4454 427 4512 Dei
455 4466 768 4513 creaturam
820 4467 1037 4513 revocet
1085 4458 1438 4512 universam:
1476 4458 1657 4527 subje-

106 4548 315 4602 ctionem
366 4558 550 4604 autem
571 4550 718 4604 illam
759 4551 989 4620 idipsum
1018 4566 1138 4606 esse
1165 4550 1300 4616 vult,
1319 4564 1423 4619 quo
1442 4549 1659 4604 Christo
1689 4565 1736 4625 ι)

103 4641 520 4699 adharescentes
549 4643 814 4699 efficimur
838 4645 1027 4710 sancti,
1056 4655 1110 4699 et
1135 4644 1359 4700 salutem
1402 4644 1659 4713 adipisci-

106 4747 244 4793 mur:
277 4735 441 4789 talem
489 4744 674 4790 autem
707 4735 947 4790 futurum
1009 4736 1191 4800 tinem,
1225 4736 1407 4806 qualia
1442 4736 1659 4790 fuerunt

105 4825 261 4887 initia,
301 4843 427 4882 cum
480 4842 673 4882 omnes
714 4827 809 4883 Dei
855 4827 1077 4883 nutibus
1134 4828 1571 4897 obtemperantes
1603 4828 1657 4881 in

103 4931 253 4971 unum
283 4919 700 4989 conspirabaut.
752 4919 808 4973 In
846 4912 1196 4989 sequentibus
1232 4919 1425 4973 deinde
1474 4920 1657 4974 omnia

106 5009 153 5060 in
180 5026 341 5069 unum
373 5012 683 5081 reparanda
731 5025 853 5065 esse
902 5011 1241 5065 demonstrat
1267 5024 1336 5064 ex
1368 5009 1473 5064 hoc
1503 5009 1659 5064 Chri-

106 5102 166 5154 sti
192 5103 276 5159 “:
322 5124 343 5157 ι
381 5102 457 5160 Ut
506 5118 703 5160 omnes
756 5118 924 5157 unum
972 5103 1105 5168 sint,
1146 5104 1287 5159 sicut
1329 5113 1381 5157 tu
1411 5102 1573 5157 Pater
1602 5103 1656 5156 in

104 5206 182 5246 me
204 5204 255 5247 et
277 5208 376 5266 ego
407 5196 459 5249 in
492 5206 567 5260 te,
606 5204 665 5248 ut
700 5203 759 5249 et
800 5194 900 5261 ipsi
941 5193 994 5248 in
1029 5194 1194 5249 nobis
1234 5209 1396 5247 unum
1428 5194 1560 5248 sint.
1595 5192 1660 5247 Et

107 5300 198 5353 ego
239 5288 549 5342 claritatem
598 5301 763 5356 quam
813 5285 1009 5340 dedisti
1067 5286 1223 5349 mihi,
1281 5285 1404 5339 dedi
1442 5285 1543 5351 eis,
1602 5292 1662 5339 ut

106 5377 204 5431 sint
228 5394 409 5445 unum,
458 5380 607 5434 sicut
628 5386 685 5431 et
709 5392 806 5430 nos
833 5391 1003 5429 unum
1033 5389 1221 5430 sumus
1268 5390 1283 5427 :
1324 5372 1438 5444 Ego
1473 5373 1525 5427 iu
1557 5373 1659 5437 eis,

104 5478 157 5519 et
180 5479 227 5521 tu
260 5468 309 5522 in
340 5486 449 5531 me,
485 5478 552 5523 ut
583 5467 695 5522 sint
719 5465 1079 5520 consummati
1115 5466 1168 5519 in
1197 5480 1360 5519 unum
1386 5481 1400 5530 ;
1426 5481 1445 5516 ι
1490 5474 1543 5517 et
1569 5461 1662 5517 illo

110 5556 240 5611 Pauli
264 5561 462 5629 Ephes.
510 5574 587 5623 tv,
614 5558 712 5612 1'5:
748 5575 766 5609 ι
795 5558 974 5612 Donec
996 5572 1344 5612 occurramus
1379 5569 1570 5610 omnes
1604 5555 1658 5608 in

105 5650 345 5708 unitatem
394 5654 552 5719 fidei,
594 5660 654 5706 et
710 5650 1001 5719 agnitionis
1049 5648 1169 5704 Filii
1210 5649 1325 5714 Dei,
1373 5647 1428 5702 in
1478 5646 1656 5701 virum

173 5859 210 5890 ⁸¹
237 5858 370 5915 Psal.
392 5875 511 5926 eix,
534 5856 588 5911 1.
670 5856 715 5888 δ’
747 5855 902 5913 Joan.
931 5870 1063 5925 xvii,
1090 5854 1281 5911 21-23.

1766 2000 1989 2062 purgata
2023 2001 2151 2047 tunc
2182 2004 2343 2049 erunt
2371 2006 2612 2064 peccata,
2646 2004 2709 2050 ut
2750 1995 2897 2051 nullo
2930 1996 3197 2051 claritatis
3231 1997 3344 2053 dis-

1767 2084 1997 2139 crimine
2030 2085 2298 2157 fulgeant,
2340 2089 2567 2158 quinam
2599 2089 2886 2144 inferiores
2914 2099 3092 2156 erunt,
3120 2090 3341 2160 quinam

1768 2173 2124 2241 superiores?
2148 2173 2349 2245 Nempe
2382 2176 2616 2231 neminis
2664 2177 2983 2233 beatitatem
3016 2191 3075 2232 ut
3097 2178 3206 2246 jam
3247 2192 3344 2234 su-

1766 2278 1862 2332 pra
1896 2264 2078 2318 monui
2112 2279 2282 2334 usque
2311 2267 2448 2320 adeo
2478 2264 2754 2336 propriam
2783 2280 2906 2321 esse
2932 2273 3105 2336 putat,
3145 2276 3206 2321 ut
3231 2282 3339 2322 non

1765 2353 1919 2408 novis
1945 2355 2158 2410 delictis
2184 2356 2255 2410 ad
2282 2355 2541 2411 inferiora
2568 2371 2784 2426 semper
2811 2357 2987 2413 delabi
3013 2357 3227 2428 possit:
3271 2358 3340 2412 ad

1765 2445 1872 2499 ima
1900 2445 2065 2517 igitur
2100 2448 2574 2504 retrocedentibus
2627 2463 2843 2517 semper
2891 2448 3189 2519 aliquibus,
3245 2450 3339 2519 qui

1765 2535 1942 2590 locum
1975 2552 2129 2591 suum
2164 2539 2459 2604 tenuerint,
2487 2539 2669 2593 lumen
2713 2539 2782 2593 iis
2829 2553 2987 2595 suum
3020 2541 3340 2611 impartien-

1767 2635 1875 2681 tur.
1915 2624 2169 2695 Ejusdem
2215 2635 2271 2681 et
2319 2626 2459 2681 istud
2512 2634 2598 2680 est
2646 2626 2835 2680 farinze
2901 2641 2932 2681 e
2981 2635 3114 2682 tom.
3164 2642 3234 2681 xv
3284 2628 3341 2680 in

1764 2716 1983 2782 Matth,
2016 2732 2164 2773 num.
2191 2716 2284 2782 21,
2308 2732 2429 2789 pag.
2460 2716 2564 2773 695
2600 2734 2612 2771 :
2655 2716 2817 2771 Ἀλλὰ
2848 2717 2989 2772 κατὰ
3035 2718 3131 2789 μὲν
3168 2717 3341 2772 ταῦτα

1764 2805 2446 2879 πρώτουςὰποδεδὼκαμεν
2476 2809 2603 2872 τοὺς
2628 2808 3059 2879 σωθησομένους,
3081 2808 3343 2879 ἐσχάτους

1762 2900 1821 2953 δὲ
1864 2903 1989 2964 τοὺς
2021 2900 2095 2972 μὴ
2122 2900 2308 2967 ἀξίους
2357 2901 2456 2971 τῆς
2493 2901 2752 2972 τοιαύτης
2795 2901 2904 2955 τῶν
2946 2903 3343 2974 σωθησομένων

1762 2990 1984 3055 τάξεως,
2031 2990 2165 3045 ἀλλὰ
2210 2991 2504 3055 κολάσεως,
2547 2991 2639 3045 καὶ
2692 2990 2788 3044 τοῦ
2838 2991 3337 3063 ἐγκαταληφθῆναι,

1761 3083 1879 3152 ἦτοι
1954 3084 2059 3147 ἓως
2121 3084 2183 3137 τὸ
2248 3084 2520 3156 πλήρωμα
2587 3083 2696 3137 τῶν
2772 3084 2940 3138 ἐθνῶν
3000 3085 3212 3157 εἰσέλθῃ
3238 3124 3253 3150 ,
3301 3086 3337 3157 ἢ

1761 3172 1867 3236 ἕως
1936 3171 2333 3244 ὲκπληρώσωσι
2392 3174 2462 3228 τὰ
2516 3174 2645 3245 περὶ
2702 3172 2811 3228 τῶν
2892 3176 3037 3229 ἰδίων
3082 3178 3338 3248 ἁμαρτη-

1763 3264 1949 3334 μάτων
1972 3280 1987 3293 ’
2036 3274 2090 3319 et
2124 3265 2265 3319 istud
2295 3278 2326 3320 e
2352 3272 2571 3321 tractat.
2604 3280 2781 3320 xxxm
2824 3267 2878 3319 in
2930 3267 3148 3333 Matt/1.,
3187 3284 3339 3331 num.

1760 3354 1862 3411 69:
1901 3372 1921 3407 ι
1955 3358 2063 3411 Iste
2092 3365 2271 3411 autem
2304 3357 2396 3426 qui
2428 3372 2594 3411 unum
2637 3367 2928 3427 acceperat
2960 3359 3246 3424 talentum,
3284 3371 3341 3416 et

1760 3446 2119 3502 absconderat
2146 3447 2321 3516 ipsum
2354 3448 2409 3503 in
2462 3458 2625 3514 terra,
2658 3464 2775 3505 non
2819 3448 2995 3504 solum
3030 3450 3183 3519 quasi
3220 3467 3342 3506 ma-

1759 3538 1845 3593 lus
1875 3547 1929 3594 et
1965 3538 2117 3609 piger
2148 3540 2416 3609 arguitur,
2445 3542 2538 3595 sed
2569 3541 2727 3610 quasi
2774 3540 2986 3595 inutilis
3019 3541 3252 3595 mittitur
3283 3542 3339 3596 in

1763 3630 2017 3685 tenebras
2061 3631 2393 3695 exteriores,
2426 3630 2519 3685 ubi
2557 3630 2704 3685 nulla
2735 3630 3064 3686 illuminatio
3095 3640 3199 3696 est,
3231 3631 3341 3686 for-

1760 3719 1903 3775 sitan
1933 3734 2033 3775 nec
2084 3721 2411 3789 corporalis,
2452 3737 2555 3777 nec
2600 3731 2688 3777 est
2731 3722 3003 3790 respectio
3049 3723 3145 3777 Dei
3188 3724 3339 3791 illic;

1759 3814 1853 3869 sed
1880 3814 2034 3883 quasi
2073 3813 2281 3885 indigni
2312 3814 2684 3885 speculatione
2735 3815 2826 3869 Dei
2866 3815 2957 3883 qui
2988 3814 3113 3868 talia
3145 3830 3309 3884 pecca
3330 3843 3342 3857 ι

1759 3914 1974 3969 verunt,
2008 3906 2437 3959 condemnantur
2471 3906 2521 3959 iu
2560 3905 2645 3961 his
2667 3921 2787 3976 qua:
2822 3908 3135 3967 exteriores
3175 3917 3332 3964 leae-

1762 3997 1872 4050 bm
1918 3996 2298 4066 appellantur;
2344 3996 2575 4052 forsitan
2622 3998 2799 4053 donec
2850 3998 3238 4065 intellexerint,
3277 4008 3341 4056 ut

1759 4098 2164 4153 convertantur,
2191 4097 2245 4144 et
2272 4090 2420 4157 digni
2453 4088 2756 4144 efficiantur
2806 4090 2957 4145 exire
2990 4090 3059 4145 ab
3091 4092 3178 4157 iis,
3225 4093 3343 4147 fore

1759 4181 1899 4236 sitan
1942 4190 1997 4234 et
2035 4189 2258 4250 propter
2298 4179 2461 4232 aliam
2501 4195 2723 4235 causam
2752 4195 2917 4249 quam
2972 4196 3075 4235 nos
3113 4181 3339 4251 ignora-

1759 4282 1909 4332 mus;
1945 4286 1965 4321 ι
1996 4277 2051 4321 et
2078 4267 2181 4323 hoc
2213 4282 2427 4337 quoque
2458 4269 2603 4337 quod
2646 4268 2907 4324 scribitur
2938 4269 3032 4324 lib.
3079 4285 3177 4324 νικ
3215 4287 3341 4326 cm:-

1759 4369 1842 4414 tra
1874 4358 2208 4426 Cels.,nuin.
2236 4361 2325 4424 72,
2350 4362 2450 4415 sub
2483 4361 2698 4416 easdem
2728 4362 2873 4431 leges
2906 4362 3339 4417 concludendum

1759 4450 2053 4519 aliquando
2107 4449 2367 4520 quidquid
2418 4458 2507 4506 cst
2559 4451 2788 4507 rationis
2841 4453 3147 4524 particeps,
3211 4469 3341 4508 cum

1761 4544 1932 4599 verbo
1956 4543 2047 4597 Dei
2081 4543 2132 4597 in
2166 4542 2464 4613 perfectum
2493 4550 2695 4596 statum
2727 4543 3073 4609 restituetur.
3099 4543 3154 4597 lu
3184 4543 3338 4611 cujus

1762 4644 2140 4704 argumentum
2195 4633 2353 4689 all'ert
2405 4635 2535 4688 illud
2567 4635 2857 4703 Sophouize
2901 4650 2989 4701 t-tt,
3026 4636 3099 4692 9:
3134 4654 3162 4689 ι
3188 4636 3337 4688 Tunc

1763 4725 1985 4780 reddam
2016 4725 2228 4796 populis
2255 4726 2457 4781 iabium
2495 4726 2751 4795 electum,
2780 4737 2840 4781 ut
2864 4726 3118 4782 invocent
3147 4741 3341 4781 omnes

1765 4817 1820 4871 in
1856 4817 2073 4872 nomine
2108 4818 2343 4884 Domini,
2369 4827 2427 4872 et
2457 4819 2700 4873 serviant
2726 4819 2777 4873 ei
2804 4818 3035 4873 humero
3058 4832 3184 4871 uno.
3216 4837 3239 4869 ι

1835 4919 2002 4976 XVII.
2042 4920 2390 4990 Perspicuum
2428 4922 2553 4975 hinc
2600 4928 2685 4976 est
2717 4936 2826 4976 non
2877 4921 3010 4976 alias
3052 4921 3339 4975 admisisse

1765 5026 1954 5082 pinnas
1984 5010 2294 5081 Origenem,
2323 5026 2487 5080 quam
2521 5010 2825 5080 piaculares
2857 5020 2913 5065 et
2941 5012 3324 5078 temporarias;

1763 5101 2066 5173 cuiusmodi
2091 5111 2217 5156 sunt
2249 5102 2576 5170 purgatoria:
2612 5101 2734 5164 illa},
2763 5115 2898 5170 quas
2942 5099 3179 5154 Ecclesia
3231 5116 3329 5154 ea-

1768 5193 1969 5247 tlioi-ica
1999 5192 2262 5260 agnoscit.
2311 5191 2421 5245 Sed
2453 5201 2506 5246 et
2534 5190 2877 5245 manifestius
2903 5190 3032 5244 illud
3070 5200 3153 5243 est
3177 5205 3241 5243 ex
3267 5206 3337 5245 eo

1765 5282 1906 5351 quod
1936 5281 2165 5334 habetur
2194 5278 2376 5332 homil.
2410 5280 2443 5333 8
2477 5280 2533 5331 in
2570 5276 2865 5341 Levit.,ubi
2890 5290 3056 5346 agens
3081 5276 3147 5329 de
3165 5290 3331 5344 puer-

1766 5386 1920 5441 pera,
1962 5371 2114 5440 juxta
2143 5370 2345 5425 veteris
2400 5368 2533 5437 legis
2562 5368 2969 5437 praescriptum,
2996 5382 3092 5435 per
3124 5375 3333 5436 septem

1766 5465 1891 5519 dies
1911 5462 2208 5526 immunda,
2244 5461 2290 5515 si
2334 5460 2634 5515 masculum
2670 5460 3011 5528 peperisset;
3062 5474 3159 5528 per
3196 5474 3333 5528 qua-

1768 5553 2091 5615 tuordeciui,
2110 5552 2154 5607 si
2180 5553 2456 5616 feminam,
2482 5551 2840 5621 septimanam
2879 5552 3020 5605 hanc
3046 5550 3332 5620 praesentis

1770 5646 1888 5701 vita:
1948 5655 2156 5718 tempus
2212 5660 2334 5701 esse
2395 5644 2548 5711 dicit,
2605 5660 2699 5714 per
2746 5643 2891 5713 quod
2946 5658 3335 5714 usquequaque
