3914 6538
607 387 747 444 1027

1910 377 1970 433 ι).
2017 376 2335 438 DANIELIS
2373 347 2604 433 auram

3699 381 3813 436 1028

604 503 791 560 mundi
830 515 953 556 esse
1012 514 1118 554 non
1168 467 1474 568 possumus,
1532 495 1636 549 nisi
1689 501 1914 548 octavus
1963 493 2174 548 venerit
2207 497 2249 554 Α
2279 491 2476 544 liarum
2507 491 2660 558 Sion,
2691 505 2738 548 et
2772 494 3077 564 sanguinem
3121 491 3427 562 cxpurgabit
3459 507 3486 546 e
3512 493 3672 547 medio
3696 495 3814 564 ipso-

603 596 723 649 dies
756 635 772 659 ,
830 590 994 645 futuri
1059 604 1252 658 nempe
1320 586 1503 641 swculi
1558 595 1770 654 tempus
1829 604 1842 639 :
1904 602 1921 631 ι
1959 584 2013 637 lu
2066 599 2174 653 quo

606 696 784 740 tamen
815 681 924 746 die,
959 698 978 730 ι
1042 681 1237 748 inquit,
1287 693 1434 732 num.
1463 677 1534 739 .4,
1575 695 1594 727 ι
1623 677 1667 732 si
1697 675 1967 730 masculus
2006 684 2090 730 est
2118 683 2174 728 ει

602 774 836 828 viriliter
880 771 1076 842 egerit,
1129 770 1314 824 statitn
1365 770 1419 822 in
1455 769 1575 837 ipso
1605 769 1839 823 adventu
1872 765 2037 821 futuri
2069 781 2171 821 sae-

604 866 716 920 culi
780 873 1066 935 purgatur,
1117 872 1172 917 et
1220 863 1406 917 statim
1465 860 1663 914 munda
1705 859 1935 915 cllicitur
1976 869 2171 925 mater,

603 971 725 1025 quae
749 958 940 1027 genuit
967 971 1091 1010 eum
1123 972 1138 1008 :
1173 966 1456 1024 purgatam
1496 968 1731 1024 namque
1770 953 1917 1006 vitiis
1950 965 2173 1006 carnem

601 1063 669 1102 ex
724 1048 1124 1103 resurrectione
1167 1048 1413 1117 recipiet.
1455 1046 1512 1101 Si
1566 1061 1695 1100 vero
1733 1045 1866 1099 nihil
1922 1043 2176 1098 habuerit

603 1141 760 1196 virile
805 1141 1098 1196 adversum
1153 1148 1459 1209 peccatum,
1492 1139 1585 1192 sed
1627 1137 1890 1191 remissus
1942 1147 1993 1190 et
2042 1135 2174 1189 effe-

604 1233 844 1289 minatus
883 1233 984 1287 fuit
1023 1234 1075 1287 in
1111 1232 1327 1286 actibus
1365 1231 1502 1294 suis,
1546 1230 1702 1299 cujus
1740 1239 2022 1299 peceatum
2069 1226 2176 1281 tale

602 1333 708 1388 est,
740 1324 884 1392 quod
916 1337 1020 1376 non
1056 1321 1386 1385 remittatur,
1431 1332 1608 1388 neque
1666 1320 1719 1372 in
1770 1318 2024 1387 praesenti
2072 1333 2174 1372 sae—

603 1414 748 1478 culo,
805 1426 981 1482 neque
1038 1412 1091 1466 in
1144 1410 1363 1474 futuro,
1403 1410 1507 1464 iste
1560 1410 1755 1463 transit
1803 1417 1859 1463 et
1915 1424 2076 1462 unam
2121 1417 2176 1462 et

604 1504 764 1558 altam
822 1503 1182 1572 septimanam
1232 1501 1283 1554 iu
1343 1499 1689 1554 immunditia
1743 1515 1864 1566 sua,
1912 1509 1968 1554 et
2017 1499 2172 1552 tertia

607 1596 824 1650 demum
891 1593 1182 1662 incipiente
1243 1593 1445 1647 oboriri
1506 1594 1834 1661 septimana,
1915 1599 2176 1663 purgatur

602 1689 672 1739 ab
726 1685 1064 1740 immunditia
1097 1726 1112 1750 ,
1171 1699 1334 1754 quam
1399 1685 1659 1740 feminam
1737 1685 1998 1755 pariendo
2047 1699 2173 1736 con-

604 1777 795 1833 traxit.
835 1795 854 1828 ι
906 1776 1157 1846 Ejusdem
1191 1776 1410 1843 generis
1437 1785 1522 1830 est
1565 1775 1706 1828 istud
1759 1790 1825 1828 ex
1870 1772 2060 1828 bomil.
2107 1772 2174 1826 14

2277 595 2394 632 rum
2420 579 2612 648 spiritu
2631 574 2824 648 judicit'
2853 591 2903 636 et
2934 582 3127 651 spiritu
3150 580 3374 634 ustionis
3399 579 3468 634 “.
3494 578 3567 635 De
3586 582 3814 641 Cltaldzeis

2277 682 2457 725 autem
2503 671 2584 726 sic
2615 673 2746 728 dicit
2777 691 2793 728 :
2827 673 3002 728 Habes
3046 673 3298 727 carbones
3329 674 3489 741 ignis,
3531 675 3646 728 sede
3689 694 3815 744 super

2275 776 2388 822 eos,
2423 759 2660 825 bierunt
2689 761 2780 814 tibi
2810 763 2866 816 in
2912 762 3187 830 adjutorio
3213 761 3278 815 “.
3330 760 3397 815 Et
3431 762 3486 816 in
3530 762 3648 818 aliis
3669 767 3812 824 dicit:

2277 850 2644 918 Sancti/icabit
2679 853 2936 907 Dominus
2965 855 3020 907 in
3054 853 3175 924 igne
3195 853 3407 907 ardenti
3441 852 3489 892 ⁸⁸
3532 863 3623 909 εει
3652 855 3699 910 ἰιι
3723 856 3816 913 lla-

2278 943 2453 996 lacbia
2489 944 2752 1012 propheta
2780 944 2946 999 dicit:
2979 943 3185 1000 Sedens
3211 944 3472 999 conﬂabit
3497 955 3552 1000 et
3581 949 3816 1018 purgabit,

2277 1045 2332 1090 et
2361 1035 2552 1090 fundet-
2584 1045 2844 1107 purgatos
2882 1038 3025 1093 ﬁlios
3056 1036 3191 1092 Juda
3218 1037 3284 1092 “.
3313 1056 3332 1088 ι
3380 1037 3514 1092 Item
3538 1039 3635 1110 jib.
3664 1055 3743 1096 vm
3773 1044 3816 1096 in

2278 1124 2449 1194 Epist.
2472 1127 2541 1180 ad
2569 1125 2744 1194 Rom,
2768 1143 2915 1182 num.
2941 1129 3031 1193 12,
3055 1143 3174 1198 pag.
3198 1128 3325 1192 640,
3361 1147 3380 1180 ι
3409 1128 3626 1196 Verum,
3655 1130 3812 1199 inquit,

2277 1217 2330 1270 in
2359 1217 2460 1272 hac
2503 1218 2615 1287 ipsa
2643 1205 2962 1289 purgatione
2992 1234 3110 1287 qua:
3150 1235 3247 1289 per
3279 1234 3496 1288 pinnam
3526 1220 3662 1288 ignis
3689 1221 3813 1274 adhi-

2277 1307 2458 1374 betur,
2515 1310 2740 1377 quantis
2781 1310 3138 1378 temporibus,
3186 1312 3477 1379 quautisve
3522 1311 3722 1365 saeculis
3766 1315 3815 1367 de

2276 1400 2653 1468 peccatoribus
2681 1400 2863 1470 exigat
2884 1401 3186 1466 cruciatus,
3214 1399 3364 1455 solus
3385 1401 3530 1455 seire
3544 1411 3708 1470 potest
3734 1403 3816 1465 ille,

2279 1491 2364 1544 cui
2407 1490 2571 1544 Pater
2597 1504 2757 1545 omne
2781 1491 3042 1561 judicium
3073 1491 3314 1546 tradidit.
3339 1510 3360 1544 ι
3410 1491 3649 1561 Denique
3675 1492 3752 1547 lib.
3781 1509 3817 1547 tv

2278 1591 2462 1635 contra
2500 1581 2668 1646 Cels.,
2699 1598 2844 1636 num.
2876 1582 2963 1650 10,
2991 1597 3178 1652 poenas
3197 1584 3393 1638 futurae
3436 1585 3559 1638 vita:
3583 1585 3706 1639 dicit
3724 1600 3819 1641 esse

2276 1673 2579 1743 ἀναγκαίας
2622 1673 2699 1745 τῷ
2730 1675 2915 1738 παντὶ,
2967 1675 3110 1746 τάχα
3139 1675 3195 1728 δὲ
3232 1675 3329 1729 καὶ
3357 1677 3470 1740 τοῖς
3515 1676 3818 1747 πεισομένοις

2277 1765 2447 1828 αὐτὰς
2469 1767 2568 1820 οὐκ
2598 1767 2923 1839 ἀχρήστους.

600 1869 656 1920 in
693 1868 844 1933 Luc.,
875 1843 999 1938 pag.
1034 1868 1142 1923 948
1173 1885 1186 1923 :
1241 1886 1260 1919 ι
1303 1855 1454 1922 Sicut
1505 1868 1764 1935 scriptum
1797 1875 1880 1920 est
1920 1867 1973 1919 iu
2017 1865 2174 1933 lege:
2209 1843 2250 1898 Β
2349 1860 2535 1918 XVIII.
2562 1862 2828 1929 Quoniam
2857 1871 3035 1918 autem
3059 1863 3343 1919 Paulinum
3371 1864 3500 1921 illud
3537 1881 3673 1937 saepe
3695 1868 3815 1922 testi-

603 1955 660 2011 Si
715 1959 1009 2012 masculum
1057 1958 1263 2026 peperit
1288 1968 1484 2021 mater,
1535 1967 1739 2026 septem
1780 1956 1970 2010 diebus
2006 1966 2178 2008 mater

601 2049 811 2103 sedebit
855 2048 908 2102 in
957 2049 1218 2118 sanguine
1271 2048 1570 2113 immundo,
1624 2063 1688 2102 ac
1722 2047 1918 2100 deinde
1959 2046 2176 2114 triginta

602 2141 778 2196 tribus
808 2141 864 2195 iu
916 2141 1374 2211 sanguincpuro;
1415 2150 1471 2196 et
1501 2141 1568 2194 ad
1594 2150 1895 2195 extremum
1949 2149 2005 2193 et
2066 2139 2178 2208 ipse

600 2230 784 2287 infans
814 2232 1022 2286 sedebit
1056 2232 1108 2285 in
1136 2231 1406 2300 sanguine
1431 2231 1763 2300 purissimo:
1799 2215 1879 2284 sic
1919 2229 2045 2299 quia
2087 2229 2175 2281 lex

598 2322 899 2393 spiritualis
943 2333 1050 2389 est,
1086 2334 1142 2378 et
1170 2324 1415 2378 umbram
1446 2323 1611 2377 habet
1657 2321 1959 2376 futurorum
2009 2321 2178 2374 bono-

597 2431 739 2482 rum,
769 2432 1057 2486 possumus
1080 2417 1376 2486 intelligere
1406 2415 1778 2485 purgationem
1802 2429 1984 2469 veratn
2019 2413 2178 2467 nobis

597 2506 822 2560 evenire
853 2515 976 2574 post
1011 2515 1239 2576 tempus.
1275 2505 1388 2576 Ego
1419 2515 1551 2573 puto
1575 2505 1720 2573 quod
1756 2515 1808 2558 et
1843 2515 1962 2573 post
1994 2518 2175 2557 resur-

598 2596 899 2651 rectionem
932 2609 997 2650 ex
1027 2597 1259 2650 mortuis
1312 2596 1649 2664 indigeamus
1675 2603 2018 2648 sacramento
2056 2593 2176 2648 elu-

597 2695 726 2740 ente
752 2701 850 2740 nos
889 2695 1049 2756 atque
1074 2695 1336 2756 purgante
1362 2704 1375 2751 ;
1406 2700 1564 2740 nemo
1591 2685 1736 2740 enim
1771 2686 1976 2754 absque
2007 2682 2177 2738 sordi-

596 2779 700 2834 bus
729 2781 1261 2848 resurgere'poterit,
1293 2795 1393 2834 nec
1428 2779 1588 2833 ullam
1619 2792 1780 2848 posse
1816 2778 2053 2832 animam
2084 2790 2172 2829 re-

596 2869 764 2938 periri
820 2885 942 2937 qua:
971 2869 1244 2924 universis
1278 2869 1462 2924 statim
1503 2868 1650 2922 vitiis
1671 2877 1875 2922 careat.
1907 2885 1926 2919 ι
1959 2865 2176 2922 Erroris

596 2971 786 3015 notam
825 2962 1022 3016 merito
1056 2962 1141 3016 bis
1170 2963 1338 3016 inurit
1360 2960 1722 3016 Bellarminus
1755 2959 1850 3013 lib.
1879 2975 1919 3013 ιι
1952 2957 2028 3012 De
2050 2973 2176 3028 pur-

595 3053 823 3120 gatorio,
855 3068 974 3122 cap.
1011 3053 1066 3119 9,
1109 3053 1256 3122 quod
1306 3067 1374 3107 ex
1403 3051 1702 3122 Scriptura:
1745 3049 1906 3106 edato
1934 3058 2058 3120 post
2087 3064 2173 3106 re-

593 3144 991 3204 surrectionem
1016 3154 1071 3198 et
1099 3143 1366 3214 judicium
1395 3141 1538 3197 nulla
1568 3141 1802 3212 supersit
1838 3139 2174 3196 emendatio—-

595 3235 683 3290 nis
713 3250 857 3306 spes.
891 3236 962 3290 At
1011 3251 1075 3291 ea
1116 3236 1372 3291 mendosa
1415 3251 1555 3301 esse,
1585 3245 1641 3290 et
1665 3235 1795 3290 vitio
1823 3235 2166 3290 librariorum

591 3338 852 3398 corrupta
909 3338 1060 3398 putat
1114 3328 1320 3384 Suarez
1373 3338 1504 3384 tom.
1537 3328 1606 3385 IV
1657 3329 1711 3382 il!
1748 3343 1808 3383 ιιι
1851 3327 1915 3383 S.
1955 3325 2164 3392 Thom.,

593 3429 787 3487 quaest.
817 3419 906 3483 l6,
947 3429 1085 3475 sect.
1119 3419 1174 3487 5,
1208 3421 1466 3489 quoniam
1505 3420 1613 3476 illis
1651 3434 1718 3475 ex
1752 3420 1982 3475 adverso
2011 3434 2170 3489 repu-

595 3519 768 3578 gnant
793 3525 914 3578 quae
948 3512 1260 3579 praecedunt
1291 3511 1344 3565 in
1375 3511 1565 3566 eadem
1595 3510 1836 3577 homilia,
1868 3511 2023 3566 nefas
2049 3524 2170 3566 esse

593 3601 837 3670 cegitare
869 3603 1112 3655 futurum
1159 3611 1218 3656 ut
1247 3603 1453 3657 sordidi
1494 3614 1550 3658 et
1578 3603 1767 3674 polluti
1798 3618 2166 3673 resurgamus.

596 3691 705 3746 Sed
735 3700 940 3748 tantam
963 3707 1087 3748 esse
1112 3703 1291 3748 tamen
1333 3694 1386 3748 in
1411 3696 1596 3751 multis
1626 3697 2018 3751 hazsitatiouem
2045 3696 2177 3752 Ori-

592 3783 744 3851 genis
775 3783 1248 3852 deprehendimus,
1275 3794 1335 3838 ut
1361 3800 1557 3840 novum
1592 3785 1721 3840 mihi
1749 3801 1854 3840 non
1885 3785 1956 3840 sit
1979 3787 2168 3840 eadem

593 3873 812 3928 boruilia
839 3875 1052 3931 diversa
1075 3892 1196 3930 eum
1221 3887 1275 3932 et
1305 3878 1597 3946 pugnantia
1620 3877 1937 3948 prodidisse.
1973 3878 2170 3932 Praedi-

592 3971 786 4015 cantur
817 3963 983 4018 etiam
1039 3965 1381 4035 apertissime
1436 3966 1736 4036 piaculares
1774 3980 1948 4038 parua:
1982 3967 2166 4021 bomil.

593 4049 662 4105 18
696 4052 752 4105 in
789 4052 1014 4120 Jerem.,
1083 4064 1232 4109 num.
1274 4055 1326 4119 5,
1367 4072 1502 4123 cum
1552 4068 1924 4128 superstructa
1956 4059 2172 4114 'animre

593 4157 807 4209 aurum,
840 4155 1152 4217 argentum,
1199 4147 1362 4218 ligna,
1407 4148 1588 4203 fenum
1650 4157 1704 4203 et
1757 4149 2006 4218 stipulam
2046 4150 2171 4220 igne

590 4235 869 4304 probanda
901 4253 1024 4293 esse
1057 4238 1222 4305 dicit;
1261 4239 1458 4294 deinde
1492 4241 1568 4293 ait
1625 4257 1774 4294 num.
1819 4241 1853 4292 6
1893 4259 1907 4295 :
1963 4243 2028 4294 Τί
2076 4238 2169 4296 οὖν

592 4326 810 4398 πρῶτον
841 4329 1126 4384 ἀκολουθεῖ
1162 4333 1453 4385 ἀπολαϐεῖν
1488 4331 1576 4385 διὰ
1605 4336 1673 4386 τά
1702 4332 1862 4399 ξύλα;
1899 4334 2056 4404 δῆλον
2087 4336 2169 4388 ὅτι

590 4416 654 4471 τὸ
683 4417 794 4490 πῦρ
827 4420 888 4474 τὸ
932 4421 1218 4476 ἀναλίσκον
1260 4423 1326 4476 τά
1360 4424 1509 4488 ξύλα,
1546 4426 1640 4478 καὶ
1685 4426 1775 4477 τὸν
1823 4427 2032 4495 χόρτον,
2074 4427 2169 4480 καὶ

2279 1956 2518 2008 monium
2545 1966 2791 2024 usurpat,
2821 1955 2964 2024 quod
2993 1966 3074 2010 εει
3104 1957 3124 2010 Ι
3161 1957 3288 2012 Cor.
3321 1973 3412 2024 xv,
3440 1957 3533 2024 26,
3570 1977 3589 2010 ι
3617 1957 3818 2014 Novissi-

2277 2058 2364 2098 ma
2389 2052 2570 2099 autem
2593 2045 2812 2100 inimica
2839 2045 3154 2101 destruetur
3179 2061 3349 2114 mors,
3378 2067 3398 2101 ι
3435 2049 3655 2105 ιιιίιιίιιιε
3687 2050 3818 2104 siler.-

2280 2134 2355 2188 tio
2376 2135 2669 2204 premenda
2701 2135 2916 2189 videtur
2937 2136 3101 2190 allata
3127 2137 3194 2191 ab
3226 2151 3291 2192 eo
3321 2136 3429 2192 loci
3453 2137 3614 2208 hujus
3643 2141 3818 2209 exposi-

2280 2225 2374 2279 tio.
2423 2223 2649 2279 Mortcm
2685 2225 2865 2294 itaque
2891 2225 3166 2280 diabolum
3206 2227 3522 2297 signiﬁcare
3558 2230 3819 2289 existimat.

2276 2330 2436 2384 quem
2469 2315 2541 2370 ita
2578 2317 2915 2371 destructum
2957 2316 3020 2370 iri
3049 2327 3224 2387 putat,
3248 2329 3520 2387 quatenus
3550 2319 3700 2389 impia
3728 2320 3819 2386 ejus

2276 2416 2379 2462 eta
2410 2406 2518 2462 Deo
2551 2422 2740 2462 aversa
2769 2407 3022 2463 voluntas
3056 2409 3480 2476 expugnabitur.
3526 2410 3710 2464 Demus
3731 2413 3820 2480 ipsa

2277 2501 2440 2554 verba
2463 2513 2494 2554 e
2517 2499 2608 2554 lib.
2648 2515 2706 2555 Ill
2742 2500 2878 2567 Περὶ
2912 2499 3137 2569 ἀρχῶν,
3169 2515 3291 2570 cap.
3324 2500 3384 2566 6,
3413 2517 3561 2555 num.
3590 2501 3656 2556 5:
3689 2501 3824 2556 «Pro.

2279 2599 2461 2660 pterea
2494 2606 2726 2661 namque
2749 2591 2910 2646 etiam
2943 2591 3265 2647 novissimus
3300 2591 3574 2657 inimicus,
3599 2590 3682 2660 qui
3703 2603 3824 2643 mors

2276 2683 2598 2753 appellatur,
2630 2685 2838 2739 destrui
2867 2683 3086 2750 dicitur,
3120 2693 3178 2738 ut
3207 2698 3383 2752 neque
3432 2683 3572 2737 ultra
3606 2683 3746 2737 triste
3771 2680 3826 2735 sit

2277 2777 2504 2846 aliquid,
2542 2777 2629 2830 ubi
2659 2792 2805 2832 mors
2837 2793 2942 2832 non
2971 2789 3077 2840 est,
3116 2792 3294 2846 neque
3329 2776 3617 2831 adversum
3642 2775 3730 2840 sit,
3752 2773 3824 2826 ubi

2276 2883 2382 2922 non
2416 2876 2500 2923 est
2529 2868 2801 2924 inimicus.
2845 2869 3060 2924 Destrui
3087 2883 3219 2924 sane
3243 2867 3573 2923 novissimus
3599 2867 3826 2924 inimicus

2276 2957 2352 3011 ita
2381 2956 2759 3027 intelligendus
2780 2968 2885 3026 est,
2928 2973 3036 3013 non
3078 2967 3136 3013 ut
3161 2959 3466 3014 substantia
3508 2958 3640 3028 ejus,
3665 2970 3774 3026 quae
3801 2969 3827 3006 a

2277 3048 2391 3104 Deo
2420 3049 2562 3104 facta
2595 3055 2699 3118 est,
2731 3061 2952 3120 pereat;
3003 3051 3096 3106 sed
3127 3059 3184 3105 ut
3204 3051 3570 3122 propositum,
3594 3049 3830 3104 etvolun-

2200 3177 2244 3236 ο
2280 3150 2362 3198 tas
2386 3142 2631 3208 inimica,
2669 3159 2790 3214 qua:
2826 3159 2933 3200 non
2964 3159 2993 3199 a
3042 3143 3174 3212 Deo,
3207 3145 3302 3200 sed
3335 3145 3403 3198 ab
3430 3145 3548 3214 ipso
3574 3142 3829 3236 processit.

2275 3233 2510 3290 inte'reat
2533 3251 2548 3300 ;
2571 3254 2590 3287 ι
2615 3246 2671 3290 ει
2695 3237 2797 3290 ista
2821 3250 2889 3291 ex
2915 3236 3100 3291 bomil.
3131 3237 3164 3292 8
3189 3236 3244 3290 in
3265 3234 3454 3299 Iosue,
3481 3233 3694 3288 numJ.
3727 3251 3744 3283 ι
3772 3231 3834 3284 De

2273 3327 2488 3383 diabolo
2511 3337 2690 3384 autem
2720 3329 2924 3395 dicens,
2959 3330 3036 3383 ait
3067 3347 3081 3385 :
3108 3327 3471 3384 Norisssimus
3494 3327 3729 3380 inimicas
3757 3327 3834 3377 de-

2269 3429 2507 3475 struetur
2531 3437 2672 3475 mors
2695 3420 2763 3486 ⁸⁷,
2788 3420 2915 3490 quia
2953 3435 3081 3475 vere
3109 3429 3239 3475 tunc
3263 3420 3514 3474 vincetur
3543 3433 3700 3484 mors,
3723 3432 3830 3472 cum

2272 3509 2503 3565 mortale
2531 3511 2631 3566 hoc
2655 3510 3035 3566 absorbebitur
3058 3525 3088 3564 a
3109 3511 3238 3566 vita.
3264 3528 3284 3562 ι
3312 3510 3476 3566 Certe
3503 3509 3659 3565 Hebr.
3678 3524 3736 3576 ιι,
3759 3507 3831 3570 ιι,

2271 3605 2460 3659 mortis
2491 3603 2708 3672 quidem
2759 3603 3046 3672 imperium
3093 3602 3339 3658 diabolus
3376 3601 3580 3657 habere
3623 3600 3834 3662 dicitur;

2270 3707 2328 3749 at
2359 3711 2388 3749 a
2420 3705 2594 3750 morte
2622 3703 2798 3750 tamen
2835 3693 3205 3763 distinguitur,
3223 3703 3257 3744 ἰ
3284 3703 3342 3747 ut
3375 3707 3475 3762 per
3505 3701 3724 3747 mortem
3753 3690 3834 3744 de-

2270 3795 2510 3842 strueret
2536 3802 2660 3841 eum
2699 3785 2790 3856 qui
2846 3785 3082 3842 habebat
3111 3785 3302 3839 mortis
3330 3785 3637 3854 imperium,
3682 3782 3732 3837 id
3765 3790 3839 3836 est

2271 3877 2568 3933 diabolum.
2596 3895 2616 3929 ι
2669 3877 2822 3944 Quod
2867 3891 3141 3948 exponens
3176 3876 3444 3947 Origenes
3493 3885 3622 3932 tom.
3659 3869 3757 3930 xm
3791 3875 3839 3925 in

2270 3969 2488 4035 Matth.,
2524 3985 2674 4024 num.
2711 3968 2762 4029 9.
2801 3984 2924 4039 pag.
2950 3968 3073 4031 582,
3114 3968 3333 4040 Κράτος
3370 3967 3428 4021 δὲ
3475 3967 3720 4032 Θανάτου,
3769 3968 3841 4018 in-

2270 4060 2408 4126 quit,
2433 4058 2717 4130 νομιστέον
2749 4058 2894 4130 ἔχειν
2927 4059 3020 4113 τὸν
3049 4059 3315 4126 διὰὃολον,
3349 4060 3412 4112 οὐ
3440 4059 3538 4113 τοῦ
3575 4058 3732 4130 μέσου
3755 4057 3840 4110 καὶ

2271 4150 2591 4221 ἀδιαφόρου,
2650 4149 2772 4202 καθ’
2805 4150 2864 4204 ὃν
2917 4151 3352 4222 ἀποθνήσκουσιν
3399 4151 3452 4203 οἱ
3501 4150 3737 4204 σύνθετοι
3782 4151 3840 4201 ἐκ

2269 4239 2446 4310 ψυχῆς
2472 4240 2567 4294 καὶ
2606 4239 2878 4311 σώματος,
2925 4239 3302 4312 χωριζομένης
3345 4241 3528 4294 αὐτῶν
3554 4241 3649 4310 τῆς
3675 4241 3840 4310 ψυχῆς

2270 4333 2379 4386 ἀπὸ
2407 4332 2500 4385 τοῦ
2536 4331 2790 4402 σώματος
2813 4349 2826 4362 ·
2861 4333 2997 4386 ἀλλά
3027 4333 3122 4386 τοῦ
3154 4333 3402 4386 ἐναντίου
3425 4335 3521 4394 καὶ
3541 4333 3731 4404 ἐχθροῦ
3753 4331 3838 4383 τοῦ

2272 4424 2515 4488 εἰπόντος
2537 4440 2551 4454 ·
2607 4424 2747 4494 Ἐγώ
2773 4426 2889 4492 εἰμι
2919 4425 2958 4492 ἡ
3005 4422 3116 4491 ζωὴ
3140 4423 3218 4490 ⁸⁸,
3248 4424 3374 4478 καθ’
3403 4425 3464 4478 ὃν
3498 4423 3641 4495 ψυχὴ
3671 4424 3843 4494 ἁμαρο

589 4508 692 4580 τὴν
717 4511 1004 4582 καλάμηνο
1047 4523 1102 4567 ει
1126 4525 1335 4580 postea,
1372 4514 1628 4581 quoniam
1677 4514 1934 4582 scriptum
1954 4525 2050 4569 est
2077 4514 2167 4570 Je-

2275 4514 2522 4580 τάνουσα,
2549 4514 2688 4587 αὕτη
2722 4515 3069 4569 ἀποθανεῖται
3094 4515 3162 4570 ⁸³.

594 4615 733 4655 rem.
768 4615 884 4666 xvr,
918 4603 984 4657 I8
1020 4619 1033 4655 :
1066 4620 1084 4652 ι
1111 4603 1178 4656 Ει
1207 4603 1424 4656 reddam
1446 4602 1677 4671 primum
1703 4603 1945 4672 duplices
1973 4606 2173 4674 iniqui-

595 4698 738 4745 tates
768 4705 975 4744 eorum.
1006 4709 1024 4742 ι
1093 4691 1450 4760 Ἀναγκαίως,
1495 4692 1688 4762 inquit,
1738 4693 2060 4763 πρόσκειται
2109 4696 2172 4748 τὸ

593 4783 809 4855 πρῶτον
827 4799 842 4814 °
874 4784 1089 4856 πρῶτον
1121 4784 1229 4855 γὰρ
1255 4785 1325 4840 τά
1345 4785 1446 4857 τῆς
1472 4786 1702 4852 ἀδικίας,
1732 4787 1851 4840 εἶτα
1875 4786 1944 4842 τὰ
1971 4790 2069 4860 τῆς
2097 4790 2174 4843 δι-

593 4871 887 4944 καιοσύνης
921 4871 1256 4930 ἀποδίδοται.
1300 4875 1651 4942 Quinetiam
1700 4877 1791 4932 lib.
1824 4895 1863 4933 ιι
1897 4880 2036 4948 Περὶ
2067 4881 2172 4948 ἀρ-

593 4963 740 5032 χῶν,
777 4980 896 5036 cap.
930 4967 1016 5032 10,
1052 4984 1201 5025 num.
1229 4968 1283 5035 ἕ,
1319 4970 1552 5024 animam
1593 4984 1691 5039 per
1718 4981 1999 5041 peccatum
2023 4973 2171 5027 ordi-

593 5068 719 5108 nem
749 5071 907 5110 suum
953 5058 1207 5114 deserere
1251 5061 1346 5127 ait,
1389 5069 1445 5115 et
1487 5076 1516 5114 a
1550 5074 1806 5131 compage
1857 5063 1944 5117 cui
1993 5078 2022 5116 a
2059 5063 2170 5119 Deo

593 5145 758 5201 fuerit
790 5149 986 5203 innexa
1028 5150 1207 5204 divelli
1234 5165 1252 5217 ;
1285 5161 1340 5205 et
1367 5152 1608 5208 adhibito
1645 5153 1769 5221 igne
1807 5171 1826 5204 ι
1854 5153 1975 5209 sine
2005 5155 2168 5210 dubio

593 5240 659 5320 ad
687 5239 980 5295 ﬁrmiorem
1004 5241 1437 5315 suicompagem,
1465 5244 2022 5315 instaurationemque
2038 5246 2169 5301 soli-

593 5330 746 5397 dari;
770 5346 912 5386 rnec
938 5332 1107 5387 multo
1135 5343 1262 5404 post
1295 5351 1445 5391 num.
1473 5334 1508 5388 6
1530 5353 1544 5389 :
1569 5353 1589 5387 ‹
1613 5334 1878 5403 Quoniam
1909 5348 2084 5393 autem
2112 5344 2169 5394 et

591 5435 655 5475 ea
685 5438 844 5492 paena
858 5439 978 5494 quae
995 5440 1089 5495 per
1121 5428 1296 5498 ignem
1318 5426 1504 5482 inferri
1541 5429 1761 5497 dicitur,
1780 5445 1879 5499 pro
1901 5428 2166 5497 adjutorio

593 5512 910 5584 intelligitur
930 5519 1194 5585 adhiberi,
1213 5519 1379 5576 Isaias
1397 5522 1668 5592 docet,qui
1686 5521 1751 5576 de
1771 5520 1934 5577 Israel
1949 5521 2166 5591 quidem

582 5603 673 5686 _sic
729 5607 904 5662 dicit:
943 5609 1130 5662 Abluet
1165 5609 1422 5667 Dominus
1465 5614 1643 5668 sordes
1680 5613 1918 5682 ﬁliorum
1949 5615 2048 5670 'vel
2102 5617 2168 5686 ﬁ-

667 5715 848 5800 ⁸³18³Ζ
877 5722 1057 5800 μῖκῆ
1142 5721 1188 5800 ⁸-⁵
1210 5722 1310 5778 lsa.
1347 5741 1515 5800 vatt,
1545 5726 1630 5782 14.
1731 5727 1776 5760 ⁸⁵
1803 5726 1905 5785 Isa.
1933 5729 1990 5800 ι,
2027 5729 2114 5784 17.

599 5794 653 5840 ει
676 5799 785 5851 xiv,
816 5791 869 5845 6.
936 5792 989 5880 ’ξ’
1018 5792 1217 5850 Ezccb.
1245 5809 1399 5863 xvru,
1425 5797 1478 5851 4.

2341 4606 2474 4662 Cum
2510 4608 2587 4662 ait
2618 4622 2864 4664 aversam
2892 4625 2920 4660 a
2945 4606 3055 4662 Deo
3085 4607 3288 4664 diaboli
3331 4607 3663 4664 voluntatem
3693 4607 3842 4669 olim,

2270 4697 2387 4754 fore
2419 4699 2828 4763 conterendam,
2884 4698 3018 4753 satis
3048 4685 3324 4768 signiﬁcat
3371 4714 3432 4755 se
3470 4714 3540 4755 ne
3579 4700 3843 4754 daemones

2271 4790 2488 4860 quidem
2517 4789 2585 4844 ab
2616 4799 2816 4844 aeterna
2858 4789 3116 4845 felicitate
3147 4789 3465 4847 excludere.
3505 4790 3611 4847 Sed
3645 4791 3847 4844 clarius

2271 4883 2436 4937 etiam
2464 4881 2516 4937 id
2545 4883 2818 4938 evincitur
2861 4896 2929 4937 ex
2973 4884 3285 4951 dogmatum
3323 4883 3498 4952 ipsius
3526 4883 3764 4952 sequela,
3793 4889 3846 4934 et

2270 4988 2333 5028 ex
2368 4974 2470 5029 hoc
2514 4979 2632 5030 loco
2662 4989 2696 5030 e
2729 4975 2821 5030 lib.
2856 4990 2872 5029 ι
2920 4975 3061 5042 Περὶ
3095 4975 3319 5044 ἀρχῶν,
3360 4989 3485 5047 cap.
3513 4975 3569 5040 6,
3608 4990 3759 5048 num,
3791 4974 3844 5038 '5,

2266 5079 2426 5135 quem
2451 5074 2507 5122 et
2527 5082 2686 5136 supra
2715 5066 2827 5136 jam
2851 5067 3196 5132 adduximus,
3242 5076 3298 5122 et
3327 5068 3420 5122 hic
3453 5079 3666 5138 quoque
3694 5080 3849 5136 repe-

2267 5165 2442 5214 temus
2488 5175 2503 5213 :
2541 5159 2696 5215 rJam
2733 5174 2864 5214 vero
2918 5159 2964 5215 si
2993 5158 3159 5230 aliqui
3209 5160 3401 5215 exibis
3439 5159 3722 5215 ordinibus
3757 5156 3849 5228 qui

2264 5251 2366 5306 sub
2385 5251 2688 5320 principatu
2713 5251 2911 5306 diaboli
2939 5259 3126 5322 agunt,
3163 5265 3229 5305 ae
3248 5250 3474 5306 malitia
3503 5249 3616 5320 ejus
3639 5249 3851 5303 obtem«

2268 5353 2484 5412 perant,
2526 5351 2778 5412 poterunt
2808 5342 3098 5413 aliquando
3134 5343 3190 5397 in
3221 5341 3422 5397 futuris
3465 5340 3679 5396 sarculis
3715 5356 3857 5396 eon-

2270 5437 2409 5491 verti
2437 5436 2504 5490 ad
2558 5435 2879 5502 bonitatem,
2912 5449 3010 5505 pro
3035 5449 3101 5489 eo
3128 5433 3273 5505 quod
3299 5443 3387 5490 est
3428 5434 3487 5489 ln
3537 5432 3662 5502 ipsis
3693 5432 3858 5486 liberi

2272 5526 2501 5582 facultas
2534 5527 2748 5584 arbitrii
2778 5540 2794 5581 :
2826 5544 2892 5581 an
2936 5542 3066 5582 vero
3099 5541 3430 5596 permaneas
3463 5536 3520 5582 et
3551 5527 3861 5581 inveterata

2273 5620 2476 5674 malitia
2507 5620 2666 5675 velut
2693 5603 2745 5675 in
2776 5629 3022 5675 naturam
3045 5621 3339 5691 quamdam
3373 5636 3445 5676 ex
3465 5618 3863 5676 consuetudine

2215 5731 2262 5814 5°
2296 5733 2525 5790 Malacb.
2563 5751 2648 5806 ιιι,
2671 5736 2724 5792 5.
2799 5735 2843 5769 ⁸⁷
2870 5734 2890 5789 l
2919 5733 3046 5791 Cor.
3072 5749 3163 5804 xv,
3194 5733 3286 5791 ‘26,
3365 5735 3413 5769 ιε
3434 5734 3592 5794 ³ου.
3627 5747 3714 5799 Π,
3747 5731 3860 5796 35;

2817 5823 2849 5831 νο
