3914 6522
971 447 1543 508 ORIGENIANORUM
1584 447 1714 502 LIB.
1755 446 1816 509 ll,
1858 445 2008 501 CAP.
2052 444 2112 510 ll,
2149 442 2426 510 QUIEST.
2471 443 2557 497 XI.

3279 445 3416 500 1050

556 571 720 626 etiam
750 579 804 625 tu
836 570 927 639 qui
960 569 1095 639 legis
1114 569 1365 639 probato,
1395 569 1440 623 si
1466 568 1730 623 omnimo-
1761 576 1803 629 Α
1836 577 1978 635 ptam
2012 565 2398 620 beatitudinem
2451 563 2748 634 possidere.
2795 580 2816 615 ι
2865 562 3068 628 Quibus
3105 571 3160 617 et
3187 563 3298 618 haec
3323 566 3417 619 ad-

603 678 626 711 :
658 678 777 732 qum
805 662 1060 716 videntur
1087 660 1473 730 temporalibus
1501 659 1731 723 saeculis,

667 771 686 788 ἐ
714 769 820 810 non
855 755 1126 821 videntur,
1157 765 1212 810 et
1238 763 1439 826 teterna
1470 765 1614 822 sunt,
1649 771 1735 824 pe-

762 846 848 899 illa
875 846 1036 902 etiam
1071 845 1219 902 finali
1282 847 1511 914 unitate,
1571 856 1736 917 atque

813 937 909 990 bit.
937 955 956 988 ι
990 934 1144 992 Jacet
1163 936 1350 992 eadem
1378 937 1646 998 sententia
1679 937 1732 991 in

881 1047 907 1084 a
938 1031 991 1084 in
1039 1029 1322 1093 Joannem,
1351 1030 1418 1084 ad
1442 1028 1600 1083 Joan.
1631 1045 1730 1092 xtl,

941 1121 1171 1193 πάθημα
1222 1121 1390 1176 αὐτοῦ
1435 1122 1614 1194 κρίσις
1664 1118 1767 1192 ἦν·

958 1259 977 1277 ,
999 1230 1012 1244 ·
1047 1213 1276 1286 ἐπείπερ
1315 1215 1734 1286 εἰρηνοποιήσας

863 1308 981 1378 ιροῦ
1011 1307 1228 1372 ἑαυτοῦ,
1259 1305 1370 1359 εἴτε
1394 1305 1464 1359 τὰ
1489 1307 1581 1358 ἐπὶ
1605 1306 1730 1376 γῆς,

759 1399 897 1469 ίμετὰ
929 1399 1344 1472 θριαμϐεύσεως
1375 1400 1432 1452 ἐν
1457 1398 1536 1470 τῷ
1566 1399 1729 1470 ξύλῳ,

651 1492 782 1562 ..ιχὰς
810 1491 904 1544 καὶ
930 1491 1200 1558 ἐξουσίας,
1241 1491 1495 1545 ἐκάθισεν
1524 1491 1584 1544 ὲν
1616 1493 1732 1552 τοῖς

553 1582 920 1647 λποηθιστὰς
969 1583 1146 1636 πάντα
1178 1584 1270 1636 ἐπὶ
1299 1583 1360 1637 τὸ
1396 1582 1611 1654 ἑκάστῳ
1634 1584 1731 1653 ἁρ-

427 1717 432 1722 .
482 1673 696 1744 πρέπον
725 1673 894 1737 τέλος.
936 1693 954 1725 ε
978 1673 1122 1729 Mors
1161 1674 1301 1744 ejus,
1335 1688 1428 1729 seu
1477 1674 1529 1727 in
1568 1689 1732 1729 cruce

277 1793 341 1832 ρ),
364 1765 635 1834 judicium
685 1776 802 1822 erat
834 1767 1072 1822 universi
1102 1768 1311 1832 mundi,
1345 1767 1602 1836 quoniam
1646 1767 1729 1820 ei-

162 1871 262 1912 .uso
284 1857 336 1911 in
374 1872 544 1913 cruce
571 1858 836 1928 sanguine
857 1873 956 1913 suo
982 1873 1170 1927 pacem
1197 1859 1508 1914 conciliavit
1533 1842 1725 1914 tamin

1831 660 2104 730 jungenda
2133 673 2164 713 e
2195 658 2332 712 libro
2356 658 2568 719 eodem,
2595 673 2716 726 cap.
2750 658 2804 722 l,
2837 671 2988 710 num.
3019 656 3080 709 21
3115 675 3128 711 :
3163 676 3180 706 ι
3203 656 3282 710 Ex
3307 671 3419 724 quo

1835 749 2142 818 opinamur,
2169 748 2426 817 quoniam
2455 747 2696 817 quidem,
2739 759 2800 802 ut
2825 746 3136 816 frequenter
3159 747 3418 812 diximus,

1836 839 2160 894 immortalis
2201 848 2286 892 est
2315 838 2499 892 anima
2530 849 2585 893 et
2613 847 2836 904 aeterna,
2873 840 3017 908 quod
3051 838 3104 892 in
3146 838 3332 894 multis
3363 848 3422 894 et

1835 933 1953 987 sine
1973 931 2076 986 line
2111 931 2300 1001 spatiis
2329 945 2426 1000 per
2452 932 2717 987 immensa
2740 940 2796 985 et
2821 931 3034 986 diversa
3064 931 3262 986 sazcula
3291 946 3417 1001 pos-

1835 1024 1992 1080 sibile
2023 1033 2128 1088 est,
2156 1034 2213 1079 ut
2240 1042 2268 1077 a
2307 1039 2520 1078 summo
2546 1025 2690 1079 bono
2716 1025 2782 1079 ad
2813 1023 2994 1078 intima
3030 1017 3169 1077 mala
3196 1023 3419 1078 descen-

1833 1119 1948 1182 dat,
1986 1127 2042 1173 et
2082 1117 2150 1172 ab
2197 1116 2400 1172 ultituis
2441 1117 2596 1172 ntalis
2638 1117 2708 1173 ad
2756 1133 2965 1172 summa
3012 1117 3153 1172 bona
3200 1131 3420 1186 repare-

1836 1218 1942 1261 tur.
1968 1226 1988 1258 ι

1904 1299 2022 1354 XX.
2057 1300 2208 1368 Quod
2261 1301 2307 1355 si
2365 1300 2490 1370 quis
2541 1299 2858 1369 dogmattttn
2902 1300 3130 1354 istorum
3177 1297 3417 1367 requirat

1833 1392 2119 1461 originem,
2151 1394 2291 1447 sciat
2321 1393 2411 1447 ille
2441 1403 2637 1462 praeter
2661 1394 2911 1462 quaedam
2941 1392 3239 1461 Scriptura:
3266 1391 3417 1444 testi—

1834 1484 2039 1547 monia,
2071 1499 2192 1554 quae
2223 1499 2348 1539 mox
2375 1501 2402 1536 a
2429 1485 2584 1538 nobis
2628 1493 3057 1538 commemorata
3095 1493 3241 1547 sunt,
3275 1481 3417 1537 Ada-

1833 1576 2096 1629 mantium
2127 1590 2343 1646 quoque
2374 1577 2425 1629 in
2469 1590 2714 1630 errorem
2757 1575 3038 1629 induxisse
3065 1575 3206 1628 male
3243 1573 3416 1628 inter-

1832 1675 2102 1732 pretatum
2155 1665 2308 1729 illud,
2367 1665 2512 1734 quod
2552 1673 2732 1719 exstat
2776 1662 2926 1718 Isaiae
2958 1679 3113 1727 xxrv,
3155 1662 3250 1730 22,
3303 1680 3323 1714 ι
3349 1661 3416 1717 Ει

1831 1758 2155 1814 claudentur
2180 1758 2253 1812 ibi
2284 1759 2337 1812 itt
2382 1773 2630 1822 carcere,
2659 1768 2712 1811 et
2757 1766 2878 1827 post
2925 1756 3123 1811 multos
3147 1755 3263 1810 dies
3285 1755 3418 1809 visi-

1836 1851 2135 1916 tabuntur;
2169 1869 2188 1903 ι
2236 1860 2291 1906 et
2321 1851 2424 1905 hoc
2463 1850 2623 1904 Joan.
2658 1867 2711 1916 ιι,
2740 1849 2828 1912 l6,
2860 1871 2877 1901 ι
2906 1848 3026 1903 Fiet
3061 1865 3226 1902 unum
3255 1848 3416 1914 ovile,

159 1959 285 2005 terra
312 1963 479 2019 quam
515 1949 570 2004 in
603 1949 776 2025 caelis,
810 1950 934 2005 dum
969 1960 1088 2020 post
1120 1951 1445 2020 triumphum
1476 1951 1530 2005 itt
1558 1951 1724 2022 ligno,
1756 1931 1800 1986 Β
1828 1952 1882 1998 et
1910 1958 2049 1997 unus
2067 1951 2277 2011 pastor,
2305 1961 2323 1994 ι
2355 1944 2497 2012 quod
2525 1943 2639 2010 ipse
2662 1941 2713 1994 in
2744 1941 3012 2025 dogmatis
3034 1940 3117 1994 sui
3142 1939 3419 1994 fulcimen-

159 2057 274 2112 quos
309 2049 544 2098 exuerat
576 2041 914 2112 principatus
940 2049 1342 2110 acjpotestates
1369 2042 1648 2096 constituit
1673 2043 1725 2097 in

159 2133 471 2197 caelestibus,
520 2131 780 2187 universa
813 2131 880 2187 ad
923 2131 1332 2188 convenientem
1369 2131 1630 2202 cujusque
1659 2134 1723 2188 li-

157 2239 260 2278 nem
281 2224 604 2294 perducens.
630 2241 650 2275 ι

223 2314 344 2369 XIX.
380 2314 658 2371 Caeterum
697 2328 805 2370 non
834 2330 1114 2384 pmnarum
1146 2317 1441 2383 ’duntaxat,
1484 2316 1576 2372 sed
1608 2315 1725 2371 feli-

157 2405 317 2460 citatis
355 2407 524 2460 etiam
564 2415 775 2476 tempus
808 2407 975 2462 certis
1013 2407 1488 2478 circumscriptum
1536 2411 1722 2464 tenni-

157 2499 227 2553 nis
259 2513 373 2554 esse
412 2498 612 2565 voluit,
654 2499 977 2568 animasque
1015 2499 1084 2554 ad
1118 2500 1477 2570 perfectionis
1507 2501 1720 2556 culmen

156 2602 365 2658 evectas,
389 2601 444 2646 et
476 2590 699 2660 peccati
732 2606 796 2646 ac
825 2606 1101 2662 corporea:
1151 2591 1308 2648 molis
1339 2593 1593 2649 sordibus
1622 2610 1721 2648 ex-

156 2694 403 2754 purgatas,
433 2684 626 2738 statim
665 2691 830 2753 atque
871 2698 902 2737 a
945 2684 1146 2740 virtute
1177 2684 1231 2738 in
1272 2669 1460 2739 vitium
1483 2684 1720 2742 deﬂexe-

157 2777 263 2841 rint,
293 2779 343 2830 in
371 2775 666 2831 crassioris
685 2776 932 2845 corporis
956 2791 1232 2831 carcerem
1268 2777 1560 2848 compingi.
1589 2777 1720 2833 Ver—

155 2865 485 2936 ba_0rigcnis
522 2880 555 2920 e
580 2865 678 2919 lib.
728 2880 767 2918 Il
803 2863 879 2919 De
905 2865 1130 2935 princip.
1167 2865 1326 2920 affert
1360 2867 1718 2933 Justittianus,

155 2959 324 3028 quibus
349 2973 587 3030 corpora
630 2957 917 3014 interitura
955 2959 1230 3024 dicuntur,
1281 2974 1403 3014 cum
1435 2960 1545 3015 Deo
1593 2961 1720 3015 sub-

151 3051 270 3118 jecta
305 3051 507 3106 fuerint
538 3049 745 3116 omnia,
776 3049 878 3119 τῆς
905 3048 1014 3103 τῶν
1046 3050 1316 3120 σωμάτων
1344 3050 1559 3120 φύσεως
1589 3052 1721 3105 ὑπο-

154 3142 469 3214 πησομένης
502 3141 780 3211 δεύτερον,
818 3141 914 3194 ἐὰν
953 3141 1115 3194 πάλιν
1147 3140 1341 3210 λογικὰ
1378 3143 1716 3215 ὑποκαταϐῇ,

159 3249 299 3288 tcum
355 3235 561 3290 iterum
623 3235 926 3305 reparanda
958 3235 1029 3289 sit
1059 3248 1350 3305 corporum
1409 3246 1629 3300 natura,
1668 3238 1714 3290 si
1745 3275 1788 3332 ε

155 3340 346 3381 rursum
399 3325 696 3382 rationalia
730 3327 1083 3384 descendant.
1109 3345 1129 3380 ι
1173 3327 1347 3382 Aifert
1389 3336 1446 3383 et
1491 3329 1595 3382 alia
1649 3344 1716 3384 ex

153 3425 321 3485 quarto
339 3417 516 3486 libro,
557 3417 755 3486 quibus
792 3431 1082 3487 corporum
1121 3428 1373 3473 naturam
1408 3434 1504 3489 per
1546 3421 1720 3475 inter-

153 3507 266 3562 valla
291 3509 564 3564 exsistere
584 3509 765 3574 docet,
799 3508 888 3564 διά
910 3527 1029 3564 τινα.
1051 3508 1434 3582 συμπτώματα
1460 3513 1720 3584 γινόμενα

151 3603 259 3671 περὶ
309 3601 378 3656 τὰ
406 3601 628 3671 λογικὰ,
667 3602 898 3674 δεόμενα
948 3604 1251 3675 σωμάτωνο
1293 3606 1388 3658 καὶ
1427 3605 1592 3660 πάλιν
1621 3607 1722 3677 τῆς

151 3695 558 3767 ἐπανορθώσεως
582 3695 804 3760 τελείως
825 3696 1116 3768 γινομένης
1139 3699 1220 3761 εἰς
1237 3697 1297 3750 τὸ
1328 3697 1402 3770 μὴ
1425 3694 1565 3753 εἶναι
1593 3699 1723 3752 ἀνα-

152 3785 348 3840 λύεσθαι
399 3788 604 3855 ταῦτα,
649 3787 792 3842 ὥστε
815 3788 976 3843 τοῦτο
1011 3789 1100 3842 ἀεὶ
1126 3788 1392 3859 γίνεσθαι.
1450 3807 1470 3842 ι
1494 3789 1724 3862 PrOpter

153 3881 391 3946 quosdam
439 3880 626 3951 lapsus
665 3882 829 3938 rebus
875 3881 1088 3938 ratione
1131 3882 1462 3952 pollentibus
1503 3885 1719 3939 contin-

152 3983 337 4038 gentes,
393 3988 520 4044 quae
542 3974 861 4044 corporibus
898 3973 1177 4045 indigent;
1237 3983 1294 4030 et
1329 3990 1546 4030 rursum
1578 3976 1720 4032 facta

151 4065 515 4120 emendatione
542 4066 810 4135 perfecta,
839 4066 1060 4121 dissolvi
1092 4067 1183 4122 illa
1217 4067 1270 4121 in
1309 4067 1558 4133 nihilum,
1586 4069 1721 4122 adeo

152 4160 201 4209 ut
221 4155 270 4210 id
299 4171 516 4226 semper
547 4157 658 4210 ﬁat.
684 4176 704 4209 ι
737 4157 907 4213 Aﬂ‘ert
927 4168 981 4214 et
1009 4159 1113 4214 ista
1137 4173 1168 4214 e
1199 4158 1291 4214 lib.
1320 4173 1336 4212 ι
1364 4157 1723 4230 Hieronymus

151 4247 288 4317 epist.
319 4249 412 4316 59,
443 4250 514 4305 ad
549 4249 722 4315 Avit.,
754 4265 876 4321 cap.
904 4251 930 4304 1
969 4269 984 4307 :
1018 4269 1036 4303 ι
1059 4249 1116 4304 In
1145 4251 1253 4306 line
1275 4259 1439 4320 atque
1467 4265 1722 4306 consum-

153 4341 366 4398 matione
404 4342 666 4397 mundi...
694 4342 808 4414 (50)
837 4358 958 4398 cum
998 4357 1189 4398 omnes
1228 4340 1460 4414 (animae)
1496 4341 1722 4397 liberum

152 4433 366 4491 habeant
397 4435 716 4501 arbitrium,
761 4445 818 4491 et
843 4444 1032 4506 sponte
1067 4451 1163 4492 sua
1205 4434 1290 4490 vel
1329 4435 1561 4490 virtutes
1598 4449 1725 4505 pos-

152 4523 246 4582 sint
271 4543 491 4600 capere,
519 4526 610 4583 vel
643 4529 795 4594 vitia,
814 4529 923 4584 illae
941 4529 1112 4584 multo
1142 4527 1197 4583 in
1219 4525 1389 4598 pejori
1413 4527 1726 4584 conditione

1829 2045 1941 2090 tum
1986 2045 2212 2104 usurpat
2255 2034 2308 2089 in
2339 2037 2443 2089 line
2471 2032 2657 2089 homil.
2695 2033 2728 2087 6
2770 2033 2826 2086 in
2855 2023 3020 2086 Nunt.
3060 2032 3192 2088 ltetn
3227 2032 3354 2086 illud
3387 2047 3420 2085 e

1824 2127 2080 2199 parabola
2126 2142 2288 2196 quam
2325 2128 2578 2198 proponit
2621 2126 2874 2181 Christus
2922 2124 3116 2180 Matth.
3144 2142 3299 2190 xvttt,
3329 2126 3418 2190 1'5,

1827 2235 1951 2275 cum
1987 2233 2207 2273 servum
2237 2233 2466 2287 nequam
2501 2219 2676 2272 iratus
2714 2218 2964 2272 dominus
2990 2217 3159 2286 jussit
3184 2217 3412 2271 tortori-

1826 2308 1926 2364 bus
1952 2309 2110 2372 tradi,
2144 2311 2322 2378 quoad
2354 2309 2599 2364 debitum
2627 2310 2898 2379 integrum
2927 2309 3263 2365 retunderet.
3292 2307 3407 2362 Un-

1825 2403 1890 2457 de
1915 2400 2178 2472 Origenes
2204 2400 2388 2456 homil.
2417 2401 2488 2455 35
2516 2401 2570 2454 in
2601 2401 2757 2463 Luc.,
2805 2420 2823 2452 ι
2853 2401 2984 2469 Qua:
3010 2410 3093 2456 est
3116 2401 3199 2454 lex
3228 2415 3417 2455 carce-

1825 2493 1902 2548 ris
1927 2493 2084 2549 istius
2113 2493 2405 2564 (inl'erni)?
2436 2491 2551 2548 Non
2599 2494 2848 2562 egredior
2899 2508 2966 2547 ex
3009 2508 3097 2558 eo,
3129 2507 3304 2563 neque
3330 2506 3420 2546 me

1823 2597 2047 2643 exactor
2080 2587 2288 2657 patitur
2316 2588 2490 2653 exire,
2527 2588 2630 2642 nisi
2673 2587 2913 2642 debitum
2945 2602 3106 2641 omne
3139 2586 3418 2655 persolve-

1824 2696 1950 2737 το.»
1995 2680 2198 2736 Fraudi
2247 2681 2298 2737 ei
2357 2681 2458 2736 fuit
2501 2694 2786 2751 perperam
2841 2689 3121 2751 acceptum
3166 2689 3225 2735 et
3265 2679 3413 2733 istud

1822 2773 2070 2842 Apostoli
2101 2772 2263 2832 Rom.
2287 2789 2363 2838 χι,
2400 2772 2491 2829 25,
2520 2772 2611 2838 26,
2663 2792 2680 2824 ι
2701 2771 2928 2827 Caecitas
2962 2787 3028 2826 ex
3058 2781 3215 2840 parte.
3241 2772 3416 2825 conti-

1822 2868 1900 2936 git
1940 2868 1992 2920 in
2042 2865 2230 2928 Israel,
2279 2866 2455 2920 donec
2521 2865 2800 2934 plenitudo
2849 2863 3090 2934 gentium
3137 2864 3418 2930 intraret,

1821 2968 1874 3012 et
1897 2958 1978 3012 sic
2009 2958 2191 3012 omnis
2218 2956 2386 3011 Israel
2414 2957 2596 3012 salvus
2622 2956 2796 3012 ﬁeret.
2824 2975 2842 3008 ι
2878 2955 3191 3009 Piaculares
3212 2965 3415 3019 autem,

1821 3066 1958 3121 quas
1987 3049 2121 3118 dixi,
2149 3059 2205 3105 et
2227 3049 2572 3120 purgatorias
2598 3063 2791 3118 poenas
2838 3048 2926 3104 his
2949 3048 3194 3103 defendit
3228 3047 3415 3102 verbis

1819 3158 1887 3198 ex
1932 3141 2110 3196 lCor.
2161 3141 2371 3208 11512,
2427 3142 2481 3196 in
2542 3141 2740 3211 quibus
2802 3139 3230 3210 uniuscujusque
3279 3153 3417 3208 opus

1822 3236 1946 3305 igne
1982 3234 2352 3290 examinatum
2390 3234 2457 3289 iri
2493 3233 2696 3289 Paulus
2729 3231 2985 3288 affirmat.
3019 3233 3155 3288 Aliis
3188 3231 3416 3302 quibus-

1821 3327 1947 3382 dam
1975 3327 2246 3396 opinionis
2283 3326 2442 3396 hujus
2462 3327 2887 3398 propugnaculis
2912 3325 2988 3379 uti
3022 3324 3200 3379 solere
3223 3323 3418 3394 Orige-

1820 3420 1994 3476 nistas
2030 3419 2199 3474 tradit
2234 3418 2598 3491 Hieronymus
2641 3417 2711 3473 ad
2759 3417 2962 3474 calcem
2993 3415 3417 3471 Commentario-

1821 3500 1946 3565 rum.
1977 3512 2034 3564 in
2073 3509 2312 3575 Isaiam;
2357 3509 2461 3566 hoc
2509 3510 2764 3565 nimirum
2809 3508 2961 3564 Pauli
3004 3507 3165 3564 Rom.
3193 3523 3272 3575 ιι,
3321 3507 3415 3574 52,

1829 3602 2147 3659 εϐοηοιιιδίι
2187 3601 2334 3658 Deus
2381 3602 2567 3658 omnia
2619 3602 2720 3658 sub
2774 3609 3022 3672 peccato,
3071 3609 3132 3654 ut
3163 3599 3419 3655 omnibus

1823 3694 2184 3759 misereatur;
2212 3711 2232 3745 ι
2262 3701 2319 3747 et
2359 3692 2451 3748 illo
2493 3693 2660 3748 Mich.
2690 3707 2786 3760 vn,
2828 3693 2862 3748 9
2909 3709 2924 3746 :
2971 3710 2989 3743 ι
3017 3690 3156 3745 lram
3203 3689 3417 3745 Domini

1824 3786 2132 3852 sustinebo,
2162 3785 2289 3854 quia
2316 3784 2538 3854 peccavi
2562 3785 2614 3839 ei
2648 3799 2664 3838 :
2703 3784 2878 3839 donec
2899 3783 3165 3854 justiﬁeet
3191 3797 3415 3837 causam

1824 3893 2023 3942 meam,
2055 3885 2111 3932 et
2153 3875 2370 3932 auferat
2411 3876 2677 3945 judicium
2707 3891 2910 3944 meum,
2949 3885 3006 3931 et
3026 3875 3221 3932 educat
3249 3889 3334 3928 me
3361 3876 3416 3928 in

1822 3970 2082 4037 lucem;i
2124 3980 2179 4026 et
2200 3971 2320 4042 ,hoc
2360 3970 2526 4024 etiam
2575 3969 2730 4025 Isaia:
2766 3985 2870 4034 xtt,
2899 3969 2925 4023 l
2971 3987 2986 4022 :
3043 3986 3061 4020 ι
3089 3967 3415 4022 Benedicam

1825 4075 1898 4132 te,
1926 4065 2170 4128 Domine,
2194 4065 2446 4133 quoniam
2468 4065 2638 4118 iratus
2668 4077 2728 4118 es
2743 4062 2872 4116 mihi
2901 4077 2914 4114 :
2947 4061 3189 4116 avertisti
3223 4060 3414 4114 faciem

1826 4167 1974 4211 tuam
1996 4171 2026 4210 a
2057 4169 2164 4222 me,
2190 4164 2245 4210 et
2277 4155 2533 4210 misertus
2572 4169 2630 4210 es
2661 4153 2800 4221 mei;
2846 4171 2866 4206 ι
2893 4167 3102 4208 necnon
3133 4160 3189 4206 et
3213 4152 3317 4207 isto
3338 4149 3415 4205 O-

1825 4263 1932 4303 sea:
1956 4263 2068 4314 xtv,
2099 4247 2132 4300 5
2163 4264 2177 4300 :
2207 4263 2228 4297 ς
2257 4246 2392 4301 Cum
2430 4246 2509 4300 ira
2557 4245 2760 4300 furoris
2809 4245 2913 4300 mei
2945 4243 3243 4308 transierit,
3292 4257 3418 4296 rur-

1825 4357 1944 4397 sum
2000 4342 2274 4406 sanabo,»
2325 4350 2487 4410 atque
2536 4338 2723 4394 itidem
2773 4337 2866 4394 illo
2912 4336 3104 4408 psaltn.
3140 4351 3279 4401 xxx,
3321 4335 3418 4399 20,

1832 4454 1851 4487 ‹
1875 4435 2050 4501 Quam
2107 4433 2331 4503 grandis
2363 4431 2652 4487 multitudo
2679 4431 2943 4486 bonitatis
2983 4439 3107 4495 tum,
3165 4427 3416 4492 Domine,

1827 4541 1990 4596 quam
2024 4524 2353 4581 abscondisti
2386 4522 2702 4579 timentibus
2738 4523 2822 4579 te!
2861 4544 2880 4575 υ

150 4629 314 4687 emat,
355 4635 523 4691 quam
572 4635 719 4676 nunc
764 4631 928 4687 sunt;
965 4621 1050 4676 ha:
1096 4621 1163 4675 ad
1195 4619 1472 4676 meliorem
1519 4628 1719 4675 statum
1752 4623 1796 4679 ι)
1899 4619 2099 4675 Verum
2137 4633 2246 4674 non
2285 4618 2460 4673 sacris
2490 4617 2757 4672 duntaxat
2779 4615 3127 4684 auctoribus,
3161 4615 3256 4671 sed
3299 4629 3420 4686 pro-

151 4713 449 4778 pervenient
481 4731 496 4767 :
533 4713 662 4783 quia
690 4712 890 4768 diversi
930 4722 1131 4779 motus,
1152 4721 1206 4768 et
1224 4711 1392 4768 variae
1419 4711 1722 4768 voluntates

151 4801 196 4856 in
217 4813 505 4876 utramque
543 4812 754 4874 partem
790 4805 1063 4860 diversum
1097 4805 1364 4884 accipient
1412 4815 1638 4873 statum,
1667 4805 1720 4859 id

151 4905 239 4962 est,
263 4906 319 4952 ut
342 4898 550 4969 angeli,
597 4897 845 4953 homines
890 4900 976 4953 vel
1001 4899 1292 4964 daemones,
1331 4907 1384 4954 et
1407 4915 1619 4955 rursum
1650 4913 1718 4954 ex

150 4987 222 5044 his
264 4991 560 5058 homines;
596 4991 682 5048 vel
741 4991 915 5062 angeli
964 4991 1132 5059 ﬁant;
1158 5011 1176 5043 ι
1237 5001 1292 5046 et
1335 4991 1423 5047 illa
1452 5006 1483 5048 e
1515 4992 1609 5052 lib.
1637 5008 1720 5060 ιιι,

149 5092 255 5148 cap.
281 5080 336 5144 6,
363 5096 520 5135 num.
553 5080 611 5146 3,
665 5097 685 5132 ι
709 5079 820 5136 Nec
846 5080 1068 5135 dubium
1112 5088 1195 5135 est
1230 5080 1357 5149 quin
1402 5088 1525 5150 post
1555 5087 1722 5150 "qua:-

151 5171 260 5225 dam
291 5173 581 5229 intervalla
610 5181 917 5243 temporum
949 5187 1140 5228 rursus
1168 5173 1393 5226 materia
1433 5172 1715 5237 subsistat,

150 5273 196 5317 et
229 5279 455 5335 corpora
503 5268 661 5332 (iant,
705 5276 761 5320 et
796 5267 982 5322 mundi
1025 5266 1314 5321 diversitas
1351 5271 1718 5328 construatur,

151 5367 354 5428 propter
392 5358 586 5413 varias
621 5357 930 5413 voluntates
987 5357 1390 5412 rationabilium
1434 5366 1716 5410 creatura-

151 5464 277 5515 rum,
303 5466 424 5521 qute
457 5461 584 5522 post
606 5447 898 5518 perfectam
931 5449 1318 5504 beatitudinem
1355 5463 1527 5518 usque
1559 5450 1622 5500 ad
1655 5448 1720 5502 li-

152 5554 260 5594 nem
298 5543 546 5597 omnium
581 5555 763 5594 rerum
805 5540 1068 5610 paulatim
1097 5541 1163 5596 ad
1205 5540 1460 5596 inferiora
1489 5524 1721 5608 delapsae

153 5641 339 5688 tantam
362 5633 631 5689 malitiam
652 5642 996 5704 receperunt,
1028 5642 1087 5688 ut
1107 5633 1160 5688 in
1195 5633 1522 5688 contrarium
1548 5640 1724 5686 verte-

155 5715 348 5795 rentur,
383 5728 520 5784 dum
545 5724 741 5781 nolunt
763 5741 982 5783 servare
1007 5727 1358 5800 principium,
1385 5735 1440 5784 et
1467 5725 1718 5784 incorru-

205 5927 311 6002 (50)
337 5929 474 5988 Vide
507 5927 674 5986 tinem
696 5926 788 5985 lib.
815 5943 832 5986 ι
865 5919 942 5986 De
972 5925 1198 6002 princip.

1824 4713 1966 4768 fanis
1999 4712 2165 4767 etiam
2212 4712 2510 4781 regendum
2549 4725 2672 4766 sese
2715 4709 2932 4765 videtur
2958 4707 3224 4781 Origenes
3254 4708 3421 4764 tradi-

1823 4807 1966 4862 disse
1997 4823 2014 4860 :
2042 4804 2250 4859 Platoni
2285 4803 2570 4874 imprimis,
2601 4802 2694 4872 qui
2737 4802 2790 4856 in
2830 4801 3100 4856 Phaedone
3126 4798 3409 4855 Socratem

1822 4898 2030 4952 inducit
2055 4899 2128 4951 ita
2160 4895 2523 4952 disserentem
2563 4913 2575 4947 :
2608 4894 2890 4949 hominum
2912 4893 3004 4962 qui
3035 4905 3156 4947 sese
3183 4891 3415 4945 terrenis

1831 4988 2221 5058 cupiditatibus
2243 4986 2574 5052 dediderint,
2626 4986 2840 5040 animas
2862 4984 3008 5038 circa
3043 4982 3292 5052 sepulcra
3318 4996 3414 5034 va-

1830 5089 2021 5150 gantes
2049 5079 2286 5146 pendere
2311 5092 2520 5146 pcenas,
2548 5078 2723 5146 quoad
2756 5091 2942 5131 rursus
2955 5076 3274 5144 corporibus
3297 5075 3416 5128 alli-

1830 5179 2047 5242 gentur.
2076 5169 2241 5224 Docet
2282 5169 2485 5223 ibidem
2530 5167 2813 5230 Socrates,
2842 5177 3088 5222 mortuos
3128 5166 3198 5220 ab
3219 5179 3285 5220 eo
3307 5167 3414 5220 dae-

1829 5277 2026 5328 mone,
2049 5263 2142 5331 qui
2185 5261 2491 5316 viventibus
2521 5261 2650 5330 ipsis
2691 5260 2984 5329 obtigerat,
3015 5257 3205 5314 deduci
3236 5258 3303 5312 ad
3329 5258 3413 5311 in-

1830 5357 1994 5418 feros,
2022 5364 2075 5407 et
2100 5361 2221 5421 post
2262 5352 2419 5422 longa
2451 5351 2647 5406 deinde
2684 5350 2942 5419 temporis
2992 5349 3166 5418 spatia
3211 5347 3278 5402 ab
3307 5347 3414 5401 alio

1830 5446 1965 5502 duce
1993 5444 2256 5500 revocari.
2285 5444 2374 5498 Ait
2397 5443 2748 5512 postmodum.
2769 5443 2837 5497 ad
2860 5441 3288 5498 Aeherusiadem
3316 5456 3412 5510 pa-

1831 5537 2010 5591 ludem
2047 5536 2337 5591 convenire
2390 5535 2586 5591 multas
2611 5542 2949 5591 mortuorum
2997 5533 3231 5600 animas,
3290 5548 3413 5602 quae

1831 5637 1954 5700 post
1981 5630 2257 5685 breviores
2289 5628 2372 5684 vel
2399 5628 2769 5683 diuturniores
2801 5637 3104 5697 temporum
3150 5627 3409 5690 ambitus,

1832 5736 2051 5779 rursum
2107 5723 2176 5780 ad
2223 5721 2537 5780 animalium
2594 5720 2996 5791 generationem
3059 5718 3408 5786 emittantur;
