3906 6516
504 423 633 478 ιθδι

1776 420 1836 476 P.
1876 419 2188 476 DANIELIS
2228 419 2458 476 HUETll

3620 431 3767 486 1032

501 546 836 602 sanabilibus
867 543 1029 599 modo
1058 544 1212 599 noxis
1245 544 1538 615 inquinatze
1579 543 1691 598 sint
1722 560 1735 597 :
1782 558 1902 613 quae
1940 557 2070 597 vero
2103 547 2148 602 Α
2176 541 2289 597 buit
2318 541 2712 608 paenitentiam,
2743 541 2876 611 quid
2904 542 2969 597 ad
3003 544 3146 599 nos?
3175 563 3194 597 ι
3226 555 3280 601 et
3311 546 3408 603 lib.
3430 562 3486 602 vi
3517 548 3573 599 in
3602 546 3767 601 Isaia:

499 640 696 695 ἀνίατα
741 637 965 693 crimina
1018 638 1354 703 admiserint,
1411 638 1625 692 detrudi
1660 638 1715 691 in
1761 636 2073 699 Tartarum,

500 733 643 786 unde
681 730 823 785 nulla
855 743 979 799 spes
1018 730 1249 784 exeundi
1290 731 1546 800 supersit.
1584 729 1799 798 Repetit
1839 730 2069 799 idipsum

498 826 553 880 in
582 824 800 893 Gorgia,
826 838 1126 893 poenasque
1157 814 1511 892 temporarias
1543 822 1838 877 levioribus
1885 821 2061 891 culpis

499 916 893 971 insanabilibus
920 929 1050 969 vero
1087 928 1338 982 mternas,
1369 924 1422 967 et
1462 915 1567 969 line
1587 916 1858 972 carituras
1884 917 2072 971 decer-

500 1008 601 1062 nit.
624 1008 767 1062 ldem
798 1008 897 1063 lib.
924 1024 955 1061 x
980 1007 1054 1060 De
1092 1007 1291 1077 republ.
1328 996 1393 1059 es
1421 1007 1547 1061 lleri
1583 1006 1860 1074 cujusdam
1885 1008 2075 1061 Arme-

500 1102 574 1156 nii
624 1116 856 1171 persona
898 1102 1106 1155 animas
1138 1110 1321 1154 narrat
1363 1116 1429 1155 ex
1465 1100 1605 1157 coelo
1646 1101 1746 1155 sub
1779 1108 1971 1165 terras,
2012 1116 2074 1155 ac

498 1194 764 1257 vicissim,
793 1194 934 1246 ultro
976 1193 1222 1261 cilroque
1253 1206 1534 1257 remeare;
1577 1206 1695 1260 quae
1721 1191 1857 1247 caelo
1886 1191 2075 1245 fruun-

502 1296 611 1350 tur,
646 1285 851 1340 deliciis
877 1284 981 1340 illic
1008 1292 1062 1338 et
1095 1283 1290 1353 gaudio
1338 1282 1614 1352 perfundi;
1645 1298 1766 1353 qum
1790 1284 1891 1337 sub
1915 1285 2074 1339 terris

500 1380 725 1451 agitant,
753 1377 861 1432 illic
881 1377 1089 1449 χιλιετῆ
1117 1376 1342 1448 πορείαν
1373 1389 1677 1445 capessere.
1713 1390 1776 1431 ac
1808 1375 1929 1431 inde
1956 1384 2074 1430 tan-

499 1474 618 1528 dem
654 1472 826 1526 exire.
855 1470 923 1524 Et
967 1471 1020 1524 in
1054 1469 1272 1536 Timaeo,
1303 1469 1536 1522 animam
1575 1483 1693 1539 quae
1717 1477 1867 1523 recte
1901 1468 1988 1523 hic
2013 1482 2074 1524 se

498 1563 749 1632 gesserit,
786 1561 980 1616 sideris
1019 1560 1073 1614 in
1104 1574 1386 1615 numerum
1430 1558 1622 1614 referri
1668 1559 1895 1623 asserit;
1953 1572 2074 1628 quae

499 1654 654 1718 male,
678 1655 731 1708 in
757 1653 1021 1707 muliebre
1048 1667 1245 1722 corpus
1270 1651 1477 1706 demitti
1504 1667 1518 1715 ;
1554 1651 1768 1721 utrique
1800 1665 1929 1704 vero
1954 1658 2075 1719 post

503 1748 647 1802 mille
681 1762 944 1801 annorum
978 1745 1304 1801 curriculum
1332 1758 1483 1798 nova!
1515 1744 1640 1796 vita:
1665 1742 1939 1811 optionem
1982 1743 2073 1795 da-

499 1840 579 1905 ri;
608 1851 664 1895 et
691 1854 809 1909 qua:
839 1838 993 1893 novis
1033 1852 1152 1892 sese
1197 1835 1579 1891 contaminarit
1603 1835 1772 1899 vitiis,
1810 1835 1861 1888 in
1910 1848 2072 1902 pecu-

500 1938 625 1989 dum
661 1949 886 2003 corpora
934 1931 1234 2002 relegatum
1276 1930 1338 1983 iri
1367 1946 1382 1995 ;
1414 1943 1586 1998 neque
1621 1929 1882 1982 malorum
1914 1928 2075 1981 finem

498 2038 626 2082 ante
671 2027 999 2087 habituram,
1041 2038 1204 2092 quam
1247 2022 1683 2077 adhaarescentes
1719 2021 1820 2075 sibi
1858 2035 1922 2074 ex
1955 2020 2080 2074 ele-

499 2128 803 2174 mentorum
850 2115 1078 2171 colluvie
1131 2114 1322 2168 sordes
1370 2112 1581 2167 ratione
1621 2110 1905 2181 depulerit.
1946 2109 2077 2177 Quae

498 2214 551 2267 in
579 2212 716 2266 libro
750 2211 823 2265 De
860 2210 1199 2264 universitate
1237 2223 1265 2260 a
1303 2205 1480 2261 Tullio
1527 2204 1718 2259 Latine
1754 2203 1983 2267 reddita,
2023 2212 2079 2257 et

496 2308 565 2361 ab
597 2306 826 2361 Alcinoo
855 2319 976 2371 cap.
1006 2302 1074 2357 16
1099 2300 1326 2370 repetita
1356 2306 1594 2353 exstant.

565 2398 847 2454 Postremo
892 2393 1117 2448 nimium
1152 2389 1463 2444 obterendaz
1492 2385 1881 2442 Valentinianae
1905 2385 2077 2439 haere-

495 2508 621 2547 seos
647 2488 976 2546 desiderium
1024 2482 1244 2550 Origeni
1303 2480 1518 2534 errandi
1572 2493 1797 2532 causam
1847 2474 2065 2537 obtulit,

496 2599 620 2638 nam
651 2597 773 2636 cum
802 2579 877 2633 illi
922 2575 1166 2631 damnari
1194 2588 1297 2627 non
1322 2586 1481 2639 posse
1514 2571 1821 2635 crederent,
1856 2569 1947 2638 qui
1984 2581 2071 2621 es-

492 2685 615 2732 sent
645 2672 903 2743 spiritalis
939 2680 1181 2734 naturae;
1224 2666 1456 2733 servari,
1490 2664 1580 2733 qui
1612 2672 1876 2728 terrente;
1904 2671 1960 2714 et
1988 2660 2073 2714 in-

495 2778 579 2823 ter
636 2767 735 2821 hos
768 2764 1038 2818 diabolum
1090 2767 1399 2823 censerent,
1451 2754 1673 2825 angelos
1720 2753 1862 2808 inter
1908 2751 2070 2807 illos:

491 2859 755 2928 Origenes
786 2857 838 2911 in
873 2856 1084 2909 diversa
1122 2853 1314 2908 abiens
1348 2847 1656 2920 ceSpitavit,
1691 2859 1944 2901 asserens
1974 2858 2073 2897 an-

494 2949 643 3022 gelos
675 2946 921 3003 damnari
971 2960 1148 3016 posse,
1205 2953 1260 2999 et
1290 2941 1501 3011 aliquos
1540 2939 1722 3009 reipsa
1746 2937 2073 3008 quandoque

493 3043 777 3105 damnari;
820 3037 1095 3093 diabolum
1127 3033 1333 3092 servari
1366 3046 1547 3104 posse,
1582 3038 1638 3086 et
1668 3041 2074 3098 revera_serva-

491 3143 608 3189 tum
639 3132 929 3201 aliquando
957 3130 1046 3184 iri.

567 3225 707 3281 XXI.
738 3222 959 3277 Minime
985 3236 1114 3291 ergo
1137 3220 1333 3275 mirum
1373 3226 1452 3273 est
1480 3214 1738 3278 Platonis,
1760 3211 2072 3268 Platonico—
2100 3226 2142 3286 ο

492 3334 723 3388 rumque
767 3319 968 3372 dictata
1014 3316 1322 3370 audientem
1371 3308 1783 3375 Adamantium,
1820 3314 1875 3361 et
1912 3304 2073 3361 Chri-

491 3411 682 3466 stianis
704 3409 892 3463 eadem
936 3422 1041 3460 non
1071 3406 1204 3460 satis
1238 3411 1398 3459 caute
1434 3408 1852 3472 proponentem,
1888 3395 2073 3463 explo-

491 3516 613 3556 sum
647 3517 674 3553 a
710 3500 967 3553 Patribus
1009 3513 1075 3552 ac
1104 3496 1365 3565 relectum
1412 3494 1597 3548 fuisse.
1638 3490 1895 3544 Futuram
1923 3488 2071 3541 illam

491 3591 693 3646 diaboli
721 3588 1131 3644 conversionem
1162 3596 1217 3640 et
1260 3584 1491 3639 salutem
1517 3596 1701 3636 amare
1725 3580 1851 3634 huic
1878 3591 2074 3648 expro-

490 3683 613 3738 brat
638 3682 970 3749 Epiphanius
1004 3681 1057 3733 in
1100 3678 1257 3747 epist.
1286 3678 1351 3731 ad
1377 3675 1533 3729 Joan.
1559 3672 1829 3736 Jerosol.,
1862 3684 1981 3740 cap.
2013 3670 2068 3733 5,

489 3783 547 3830 ει
575 3775 628 3828 in
686 3774 902 3845 synopsi
939 3770 1117 3826 tomil
1167 3768 1410 3833 Panarii,
1460 3765 1552 3820 lib.
1586 3781 1665 3845 ιι,
1689 3778 1807 3833 cap.
1842 3760 1930 3817 18.
1964 3760 2071 3814 Ex-

489 3842 727 3936 probrat—
747 3875 802 3919 et
827 3862 1157 3934 Theophilus
1179 3859 1433 3914 Paschal.
1464 3874 1502 3912 ιι
1536 3858 1621 3912 his
1652 3842 1833 3910 verbis
1864 3868 1880 3908 :
1919 3872 1938 3905 ι
1967 3852 2071 3907 Ta-

492 3955 559 4010 lis
584 3964 768 4025 pastor
795 3954 974 4024 gregis
1023 3951 1253 4006 morbidi
1284 3949 1560 4004 Christum
1598 3946 1797 4017 nbique
1824 3943 2073 4014 suggillat

490 4045 724 4116 injuriis,
765 4055 821 4100 et
861 4045 1130 4099 diabolum
1163 4043 1368 4097 honore
1438 4037 1693 4099 sustollit.
1751 4038 1879 4091 dum
1923 4036 2069 4090 illum

491 4138 682 4191 asserit
710 4145 996 4206 purgatum
1021 4134 1169 4188 vitiis
1191 4143 1350 4201 atque
1378 4129 1622 4201 peccatis
1650 4127 1940 4198 pristinam
1972 4125 2073 4179 ali-

489 4229 704 4297 quando
735 4227 960 4295 gloriam
990 4234 1351 4295 recepturam,
1395 4233 1452 4278 et
1482 4223 1630 4276 lnmc
1655 4234 1883 4289 regnare
1921 4217 2071 4272 desi-

489 4331 652 4385 stere,
685 4321 952 4389 simulque
974 4334 1097 4373 cum
1129 4316 1342 4372 diabolo
1371 4315 1471 4370 sub
1502 4313 1687 4368 Patris
1719 4311 1947 4380 imperio
1978 4324 2068 4364 re-

488 4412 800 4480 digendum.
827 4431 844 4463 ι
869 4410 1225 4478 Hieronymus
1254 4408 1413 4476 epist.
1440 4404 1534 4467 59,
1563 4405 1627 4457 ad
1662 4404 1833 4466 Avit.,
1859 4416 1979 4471 cap.
2015 4402 2068 4466 Ι,

489 4505 691 4558 dixisse
736 4518 858 4556 eum
897 4500 1166 4570 queritur,
1222 4511 1476 4552 «omnem
1514 4504 1820 4550 creaturam
1873 4508 2069 4548 secun-

489 4597 614 4651 dum
645 4594 982 4664 Apostolum,
1009 4590 1232 4644 vanitati
1260 4604 1381 4644 esse
1410 4586 1733 4654 subiectam,
1762 4594 1817 4638 et
1844 4586 2045 4639 liberar

489 4692 542 4746 in
579 4687 959 4744 revelationem
999 4685 1229 4738 filiorum
1256 4682 1376 4746 Dei,
1406 4700 1426 4733 ι
1464 4690 1520 4737 ει
1557 4681 1611 4735 in
1657 4680 1818 4748 epist.
1850 4678 1942 4745 61,
2001 4679 2070 4734 ad

486 4781 827 4845 Pammach.,
883 4794 1001 4848 cap.
1024 4778 1079 4841 5,
1117 4776 1302 4847 «quod
1352 4775 1498 4829 dicat
1545 4783 1600 4829 et
1657 4770 1962 4834 diabolum,
2015 4779 2071 4825 et

485 4878 755 4931 daemones
806 4881 1023 4926 acturos
1070 4867 1440 4938 ptenitentiam
1491 4864 1803 4935 aliquando,
1839 4871 1895 4917 et
1945 4874 2067 4915 cum

484 4966 688 5022 sanctis
713 4965 902 5019 ultimo
933 4972 1173 5030 tempore
1203 4966 1552 5029 regnaturos;
1582 4974 1599 5007 ι
1639 4954 1779 5024 quod
1810 4961 1865 5007 et
1894 4950 2068 5007 fusius

483 5057 715 5127 explicat
746 5069 864 5123 cap.
890 5054 923 5108 5
949 5064 1004 5110 et
1042 5054 1095 5107 in
1142 5050 1303 5119 epist.
1336 5049 1426 5114 65,
1468 5048 1535 5103 ad
1561 5044 1884 5101 Pammacb.
1911 5053 1966 5099 et
1991 5042 2068 5097 0-

482 5160 663 5209 cean.,
705 5158 824 5214 cap.
846 5144 902 5207 2,
932 5142 1166 5197 sensisse
1210 5138 1356 5192 illum
1388 5138 1466 5191 ait
1496 5151 1512 5190 :
1545 5155 1564 5189 ι
1593 5136 1725 5191 Post
1753 5134 1922 5189 multa
1963 5148 2067 5188 sae-

483 5238 626 5303 cula,
685 5247 847 5305 atque
888 5249 1048 5288 uuam
1083 5233 1325 5287 omnium
1358 5228 1784 5289 restitutionem,
1833 5227 2064 5295 idipsqu

481 5328 599 5383 fore
627 5326 957 5388 Gabrielem,
980 5324 1122 5393 quod
1150 5321 1425 5377 diabolum
1447 5336 1462 5385 ;
1488 5318 1744 5381 Paulum,
1767 5317 1908 5386 quod
1943 5314 2066 5369 Cai-

482 5421 682 5492 pham;
714 5418 975 5485 virgines,
997 5414 1142 5484 quod
1169 5410 1495 5483 prostibulas
1521 5426 1537 5475 ;
1562 5429 1581 5462 ι
1613 5418 1669 5462 ει
1700 5408 1754 5462 in
1784 5406 1942 5477 epist.
1971 5404 2061 5469 75,

482 5514 549 5568 ad
587 5512 963 5583 Vigilantium,
987 5506 1178 5562 scribit
1211 5504 1427 5558 veniam
1456 5511 1584 5556 tunc
1608 5499 1918 5556 hominibus
1940 5512 2062 5551 con-

483 5604 786 5659 donaudam
830 5600 1168 5656 existimasse
1215 5595 1527 5666 Origenem,
1577 5593 1798 5662 quando
1846 5591 2060 5647 diabolo

484 5693 879 5747 condonabitur
909 5706 925 5748 :
956 5698 1012 5744 et
1055 5688 1147 5741 lib.
1177 5701 1193 5740 ι
1233 5687 1443 5739 advers.
1480 5681 1821 5751 Pelagianos,
1853 5696 1976 5750 cap.
2001 5680 2056 5743 9,

489 5779 597 5834 «Si
652 5790 854 5846 autem,
911 5778 1105 5847 inquit,
1148 5774 1412 5843 Origenes
1469 5786 1660 5825 omnes
1711 5769 2056 5825 rationabiles

483 5881 766 5931 creaturas
791 5872 925 5929 dicit
956 5884 1062 5927 non
1107 5881 1226 5925 esse
1258 5862 1583 5935 perdendas,
1619 5871 1671 5919 et
1711 5862 1929 5919 diabolo
1958 5860 2054 5915 tri-

2178 647 2289 697 .vtv,
2317 632 2412 695 20,
2447 648 2467 682 ι
2495 630 2592 686 Ubi
2616 642 2747 686 sunt
2780 648 2912 702 ergo
2943 634 3035 702 qui
3060 634 3192 687 dant
3240 636 3459 691 diabolo
3492 639 3771 705 pmniten-

2179 724 2327 785 tiam,
2355 731 2411 776 et
2444 723 2636 777 dicunt
2666 722 2816 777 illum
2864 740 3024 794 posse
3067 727 3355 782 mundari?
3377 749 3396 781 ι
3447 740 3507 784 ει
3545 731 3644 784 lib.
3675 747 3768 785 νιιι

2174 817 2230 870 in
2265 813 2425 867 Isaia:
2479 828 2599 883 cap.
2632 828 2801 882 xxvn,
2828 830 2972 870 vers.
3000 816 3055 879 1,
3091 836 3111 869 ‹
3139 816 3240 883 Qui
3274 819 3466 874 dicunt
3489 821 3769 875 diabolum

2176 915 2427 959 acturum
2486 904 2893 971 paenitentiam,
2955 915 3011 959 et
3051 909 3264 961 veniam
3319 920 3760 963 consecuturum

2176 994 2597 1063 interpretentur
2637 994 2794 1049 nobis
2820 996 3093 1063 quomodo
3122 996 3229 1051 hoc
3263 999 3566 1067 accipiant,
3625 1002 3770 1067 quod

2162 1086 2439 1155 ‘scriptum
2483 1095 2567 1138 est
2616 1084 2732 1139 :Et
2780 1085 3069 1140 interticiet
3116 1087 3405 1142 draconem
3440 1087 3541 1156 qui
3581 1099 3675 1142 est
3724 1088 3771 1140 in

2175 1177 2397 1238 marip
2444 1185 2499 1230 et
2522 1176 2617 1231 lib.
2651 1191 2667 1230 ι
2710 1176 2763 1229 in
2799 1176 2933 1229 Dan.
2969 1192 3050 1239 ιιι,
3076 1176 3145 1232 96
3170 1195 3185 1231 :
3208 1196 3226 1229 ι
3257 1176 3492 1244 Quidam
3535 1180 3774 1248 pessime

2175 1269 2241 1323 ad
2289 1268 2560 1324 diabolum
2605 1267 2866 1334 referunt,
2915 1268 3059 1337 quod
3097 1271 3148 1322 in
3192 1271 3683 1327 consummatione
3726 1283 3774 1325 et

2176 1359 2283 1415 line
2309 1358 2495 1413 mundi
2521 1358 2685 1413 etiam
2716 1359 2830 1429 ipse
2859 1359 3083 1428 recipiat
3111 1360 3357 1415 notitiam
3389 1360 3515 1425 Dei,
3558 1370 3621 1415 et
3663 1377 3772 1415 om-

2175 1467 2273 1508 nes
2298 1452 2363 1505 ad
2394 1452 2766 1521 paenitentiam
2790 1451 3129 1506 cohortetur.
3160 1471 3179 1504 ι
3232 1452 3525 1507 Acerrime
3550 1468 3691 1508 vero
3724 1456 3773 1508 is

2172 1542 2325 1597 Jome
2353 1556 2434 1605 ιιι,
2465 1542 2520 1607 6,
2563 1542 2827 1596 adversus
2883 1540 3185 1596 doetriuam
3236 1540 3379 1596 hanc
3437 1541 3769 1597 invehitur:

2179 1632 2501 1702 «Alioquin,
2547 1632 2745 1703 inquit,
2781 1632 2826 1687 si
2876 1646 3065 1686 omnes
3111 1631 3466 1687 rationabiles
3500 1643 3772 1688 creature

2173 1724 2412 1795 mquales
2461 1732 2607 1789 sunt,
2657 1732 2711 1778 et
2765 1722 2847 1778 vel
2882 1737 2951 1777 ex
3000 1722 3315 1785 virtutibus.
3352 1723 3438 1778 vel
3487 1739 3563 1778 ex
3629 1726 3771 1778 vitiis

2177 1826 2368 1886 sponte
2400 1816 2619 1887 propria
2666 1824 2763 1868 aut
2819 1828 3035 1867 sursum
3072 1813 3378 1882 eriguntur,
3428 1824 3527 1867 aut
3580 1814 3638 1869 in
3674 1815 3767 1867 ima

2114 1889 2155 1943 Β
2183 1914 2524 1975 merguntur,
2567 1912 2622 1958 et
2654 1903 2816 1972 longo
2863 1910 2983 1971 post
3031 1901 3259 1954 circuitu
3323 1911 3490 1973 atque
3540 1903 3769 1957 inﬁnitis

2182 1995 2414 2061 saeculis,
2447 1996 2690 2050 omnium
2739 2006 2921 2047 rerum
2975 1990 3245 2046 restitutio
3286 1990 3403 2056 fiet,
3449 2002 3511 2046 et
3548 2008 3665 2046 una
3693 1993 3767 2045 di-

2181 2089 2360 2158 gnitas
2392 2086 2786 2149 militantium;
2833 2098 2953 2153 quze
2977 2081 3233 2135 distantia
3272 2084 3375 2137 erit
3420 2083 3582 2139 inter
3616 2086 3767 2153 virgi-

2181 2194 2304 2234 nem
2337 2189 2389 2232 et
2431 2176 2832 2247 prostibulum?
2856 2191 2976 2245 qua:
3009 2175 3311 2230 dilIereutia
3333 2176 3439 2229 erit
3474 2177 3634 2230 inter
3662 2176 3766 2229 Ila-

2181 2282 2318 2327 trem
2349 2270 2583 2334 Domini,
2620 2279 2672 2324 et
2700 2269 2864 2338 (quod
2897 2269 3040 2323 dictu
3076 2280 3290 2339 quoque
3325 2269 3513 2324 scelus
3560 2270 3671 2337 est)
3701 2270 3768 2321 vi-

2178 2365 2372 2418 ctimas
2404 2361 2685 2415 libidinum
2711 2359 3086 2430 publicarum?
3125 2361 3338 2415 idemne
3382 2360 3494 2414 erit
3522 2358 3763 2422 Gabriel,

2178 2464 2233 2509 et
2257 2452 2543 2509 diabolus?
2582 2453 2795 2508 idemne
2818 2452 3065 2521 apastoli,
3112 2461 3169 2506 et
3197 2452 3472 2505 daemones
3492 2450 3520 2501 ἲ
3556 2451 3765 2505 idemne

2176 2546 2475 2615 prophetae,
2515 2553 2571 2599 et
2613 2543 3132 2614 pseudOprophetaa?
3181 2542 3322 2597 idem
3362 2550 3673 2613 martyra,
3718 2552 3767 2596 et

2176 2634 2602 2709 persecutores?
2648 2634 2820 2706 Finge
2863 2635 3140 2704 quaelibet,
3193 2649 3361 2689 annos
3422 2643 3476 2689 et
3524 2644 3768 2704 tempora

2175 2728 2409 2799 duplica,
2441 2740 2499 2781 et
2543 2727 2786 2781 inﬁnitas
2814 2735 3001 2782 :etates
3036 2739 3270 2795 congere
3308 2722 3696 2790 cruciatibus;
3726 2725 3768 2779 si

2175 2819 2300 2874 finis
2327 2819 2566 2874 omnium
2605 2818 2801 2874 similis
2838 2827 2944 2882 est,
2979 2818 3308 2888 praeteritum
3339 2830 3510 2872 omne
3564 2832 3667 2885 pro
3690 2817 3767 2870 ni-

2175 2909 2287 2965 hilo
2306 2919 2407 2977 est,
2442 2910 2568 2977 quia
2616 2924 2723 2963 nou
2758 2909 3054 2979 quaerimus
3089 2907 3233 2977 quod
3265 2906 3573 2976 aliquando
3610 2906 3769 2962 fuerio

2175 3018 2316 3069 mus,
2363 3003 2457 3057 sed
2488 3002 2617 3071 quid
2657 3016 2876 3070 semper
2908 3001 3071 3055 futuri
3109 3013 3315 3054 sumus.
3342 3016 3362 3051 ι
3412 2998 3561 3053 Aliis
3588 2997 3768 3065 hujus-

2174 3096 2318 3151 modi
2350 3094 2623 3164 plerisque
2654 3093 2955 3148 referendis
2997 3091 3341 3162 supersedeo.
3382 3090 3562 3145 Miror
3591 3090 3769 3161 itaque

2176 3186 2305 3257 quid
2335 3188 2389 3240 in
2421 3195 2657 3241 mentem
2688 3184 2897 3240 venerit
2926 3182 3189 3246 Halloxio,
3221 3197 3321 3238 cur
3344 3191 3581 3252 negaret
3606 3180 3701 3235 lib.
3720 3194 3767 3234 tv

2177 3279 2392 3350 Origen.
2453 3278 2681 3347 defens.,
2719 3283 2910 3345 quaest.
2953 3274 3006 3341 5,
3050 3272 3435 3344 Epiphanium,
3489 3270 3769 3343 Theophi-

2176 3374 2309 3438 lum,
2336 3381 2390 3427 et
2419 3370 2805 3440 Hieronymum
2832 3368 3123 3437 quidquam
3156 3366 3220 3421 de
3247 3380 3311 3420 ea
3339 3380 3400 3420 re
3431 3365 3764 3435 prodidisse.

2172 3465 2308 3522 Cum
2334 3472 2531 3519 ctetera
2559 3470 2736 3517 autem
2758 3460 3007 3530 Origenis
3033 3469 3336 3514 commenta
3356 3456 3588 3512 defendi
3619 3468 3767 3525 posse

2175 3557 2321 3611 dicat
2380 3554 2718 3625 Augustinus
2771 3554 2905 3608 hzer.
2964 3567 3119 3614 xuii.
3178 3551 3243 3605 ad
3294 3548 3764 3614 Quodvultdeum,

2174 3650 2317 3704 istud
2367 3647 2567 3703 frustra
2613 3648 2682 3701 ab
2735 3646 2852 3716 ejus
2898 3643 3270 3699 defensoribus
3313 3641 3580 3695 excusari
3632 3639 3765 3693 fate-

2174 3750 2264 3795 tur
2300 3755 2313 3791 :
2344 3758 2363 3791 ι
2396 3739 2527 3805 Quis
2549 3738 2692 3792 enim
2716 3736 3027 3792 Catholicus
3049 3733 3393 3789 Christianus
3422 3731 3621 3798 (verba
3649 3739 3766 3785 sunt

2174 3830 2482 3899 Augustini)
2511 3828 2596 3883 vel
2625 3828 2851 3892 doctus,
2866 3825 2947 3880 vel
2976 3826 3223 3879 indoctus
3250 3836 3358 3876 non
3404 3819 3764 3874 vehementer

2172 3921 2463 3976 exhorreat
2486 3935 2607 3975 eam
2626 3935 2789 3989 quant
2819 3917 2951 3971 dicit
2972 3915 3345 3986 purgationem
3371 3912 3657 3965 malorum
3677 3951 3693 3973 ,
3717 3911 3763 3962 id

2173 4023 2275 4078 est,
2295 4014 2455 4068 etiam
2469 4026 2565 4066 eos
2580 4013 2669 4082 qui
2686 4013 2825 4065 hanc
2842 4010 3007 4062 vitam
3023 4008 3075 4061 in
3092 4005 3307 4077 flagitiis
3330 4014 3382 4057 et
3401 4002 3761 4062 facinoribus,

2174 4113 2229 4159 et
2257 4102 2582 4171 sacrilegiis,
2607 4110 2769 4170 atque
2801 4097 3169 4168 impietatibus
3187 4091 3484 4165 quamlibet
3505 4091 3763 4145 maximis

2174 4197 2429 4250 finierunt
2468 4214 2481 4249 :
2516 4194 2693 4263 ipsum
2734 4191 2896 4248 etiam
2950 4196 3226 4258 postremo
3276 4182 3558 4238 diabolum
3610 4190 3761 4252 atque

2171 4288 2394 4359 angelos
2418 4287 2555 4356 ejus,
2588 4284 2838 4355 quamvis
2864 4290 2986 4352 post
3008 4276 3321 4348 longissima
3355 4284 3617 4343 tempora
3644 4288 3761 4344 pur-

2171 4387 2327 4448 gatos
2354 4386 2517 4446 atque
2546 4376 2802 4430 liberatos
2823 4413 2839 4438 ,
2875 4385 3040 4443 regno
3072 4367 3200 4434 Dei,
3246 4368 3460 4435 lucique
3500 4365 3761 4427 restitui;

2173 4477 2229 4523 et
2270 4483 2459 4522 rursus
2501 4475 2625 4537 post
2677 4462 2989 4534 longissima
3041 4471 3282 4528 tempora
3326 4470 3515 4512 omnes
3552 4456 3653 4526 qui
3711 4455 3762 4509 li-

2051 4559 2342 4638 iDberati
2404 4565 2547 4621 sunt,
2607 4556 2674 4610 ad
2735 4555 2852 4610 inec
2910 4552 3051 4606 mala
3098 4552 3271 4605 denuo
3326 4545 3519 4608 relabi.
3573 4556 3634 4601 et
3679 4559 3761 4597 re—

2172 4650 2346 4715 verti,
2387 4658 2441 4706 et
2505 4650 2605 4703 has
2654 4646 2801 4701 vices
2870 4642 3200 4697 alternantes
3246 4634 3654 4693 beatitudinum
3712 4643 3761 4687 et

2174 4745 2515 4800 miseriarum
2579 4737 2931 4795 rationabiles
2988 4743 3257 4789 creaturae
3305 4740 3521 4797 semper
3578 4727 3759 4790 fuisse,

2175 4852 2388 4908 semper
2415 4834 2569 4891 fore?
2602 4834 2674 4888 De
2697 4847 2803 4902 qua
2842 4828 3134 4883 vanissima
3184 4823 3456 4894 impietate
3491 4821 3758 4875 adversus
3816 4811 3824 4819 ’

2174 4929 2545 5001 philosophos,
2579 4941 2607 4979 a
2640 4926 2838 4995 quibus
2873 4923 2975 4977 ista
2999 4918 3186 4975 didicit
3224 4915 3484 4985 Origenes
3516 4913 3585 4967 in
3628 4912 3757 4966 libro

2176 5024 2256 5078 De
2300 5023 2508 5077 civitate
2567 5018 2664 5072 Dei
2712 5012 3122 5086 diligentissime
3168 5005 3463 5079 disputavi;
3513 5022 3537 5055 ι
3604 5004 3756 5065 libm,

2175 5118 2389 5187 opinor,
2441 5109 2697 5175 secundo,
2756 5121 2873 5175 cap.
2914 5105 2981 5158 1⁵1
3021 5112 3076 5158 et
3101 5102 3193 5164 25,
3238 5099 3327 5153 ubi
3371 5097 3605 5187 dogma”
3625 5096 3754 5148 idem

2177 5185 2407 5270 eicutit,
2437 5215 2492 5260 et
2512 5203 2630 5270 ejus
2662 5214 2823 5253 causa
2866 5196 3063 5251 merito
3099 5191 3443 5262 reprobatum
3464 5188 3532 5239 ab
3569 5185 3754 5241 Eccle-

2171 5300 2248 5355 sia
2282 5298 2570 5366 Origenem
2620 5290 2788 5343 fuisse
2837 5292 3069 5349 narrat;
3116 5291 3178 5335 ut
3215 5288 3270 5335 et
3316 5278 3454 5332 libro
3488 5274 3568 5329 De
3605 5276 3753 5343 gestis

2169 5390 2396 5458 Pelagii,
2426 5401 2548 5455 cap.
2580 5382 2637 5437 '5.
2680 5381 2777 5435 Adi
2805 5387 2860 5433 et
2887 5376 3083 5431 librum
3120 5373 3288 5442 ipsius
3318 5377 3503 5423 contra
3536 5366 3751 5421 Priscil-

2166 5456 2409 5536 lianistas
2455 5489 2502 5532 et
2545 5474 2899 5544 Origenistas,
2946 5483 3067 5537 cap.
3106 5467 3139 5521 5
3166 5474 3220 5519 et
3249 5463 3303 5530 6,
3352 5471 3406 5515 et
3453 5460 3598 5514 libro
3634 5456 3751 5513 huic

2166 5575 2444 5645 praefixum
2489 5568 2667 5626 Orosii
2710 5559 3190 5619 Commonitorium
3247 5554 3313 5607 ad
3368 5551 3748 5620 Augustinum.

2167 5638 2431 5737 Suggillat
2471 5661 2721 5717 eumdem
2760 5658 2871 5727 ipsa
2925 5654 3028 5708 hac
3058 5651 3123 5705 de
3163 5661 3328 5703 causa
3388 5654 3579 5697 auctor
3632 5638 3749 5692 libri

2164 5734 2537 5816 Die—communi
2562 5752 2818 5818 essentia,
2852 5747 2945 5802 lib.
2968 5762 3053 5810 ιιι,
3088 5758 3209 5814 cap.
3235 5742 3290 5805 6,
3320 5748 3378 5793 et
3411 5746 3602 5790 auctor
3626 5734 3739 5787 Dia-

2161 5856 2399 5925 logorum
2447 5848 2538 5917 qui
2595 5844 2827 5901 Cmsario
2889 5836 3135 5910 Gregorii
3210 5828 3533 5888 Nazianzeni
3590 5822 3747 5881 fratri
