3906 6554
190 370 337 429 1035

1005 369 1581 428 ORIGENIANORUM
1620 369 1747 426 LIB.
1787 369 1848 434 ll,
1886 368 2039 424 CAP.
2078 367 2145 430 Π,
2186 364 2462 435 ΟυΑζδΤ.
2506 367 2604 422 XI.

3298 367 3436 422 1034

187 486 538 556 assignantur
565 483 700 558 (51),
727 487 975 556 quamvis
1000 487 1237 551 Maximi,
1271 487 1360 557 qui
1394 487 1628 543 Ctesario
1675 504 1763 542 re-
1792 493 1840 549 Α
1867 486 2175 556 stinguatur
2194 485 2410 556 quidem
2434 484 2603 555 ignis,
2647 481 2900 539 sordibus
2936 483 3268 554 absumptis;
3313 499 3439 540 ver~

187 579 406 633 centior
437 575 567 642 fuit,
607 575 964 646 fragmentum
997 577 1306 634 exhibeant.
1353 576 1496 633 Inter
1532 579 1758 634 anathe-

184 670 476 725 mat'ismos
496 667 791 724 Justiniani
817 670 1059 738 epistolze
1099 671 1166 724 ad
1201 669 1412 724 Menam
1460 671 1758 734 subnexos,

182 773 494 833 postremus
522 762 611 816 ille
631 771 716 816 est.
751 779 764 816 :
803 763 872 816 Εἴ
895 780 979 827 τις
1019 763 1165 832 λέγει
1196 763 1230 835 ἢ
1273 763 1386 835 ἔχει
1430 765 1760 838 πρόσκαιρον

179 843 328 902 εἶναι
357 848 454 919 τὴν
481 847 590 902 τῶν
614 849 881 920 δαιμόνων
910 851 1004 904 καὶ
1025 852 1234 906 ἀσεϐῶν
1268 853 1570 925 ἀνθρώπων
1604 855 1762 908 κόλα-

180 952 294 1006 σιν,
321 939 413 992 καὶ
444 939 596 1004 τέλος
621 941 764 995 κατά
789 959 909 995 τινα
941 943 1129 1015 χρόνον
1155 944 1324 1016 αὐτὴν
1359 945 1501 1011 ἕξειν
1520 985 1535 1010 ,
1593 945 1759 1015 ἡγοῦν

177 1033 627 1088 ἀποκατάστασιν
654 1034 905 1103 γενέσθαι
936 1035 1225 1107 δαιμόνων,
1254 1037 1521 1110 ῆάσεϐῶν
1550 1038 1762 1110 ἀνθρὼ-

178 1123 326 1188 πων,
356 1123 605 1196 ἀνάθεμα
640 1122 801 1179 ἔστω.
841 1145 861 1178 ι
896 1125 954 1182 Si
987 1129 1108 1197 quis
1134 1130 1263 1184 dicit
1298 1140 1393 1186 aut
1427 1132 1592 1186 sentit
1626 1143 1761 1186 tem-

178 1217 454 1286 porariam
495 1231 617 1272 esse
656 1221 960 1274 daamonum
1013 1221 1097 1276 vel
1143 1223 1431 1292 impiorum
1479 1224 1758 1280 hominum

177 1309 545 1380 punitionem,
587 1310 856 1382 ﬁnemque
903 1312 1084 1382 aliquo
1121 1325 1362 1385 tempore
1414 1317 1552 1372 hanc
1608 1317 1762 1373 habia

180 1412 400 1468 turam,
435 1402 692 1458 nimirum
721 1404 1118 1460 restitutionem
1158 1405 1396 1462 futuram
1433 1408 1755 1470 diemonum.

175 1492 268 1546 vel
299 1493 587 1562 impiorum
615 1493 920 1560 hominum,
949 1496 1236 1552 anathema
1278 1499 1370 1553 sit.
1412 1517 1432 1551 ι
1470 1497 1537 1552 Ει
1568 1500 1619 1554 ἱιι
1658 1500 1762 1555 hac

179 1583 296 1652 ipsa
331 1598 547 1653 quoque
574 1585 824 1654 epistola,
859 1589 1311 1657 quemadmodum
1342 1598 1397 1644 et
1426 1589 1476 1644 in
1501 1589 1668 1644 altera
1693 1590 1762 1645 ad

176 1677 446 1745 synodum
501 1675 773 1745 quintam,
809 1679 1060 1732 eumdem
1095 1693 1342 1732 errorem
1391 1689 1580 1745 notat,
1611 1688 1664 1734 et
1693 1681 1760 1734 ad

178 1767 390 1824 calcem
417 1766 534 1822 loca
563 1769 819 1823 nonnulla
844 1767 1099 1838 Origeuis
1125 1783 1192 1824 eo
1228 1769 1554 1839 pertinentia
1591 1771 1760 1825 addu-

1868 577 1973 630 mis
1999 585 2180 630 autem
2204 577 2323 630 sine
2357 575 2463 630 line
2485 582 2802 644 permaneat
2826 572 2849 626 ἲ
2879 572 3006 641 quid
3042 572 3275 642 denique
3293 573 3438 628 Gen-

1867 667 2084 724 nadium
2101 665 2180 720 De
2199 667 2597 736 dogmat.,cap.
2625 665 2688 731 9;
2723 663 3008 718 Leontium
3034 663 3150 717 Act.
3172 679 3242 732 x;
3271 663 3442 720 Joan-

1866 775 1986 816 nem
2007 758 2421 825 Scholasticum,
2440 766 2794 826 cognomento
2808 754 3129 818 Climacum,
3145 755 3290 809 Scal.
3319 772 3437 824 par.

1864 867 1984 922 cap.
2012 852 2074 918 5;
2111 865 2438 922 anonytnum
2463 847 2635 903 Phntii
2671 848 2793 905 cod.
2829 862 2997 913 cxvn,
3038 848 3196 904 toties
3234 847 3344 918 jam
3382 847 3438 901 in

1866 955 2051 1014 partes
2106 953 2389 1009 vocatum;
2437 942 2800 1011 SOphronium
2837 942 2892 996 in
2939 942 3103 1011 epist.
3142 942 3208 994 ad
3257 941 3440 1012 Serg.,

1865 1045 1972 1093 act.
2027 1037 2086 1091 ll
2152 1050 2271 1106 syn.
2317 1050 2400 1101 vr;
2457 1032 2922 1103 Theophylactum
2963 1034 3018 1086 in
3064 1030 3257 1086 Matth.
3292 1046 3354 1086 ιιι
3387 1039 3445 1088 et

1866 1142 1992 1194 xxv,
2024 1137 2078 1181 et
2098 1124 2272 1180 Marc.
2304 1139 2432 1188 vin;
2467 1122 2826 1190 Freculphum
2852 1120 3266 1186 Lexoviensem,
3298 1122 3446 1175 Ana-

1867 1218 2094 1272 stasium
2132 1215 2615 1271 Bibliothecarium
2647 1211 2821 1279 Hist,
2849 1228 2982 1267 ann.
3034 1212 3220 1266 mundi
3262 1212 3443 1278 57l5;

1865 1309 2166 1364 Cedrenum
2194 1308 2246 1362 in
2275 1307 2458 1375 Camp.
2488 1307 2651 1371 hist.;
2679 1305 2945 1359 Zonaram
2973 1303 3067 1360 lib.
3101 1320 3138 1357 ιι
3165 1321 3178 1368 ;
3221 1302 3444 1372 Glycmn

1866 1401 2004 1454 Ann.
2034 1409 2175 1468 part.
2203 1414 2264 1453 ιιι
2294 1409 2349 1453 et
2388 1413 2473 1462 tv;
2505 1397 2928 1452 Constantinum
2983 1392 3444 1462 Harmenopulum

1867 1493 1942 1547 De
1973 1493 2166 1555 sectis;
2201 1490 2561 1560 Nicephorum
2612 1490 2702 1544 lib.
2738 1504 2876 1554 xvu,
2914 1503 3034 1556 cap.
3063 1485 3167 1551 9.7;
3215 1483 3446 1538 Vincen—

1867 1586 1998 1640 tium
2022 1583 2456 1640 Bellovacensem
2488 1581 2638 1653 Spec.
2666 1585 2837 1636 doctr.
2869 1578 2967 1635 lib.
2998 1592 3130 1632 xvut
3152 1616 3168 1642 ,
3195 1591 3319 1646 cap.
3351 1573 3444 1640 45,

1865 1701 1920 1746 et
1945 1690 2248 1748 Guidonem
2282 1688 2633 1744 Carmelitam
2681 1688 2738 1742 in
2771 1687 2903 1742 liter.
2944 1683 3158 1754 Origen.
3194 1681 3446 1738 eamdem

1869 1785 2119 1840 haeresim
2151 1784 2514 1840 insectantes?

177 1857 274 1911 cit.
303 1857 444 1924 Quin
467 1858 634 1914 etiam
665 1861 902 1932 synodus
943 1861 1136 1929 quinta
1179 1862 1321 1917 hanc
1369 1862 1618 1918 haeresim
1669 1864 1763 1918 de-

1938 1877 2102 1934 XXll.
2154 1877 2249 1932 llis
2302 1877 2686 1946 praetermissis
2742 1877 2796 1931 in
2849 1877 3059 1931 Joanne
3111 1875 3446 1928 Damasceno

179 1958 337 2003 creto
379 1965 476 2014 suo
493 1949 783 2021 jugulavit,
827 1951 873 2007 si
923 1953 1053 2022 quid
1092 1951 1362 2019 Cedreno,
1391 1963 1444 2009 et
1477 1953 1668 2010 Phatio
1705 1956 1756 2010 in

179 2041 364 2096 libello
395 2041 471 2096 De
498 2044 732 2113 synodis,
758 2051 814 2100 et
840 2059 1112 2118 anonymo
1143 2045 1351 2100 auctori
1379 2046 1500 2102 libri
1537 2046 1614 2100 De
1635 2064 1762 2100 con-

179 2133 326 2189 ciliis
347 2137 702 2202 wcumenicis,
728 2148 785 2193 et
809 2137 1116 2208 Nicepltoro
1161 2139 1459 2194 credimus.
1509 2139 1648 2207 Quid
1667 2155 1762 2212 ap-

180 2225 374 2294 pellem
423 2227 742 2300 Gregorium
799 2229 1065 2302 Magnum,
1103 2233 1196 2302 qui
1222 2231 1315 2287 lib.
1361 2247 1527 2287 χχιιι
1562 2232 1760 2288 Moral.

181 2331 303 2386 cap.
342 2317 430 2382 l9,
481 2329 534 2374 et
564 2318 659 2376 lib.
699 2336 760 2375 ιιι
806 2319 1048 2391 Εαψοιὶι.
1095 2324 1150 2377 in
1191 2321 1223 2376 I
1254 2321 1378 2394 Reg.
1421 2339 1537 2393 cap.
1570 2341 1628 2390 ιι,
1661 2326 1764 2380 hoc

181 2404 618 2478 Origenistarutn
663 2409 1077 2466 deliramentum
1121 2413 1334 2482 prolixe
1379 2415 1592 2483 arguit?
1633 2416 1764 2486 quid

183 2497 500 2565 Maximum,
541 2502 630 2571 qui
689 2503 746 2558 in
801 2503 1023 2560 scboliis
1061 2505 1128 2559 ad
1168 2505 1412 2576 Dionysii
1455 2507 1655 2561 librum
1685 2507 1762 2562 De

185 2591 379 2644 ιωιεειὶ
438 2593 736 2658 hieran-Ia,
787 2610 909 2665 cap.
947 2596 1012 2661 '6,
1074 2596 1237 2650 verba
1293 2599 1409 2651 haec
1436 2595 1688 2665 Origenis
1731 2613 1763 2652 e

189 2681 282 2736 lib.
324 2698 341 2738 ι
371 2684 508 2752 Περὶ
529 2684 731 2756 ἀρχῶν
757 2687 948 2742 recitat
980 2707 993 2742 :
1026 2688 1180 2742 Μετὰ
1209 2688 1268 2742 δὲ
1297 2689 1358 2742 τὸ
1391 2690 1485 2743 ἐπὶ
1512 2691 1645 2743 πᾶσι
1675 2689 1763 2742 τέ-

182 2773 267 2838 λος
293 2775 458 2830 πάλιν
479 2777 811 2850 άπὸῥρευσις
830 2779 923 2833 καὶ
957 2781 1306 2846 κατάπτωσις
1356 2782 1563 2852 γίνεται
1588 2801 1602 2849 ;
1634 2783 1763 2851 quid

183 2865 570 2938 Theophanem
591 2870 929 2938 Cerameum,
959 2874 1050 2943 qui
1082 2873 1268 2928 homil.
1297 2874 1332 2928 2
1350 2876 1481 2944 ,htec
1509 2876 1723 2930 disserit
1747 2894 1760 2929 :

184 2958 255 3012 Τὸ
278 2959 484 3029 μέντοι,
514 2961 619 3026 ἕως
642 2963 824 3035 ἀποδῷ
853 2967 960 3020 πᾶν
986 2965 1047 3020 τὸ
1084 2966 1429 3037 ὀφειλόμενον
1454 3007 1468 3032 ,
1501 2967 1560 3018 οὐ
1586 2983 1766 3037 χρονι-

184 3049 282 3123 κὴν
337 3055 610 3126 σημασίαν
649 3055 818 3128 δηλοῖ,
866 3059 1006 3112 κατὰ
1043 3059 1144 3130 τὴν
1185 3057 1399 3130 μυθώδη
1460 3060 1764 3131 Ὠριγένους

184 3142 644 3213 ἀποκατάστασιν,
683 3147 820 3201 ἀλλὰ
861 3149 924 3202 τὸ
969 3149 1220 3220 ἀόριστον
1265 3151 1360 3203 καὶ
1411 3149 1765 3220 ἀτελεύτητον

186 3237 283 3307 τῆς
328 3236 602 3302 κολάσεως
635 3252 654 3269 ο
707 3257 727 3291 ι
771 3239 884 3296 lloc
927 3249 1075 3296 certe
1130 3259 1144 3296 :
1200 3242 1378 3298 Donec
1438 3242 1764 3312 persolverit

186 3342 351 3383 omne
393 3329 668 3395 debitum,
708 3346 817 3386 non
870 3333 1256 3402 temporarium
1300 3334 1429 3403 quid
1473 3334 1762 3405 signiﬁcat,

183 3418 338 3488 juxta
373 3418 676 3476 fabulosam
708 3420 961 3494 Origenis
993 3425 1420 3492 restitutionem,
1451 3427 1544 3482 sed
1572 3441 1764 3496 pinnas

187 3509 290 3568 liue
327 3513 611 3568 carentes?
649 3530 668 3566 ι
703 3515 830 3583 quid
864 3514 1064 3571 Bedam
1093 3517 1185 3586 qui
1215 3516 1312 3574 lib.
1345 3533 1361 3572 ι
1403 3517 1764 3587 Expositionis

189 3604 239 3656 iu
268 3603 553 3672 Prot-erb.,
588 3623 708 3676 quae
737 3607 1063 3680 Hieronymo
1090 3608 1228 3666 falso
1250 3609 1524 3674 tribuitur,
1543 3612 1609 3664 ad
1640 3626 1762 3681 cap.

188 3708 247 3764 ιι,
277 3698 367 3762 l9,
394 3709 448 3754 et
477 3698 572 3754 lib.
611 3716 669 3764 ll,
696 3701 764 3756 ad
792 3715 912 3770 cap.
951 3717 1028 3766 χι,
1064 3702 1116 3770 7,
1145 3711 1200 3758 et
1223 3703 1276 3757 in
1303 3703 1689 3758 Retractatione
1711 3705 1766 3757 in

188 3790 313 3847 Acta
339 3805 530 3861 αρσια,
559 3794 624 3849 ad
656 3809 779 3864 cap.
805 3811 891 3861 ιιι,
914 3795 1054 3850 hanc
1073 3796 1417 3866 reprehendit
1437 3796 1765 3860 doctrinam,

188 3894 415 3952 eamque
437 3882 514 3937 ait
539 3882 900 3954 Origenianos
921 3885 1022 3940 hoc
1049 3884 1202 3940 lsaize
1229 3886 1540 3941 testimonio
1582 3887 1768 3940 delen-

191 3973 315 4031 dcre
342 3993 356 4030 :
390 3993 410 4026 ι
448 3975 517 4031 Et
541 3976 859 4032 claudentur
881 3977 954 4032 ibi
983 3979 1036 4033 in
1068 3993 1310 4044 carcere,
1333 3988 1388 4032 et
1413 3987 1534 4048 post
1567 3978 1765 4033 multos

191 4067 300 4124 dies
324 4069 682 4126 visitabuntur
695 4070 781 4124 ὀἳ
807 4089 826 4123 ι
843 4071 970 4141 quid
989 4070 1323 4141 Stephanum
1340 4070 1610 4126 Gobarum
1629 4070 1765 4141 (52),

191 4161 276 4229 qui
295 4162 350 4216 in
368 4162 756 4231 quasstionibus
769 4167 820 4218 in
844 4174 1127 4233 utramque
1145 4164 1388 4218 excussis
1404 4178 1466 4232 pa
1476 4173 1632 4223 rtem,
1648 4177 1770 4231 quae

193 4250 300 4308 fere
321 4254 629 4308 Adamantii
649 4254 857 4322 placitis
877 4262 1152 4319 constant,
1167 4253 1246 4307 sic
1269 4253 1462 4307 habet:
1489 4253 1611 4306 Ὅτι
1633 4253 1684 4305 oi
1710 4254 1768 4306 ὲν

190 4345 252 4415 τῇ
276 4343 498 4398 κολάσει
523 4344 938 4418 παραδιδόμενοι
958 4343 1067 4397 τῶν
1102 4341 1442 4415 ἁμαρτωλῶν
1489 4342 1772 4415 καθαίρον-

191 4451 276 4489 ται
294 4436 396 4507 τῆς
417 4437 615 4500 κακίας
639 4439 697 4490 ὲν
721 4436 882 4508 αὐτῇ,
911 4436 1006 4489 κα)⁵
1039 4433 1177 4506 μετὰ
1213 4433 1310 4506 τὴν
1334 4435 1602 4506 κάθαρσιν
1631 4435 1768 4488 ἀπο-

1864 1968 2025 2024 linem
2054 1968 2216 2034 facio,
2251 1969 2342 2038 qui
2374 1968 2426 2022 in
2467 1968 2606 2023 libro
2644 1967 2724 2022 De
2777 1967 3063 2020 hwresibus
3111 1965 3448 2035 Origenistas

1862 2075 2090 2117 censere
2109 2061 2186 2115 ait
2215 2077 2234 2112 ι
2271 2059 2477 2114 Christi
2508 2074 2734 2131 regnum
2765 2058 2979 2113 tandem
3019 2057 3310 2127 aliquando
3353 2055 3448 2107 de-

1862 2154 2126 2219 siturum,
2149 2161 2204 2207 et
2236 2151 2402 2207 simul
2444 2150 2664 2220 angelos
2692 2147 2996 2213 desituros,
3037 2168 3056 2200 ι
3101 2161 3295 2215 nempe
3321 2161 3444 2200 cum

1862 2243 2040 2298 omnia
2067 2259 2230 2298 unum
2261 2258 2383 2298 cum
2415 2242 2524 2297 Deo
2559 2241 2720 2308 lient;
2757 2251 2813 2296 et
2847 2241 2942 2295 lib.
3000 2255 3046 2298 ιι,
3099 2238 3176 2293 De
3211 2238 3316 2307 [ide
3359 2253 3448 2290 or-

1863 2335 2035 2401 thod.,
2065 2349 2188 2404 cap.
2224 2335 2280 2398 l,
2307 2333 2690 2404 Origenian'am
2727 2334 2866 2387 hanc
2900 2333 2954 2386 in
2983 2332 3250 2400 integrum
3287 2330 3448 2384 resti-

1865 2425 2124 2480 tutionem
2153 2425 2352 2495 arguit,
2388 2439 2549 2494 quam
2581 2434 2702 2494 post
2733 2423 2876 2478 mille
2900 2436 3166 2476 annorum
3209 2420 3447 2490 spatium

1867 2517 2100 2570 futuram
2147 2503 2447 2571 credidisse
2491 2515 2877 2570 Adamantium
2930 2513 3146 2570 asserit.
3201 2511 3449 2567 Gobarus

1864 2620 2080 2676 quoque
2120 2605 2387 2661 Tritheita
2443 2607 2585 2676 apud
2646 2605 2803 2662 Phot.
2853 2605 2976 2659 cod.
3017 2619 3260 2667 ccxxx",
3305 2604 3450 2656 inter

1865 2698 2167 2766 disputatas
2217 2698 2544 2766 quaestiones
2602 2698 2746 2752 hanc
2818 2697 2983 2751 etiam
3045 2696 3226 2764 posuit
3271 2695 3448 2749 ε”Οτι

1865 2790 2125 2861 πρότερον
2165 2793 2214 2842 οἰ
2269 2789 2466 2842 δίκαιοι
2525 2791 2941 2862 ἀναστήσονται,
2986 2789 3080 2842 καὶ
3133 2788 3230 2840 σὺν
3267 2787 3448 2849 αὐτοῖς

1865 2880 2046 2933 πάντα
2072 2877 2144 2931 τὰ
2169 2878 2304 2944 ζῶα,
2331 2881 2426 2932 καὶ
2465 2879 2558 2932 ἐπὶ
2589 2878 2737 2950 χίλια
2782 2877 2876 2948 ἐτη
2919 2877 3258 2948 τρυφήσουσι
3283 2913 3298 2938 ,
3355 2874 3450 2926 καὶ

1866 2968 2152 3033 ἐσθίοντες,
2181 2971 2275 3022 καὶ
2299 2968 2642 3033 τεκνοῦντες,
2685 2969 2778 3021 καὶ
2813 2966 2951 3038 μετὰ
2983 2967 3142 3020 τοῦτο
3175 2968 3207 3037 ἡ
3237 2963 3452 3020 καθολι-

1866 3065 1938 3136 κὴ
1965 3066 2319 3136 ἐπιστήσεται
2353 3064 2674 3126 ἀνάστασις.
2730 3080 2750 3114 ι
2793 3061 2977 3116 Justos
3003 3062 3237 3130 primum
3270 3074 3452 3113 resur-

1871 3166 2134 3219 recturos,
2160 3165 2216 3209 et
2243 3171 2366 3209 cum
2402 3154 2536 3225 ipsis
2566 3153 2746 3208 omnia
2775 3152 3029 3207 animalia
3051 3189 3068 3212 ,
3103 3158 3156 3204 et
3181 3165 3278 3220 per
3304 3148 3453 3203 mille

1867 3263 2042 3302 annos
2075 3245 2286 3301 deliciis
2310 3245 2571 3302 lruituros
2590 3283 2608 3311 ,
2641 3254 2695 3300 et
2719 3244 2970 3309 edentes,
2999 3253 3054 3298 et
3081 3242 3328 3296 bibentes
3353 3281 3370 3305 ,
3397 3251 3452 3293 et

1865 3340 2185 3410 gignentes,
2224 3346 2519 3408 posteaque
2578 3336 2816 3400 futuram
2862 3335 3226 3390 universalem
3269 3347 3453 3387 resur-

1866 3431 2184 3486 rectionem.
2220 3449 2241 3484 ι
2275 3430 2330 3485 Si
2369 3431 2419 3485 in
2465 3431 2566 3486 hac
2620 3430 2722 3485 luit
2749 3428 3013 3502 Origenes
3046 3427 3353 3494 sententia,
3386 3426 3468 3480 il-‘

1865 3524 1972 3578 lam
2003 3522 2241 3578 Platonis
2271 3521 2480 3594 χιλιετῆ
2535 3522 2792 3594 πορείαν,
2848 3535 3013 3592 quam
3073 3521 3348 3583 diximus,
3395 3518 3453 3574 in

1869 3615 2236 3670 Christianam
2273 3612 2431 3669 tidem
2473 3614 2772 3668 transferre
2799 3623 3027 3668 conatus
3058 3611 3257 3676 fuerit,
3289 3620 3454 3680 atque

1867 3709 1940 3762 ita
1969 3708 2370 3763 Chiliasta-dici
2409 3707 2602 3776 possit.
2638 3706 2959 3774 Quanquam
3011 3703 3115 3758 alia
3172 3704 3277 3758 l'uit
3325 3702 3456 3758 Chi-

1868 3800 2150 3854 liaslarum
2179 3799 2392 3869 proprie
2417 3801 2684 3855 dictorum
2701 3799 2944 3862 haeresis,
2968 3813 2997 3851 a
3025 3797 3308 3859 Cerintho,
3338 3795 3450 3859 vel,

1872 3903 1929 3946 nt
1956 3892 2072 3959 alii,
2105 3907 2136 3946 a
2165 3891 2328 3961 Papia
2348 3889 2758 3960 Hierapolitano
2787 3891 3044 3960 episcopo
3068 3900 3213 3945 orta.
3234 3888 3456 3959 iAuctor

1869 3985 2068 4054 quippe
2087 3993 2170 4038 est
2193 3984 2460 4038 Eusebius
2481 3984 2575 4037 lib.
2602 3998 2664 4036 ιιι
2693 3981 2833 4036 Hist.
2857 3982 3020 4037 eccles
3051 4021 3067 4046 ,
3089 3995 3213 4049 cap.
3240 3980 3452 4044 ultimo,

1870 4074 2090 4144 Papiam
2121 4073 2288 4138 illum,
2322 4073 2580 4128 mediocri
2623 4081 2682 4126 ut
2728 4082 2849 4127 erat
2892 4071 3153 4142 praeditus
3205 4070 3448 4140 ingenio,

1869 4183 2062 4238 parum
2093 4177 2250 4222 acute
2282 4167 2574 4221 intellectis
2605 4166 2973 4235 apostolorum
3019 4163 3242 4233 scriptis
3280 4163 3452 4232 (vice-

1872 4261 2012 4315 simo
2053 4273 2247 4328 nempe
2280 4257 2684 4328 Apocalypseos
2707 4254 2935 4326 capite),
2980 4269 3209 4324 regnum
3242 4251 3450 4308 Christi

1871 4359 1996 4422 post
2028 4350 2480 4404 resurrectionem
2516 4361 2616 4418 per
2646 4345 2792 4402 mille
2820 4359 2993 4400 annos
3032 4346 3174 4400 inter
3211 4356 3453 4398 summas

1872 4458 2164 4512 corporum
2201 4440 2508 4509 voluptates
2544 4439 2599 4494 in
2626 4439 2789 4493 terris
2833 4447 3309 4507 perseveraturum
3354 4449 3454 4504 pu-

195 4526 401 4581 λύονται
427 4529 527 4600 τῆς
546 4527 816 4591 κολάσεως
839 4544 852 4558 ο
889 4527 1065 4580 καίτοι
1096 4527 1158 4580 οὐ
1195 4525 1394 4588 πάντες
1442 4526 1491 4579 οἱ
1521 4524 1764 4598 παραδο-

1870 4543 2042 4599 tasse,
2069 4549 2133 4588 ac
2168 4532 2340 4602 ipsius
2371 4531 2569 4586 deinde
2623 4529 3002 4584 auctoritatem
3054 4529 3199 4581 idem
3249 4526 3453 4580 [remeo

195 4621 372 4686 θέντες
405 4625 468 4693 τῇ
502 4620 720 4675 κολάσει
746 4620 1096 4690 καθαίρονται
1117 4620 1210 4672 καὶ
1231 4619 1577 4683 ἀπολύονται,
1627 4619 1766 4672 ἀλλά

192 4731 346 4781 τινες,
365 4716 463 4772 καὶ
490 4717 591 4781 ὅτι,
616 4717 752 4786 ὅπερ
778 4717 925 4769 ἐστὶν
949 4715 1148 4786 ἀληθὲς
1170 4714 1271 4785 τῆς
1294 4712 1620 4784 Ἐκκλησίας
1633 4713 1768 4785 φρό-

193 4823 335 4878 νημα
359 4849 374 4873 ,
399 4809 573 4872 οὐδεὶς
597 4808 891 4863 ἀπολύεται
928 4809 1029 4880 τῆς
1063 4809 1356 4873 κολάσεως.
1392 4826 1412 4860 ι
1446 4809 1766 4863 Peccatores

194 4902 364 4968 poenis
394 4901 623 4956 traditos
646 4917 675 4954 a
705 4900 946 4972 nequitia
972 4902 1261 4972 expurgari
1290 4900 1343 4955 in
1367 4900 1533 4969 ipsis;
1562 4909 1618 4953 et
1645 4905 1768 4968 post.

195 4993 635 5063 expurgationem
678 4993 853 5062 pmnis
894 4992 1051 5048 solvi.
1082 4990 1194 5048 Nec
1213 4993 1435 5063 purgari
1486 4999 1668 5046 tamen
1709 4999 1768 5046 et

196 5084 395 5140 absolvi
419 5101 608 5142 omnes
632 5086 725 5156 qui
758 5086 1039 5156 suppliciis
1064 5085 1264 5140 addicti
1303 5095 1469 5149 sunt,
1501 5083 1594 5139 sed
1627 5099 1768 5137 non-

195 5175 387 5233 nullos.
441 5177 508 5231 Et
559 5179 829 5232 neminem
877 5177 1142 5246 supplicio
1183 5175 1435 5240 liberari,
1467 5189 1590 5244 qna:
1634 5188 1762 5228 vera

195 5268 551 5324 estlicclesize
581 5247 899 5323 sententia?
935 5285 954 5320 ι
1007 5266 1138 5337 quid
1188 5266 1429 5321 Nicetam
1475 5265 1766 5319 Acomina-

198 5367 324 5424 tum,
367 5361 460 5430 qui
508 5360 604 5416 lib.
638 5377 689 5416 tv
722 5361 978 5416 Thesauri
1028 5361 1234 5414 orthod.
1276 5359 1398 5429 ﬁd.,
1445 5358 1579 5413 liter.
1611 5372 1759 5420 xui,

196 5450 474 5524 Origcnem
521 5455 661 5509 male
712 5455 953 5510 sensisse
979 5454 1238 5525 praedicat
1267 5452 1338 5508 de
1379 5464 1663 5522 poenarum
1693 5463 1759 5504 ac

195 5547 535 5612 praemiorum
557 5548 918 5618 perennitate,
949 5548 1298 5615 futurumque
1331 5545 1535 5600 dixisse
1572 5552 1628 5598 ut
1659 5557 1760 5597 cx-

260 5681 308 5718 ”
337 5684 440 5741 lsa.
474 5702 626 5753 xxw,
663 5687 754 5741 2‘2.

264 5827 371 5900 (5|)
407 5828 612 5898 Dialog.
641 5846 723 5896 ιιι,
759 5846 902 5899 resp.
929 5828 1052 5884 MO.

506 5925 776 5990 PATROL.
822 5926 938 5985 Gn.
986 5922 1182 5983 XVII.

1871 4627 2228 4698 persuasisse.
2283 4623 2504 4680 Sectam
2553 4636 2770 4692 quoque
2821 4621 2966 4675 illam
3011 4618 3283 4690 persecuti
3326 4624 3454 4672 sunt.

1869 4717 1960 4770 alii
1991 4715 2292 4770 eruditione
2323 4715 2532 4769 nobiles
2567 4715 2671 4768 viri
2702 4711 3072 4767 Tertullianus
3093 4748 3111 4775 ,
3143 4708 3452 4764 Victorinus

1869 4803 2311 4870 Petabiouensis,
2357 4816 2414 4862 et
2464 4805 2826 4869 Lactantius,
2877 4804 3054 4860 donec
3104 4802 3160 4856 in
3203 4810 3450 4870 apertam

1870 4899 2049 4968 erupit
2089 4898 2362 4963 hazresim,
2412 4897 2468 4952 in
2516 4895 2852 4967 Apollinario
2892 4895 3204 4950 damnatam
3263 4905 3294 4944 a
3342 4889 3450 4942 Da-

1871 5005 2025 5046 maso
2080 5005 2241 5060 papa.
2292 4991 2550 5045 Attamen
2590 4989 2681 5042 vix
2734 4987 2838 5042 sibi
2889 4985 3219 5055 persuadere
3274 4987 3454 5050 potest

1869 5085 2210 5155 Epiphanius
2236 5092 2566 5137 assertorem
2603 5081 2770 5135 fuisse
2793 5077 3192 5147 Apollinarium
3223 5074 3450 5142 dogma-

1872 5177 1941 5227 tis
1969 5173 2295 5240 hnjnsmodi,
2332 5172 2488 5242 cujus
2533 5185 2636 5226 nec
2682 5168 2898 5223 amnem
2947 5165 3116 5220 fuisse
3158 5162 3450 5233 Origenem

1868 5267 2212 5335 perspicuum
2245 5275 2325 5317 cst
2355 5278 2425 5317 ex
2473 5262 2557 5317 bis
2608 5261 2790 5315 verbis
2827 5271 2960 5313 tom.
3004 5271 3115 5310 xvn
3143 5257 3197 5309 in
3229 5252 3446 5319 Marti».

1869 5371 2017 5409 num.
2047 5355 2151 5417 35,
2183 5370 2306 5423 pag.
2345 5355 2452 5408 8'27
2485 5375 2497 5408 :
2529 5353 2640 5407 Καὶ
2681 5351 2871 5422 ὥσπερ
2919 5347 3227 5404 πλανῶνται
3265 5347 3315 5399 οἱ
3357 5344 3449 5399 διὰ

1866 5449 1927 5504 τὸ
1962 5448 2035 5520 μὴ
2062 5449 2411 5519 τροπολογεῖν
2459 5445 2528 5500 τὰ
2568 5443 2884 5517 προφητικα
2937 5443 3175 5514 οίόμενοι
3233 5439 3447 5512 μέλλειν

1866 5543 2014 5614 ἡμᾶς
2044 5539 2181 5612 μετὰ
2211 5541 2311 5611 τὴν
2349 5539 2645 5594 ἀνάστασιν
2683 5537 2881 5592 ἐσθίειν
2908 5537 3002 5591 καὶ
3039 5534 3216 5590 πίνειν
3257 5549 3442 5605 σωμα-

1943 5820 2054 5891 (59.)
2086 5819 2238 5891 Apud
2273 5819 2450 5887 Phot.,
2483 5821 2606 5878 cod.
2640 5836 2877 5876 ccxxx".
