3914 6554
418 374 558 430 1055

1677 364 1737 421 Ρ.
1772 362 2085 417 DANIELIS
2123 362 2354 420 HUETII

3526 366 3667 426 1056

417 493 544 547 τικὰ
574 491 861 565 βρώματα,
902 487 1021 541 ἐπεὶ
1056 488 1111 541 αἱ
1151 486 1321 550 λέξεις
1358 485 1464 537 τῶν
1507 484 1732 555 γραφῶν
1765 482 1986 536 τοιαῦτα

2098 486 2171 553 [ιιι
2198 493 2376 539 tamen
2422 484 2753 539 concedatur
2795 483 2918 553 quia
2966 483 3143 552 aliqua
3176 483 3441 554 videmus)
3481 485 3663 538 media

420 586 763 656 περιέχουσιν
782 599 797 615 ’
842 580 982 634 οὕτω
1024 580 1117 633 καὶ
1144 577 1215 630 τὰ
1242 578 1367 648 περὶ
1385 577 1577 647 γάμων
1603 575 1983 646 γεγραμμένα,

420 680 516 733 καὶ
540 676 745 748 ἀνδρῶν
771 674 864 727 καὶ
898 671 1171 740 γυναικῶν
1210 669 1499 741 τηροῦντες
1538 668 1631 722 ἐπὶ
1671 667 1765 721 τοῦ
1799 666 1985 739 ῥητοῦ,

422 772 516 829 καὶ
544 770 775 839 οἰόμενοι
802 764 1107 826 συνουσίαις
1130 763 1273 833 ἡμᾶς
1300 762 1397 816 καὶ
1423 760 1543 814 τότε
1578 759 1895 831 χρήσεσθαι,
1922 758 1989 811 δι’

421 863 487 927 ἃς
512 861 633 914 οὐδὲ
659 857 935 928 σχολάζειν
958 855 1073 908 ἐστὶ
1104 857 1169 924 τῇ
1216 854 1486 924 προσευχῇ
1529 851 1747 904 δυνατόν
1766 868 1781 883 υ
1813 850 1872 904 ἐν
1897 866 1991 921 μο-

422 949 613 1021 λυσμῷ
646 967 761 1011 πως
785 948 953 1000 ὄντων
980 945 1073 1000 καὶ
1119 943 1432 1015 ἀκαθαρσίᾳ
1476 944 1582 996 τινὶ
1625 942 1733 995 τῶν
1774 940 1992 1013 χρωμὲ-

424 1060 530 1098 νων
557 1039 908 1113 ἀφροδισίοις.
951 1038 1223 1092 Adversus
1269 1037 1516 1090 eamdem
1572 1034 1821 1089 haeresim
1874 1032 1992 1103 parl

421 1136 582 1190 modo
637 1130 983 1187 excandescit
1030 1128 1118 1183 lib.
1192 1143 1230 1181 ιι
1287 1126 1426 1195 Περὶ
1468 1125 1703 1194 ἀρχῶν,
1752 1139 1871 1190 cap.
1904 1123 1989 1187 ll,

419 1242 569 1281 num.
600 1224 659 1289 2,
704 1233 758 1278 et
791 1221 1013 1293 prologo
1053 1221 1109 1274 in
1149 1218 1375 1283 Cantia,
1411 1233 1535 1288 pag.
1580 1217 1649 1272 ‘28
1680 1233 1693 1268 :
1733 1234 1753 1267 ι
1783 1215 1994 1270 Accidit

421 1327 481 1372 ut
502 1316 857 1387 simpliciores
882 1315 1102 1382 quidam
1126 1312 1430 1366 nescientes
1452 1310 1786 1379 distinguere
1813 1322 1877 1361 ac
1903 1321 1990 1360 se-

420 1423 647 1464 cernere
668 1423 791 1476 quaa
817 1407 923 1461 sint
956 1420 1074 1472 qua:
1102 1404 1155 1458 in
1187 1401 1483 1472 Scripturis
1512 1401 1715 1457 divinis
1742 1399 1990 1455 interiori

418 1499 648 1566 homini,
684 1512 805 1566 qua:
848 1510 977 1549 vero
1013 1491 1268 1547 exteriori
1310 1491 1613 1560 deputanda
1649 1490 1791 1555 sint,
1832 1502 1994 1543 voca-

418 1590 669 1647 bulorum
701 1584 1144 1644 similitudinibus
1188 1583 1309 1638 falsi
1356 1583 1423 1637 ad
1469 1584 1680 1652 ineptas
1725 1580 1989 1650 quasdam

419 1682 633 1738 fabulas
658 1691 712 1735 et
749 1682 999 1749 figmenta
1032 1677 1212 1732 inania
1243 1690 1302 1732 se
1327 1675 1691 1738 contulerint;
1735 1681 1792 1726 ut
1828 1672 1990 1726 etiam

418 1781 549 1842 post
592 1770 1045 1827 resurrectionem
1099 1768 1239 1824 cibis
1301 1766 1677 1836 corporalibus
1734 1764 1988 1818 utendum

420 1865 723 1924 crederent.
751 1872 1051 1932 potumque
1076 1860 1393 1915 sumendum
1426 1874 1533 1913 non
1590 1857 1761 1921 solum
1806 1871 1874 1909 ex
1902 1854 1989 1909 illa

420 1956 530 2010 vite
560 1970 685 2009 vera
718 1965 769 2007 et
793 1954 1006 2007 vivente
1032 1953 1086 2006 in
1109 1951 1338 2015 saecula,
1368 1966 1557 2005 verum
1583 1960 1639 2005 et
1680 1964 1746 2003 ex
1783 1950 1867 2003 bis
1906 1947 1989 2002 vi-

417 2048 569 2101 tibus
594 2045 745 2116 ligni.
780 2063 797 2095 ι
840 2044 911 2097 Ea
944 2052 1208 2113 prteterea
1252 2041 1319 2096 de
1348 2040 1749 2097 resurrectione
1771 2079 1787 2103 ,
1814 2038 1993 2107 deque

421 2135 599 2204 poenis
623 2132 1276 2200 damnatorum'opinatus
1323 2138 1437 2197 est,
1465 2146 1585 2198 quae
1611 2127 1992 2183 Cbilionetita-

423 2240 544 2280 rum
584 2225 814 2280 vesaniae
852 2239 915 2279 ex
976 2227 1205 2280 adverso
1251 2229 1570 2292 repugnant.
1625 2220 1753 2275 Inde
1798 2218 1993 2271 Hiero-

423 2333 617 2391 nymus
643 2319 695 2372 in
731 2318 938 2388 prmfat.
972 2317 1095 2372 libri
1131 2331 1261 2370 XVIII
1295 2315 1648 2369 Commentar.
1682 2314 1737 2366 in
1770 2311 1994 2375 Isaiam,

424 2425 544 2480 quae
567 2418 650 2464 est
678 2411 744 2464 ad
771 2409 1145 2471 Eustochium,
1172 2408 1432 2461 adversus
1460 2404 1787 2461 Millenarios
1813 2404 1996 2471 dispu-

425 2513 566 2569 tans,
597 2512 839 2557 errorem
864 2500 1075 2552 illorum
1104 2513 1289 2551 eorum
1314 2496 1488 2553 errori
1518 2496 1610 2565 qui
1643 2494 1997 2551 resurrectio-

422 2610 548 2650 nem
580 2594 774 2648 tollunt
798 2592 1131 2647 contrarium
1155 2599 1209 2644 et
1231 2588 1535 2658 Oppositum
1561 2604 1679 2643 esse
1706 2586 1950 2656 agnoscit
1978 2602 1992 2639 :

421 2682 834 2741 etJustinianus
858 2683 910 2736 in
943 2680 1168 2751 epistola
1198 2680 1265 2733 ad
1283 2680 1520 2747 quintam
1549 2681 1806 2749 synodum
1834 2691 1996 2744 quam

422 2777 643 2833 exhibet
665 2767 962 2840 Cedrenus',
984 2772 1283 2827 doctrinam
1307 2770 1622 2841 Pythagora:
1647 2780 1701 2824 et
1734 2769 1995 2832 Platonis,

424 2867 693 2936 huiusque
721 2865 854 2918 adeo
882 2863 1043 2918 verba
1082 2878 1242 2930 super
1292 2861 1380 2917 his
1414 2861 1559 2915 mille
1610 2874 1874 2914 annorum
1907 2872 1999 2929 pe-

421 2960 592 3015 riodis
625 2971 919 3027 exponens,
944 2970 1064 3010 eam
1100 2954 1314 3024 Origeni
1353 2968 1616 3023 nusquam
1649 2950 1858 3004 tribuit.

495 3046 681 3101 Xlell.
720 3044 981 3112 Quamvis
1004 3053 1181 3098 autem
1213 3042 1555 3097 manifestum
1576 3040 1780 3094 erroris
1816 3050 1997 3093 teneao

423 3155 545 3194 mus
574 3139 856 3208 Origenem
902 3138 956 3190 in
987 3136 1286 3205 quaestione
1313 3134 1380 3187 de
1404 3148 1681 3203 poenarum
1725 3142 1780 3185 et
1824 3132 1997 3187 beati-

424 3234 553 3287 tatis
582 3230 945 3301 perennitate,
980 3227 1146 3282 multa
1179 3237 1356 3280 tamen
1390 3226 1441 3279 in
1466 3226 1582 3295 ejus
1628 3224 1995 3279 defensiOnem

423 3322 612 3378 adduci
645 3332 905 3391 possunt,
955 3335 1076 3376 cum
1120 3334 1186 3374 ex
1237 3320 1353 3388 eius
1406 3318 1719 3388 deprompta
1757 3316 1996 3387 scriptis,

424 3424 538 3469 tum
594 3415 733 3484 apud
800 3413 1047 3469 laudatos
1115 3412 1405 3480 scriptores
1477 3411 1800 3479 conquisita.
1867 3409 1999 3475 Quae

423 3508 741 3578 priusquam
765 3510 1118 3576 attingamus,
1138 3505 1358 3569 dignum
1385 3503 1512 3557 illud
1529 3502 1999 3557 animadversione

425 3609 509 3655 est
535 3600 675 3668 quod
719 3608 1105 3653 commemorat
1157 3607 1345 3649 auctor
1387 3595 1791 3665 Prafdestinati.
1835 3609 1997 3663 quem

425 3691 592 3745 edidit
624 3688 858 3744 Jacobus
880 3689 1223 3751 Sirmondus,
1259 3689 1388 3741 baer.
1414 3700 1566 3749 xutt,
1596 3685 1998 3752 Ampullianum

425 3783 711 3852 quemdam
752 3782 1067 3836 haereticutn
1106 3781 1394 3848 Bithynum
1439 3778 1490 3831 in
1534 3794 1653 3831 eam
1704 3777 1998 3831 incurrisse

426 3875 698 3939 haeresim,
728 3891 748 3925 ‹
779 3884 837 3929 ιιι
869 3874 1070 3929 diceret
1109 3889 1297 3929 omnes
1341 3870 1662 3925 criminosos
1712 3884 1833 3922 cum
1878 3869 1997 3922 dia-

423 3968 548 4024 bolo
576 3977 632 4023 et
654 3966 936 4023 daemoniis
964 3981 1029 4021 eo
1054 3979 1225 4034 usque
1269 3964 1322 4017 in
1358 3962 1601 4030 gehenna
1631 3959 1880 4029 decoqui,
1909 3976 2001 4016 us-

423 4075 640 4133 quequo
665 4061 786 4129 puri
823 4058 1254 4126 redditi'possint
1287 4055 1411 4109 inde
1436 4055 1620 4108 nmndi
1654 4063 1704 4108 et
1738 4055 2001 4112 immacu:

421 4153 515 4208 lati
545 4152 767 4223 egredi;
798 4169 819 4202 ι
850 4157 1181 4221 quapropter
1214 4161 1335 4202 cum
1364 4145 1669 4200 universam
1697 4143 1995 4199 Ecclesiam

371 4254 377 4260 '
421 4245 709 4299 adversum
739 4258 799 4298 se
836 4244 1240 4304 commovisset,
1264 4240 1485 4294 vitiatos
1517 4253 1547 4291 a
1582 4252 1641 4291 se
1668 4237 1833 4291 libros
1870 4234 1998 4291 Ori-

422 4336 595 4404 genis,
645 4342 701 4389 et
740 4349 844 4388 eos
886 4334 1157 4401 praecipue
1202 4332 1291 4401 qui
1341 4339 1468 4386 sunt
1512 4328 1654 4396 Περὶ
1692 4326 1893 4397 ἀρχῶν
1942 4327 1997 4380 in

422 4425 707 4481 sententiae
736 4440 848 4480 suae
892 4425 1195 4493 praesidium
1236 4421 1546 4489 protulisse.
1588 4421 1749 4474 Addit
1805 4418 1998 4472 deinde

2088 587 2257 633 sunt:
2299 591 2417 646 qua!
2443 586 2567 632 ante
2599 577 2855 630 mundum
2899 575 3130 640 fuerint,
3165 575 3510 644 ignoramus;
3551 575 3669 630 fue-

2090 676 2217 722 runt
2243 681 2405 736 porro
2445 666 2683 735 quazdarn
2730 676 2857 720 ante
2892 665 3166 720 mundum.
3194 666 3322 732 Quae
3351 674 3478 733 post
3509 681 3667 719 mun-

2090 762 2215 816 dum
2246 769 2495 814 secutura
2526 767 2673 825 sunt,
2702 760 2766 812 ad
2795 767 3002 812 certum
3027 773 3131 811 non
3158 758 3620 827 apprehendimus
3650 777 3664 812 :

2089 861 2249 905 erunt
2301 858 2482 903 autem
2534 848 2635 902 alia
2681 856 2801 918 post
2847 848 3125 902 mundum.
3165 865 3185 900 ι
3235 846 3373 902 Τιιηι
3424 858 3663 918 postea:

2099 961 2119 993 ι
2152 942 2225 995 Ea
2256 956 2378 1010 quae
2409 949 2531 1009 post
2560 948 2862 994 extremum
2914 938 3170 994 saeculum
3208 938 3391 993 futura
3433 947 3564 993 sunt
3612 939 3669 993 in

2091 1032 2283 1088 sarcula
2324 1032 2671 1095 saeculorum,
2722 1031 2846 1099 quis
2896 1038 3072 1098 potest
3104 1016 3429 1101 exponere?
3458 1028 3669 1084 Garru-

2091 1126 2264 1180 lornm
2281 1132 2363 1179 est
2384 1124 2661 1177 hominum
2677 1122 2865 1176 horum
2882 1122 3124 1177 notitiam
3142 1123 3405 1191 polliceri,
3423 1123 3673 1177 nescien-

2093 1219 2223 1273 tium
2258 1216 2382 1286 qnia
2414 1215 2576 1269 homo
2599 1228 2662 1268 ea
2698 1222 2905 1267 tantum
2934 1224 3110 1283 potest
3140 1228 3338 1284 capere
3358 1252 3373 1278 ,
3402 1228 3530 1283 quae
3553 1226 3672 1267 me-

2088 1309 2176 1363 dia
2210 1317 2353 1369 sunt,
2377 1317 2433 1362 et
2460 1320 2523 1359 ea
2547 1320 2669 1375 qua:
2696 1316 2817 1374 post
2839 1306 3093 1360 mundum
3120 1320 3290 1375 usque
3313 1304 3383 1360 ad
3402 1318 3667 1360 consum-

2093 1402 2381 1456 mationem
2410 1400 2461 1454 in
2484 1400 2690 1468 judicio
2722 1409 2847 1455 sunt
2876 1401 3052 1453 futura
3081 1400 3146 1453 de
3174 1398 3376 1467 ptenis,
3406 1397 3476 1452 de
3504 1396 3672 1451 retri-

2090 1493 2330 1547 butione.
2384 1492 2450 1546 Et
2492 1493 2684 1547 horum
2730 1504 2952 1561 quoque
2992 1490 3158 1544 multa
3209 1489 3483 1545 absconsa
3548 1497 3675 1542 sunt

2094 1585 2272 1648 nobis,
2298 1592 2357 1636 ut
2384 1593 2605 1654 propter
2636 1584 2738 1638 hoc
2760 1583 2976 1651 quidem
3005 1582 3264 1651 scripturn
3297 1581 3370 1637 sit
3400 1599 3415 1636 :
3445 1579 3672 1633 Duabus

2092 1675 2331 1729 uelabant
2372 1676 2556 1742 faciem
2595 1676 2662 1729 5’.
2705 1694 2723 1727 ι
2770 1672 2922 1729 Unde
2971 1687 3058 1728 res
3100 1688 3194 1727 eas
3233 1680 3673 1741 pertractaturus

2094 1766 2186 1822 lib.
2212 1782 2227 1820 t
2258 1767 2397 1835 Περὶ
2433 1766 2657 1836 ἀρχῶν,
2690 1780 2808 1835 cap.
2835 1767 2887 1829 6,
2918 1781 3066 1818 num.
3098 1765 3149 1829 l,
3179 1763 3280 1818 hac
3306 1763 3676 1818 obtestatione

2094 1858 2307 1913 lectoris
2340 1869 2574 1914 mentem
2620 1867 2854 1928 occupat
2889 1874 2904 1911 :
2944 1876 2963 1908 ι
2998 1857 3128 1923 Quae
3177 1857 3398 1926 quidem
3443 1869 3476 1908 a
3523 1853 3676 1908 nobis

2093 1952 2258 2007 etiam
2286 1966 2409 2006 cum
2442 1966 2638 2020 magno
2665 1958 2813 2004 metu
2845 1958 2899 2004 et
2929 1948 3140 2005 cautela
3169 1948 3467 2011 dicuntur;
3500 1946 3677 2001 discu-

2095 2044 2355 2098 tientibus
2384 2042 2557 2111 magis
2584 2050 2638 2096 et
2673 2040 3130 2111 pertractantibus
3153 2079 3168 2105 .
3198 2055 3363 2107 quam
3393 2054 3493 2108 pro
3528 2051 3676 2092 certo

2092 2150 2158 2190 ac
2195 2135 2414 2189 deﬁnito
2435 2133 2821 2188 statuentibus.
2851 2132 3148 2188 Indicatum
3180 2145 3419 2200 namque
3454 2145 3485 2183 a
3521 2128 3675 2182 nobis

2098 2228 2150 2282 in
2179 2227 2551 2297 superioribus
2574 2235 2676 2289 est,
2707 2240 2828 2296 quae
2876 2226 2986 2281 sint
3024 2226 3091 2281 de
3115 2224 3330 2299 .quibus
3384 2220 3676 2276 manifesto

2094 2326 2346 2393 dogmate
2373 2323 2770 2378 terminandum
2806 2322 2911 2385 sit,
2946 2320 3091 2390 quod
3116 2328 3171 2374 et
3193 2333 3292 2389 pro
3329 2300 3675 2371 viribus‘nos

2097 2413 2291 2470 fecisse
2336 2423 2464 2485 puto
2513 2429 2636 2469 curn
2677 2414 2745 2469 de
2785 2412 3054 2467 Trinitate
3104 2411 3476 2480 loqueremur.
3524 2407 3676 2461 Nunc

2102 2517 2280 2562 autem
2305 2505 2613 2575 disputandi
2662 2504 2843 2573 specie
2896 2504 3105 2575 magis.
3148 2517 3309 2571 quam
3362 2500 3674 2564 definiendi,

2096 2600 2258 2667 prout
2284 2612 2605 2666 possumus,
2639 2610 2983 2651 exercemur.
3021 2613 3040 2645 ι
3077 2595 3251 2662 Atque
3283 2593 3387 2646 hac
3429 2590 3676 2645 admoui-

2100 2692 2245 2744 tione
2267 2688 2644 2758 prmmunitam
2690 2686 3128 2742 dissertationem
3169 2684 3340 2738 altera
3385 2685 3489 2737 bac
3534 2682 3677 2737 exci-

2098 2780 2196 2849 pit,
2251 2780 2403 2832 initio
2449 2778 2640 2847 capitis
2683 2777 2961 2847 sequentis
3000 2793 3017 2828 :
3070 2793 3092 2828 ι
3135 2775 3259 2831 Haec
3293 2774 3519 2843 quidem
3558 2787 3677 2842 qua:

2100 2870 2353 2941 superius
2391 2868 2766 2933 disseruimus,
2810 2865 3047 2938 generali
3093 2865 3252 2920 nobis
3294 2876 3552 2919 sermone
3598 2862 3680 2917 di-

2102 2970 2251 3031 gesta
2278 2960 2407 3025 sint,
2442 2974 2540 3027 per
2570 2958 3025 3027 consequentiam
3068 2957 3240 3025 magis
3281 2954 3675 3017 intellectuum,

2101 3071 2259 3125 quam
2313 3054 2536 3108 definito
2574 3056 2823 3123 dogmate
2864 3062 3189 3122 pertractata
3236 3062 3402 3120 atque
3433 3052 3675 3106 discussa

2102 3149 2168 3202 de
2219 3147 2628 3201 rationabilibus
2666 3147 2902 3203 naturis.
2956 3153 3077 3214 post
3128 3160 3253 3199 eum
3302 3144 3489 3197 locum
3521 3156 3676 3210 quem

2101 3237 2169 3292 de
2198 3237 2379 3301 Patre,
2435 3246 2491 3292 et
2524 3236 2697 3301 Filio,
2730 3246 2784 3291 et
2823 3238 3030 3308 Spiritu
3085 3244 3278 3291 sancto
3323 3249 3426 3304 pro
3483 3232 3680 3289 nostris

2100 3329 2310 3384 viribus
2338 3329 2704 3399 exposuimus.
2747 3328 2896 3384 Nunc
2937 3343 3064 3398 ergo
3108 3327 3395 3381 videamus
3422 3340 3544 3395 quae
3572 3325 3679 3379 sint

2101 3422 2169 3476 de
2192 3422 2389 3491 quibus
2428 3422 2697 3476 disserere
2734 3422 2786 3475 ιιι
2816 3418 3276 3489 consequentibus
3311 3418 3571 3472 convenit
3603 3430 3679 3469 se-

2101 3510 2337 3566 cumlum
2385 3510 2576 3579 dogma
2623 3519 2890 3574 nostrum,
2927 3505 2981 3565 i‘d
3024 3519 3127 3576 est,
3168 3510 3470 3565 secundum
3505 3507 3678 3562 Eccle-

2099 3603 2195 3655 siae
2214 3601 2395 3658 ﬁdem.
2422 3620 2439 3652 ι
2462 3600 2630 3670 Magis
2650 3602 2813 3656 etiam
2833 3601 3052 3656 fluctuat
3071 3611 3202 3656 tom.
3222 3616 3395 3654 xxvut
3412 3602 3467 3652 in
3486 3598 3674 3662 Joan.,

2102 3710 2252 3747 num.
2284 3693 2336 3761 7,
2360 3708 2607 3763 quaerens
2649 3709 2715 3747 an
2761 3693 3050 3762 aliquando
3104 3694 3337 3748 vinculis
3388 3692 3677 3747 solvendus

2099 3785 2200 3845 sit,
2229 3799 2429 3849 necne,
2462 3785 2623 3839 homo
2664 3785 2753 3839 ille
2804 3785 3108 3854 impudens,
3167 3785 3262 3853 qui
3314 3800 3440 3839 cum
3483 3783 3677 3850 absque

2100 3876 2326 3945 nuptiali
2365 3886 2517 3932 veste
2546 3878 2611 3930 ad
2645 3878 2951 3933 convivium
2987 3877 3349 3943 accessisset,
3399 3876 3541 3930 mitti
3569 3875 3676 3941 jus-

2099 3981 2194 4019 sus
2220 3974 2303 4021 est
2349 3966 2402 4020 in
2450 3967 2703 4022 tenebras
2741 3967 3061 4032 exteriores,
3112 3966 3297 4033 ligatis
3342 3965 3673 4035 pedibusque

2101 4059 2453 4129 manibusque
2499 4076 2513 4111 ε
2565 4059 2639 4112 Οὐ
2667 4060 2775 4128 γὰρ
2816 4058 3157 4130 ἐμφαίνεται,
3196 4057 3410 4125 inquit,
3440 4056 3510 4109 τὰ
3554 4053 3671 4125 περὶ

2099 4151 2410 4214 ἀπολύσεως
2471 4152 2731 4221 ἐσομένης
2777 4151 3135 4222 γεγραμμένα
3188 4151 3320 4221 περὶ
3367 4149 3566 4204 αὑτοῦ’
3613 4146 3672 4200 οὐ

2097 4244 2244 4296 δοκεῖ
2281 4243 2339 4295 δέ
2392 4260 2484 4312 μοι
2529 4244 2765 4312 ἀσφαλὲς
2796 4239 2931 4297 εἶναι
2978 4243 3050 4314 μὴ
3076 4242 3459 4295 καταλαϐόντα
3499 4244 3675 4294 ὁτιπο-

2097 4334 2244 4400 τοῦν,
2280 4334 2514 4406 μάλιστα
2540 4335 2619 4406 τῷ
2646 4335 2719 4406 μὴ
2747 4335 3055 4408 γεγράφθαι
3088 4335 3217 4405 περὶ
3250 4334 3441 4399 αὐτοῦ,
3470 4335 3674 4402 ἀποφὴ-

2100 4425 2324 4479 νασθαιο
2373 4436 2428 4482 et
2464 4427 2556 4481 lib.
2594 4443 2714 4493 vm,
2747 4428 2801 4480 in
2841 4427 3012 4495 Epist.
3049 4430 3117 4480 ad
3157 4424 3341 4491 Rom.,
3390 4442 3539 4481 num.
3588 4425 3671 4487 12,

422 4514 591 4571 libelli
625 4524 860 4569 auctor:
898 4533 920 4566 ‹
954 4513 1061 4568 Sed
1090 4514 1181 4581 qui
1226 4513 1345 4567 sani
1389 4526 1581 4567 sensus
1606 4521 1718 4573 est,
1757 4520 1809 4563 et
1838 4510 2000 4563 habet
2031 4508 2074 4561 Ι)
2104 4532 2225 4588 pag,
2263 4518 2366 4573 διο
2404 4534 2418 4570 ε
2469 4537 2487 4570 ι
2522 4518 2717 4573 verum
2754 4518 2809 4571 in
2857 4518 2960 4573 bac
3008 4519 3122 4588 ipsa
3168 4521 3519 4587 purgatione,
3561 4534 3671 4588 qua:

424 4604 733 4676 Splendidos
760 4606 967 4669 oculos,
1004 4605 1086 4657 sic
1111 4602 1255 4657 videt
1284 4603 1464 4657 addita
1490 4602 1543 4656 in
1568 4600 1816 4670 Origenis
1861 4615 1998 4668 cpn-

424 4697 591 4754 sculis
618 4696 759 4751 mala
782 4697 908 4763 ista,
932 4705 1090 4765 atque
1119 4695 1411 4764 cognoscit,
1432 4694 1572 4748 sicut
1602 4692 1647 4747 si
1681 4693 1733 4745 in
1764 4690 2000 4761 stragulo

426 4782 687 4846 coccineo
719 4803 930 4857 pannos
959 4787 1144 4851 albos,
1178 4794 1271 4841 aut
1309 4785 1569 4855 cujusque
1592 4783 1819 4843 alterius
1846 4783 1997 4837 colo-

423 4882 507 4939 ris
537 4890 727 4937 cernat
754 4881 994 4937 adsutos.
1032 4900 1052 4934 ι
1106 4879 1261 4935 Nunc
1305 4894 1427 4950 quae
1462 4892 1560 4948 pro
1594 4891 1653 4932 se
1707 4876 1821 4945 ipse
1862 4873 1999 4928 Ada-

424 4975 667 5031 mantius
712 4977 1052 5046 suppeditat,
1080 4973 1416 5043 colligamus.
1467 4970 1709 5026 Primum
1742 4966 1927 5023 homil.
1962 4966 1998 5021 8

425 5068 485 5123 in
510 5066 697 5133 Levit.,
730 5068 962 5131 num..5,
997 5081 1118 5122 esse
1145 5066 1219 5120 ait
1246 5074 1466 5136 peccata
1500 5062 1746 5134 quaedam
1769 5099 1786 5125 ,
1825 5079 1844 5111 ι
1878 5072 1998 5129 qua:

428 5170 555 5231 post
581 5160 722 5215 hanc
767 5161 930 5216 vitam
980 5160 1260 5214 nobiscum
1307 5164 1619 5219 transeunt,
1671 5163 1727 5209 et
1775 5165 1895 5206 esse
1942 5153 1996 5204 in

431 5250 564 5319 ipsis
589 5249 831 5317 quaedam
863 5250 932 5302 i-ta
960 5249 1244 5303 animabus
1271 5247 1454 5311 inﬁxa,
1483 5254 1545 5299 ut
1576 5250 1849 5313 nequeant
1868 5239 1999 5294 abo-

431 5341 549 5397 leri.
583 5360 603 5393 ι
640 5339 867 5395 Humilia
892 5341 928 5393 4
956 5341 1011 5393 in
1031 5338 1254 5402 Isaiam,
1286 5354 1433 5393 num.
1466 5338 1518 5401 l,
1542 5335 1735 5390 nesciri
1763 5347 2000 5402 pronun-

429 5432 549 5496 tiat,
581 5446 699 5500 quae
720 5441 841 5501 post
866 5431 1121 5485 mundum
1146 5438 1404 5485 eventura
1422 5429 1536 5483 sint
1568 5445 1580 5480 :
1615 5444 1634 5476 ι
1664 5424 1996 5486 Novissima},

429 5522 628 5589 inquit,
653 5531 711 5575 ut
743 5530 890 5586 sunt,
935 5537 1041 5575 non
1079 5521 1263 5574 valent
1301 5519 1566 5573 enarrari.
1611 5516 1742 5579 Quis
1781 5529 2007 5589 annuae

429 5609 578 5663 tinuit
607 5611 670 5663 de
704 5610 1035 5665 novissimis?
1062 5611 1438 5680 aitScriptura
1472 5610 1540 5664 ⁵¹.
1575 5608 1704 5674 Quae
1745 5606 1995 5661 videmus

2104 4626 2199 4678 per
2251 4624 2469 4679 ptenam
2528 4609 2666 4675 ignis
2698 4610 3267 4677 adhibetttr,quantis
3318 4611 3668 4677 temporibus,

2103 4702 2427 4770 quantisque
2474 4701 2686 4755 saeculis
2718 4702 2785 4755 de
2826 4702 3205 4769 peccatoribus
3252 4702 3509 4770 exigatur
3551 4716 3669 4755 cru-

2103 4793 2306 4857 ciatus,
2343 4791 2488 4849 solus
2518 4793 2658 4848 scire
2682 4802 2858 4863 potest
2884 4794 2971 4849 ille
3009 4792 3093 4848 cui
3136 4793 3299 4848 Pater
3336 4807 3503 4848 omne
3537 4791 3667 4862 judi-

2101 4884 2243 4939 cium
2268 4884 2487 4939 tradidit
2510 4884 2577 4941 ⁸⁸.
2614 4903 2632 4935 ι

2174 4975 2327 5031 Facit
2350 4985 2406 5030 et
2430 4976 2562 5031 illud
2602 4992 2700 5046 pro
2729 4976 2967 5047 Origene
2995 4979 3138 5047 quod
3171 4978 3265 5033 lib.
3303 4995 3360 5033 ιιι
3397 4978 3537 5048 Περὶ
3576 4978 3667 5044 ἀρ-

2102 5067 2249 5141 χῶν,
2279 5083 2396 5138 cap.
2421 5068 2475 5133 6,
2506 5069 2703 5139 legitur
2730 5089 2745 5125 ι
2787 5086 2909 5125 cum
2932 5072 3076 5125 enim
3101 5071 3284 5126 tandiu
3316 5071 3484 5125 Deum
3510 5071 3664 5124 dixis-

2105 5168 2189 5213 set
2240 5159 2479 5214 futurutn
2520 5163 2709 5216 omnia
2764 5162 2815 5216 in
2864 5161 3150 5225 omnibus,
3199 5164 3443 5235 quandiu
3487 5162 3663 5215 anima:

2105 5250 2311 5319 absque
2335 5250 2440 5304 ulla
2475 5251 2714 5305 materiae
2735 5252 3033 5319 corp0ralis
3074 5252 3403 5307 admistione
3426 5263 3661 5320 perseve-

2106 5347 2334 5403 rassent,
2369 5339 2517 5393 addit
2538 5339 2751 5394 demum
2781 5357 2928 5395 num.
2952 5340 3021 5394 6:
3070 5358 3088 5392 ι
3120 5340 3172 5395 In
3200 5356 3310 5411 quo
3333 5350 3476 5395 statu
3511 5341 3657 5394 etiam

2098 5444 2415 5496 permanere
2455 5443 2669 5499 semper
2701 5440 2757 5485 et
2805 5433 3214 5487 imtnutabiliter
3264 5433 3538 5487 Creatoris
3576 5444 3658 5483 ve-

2099 5516 2306 5576 luntate
2332 5528 2415 5573 est
2440 5520 2792 5587 credendum,
2842 5522 2997 5576 fidem
3048 5524 3124 5577 rei
3169 5523 3408 5578 faciente
3454 5534 3655 5576 senten-

2100 5608 2176 5663 tia
2203 5608 2444 5681 Apostoli
2471 5610 2706 5671 dicentis
2732 5612 2777 5647 ⁸⁸
2812 5637 2826 5670 -.
2871 5613 3095 5668 Domum
3123 5614 3378 5670 habemus
3421 5632 3521 5669 non
3552 5627 3651 5665 ma-

497 5790 543 5821 "
583 5790 683 5844 lsa.
718 5807 826 5856 xm,
858 5794 949 5849 26.
1026 5796 1069 5828 ³²
1114 5793 1213 5850 lsa.
1250 5808 1325 5862 vt,
1364 5793 1415 5848 2.
1496 5795 1540 5828 ³³
1571 5792 1725 5851 Joan.
1774 5808 1824 5861 v,
1854 5793 1943 5853 2‘2.
2020 5792 2065 5826 ”
2105 5790 2143 5848 ll
2180 5792 2304 5850 Cor.
2334 5808 2385 5860 v,
2421 5794 2470 5849 l.
