3914 6532
238 372 259 425 l
270 369 369 425 03"

1051 366 1622 427 ORIGENIANORUM
1659 366 1791 426 LIB.
1831 367 1898 432 11,
1938 366 2093 422 CAP.
2136 365 2204 436 ll,
2242 366 2523 435 QUEST.
2571 368 2665 424 X-l.

3344 376 3482 433 1058

232 487 517 556 adfectam,
550 496 799 541 wternam
818 486 875 538 in
898 485 1060 539 catis.
1099 504 1118 536 ι
1149 485 1264 541 Nisi
1286 487 1409 542 inec
1436 486 1572 541 forte
1604 487 1672 542 de
1701 500 1799 542 suo
1829 492 1874 547 A
1903 483 2014 539 lum
2050 486 2302 556 pessima:
2330 499 2451 542 esse
2479 494 2711 550 naturae,
2745 494 2800 542 et
2827 501 2946 558 quae
2971 488 3170 544 salvari
3204 505 3477 563 nunquam

232 578 445 633 Ruﬁnus
474 578 746 648 interpres
776 578 1027 633 attexuit.
1056 578 1123 633 Et
1151 577 1203 633 id
1246 579 1544 634 subsidium
1571 595 1788 649 quoque

231 679 436 738 praestat
464 670 810 733 Adamantio,
840 671 983 740 quod
1014 670 1272 740 scriptum
1310 680 1393 726 est
1421 680 1580 727 tract.
1624 685 1790 726 xxxiv

231 764 281 817 is
308 760 529 825 Matth"
563 776 713 815 num.
758 761 845 827 72,
874 777 927 832 p.
959 760 1063 817 889
1105 779 1119 816 :
1168 779 1187 814 t
1221 762 1410 817 Nullus
1455 763 1598 817 enim
1650 762 1790 834 ignis

232 854 359 915 inter
380 853 631 911 homines
656 862 738 909 est
759 863 1012 920 aeternus,
1041 855 1133 910 sed
1174 870 1273 909 nec
1315 854 1463 909 multi
1488 839 1786 925 temporis;

231 944 583 1014 exstinguitur
638 946 782 1000 enim
825 946 956 1002 cito.
1002 946 1256 1002 Alternus
1303 958 1483 1001 autem
1532 948 1670 1019 ignis
1709 960 1792 1003 est

231 1036 326 1099 ille,
359 1035 425 1090 de
448 1048 561 1107 quo
586 1043 642 1092 et
660 1036 827 1092 Isaias
856 1037 984 1092 dicit
1030 1038 1083 1092 in
1122 1038 1229 1093 fine
1274 1039 1570 1106 prophetiae
1618 1053 1730 1094 suae
1772 1054 1788 1093 :

237 1123 423 1179 Verulis
447 1142 637 1178 eorum
678 1142 783 1181 non
812 1128 1086 1192 morietur,
1120 1141 1165 1182 et
1191 1128 1328 1197 ignis
1349 1145 1527 1182 eorum
1570 1147 1674 1184 non
1700 1146 1793 1184 er-

228 1217 510 1285 διὶηςιιειιιν
536 1216 624 1283 ";
658 1234 679 1270 ι
717 1225 772 1272 et
797 1217 942 1287 quod
968 1218 1156 1272 homil.
1190 1218 1259 1273 55
1283 1220 1338 1272 in
1363 1217 1494 1275 Luc.
1523 1237 1542 1276 :
1580 1237 1600 1271 ι
1637 1219 1795 1287 Quod

230 1311 269 1367 si
298 1324 546 1379 magnam
601 1310 890 1380 pecuniam
942 1309 1317 1375 debuerimus,‘
1358 1310 1498 1365 sicut
1569 1311 1659 1367 ille
1702 1313 1792 1383 qui

231 1400 479 1457 scribitur
541 1400 733 1456 decem
777 1400 942 1454 millia
985 1399 1185 1456 talenta
1245 1401 1530 1469 debuisse,
1594 1412 1796 1472 quanto

232 1501 457 1560 tempore
487 1490 881 1547 claudamurin
905 1505 1145 1555 carcere,
1172 1492 1342 1546 donec
1391 1492 1678 1548 reddamus
1702 1493 1797 1548 de-

229 1584 407 1649 bitum,
430 1598 540 1638 non
572 1596 797 1651 possum
830 1581 1117 1637 manifeste
1159 1582 1531 1651 pronuntiare.
1562 1582 1618 1637 Si
1653 1584 1797 1638 enim

229 1672 308 1743 qui
340 1688 534 1743 parum
562 1674 746 1737 debet,
774 1687 882 1727 non
906 1673 1216 1744 egredietur
1265 1673 1368 1727 nisi
1419 1673 1660 1731 exsolvat
1695 1675 1798 1728 Illi--

230 1776 402 1821 nutum
429 1768 827 1837 quadrantem;
862 1767 1053 1838 utique
1091 1768 1186 1838 qui
1240 1777 1390 1823 tanto
1424 1768 1606 1823 debito
1635 1769 1800 1825 fuerit

1894 576 2099 645 possit;
2155 586 2345 631 contra
2391 578 2494 633 hoc
2544 587 2695 633 recte
2740 577 3002 648 Origenes
3051 583 3330 650 respondit
3375 600 3479 640 nor:

1893 682 2017 721 eum
2063 668 2319 737 periturae
2368 683 2490 725 esse
2540 669 2893 735 substantiae,
2926 673 3019 726 sed
3062 672 3338 729 voluntate
3364 691 3489 744 pro.

1894 757 2013 827 pria
2040 760 2333 824 corruisse,
2357 769 2411 815 et
2437 775 2600 831 posse
2637 760 2858 817 salvari.
2908 762 3022 818 Hoc
3046 764 3320 823 Candidus
3358 783 3481 823 ver-

1898 848 2058 914 titvin
2105 849 2465 918 calumniam,
2521 853 2681 923 quasi
2727 854 2986 925 Origenes
3051 857 3247 914 dixerit
3284 862 3481 917 diaboli

1898 949 2151 996 naturam
2189 957 2309 999 esse
2339 944 2679 1002 salvandam.
2715 946 2869 1014 Quod
2901 947 2991 1004 ille
3015 946 3155 1005 falso
3181 952 3483 1021 obiecerat,

1899 1033 1989 1088 hic
2019 1033 2238 1091 refutat.
2287 1054 2307 1089 ι

1973 1145 2143 1203 XXV.
2189 1149 2393 1221 Nempe
2436 1152 2597 1210 rebus
2654 1155 2726 1211 ab
2794 1153 3038 1213 Ecclesia
3090 1160 3327 1215 nondum
3379 1162 3486 1218 hoc

1904 1246 2148 1309 tempore
2196 1241 2435 1299 deﬁnitis
2483 1245 2634 1301 varia
2680 1248 2863 1303 animo
2913 1250 3143 1321 agitavit
3192 1250 3490 1323 Origenes,

1900 1331 2048 1399 quod
2082 1334 2238 1389 et'ab
2264 1333 2387 1390 aliis
2422 1336 2649 1395 subinde
2688 1337 2945 1397 Patribus
2991 1342 3195 1398 factum
3225 1345 3490 1401 observa-

1905 1436 2047 1476 mus.
2077 1422 2322 1481 Justinus
2348 1425 2556 1499 Martyr
2590 1430 2641 1484 in
2685 1430 2911 1503 Dialogo
2938 1448 3053 1488 cum
3082 1434 3361 1507 Tryphone
3391 1440 3490 1493 de-

1910 1515 2151 1571 crevisse
2196 1518 2409 1573 videtur
2439 1535 2633 1588 ptenas
2684 1522 3062 1581 damnatorum
3115 1543 3213 1597 per
3258 1538 3490 1585 mortem

1907 1606 2213 1664 animarum
2259 1625 2380 1667 esse
2402 1612 2672 1671 finiendas
2701 1634 2715 1670 :
2760 1616 2921 1672 Ἀλλὰ
2955 1619 3053 1690 μὲν
3086 1620 3207 1675 οὐδὲ
3248 1620 3491 1692 ἀποθνή-

1909 1714 2058 1752 σκειν
2090 1703 2233 1772 φημὶ
2258 1702 2439 1766 πάσας
2461 1703 2560 1768 τὰς
2594 1704 2770 1777 ψυχὰς
2801 1708 2938 1777 ἐγώο
2992 1710 3222 1782 ἕρμαιον
3260 1712 3368 1782 γὰρ
3422 1708 3493 1784 ἦν

1907 1788 1984 1851 ὡς
2013 1789 2227 1861 ἀληθῶς
2249 1794 2361 1857 τοῖς
2390 1796 2600 1857 κακοῖς.
2635 1796 2794 1853 ’Δλὶῑὰ
2822 1800 2875 1853 τί
2900 1816 2915 1865 ;
2941 1801 3040 1865 τὰς
3074 1804 3173 1872 μὲν
3205 1803 3313 1856 τῶν
3343 1803 3495 1856 εὐσε-

230 1859 508 1925 obnoxius,
542 1858 758 1914 inﬁnita
787 1859 838 1916 ei
866 1859 934 1915 ad
967 1860 1298 1914 reddendum
1329 1860 1568 1914 debitum
1605 1862 1801 1917 stecula

1912 1879 2015 1933 δῶν
2048 1858 2115 1934 ὲν
2144 1883 2414 1954 κρείττονε
2447 1903 2538 1939 ποι
2573 1887 2734 1960 χώρῳ
2784 1858 2987 1960 μένέιν,
3019 1858 3128 1957 ’τὰς
3174 1895 3229 1947 δὲ
3274 1895 3494 1959 ἀδίκους

232 1953 678 2007 numerabuntur.
715 1970 735 2005 ι
775 1951 915 2019 Quin
966 1952 1131 2007 etiam
1184 1962 1391 2006 certam
1415 1952 1706 2022 ali‘qnando
1751 1964 1806 2009 et

231 2041 616 2097 immutabilem
659 2041 972 2097 felicitatem
1025 2040 1265 2095 futuram
1309 2045 1562 2097 concedit
1606 2043 1699 2098 lib.
1752 2060 1807 2099 ιν

232 2134 357 2203 Περὶ
391 2134 620 2203 ἀρχῶν,
672 2148 822 2189 num.
855 2133 928 2187 24
962 2148 976 2185 :
1039 2151 1059 2185 ι
1100 2132 1206 2189 Sed
1263 2143 1317 2189 et
1362 2135 1807 2191 comminationes

233 2228 407 2297 positae
430 2237 561 2283 sunt
588 2227 676 2283 his
707 2227 798 2297 qui
834 2227 1177 2296 praevaricati
1211 2227 1410 2282 fuerint
1436 2228 1642 2298 legem;
1681 2244 1807 2284 nec-

234 2334 327 2375 non
365 2329 420 2375 et
476 2321 564 2376 his
616 2320 712 2390 qui
771 2319 1155 2390 puriﬁcatione
1200 2320 1550 2390 indigebant,
1595 2323 1805 2377 diversa

233 2411 663 2481 purificationum
696 2426 919 2482 genera,
955 2411 1110 2467 velut
1137 2410 1230 2481 qui
1267 2410 1600 2482 frequentius
1624 2424 1809 2470 essent

235 2504 486 2574 polluendi
520 2504 855 2569 traduntur;
889 2510 948 2557 ut
980 2518 1077 2572 per
1117 2502 1231 2558 hinc
1263 2503 1479 2559 tandem
1536 2506 1602 2560 ad
1660 2506 1806 2561 illam

236 2610 379 2650 unam
433 2596 875 2666 purificationem
928 2597 1179 2662 veniant,
1245 2604 1368 2664 post
1431 2612 1592 2665 quam
1642 2598 1807 2668 pollui

236 2687 360 2742 ultra
413 2704 520 2742 non
577 2688 726 2743 licet.
765 2707 784 2740 ι
839 2689 905 2742 Et
955 2686 1143 2742 homil.
1190 2685 1260 2741 18
1305 2688 1360 2739 in
1410 2686 1606 2743 Je‘rem.
1654 2704 1806 2754 xvm,

234 2794 368 2834 lum.
404 2780 457 2846 1,
489 2795 620 2849 pag.
660 2780 787 2842 241,
833 2782 899 2834 ad
937 2779 1373 2834 emendationem
1416 2789 1533 2849 post
1582 2791 1807 2834 mortem

235 2870 534 2941 neutiquam
580 2871 857 2938 suscipere
896 2870 1142 2924 homines
1193 2871 1435 2924 decernit
1483 2888 1496 2924 :
1555 2871 1721 2924 Ἐπὰν
1750 2871 1809 2923 δὲ

236 2961 478 3032 μετὰιτὸν
505 2961 784 3015 ἐνεστῶτα
805 2960 976 3015 αἰῶνα
1007 2962 1230 3032 ἥκωμεν
1255 2961 1390 3033 πρὸς
1430 2961 1510 3032 τῷ
1542 2962 1684 3015 τέλει
1718 2979 1811 3015 νε-

233 3052 432 3123 νόμενοι
455 3052 558 3123 τῆς
591 3051 763 3123 ζωῆς,
793 3051 982 3105 ἔπειτα
1011 3052 1352 3123 πυρωθέντες
1376 3093 1390 3115 ,
1426 3053 1543 3123 ἦτοι
1587 3052 1691 3105 ὑπὸ
1713 3050 1808 3104 τοῦ

232 3146 389 3218 πυρὸς
414 3144 527 3199 τῶν
548 3144 963 3216 πεπυρωμένων
989 3145 1084 3198 τοῦ
1111 3145 1347 3217 πονηροῦ
1371 3135 1538 3213 βελῶν
1557 3145 1809 3214 γενέσθαι

231 3199 501 3293 ὀτιὲεοῖεοῦν
539 3199 842 3309 γινὼελεθα.
897 3238 969 3290 ’Ἡ
1008 3238 1113 3291 ὑπὸ
1141 3199 1425 3291 τοῦηϐείου
1456 3199 1651 3309 πυρος,
1686 3239 1810 3291 ἐπεὶ
1838 3199 1883 3259 C

231 3331 315 3383 καὶ
340 3332 367 3384 ὁ
390 3330 527 3394 Θεὸς
554 3330 590 3401 ἡ
599 3331 715 3402 μῶν
744 3329 856 3402 πῦρ
879 3330 1273 3384 καταναλίσκον
1304 3332 1451 3384 ἐστὶν
1472 3370 1487 3395 ,
1523 3332 1618 3384 ἐὰν
1639 3330 1810 3399 γενώ-

232 3423 394 3493 μεθα,
428 3426 613 3498 φημὶ,
660 3424 766 3479 ὑπὸ
810 3425 1015 3478 τοιοῦδε
1041 3425 1074 3496 ἦ
1104 3425 1308 3479 τοιοῦδε
1360 3425 1530 3498 πυρὸς
1551 3465 1565 3487 ,
1605 3412 1809 3480 ὃτιποτ’

229 3516 288 3571 ἄν
324 3517 616 3589 γενώμεθα
650 3517 746 3570 ἐὰν
793 3516 1188 3588 συντριϐῶμεν,
1225 3517 1334 3570 εἴτε
1380 3518 1488 3571 ἀπὸ
1522 3517 1616 3570 τοῦ
1670 3517 1813 3572 καλὰ

229 3611 385 3684 σκεύη
416 3611 707 3681 γεγονέναι
740 3611 821 3673 εἰς
851 3610 1145 3681 σωτηρίαν,
1175 3610 1286 3664 εἴτε
1333 3611 1440 3664 ἀπὸ
1471 3611 1563 3664 τοῦ
1611 3613 1813 3684 μοχθηη

229 3704 290 3774 ρὰ
313 3704 484 3774 σκεύη
519 3704 805 3772 γεγονέναι
832 3704 913 3767 εις
942 3703 1241 3767 ἀπώλειαν,
1260 3704 1361 3756 οὐκ
1384 3704 1780 3775 ἁνακτιζόμεθα
1795 3741 1810 3768 ,

225 3797 336 3851 οὐδὲ
370 3795 683 3866 ἐπιδέχεται
709 3795 865 3867 ἡμῶν
889 3798 923 3867 ἡ
945 3797 1258 3868 κατασκευὴ
1299 3796 1598 3867 βελτίωσιν.

291 3888 488 3947 XXIV.
522 3876 617 3944 Uti
654 3902 945 3957 possumus
994 3898 1256 3958 praeterea
1306 3889 1372 3942 ad
1420 3889 1676 3942 tuendum
1720 3889 1815 3942 ali-

227 3994 323 4050 qua
363 3997 430 4037 ex
479 3990 636 4052 parte
672 3978 964 4047 Origenem
1023 3981 1333 4035 testimonio
1374 3982 1606 4050 quodam
1638 4021 1653 4043 ,
1707 3995 1815 4049 quo

229 4072 496 4129 damnatis
520 4072 742 4143 quidem
776 4072 981 4126 aditum
1021 4073 1087 4126 ad
1113 4072 1425 4126 beatitatem
1473 4071 1803 4140 patefactum

228 4164 514 4235 aliquando
552 4163 617 4218 iri
654 4163 875 4227 statuit,
921 4163 1136 4218 diabolo
1170 4172 1347 4217 autem
1389 4165 1603 4231 penitus
1641 4162 1813 4243 inter-

227 4257 447 4312 clusum.
502 4254 748 4309 [labetur
782 4254 917 4308 illud
950 4253 1042 4308 lib.
1074 4268 1170 4308 vm
1205 4253 1263 4306 in
1307 4251 1478 4320 Epist.
1513 4251 1582 4304 ad
1630 4250 1809 4317 Rom.,

228 4363 368 4401 num.
391 4347 451 4409 9.
485 4361 613 4416 pag.
663 4344 790 4411 654,
843 4345 1026 4415 ibique
1067 4342 1305 4400 Luciferi
1352 4359 1535 4400 casum
1588 4361 1618 4399 a
1658 4346 1811 4416 lapsu

228 4437 594 4493 lsraelitarum
652 4435 876 4493 differre
928 4445 1206 4492 asseverat
1248 4453 1264 4490 :
1318 4454 1337 4488 ι
1380 4436 1599 4490 Illorum
1642 4438 1812 4503 enim,

1908 1974 2000 2026 καὶ
2028 1973 2271 2046 πονηρὰς
2304 1976 2361 2028 ἐν
2394 1976 2617 2048 χείρονι,
2658 1980 2751 2033 τὸν
2786 1976 2885 2051 τῆς
2924 1983 3158 2054 κρίσεως
3195 1985 3490 2056 ἐκδεχομέ-

1913 2082 2011 2129 νας
2029 2065 2220 2136 χρόνον
2251 2067 2374 2120 τότε
2394 2084 2407 2097 ·
2444 2068 2618 2133 οὕτως
2650 2072 2706 2123 αἱ
2759 2072 2857 2143 μὲν
2887 2073 3036 2140 ἄξιαι
3080 2074 3172 2127 τοῦ
3202 2075 3337 2129 Θεοῦ
3386 2094 3491 2147 φα-

1907 2159 2102 2221 νεῖσαι,
2132 2159 2234 2211 οὐκ
2275 2159 2713 2231 ἀποθνήσκουσιν
2755 2164 2856 2229 ἔτι,
2886 2166 2943 2217 αἱ
2984 2166 3040 2218 δὲ
3084 2167 3400 2233 κολάζονται
3433 2169 3492 2232 ἐς

1906 2247 1952 2299 τ’
1983 2245 2049 2298 ἂν
2092 2247 2260 2311 αὑτὰς
2288 2249 2381 2302 καὶ
2426 2245 2562 2303 εἶναι
2608 2252 2703 2305 καὶ
2745 2252 3071 2331 κολάζεσθαι
3109 2258 3137 2309 ὁ
3174 2257 3307 2322 Θεὸς
3335 2258 3486 2333 θέλῃ.

1913 2356 1932 2388 ι
1962 2338 2159 2392 Verum
2191 2340 2466 2398 enimvero
2490 2357 2666 2412 neque
2691 2347 2831 2400 mori
2861 2348 2984 2403 dico
3006 2350 3219 2405 animas
3249 2365 3441 2406 omnes
3470 2368 3489 2406 :

1910 2443 2098 2484 revera
2155 2431 2299 2485 enim
2353 2435 2513 2489 malis
2558 2438 2855 2506 optandum
2898 2440 2952 2493 id
3006 2448 3063 2495 et
3121 2449 3490 2510 Opportunum

1910 2530 2075 2575 esset.
2127 2521 2263 2589 Quid
2294 2526 2459 2594 ergo?
2487 2528 2703 2595 piorum
2738 2529 2957 2599 quidem
3008 2532 3062 2586 in
3111 2532 3319 2587 meliori
3372 2532 3493 2587 loco

1912 2628 2152 2679 manere,
2207 2615 2423 2686 iniquas
2450 2630 2631 2674 autem
2662 2629 2718 2677 et
2764 2622 2937 2678 malas
2985 2624 3038 2678 in
3067 2623 3263 2694 pejori,
3292 2623 3488 2690 iudicii

1912 2712 2127 2775 tempus
2167 2720 2566 2778 exspectantes.
2617 2713 2798 2779 Atque
2852 2715 2926 2769 ita
2978 2730 3099 2785 quae
3147 2716 3322 2786 digna:
3380 2715 3492 2769 Deo

1910 2800 2281 2867 apparuerint,
2318 2816 2421 2856 non
2458 2803 2768 2859 moriuntur
2795 2807 3048 2876 amplius,
3080 2808 3183 2863 illa:
3227 2825 3356 2863 vero
3386 2825 3491 2879 pu-

1910 2884 2156 2949 niuntur,
2205 2889 2443 2956 quandiu
2492 2905 2586 2945 eas
2621 2900 2676 2946 et
2719 2907 2844 2948 esse
2894 2905 2949 2950 et
2986 2897 3163 2965 puniri
3220 2897 3365 2952 Deus
3394 2913 3493 2953 vo-

1910 2976 2089 3030 luerit.
2126 2996 2144 3027 ι
2183 2979 2441 3035 Eamdem
2473 2983 2667 3053 arripit
2696 2984 2998 3039 doctrinam
3024 2986 3261 3043 lrenaeus
3293 2988 3391 3043 lib.
3426 3002 3488 3056 Ir,

1911 3083 2032 3137 cap.
2061 3070 2150 3133 64,
2186 3073 2275 3126 ubi
2307 3074 2521 3130 animas
2568 3090 2675 3129 non
2727 3090 2886 3131 secus
2919 3092 2983 3132 ac
3038 3078 3143 3133 alia
3189 3079 3279 3134 Dei
3325 3095 3492 3149 opera

1917 3161 2099 3214 tandiu
2147 3178 2433 3230 superesse
2482 3176 2537 3222 et
2589 3182 2941 3237 perseverare
2985 3170 3200 3235 asserit,
3252 3189 3270 3221 ε
3311 3173 3491 3242 quoad

1916 3266 2085 3319 usque
2124 3266 2185 3306 ea
2236 3256 2376 3311 Deus
2405 3266 2459 3312 et
2506 3273 2626 3313 esse
2678 3270 2733 3316 et
2768 3275 3120 3330 perseverare
3167 3262 3428 3327 voluerit;
3467 3283 3488 3315 ι

1916 3358 2013 3397 nec
2047 3345 2217 3400 multo
2248 3357 2404 3417 post:
2441 3367 2461 3400 ι
2495 3349 2612 3405 Non
2660 3353 2806 3408 enim
2844 3367 2910 3407 ex
2945 3354 3122 3422 nobis,
3167 3357 3368 3423 inquit,
3398 3370 3493 3410 ne-

1914 3449 2018 3505 que
2048 3453 2112 3491 ex
2145 3451 2331 3494 nostra
2375 3451 2565 3496 natura
2596 3444 2703 3498 vita
2741 3456 2848 3511 est,
2879 3447 2975 3501 sed
3027 3449 3328 3503 secundum
3360 3462 3492 3517 gra-

1915 3527 2044 3582 tiam
2079 3529 2171 3584 Dei
2203 3532 2361 3586 datur
2392 3550 2405 3587 :
2441 3545 2495 3589 et
2523 3535 2643 3591 ideo
2673 3537 2766 3607 qui
2800 3540 3102 3594 servaverit
3128 3527 3312 3595 datum
3346 3542 3489 3606 vitae,

1915 3630 1969 3676 et
1996 3623 2199 3692 gratias
2229 3626 2402 3695 egerit
2426 3627 2475 3682 ei
2507 3628 2598 3696 qui
2629 3628 2906 3697 praestitit,
2956 3631 3190 3699 accipiet
3221 3642 3275 3686 et
3304 3632 3359 3686 in
3380 3632 3494 3686 ἐω-

1916 3714 2094 3768 culum
2160 3716 2343 3771 saaculi
2413 3717 2806 3788 longitudinem
2873 3720 3123 3785 die‘rum;
3178 3721 3268 3789 qui
3313 3731 3492 3775 autem

1916 3806 2175 3875 abjecerit
2204 3824 2350 3876 eam,
2382 3820 2437 3866 et
2463 3812 2711 3882 ingratus
2747 3813 3024 3868 exstiterit
3058 3812 3251 3869 fat-tori
3290 3813 3361 3868 ob
3391 3815 3496 3868 hoc

1915 3900 2058 3968 quod
2088 3900 2262 3955 factus
2306 3912 2411 3967 est,
2463 3914 2518 3957 et
2548 3919 2654 3957 non
2687 3907 3004 3975 cognoverit
3050 3886 3172 3960 eum
3224 3906 3314 3975 qui
3355 3921 3497 3975 pra:-

1915 4002 2042 4058 stat,
2082 3995 2196 4063 ipse
2222 4010 2281 4050 se
2304 3996 2481 4064 privat
2524 3997 2576 4049 in
2628 3998 2885 4051 saeculum
2919 3996 3103 4052 saeculi
3132 3980 3494 4065 perseveran-

1920 4083 2016 4135 tia.
2058 4102 2077 4134 ι
2114 4085 2384 4141 Arnobius
2429 4084 2640 4141 animas
2692 4095 3085 4142 tormentorum
3135 4087 3495 4142 diuturnitate

1917 4183 1973 4227 et
2001 4174 2208 4228 saevitia
2242 4185 2625 4246 consumptum
2660 4178 2727 4231 iri
2758 4186 2811 4232 et
2839 4178 3168 4232 exstinctum
3197 4179 3496 4233 arbitratus

1918 4274 2034 4331 est;
2092 4275 2255 4335 atque
2288 4266 2429 4324 hanc
2462 4282 2584 4322 esse
2630 4279 2859 4324 mortem
2889 4277 3149 4323 azternam
3197 4268 3376 4339 impiis
3405 4269 3496 4325 bo-

1918 4356 2155 4412 minlbus
2186 4367 2293 4411 tam
2334 4372 2477 4428 smpe
2509 4358 2565 4414 in
2614 4360 2898 4430 Scriptura
2947 4360 3271 4415 intentatam
3307 4378 3321 4415 :
3377 4362 3496 4429 pio-

1919 4462 2036 4500 rum
2062 4461 2194 4502 vcro
2220 4457 2273 4503 et
2303 4459 2614 4505 sanctorum
2649 4452 3178 4506 hominum‘animas
3222 4452 3363 4507 felici
3395 4453 3498 4507 im-

229 4530 421 4602 inquit,
455 4532 545 4586 vel
578 4532 631 4586 in
666 4531 772 4587 ﬁne
799 4531 982 4587 saeculi
1029 4531 1316 4586 conversio
1340 4531 1467 4594 erit.
1515 4538 1642 4585 tunc
1683 4546 1805 4585 cum
1841 4549 1886 4605 υ
1915 4539 2249 4595 mortalitate
2299 4557 2363 4597 ac
2417 4543 2525 4598 vita
2589 4553 2792 4599 aeterna
2838 4544 3071 4614 perfrui.
3135 4545 3496 4612 Quamobrem

227 4626 500 4697 plenitudo
549 4626 790 4697 gentium
832 4626 1257 4690 snbintraverit,
1307 4634 1361 4680 et
1410 4624 1587 4679 omnis
1641 4624 1809 4680 Israel

228 4719 405 4775 salvus
439 4720 536 4773 fiet
572 4736 587 4773 :
632 4718 792 4772 istius
825 4726 1005 4773 autem
1035 4717 1124 4787 qui
1147 4718 1215 4771 de
1253 4717 1393 4772 coelo
1427 4717 1689 4773 cecidisse
1730 4718 1809 4771 di.

229 4812 385 4877 citur,
410 4826 515 4866 nec
551 4811 604 4864 in
636 4809 745 4864 ﬁne
777 4810 960 4865 smculi
992 4810 1099 4864 erit
1139 4809 1247 4863 ulla
1280 4810 1585 4865 conversio.
1624 4827 1643 4861 ι
1681 4808 1810 4864 Inde

220 4890 303 4957 est
324 4902 468 4972 quod
499 4901 850 4955 vehementer
874 4909 1159 4956 succenset
1211 4900 1264 4953 in
1297 4899 1522 4969 epistola
1580 4900 1645 4954 ad
1673 4901 1810 4955 allii-

230 5010 316 5050 cos
344 5008 472 5050 suos
505 4992 902 5048 Alexandrinos
942 4992 1200 5061 iactatum
1232 4992 1407 5048 fuisse
1451 4993 1506 5048 in
1534 4993 1726 5065 vulgus
1751 5009 1811 5051 se

221 5067 424 5153 dicere,
457 5106 477 5139 ι
511 5085 726 5140 Patrem
752 5085 972 5141 malitiae
1021 5100 1085 5139 ac
1114 5085 1469 5156 perditionis,
1520 5094 1575 5140 et
1622 5100 1808 5141 eorum

223 5168 314 5246 qui
345 5179 411 5233 de
441 5190 611 5248 regno
643 5176 736 5231 Dei
764 5176 1087 5245 ejiciuntur,
1126 5176 1177 5229 id
1221 5184 1303 5229 est
1345 5174 1656 5242 diabolum,
1690 5190 1813 5231 esse

233 5269 543 5323 salvandnm
574 5287 591 5324 :
625 5265 792 5338 quod,
821 5268 1028 5340 inquit,
1059 5282 1126 5323 ne
1158 5267 1352 5336 aliquis
1383 5266 1601 5335 quidem
1630 5277 1812 5322 mente

235 5370 402 5436 tholus
450 5370 509 5417 et
580 5358 869 5415 manifeste
930 5359 1204 5415 insaniens
1277 5358 1457 5413 dicere
1530 5367 1725 5428 potest.
1784 5377 1803 5411 ι

232 5432 518 5522 i’ropterea
548 5451 916 5523 Hieronymus
952 5450 1175 5521 Apolog.
1214 5466 1249 5505 ιι
1281 5449 1335 5502 in
1365 5447 1566 5515 Ruﬁn.,
1596 5464 1717 5519 cap.
1752 5450 1812 5512 5,

236 5544 399 5613 palam
444 5559 569 5599 eum
611 5545 716 5598 hoc
765 5543 998 5597 crimine
1036 5540 1304 5604 exsolvit,
1346 5539 1489 5609 quod
1536 5538 1674 5595 alias
1706 5540 1808 5609 ipsi

229 5636 464 5709 ‘persrepe
494 5637 692 5709 objicit
718 5655 731 5691 :
779 5657 798 5692 ι
821 5639 1028 5698 Asserit
1049 5637 1347 5705 Candidus,
1378 5635 1810 5731 inquittdiabo-

300 5826 343 5857 "
382 5825 483 5882 lsa.
513 5838 660 5890 vat,
688 5822 779 5879 αι.

1918 4633 2130 4687 animas
2178 4633 2446 4690 humanas
2492 4636 2746 4706 ancipitis
2783 4653 2925 4703 esse,
2974 4636 3276 4707 mediaeque
3326 4644 3495 4693 vitam

1920 4723 2065 4777 inter
2092 4734 2149 4779 et
2181 4730 2423 4782 mortem
2447 4742 2511 4783 ac
2544 4729 2808 4795 ambigua:
2845 4742 3054 4785 natura:
3087 4730 3227 4786 libro
3258 4731 3497 4785 secundo

1917 4814 2114 4869 iterum
2146 4815 2455 4887 iterumque
2509 4821 2722 4889 repetit.
2789 4821 3083 4891 Gregorius
3118 4820 3499 4876 Nazianzenus

1917 4915 2057 4962 orat.
2108 4907 2178 4962 59
2229 4909 2511 4965 haereticos
2563 4912 2834 4968 diliicilem
2888 4923 2941 4969 et
2992 4914 3303 4969 diuturnum
3355 4914 3496 4981 ignis

1918 4999 2244 5068 baptismum
2298 5011 2653 5071 suscepturos
2701 5004 2964 5069 minatur,
3014 5004 3121 5057 nisi
3176 5005 3243 5057 ab
3302 5005 3495 5058 haeresi
3596 5062 3603 5069 ,

1918 5092 2222 5156 discedant,
2252 5107 2360 5161 quo
2391 5093 2514 5163 igne
2541 5091 2718 5148 omnis
2769 5094 2974 5148 malitia
3025 5094 3107 5149 sic
3135 5103 3392 5163 tanquam
3422 5096 3498 5148 fe-

1918 5196 2048 5235 num
2096 5182 2373 5237 exurenda
2406 5183 2499 5237 sit.
2532 5181 2790 5239 Oratione
2841 5198 2973 5238 vero
3011 5185 3256 5254 sequenti
3287 5186 3499 5240 dubitat

1919 5284 2099 5329 utrum
2137 5274 2479 5343 sempiterna:
2506 5276 2884 5330 damnatorum
2914 5290 3089 5345 ptenae
3144 5277 3336 5329 futurae
3364 5278 3496 5341 sint,

1919 5382 1986 5421 an
2044 5381 2175 5421 vero
2228 5380 2259 5420 a
2309 5366 2419 5421 Deo
2473 5383 2573 5438 pro
2619 5384 2715 5422 sua
2774 5367 3118 5422 humanitate
3160 5369 3494 5423 breviamlze.

1917 5456 2115 5511 Narrat
2139 5456 2384 5526 profectu
2435 5458 2653 5514 Simeon
2688 5459 3099 5528 Metaphrastes,
3147 5461 3203 5513 in
3272 5456 3390 5512 Vita
3433 5460 3495 5515 S.

1920 5549 2150 5618 Cyriaci,
2184 5564 2301 5618 cap.
2341 5549 2422 5613 10,
2452 5565 2574 5605 cum
2608 5565 2637 5604 a
2680 5548 2883 5617 Cyrillo
2922 5551 3188 5605 monacho
3226 5559 3498 5618 quazreret

1918 5640 2200 5709 Cyriacus,
2256 5657 2504 5711 quaenam
2571 5642 2845 5713 praecipue
2908 5640 3163 5711 dogmata
3215 5652 3499 5697 tuerentur
