3914 6522
421 371 557 428 1059

1675 362 1732 414 Ρ.
1774 356 2087 413 DANIELIS
2120 355 2351 413 HUETII

3517 361 3653 413 imit)

421 486 665 550 Nonnus,
690 482 971 546 Leontius,
1001 480 1201 549 aliique
1227 478 1389 533 Novae
1418 478 1607 532 Laura:
1637 475 1977 545 Origenistze,
2012 477 2054 532 Α
2085 474 2444 545 abstergeret,
2472 473 2662 529 librum
2709 473 2952 543 scripsit,
3012 472 3163 542 cujus
3207 483 3465 543 excerpta
3492 475 3654 529 habet

421 579 769 649 respondisse
797 572 1051 643 Cyrillum
1094 571 1359 625 alﬁrmare
1414 570 1533 623 illos
1567 586 1585 620 ι
1636 567 1887 637 dogmata
1918 568 1983 620 de

421 668 844 741 praeexsistentia
903 675 957 719 et
1003 664 1342 720 restitutione
1392 664 1443 716 in
1486 662 1729 716 eumdem
1785 668 1981 714 statum

420 777 539 817 esse
584 760 756 815 media
801 767 854 812 et
899 757 967 811 ab
1012 756 1156 811 omni
1204 754 1446 825 periculo
1494 753 1700 817 aliena;
1744 752 1985 806 dicentes

421 852 507 907 illa
537 852 616 905 eis
662 850 727 903 ad
772 848 873 903 hoc
908 849 1049 902 ferre
1094 846 1488 911 testimonium,
1535 860 1653 915 qua:
1686 842 1881 898 alicubi
1929 843 1981 896 in

420 943 532 998 suis
586 940 931 1008 Apolageticis
994 953 1216 1008 magnus
1261 936 1551 1008 Gregorius
1625 935 1695 989 ita
1753 933 1977 1003 reliquit

418 1032 619 1101 scripta
656 1046 668 1081 :
702 1029 833 1081 Mihi
874 1028 1081 1081 videtur
1116 1043 1196 1080 res
1242 1043 1343 1080 non
1373 1026 1490 1079 uilis
1519 1042 1610 1079 nec
1648 1032 1979 1078 contemnen-

416 1123 506 1185 da,
534 1122 663 1175 dare
688 1122 742 1174 in
777 1131 1004 1188 tempore
1048 1120 1329 1187 unicuique
1358 1117 1650 1170 dimensum
1703 1113 1979 1177 orationis,

416 1225 466 1270 et
504 1215 805 1281 dispensare
830 1214 885 1265 in
907 1211 1114 1280 judicio
1142 1210 1409 1263 ueritatem
1443 1218 1735 1261 nostrorum
1763 1205 1985 1273 dogma-

413 1313 547 1368 tum,
583 1320 699 1373 quis
731 1303 793 1356 de
821 1307 1033 1364 mundo,
1072 1308 1163 1351 aut
1190 1299 1255 1352 de
1286 1298 1497 1351 mundis
1523 1296 1981 1365 philosOpltamur,

414 1399 479 1447 de
507 1394 747 1455 materia,
794 1392 865 1444 do
901 1392 1101 1453 anima,
1148 1388 1211 1441 de
1255 1387 1619 1455 intelligentia,
1673 1396 1719 1439 et
1778 1384 1981 1439 naturis

412 1484 840 1552 intelligentibus,
868 1494 973 1533 tam
1000 1479 1477 1549 prwstantioribus,
1521 1489 1681 1547 quam
1710 1474 1982 1529 deteriori-

414 1576 545 1639 bus;
572 1574 635 1626 de
662 1572 988 1639 providentia
1016 1586 1134 1639 quia
1156 1570 1333 1623 omnia
1361 1568 1573 1638 colligat
1608 1584 1723 1637 qua:
1747 1567 1984 1619 ridentur

412 1667 612 1722 evenire
645 1666 866 1729 ratione,
892 1674 940 1717 et
973 1678 1294 1733 quacunque
1319 1670 1509 1729 pra'ter
1550 1662 1801 1713 rationem
1849 1658 1983 1727 infe-

413 1758 603 1812 riorem
640 1766 685 1810 et
728 1758 1012 1808 humanam
1044 1770 1062 1807 :
1090 1763 1138 1807 et
1168 1769 1285 1823 qua’
1314 1763 1569 1821 prwlcrea
1604 1754 1667 1804 de
1689 1751 1854 1818 prima
1885 1766 1979 1802 no-

412 1860 521 1903 stra
550 1849 939 1910 constitutione,
995 1846 1301 1914 ﬁgarisque,
1347 1855 1394 1898 et
1444 1846 1680 1906 veritate,
1718 1854 1765 1896 et
1822 1851 1980 1895 testa—
2014 1824 2057 1879 Β

411 1941 619 1999 mentis,
656 1948 705 1989 et
756 1936 949 1989 Christi
999 1937 1167 1998 primo
1210 1934 1456 1999 adventu,
1512 1943 1559 1986 et
1617 1933 1887 1986 secundo:
1928 1932 1981 1986 in

410 2033 491 2085 his
533 2032 668 2084 enim
698 2041 743 2083 et
775 2030 977 2096 assequi
1023 2037 1095 2081 est
1144 2043 1247 2080 non
1302 2025 1505 2089 inutile,
1542 2032 1591 2077 et
1637 2040 1737 2077 non
1777 2022 1983 2094 assequi

410 2134 557 2179 vacat
585 2122 837 2191 periculo.
872 2140 891 2173 ι
925 2120 1035 2175 lloc
1058 2117 1381 2187 Origenistis
1426 2117 1735 2187 praesidium
1765 2116 1976 2185 eripere

412 2224 637 2271 conatur
685 2213 936 2283 Aloysius
990 2213 1347 2279 Lipomanus,
1396 2208 1727 2264 Veronensis
1777 2208 1982 2275 episco-

410 2323 544 2377 pus;
591 2309 683 2361 sed
725 2305 990 2376 quidquid
1042 2314 1221 2357 tamen
1274 2301 1488 2367 aﬂ'erat,
1536 2300 1751 2355 videtur
1783 2298 1836 2353 id
1878 2298 1980 2352 sibi

411 2399 639 2453 voluisse
662 2397 952 2468 Gregorius
984 2398 1080 2450 bas
1107 2396 1433 2464 quaestiones
1483 2394 1720 2448 nondum
1750 2390 1883 2445 satis
1916 2390 1981 2444 li-

408 2490 626 2559 quidas,
675 2504 774 2544 nec
817 2505 913 2559 per
962 2488 1260 2541 Ecclesium
1304 2485 1475 2541 fuisse
1516 2487 1977 2553 cireumscriptas.

407 2580 545 2646 Quid
574 2580 675 2633 hoc
700 2586 783 2634 est
804 2587 986 2631 autem
1014 2577 1159 2645 quod
1210 2576 1406 2630 ibidem
1442 2575 1666 2645 subjicit
1699 2574 1978 2645 Cyriacus,

407 2670 748 2725 existimasse
791 2665 1129 2737 Origenistas
1176 2668 1323 2733 illos,
1363 2685 1382 2718 ι
1417 2666 1653 2737 quod'in
1692 2666 1978 2735 pristinum

406 2768 607 2818 statum
657 2760 1085 2826 resurrectione,
1156 2768 1410 2829 poterunt
1458 2770 1797 2829 quaecunque
1854 2764 1981 2809 sunt

404 2851 614 2907 ratione
635 2851 882 2920 praedita,
908 2850 973 2903 ad
995 2850 1267 2905 daemones
1297 2865 1468 2920 usque
1496 2848 1752 2904 fabricari
1778 2862 1977 2911 mones,

403 2943 459 2999 id
490 2952 571 2998 est
603 2943 841 2998 saecula?
878 2961 898 2996 ι
951 2941 1085 2997 Nam
1133 2957 1334 3007 aeones,
1381 2942 1593 3010 aliaque
1654 2938 1981 2996 Valentinia-

404 3050 599 3090 norum
658 3034 1043 3107 τερατεύματα
1098 3034 1355 3105 Origenes
1406 3033 1537 3089 satis
1604 3033 1976 3087 aversabatur.

403 3120 698 3190 Gregorius
745 3122 880 3177 alter
936 3121 1326 3193 Origenianam
1397 3122 1722 3175 sententiam
1775 3122 1977 3189 absque

402 3210 511 3265 ulla
563 3212 901 3269 dubitatione
960 3214 1303 3283 amplectitur
1369 3214 1421 3267 in
1489 3213 1855 3282 Disputatione
1912 3212 1976 3266 de

403 3304 582 3356 anima
611 3315 658 3359 et
692 3307 1097 3371 resurrectione,
1129 3322 1236 3376 qua
1270 3307 1483 3361 animas
1528 3315 1807 3375 exemptas
1853 3318 1975 3359 cor-

401 3397 647 3465 poribus,
707 3406 763 3451 et
792 3399 1065 3453 daemones
1099 3413 1347 3467 quoque,
1397 3398 1542 3453 omni
1572 3398 1696 3453 olim
1734 3397 1974 3463 deposita

401 3487 702 3541 vitiositate
742 3489 1015 3543 Christum
1048 3503 1170 3543 esse
1200 3487 1548 3543 confessuros
1598 3489 1838 3543 declarat
1872 3506 1885 3540 :
1921 3498 1978 3543 et

402 3576 512 3631 alio
535 3577 941 3635 Dissertationis
963 3576 1199 3646 ejusdem
1233 3576 1349 3630 loco
1378 3576 1543 3631 Deum
1575 3576 1652 3631 ait
1684 3592 1787 3631 non
1819 3578 1978 3631 aliter

399 3683 521 3724 esse
551 3683 710 3737 posse
760 3669 941 3722 omnia
980 3668 1031 3722 iu
1066 3669 1340 3732 omnibus,
1387 3669 1544 3739 juxta
1575 3668 1813 3737 Apostoli
1850 3682 1975 3723 sen-

402 3763 645 3823 tentiam,
678 3776 839 3828 quam
878 3759 1059 3815 evulsa
1113 3760 1355 3815 funditus
1397 3770 1451 3816 et
1498 3763 1794 3830 exstirpata
1825 3760 1971 3815 omni

399 3851 663 3920 nequitia.
691 3852 809 3905 Alia
842 3849 1038 3904 deinde
1066 3850 1335 3920 permulta
1370 3851 1498 3904 huic
1528 3850 1822 3905 astruendo
1851 3865 1975 3904 con-

398 3944 561 4013 gerit,
622 3958 744 4013 quae
794 3942 1031 3997 vitanda:
1081 3957 1242 3997 causa
1310 3943 1639 4015 prolixitatis
1688 3953 1970 4013 praetereo.

396 4034 753 4089 Catecbeticae
784 4044 1042 4105 praeterea
1075 4037 1339 4091 orationis
1366 4038 1540 4106 capite
1569 4033 1623 4100 8,
1677 4046 1796 4105 post
1832 4036 1974 4090 hanc

395 4126 564 4179 vitam
602 4126 786 4181 curari
814 4143 844 4180 a
879 4126 990 4182 Deo
1017 4142 1215 4197 pravos
1255 4128 1419 4182 animi
1457 4129 1681 4183 aliectus
1716 4127 1970 4192 allirmat,

396 4215 486 4284 qui
519 4217 570 4270 in
607 4218 709 4272 hac
731 4219 842 4272 vita
865 4220 1047 4275 sanari
1087 4235 1184 4288 per
1211 4220 1473 4275 virtutem
1499 4235 1605 4274 non
1632 4230 1927 4290 potuerunt
1951 4236 1968 4285 ;

398 4315 510 4359 tum
549 4322 673 4387 cap.
724 4308 818 4375 26,
864 4326 971 4365 non
1022 4311 1273 4367 homines
1313 4313 1580 4367 duntaxat
1627 4326 1886 4379 nequam,
1917 4319 1973 4366 et

398 4395 613 4465 impios,
663 4400 759 4453 sed
808 4400 1015 4469 peccati
1068 4402 1228 4455 etiam
1284 4412 1560 4457 auctorem
1609 4402 1884 4456 diabolmn
1937 4416 1969 4455 a

2083 565 2307 621 Pbotius
2354 568 2474 621 cod.
2506 582 2761 623 ccxxxnt.
2810 566 2924 621 Hoc
2955 581 3118 635 opere
3164 568 3651 623 demonStrandnm

2083 658 2185 711 sibi
2235 657 2483 727 proponit
2550 657 2877 725 Germanus,
2948 660 3017 713 ab
3062 675 3127 713 eo
3176 675 3362 714 errore
3417 659 3654 715 alienum

2084 747 2251 804 fuisse
2279 748 2633 827 Gregorium;
2674 751 2719 805 si
2752 766 2857 819 qua
2894 767 3023 805 vero
3053 752 3105 805 in
3141 752 3255 821 ejus
3280 752 3503 821 scriptis
3532 752 3654 807 illuc

2084 840 2336 894 videntur
2379 840 2672 908 pertinere,
2715 841 2889 895 fuisse
2931 842 2998 895 ab
3048 841 3371 910 Origenistis
3422 843 3652 908 intexta,

2084 933 2167 987 vel
2196 941 2343 987 certe
2396 933 2709 1001 depravata.
2761 931 2998 999 ldipsum
3043 947 3101 988 sc
3139 934 3412 988 inaudisse
3467 947 3656 990 narrat

2082 1022 2413 1093 Nicepltorus
2440 1024 2531 1078 lib.
2564 1039 2641 1089 XI,
2674 1039 2796 1095 cap.
2831 1022 2919 1078 19.
2964 1023 3042 1078 Ne
3092 1024 3413 1079 Ambrosius
3437 1025 3653 1094 quidem

2084 1114 2152 1169 ab
2196 1112 2427 1184 Origene
2477 1115 2753 1181 dissonat,
2798 1130 2921 1169 cum
2968 1115 3230 1185 psalmum
3272 1131 3437 1172 cxvtn
3490 1132 3657 1186 expo-

2084 1221 2241 1272 nens,
2274 1221 2393 1261 reos
2438 1207 2720 1277 suppliciis
2770 1208 2964 1277 subjici
3000 1218 3207 1271 censet,
3252 1211 3376 1277 quia
3432 1210 3501 1264 iis
3553 1211 3655 1263 ali-

2083 1298 2299 1367 quando
2326 1298 2595 1353 esimendi
2621 1308 2783 1365 sunt;
2821 1298 3018 1354 diaboli
3055 1314 3182 1353 vero
3220 1314 3441 1369 ptenam
3476 1301 3659 1355 differ-

2086 1390 2153 1455 ri,
2188 1398 2245 1443 ιιι
2274 1404 2551 1459 nunquam
2584 1390 2826 1444 ﬁniatur.
2854 1390 2969 1456 Qdo
3007 1392 3217 1445 accedit
3251 1392 3660 1447 Atnbrosiastcr

2082 1479 2134 1532 in
2165 1478 2331 1548 Epist.
2376 1478 2445 1531 ad
2490 1476 2680 1547 Ephes.
2708 1493 2829 1547 cap.
2860 1492 2921 1541 ιι,
2953 1476 3250 1532 Ecclesiam
3281 1479 3485 1534 docens
3506 1517 3522 1541 ,
3558 1480 3656 1533 etsi

2083 1581 2268 1627 sancta
2300 1570 2538 1635 dicatur,
2569 1570 2878 1626 hominibus
2914 1578 3091 1625 tamen
3121 1570 3337 1625 vitiosis
3382 1578 3673 1632 constare,

2083 1680 2188 1718 non
2215 1660 2467 1733 perituris
2498 1663 2737 1731 quidem,
2764 1664 2856 1716 sed
2883 1678 2979 1731 per
3010 1665 3187 1733 ignem
3229 1662 3532 1732 purgandis
3560 1677 3574 1714 :
3605 1671 3659 1715 et

2086 1753 2136 1806 in
2169 1768 2292 1822 cap.
2329 1769 2412 1819 ιιι,
2444 1754 2881 1822 pradicationem
2906 1755 3328 1810 ecclesiasticam
3353 1755 3431 1808 ait
3463 1756 3658 1809 daemo-

2084 1845 2243 1899 nibus
2284 1845 2569 1913 prolicere,
2626 1855 2685 1899 ut
2728 1847 3033 1901 dctrectato
3084 1847 3281 1902 diaboli
3327 1847 3559 1915 imperio
3592 1848 3656 1901 ad

2085 1937 2250 1990 Deum
2301 1945 2708 1991 convertantur.
2765 1938 2933 1993 Caute
2985 1953 3202 2008 quoque
3250 1938 3654 1993 observandum

2082 2037 2165 2084 est
2199 2027 2607 2098 Hieronymum,
2660 2031 2749 2098 qui
2801 2039 2881 2085 tot
2928 2030 3256 2101 Origeniano
3292 2032 3500 2086 nomini
3528 2046 3652 2086 con-

2083 2119 2331 2174 tumelias
2360 2118 2569 2183 inllixit,
2604 2118 2654 2173 id
2685 2118 2797 2174 fere
2830 2121 2882 2174 in
2920 2122 3153 2190 Origene
3182 2136 3352 2191 super
3383 2122 3487 2176 hac
3514 2137 3653 2191 qua:-

2082 2212 2257 2266 stione
2287 2226 2533 2282 arguere,
2585 2213 2728 2281 quod
2773 2213 3042 2267 diabolum
3088 2214 3265 2283 prauis
3312 2213 3654 2269 liberandum

2082 2314 2200 2355 esse
2230 2306 2546 2369 asseruerit,
2594 2306 2845 2372 quamvis
2896 2307 3231 2360 contrarium
3278 2307 3525 2361 fateatur
3560 2308 3656 2361 ali-

2083 2393 2229 2457 cubi,
2263 2405 2321 2448 ut
2348 2396 2692 2461 notavimus;
2751 2397 2817 2449 de
2863 2396 3185 2453 liberatione
3212 2413 3345 2455 vero
3379 2400 3655 2454 hominum

2081 2484 2298 2539 siluisse
2327 2487 2525 2553 ipsum.
2556 2486 2748 2556 Itaque
2792 2488 3069 2542 abnormia
3119 2489 3335 2545 disserit
3387 2491 3656 2559 quaedam,

2082 2584 2135 2629 et
2174 2590 2204 2627 a
2246 2574 2350 2629 lide
2395 2576 2567 2631 aliena
2612 2578 2709 2633 lib.
2771 2594 2787 2633 ι
2835 2579 3040 2633 advers.
3090 2578 3398 2650 Pelagium,
3451 2596 3569 2649 cap.
3602 2582 3655 2644 9.

2080 2682 2267 2737 punias
2296 2667 2518 2723 tradens
2548 2670 2908 2739 sempiternas
2938 2671 3201 2726 destinari
3232 2672 3457 2727 diabolo
3483 2684 3537 2726 et
3563 2673 3656 2727 lto-

2081 2758 2318 2812 miuibus
2351 2760 2562 2827 impiis;
2596 2770 2650 2814 at
2687 2762 2891 2832 iniquis
2914 2772 2969 2817 et
2996 2774 3344 2832 peccatorum
3378 2766 3489 2819 reis
3519 2773 3657 2819 tem-

2080 2851 2293 2920 porales
2333 2852 2692 2907 solummodo.
2747 2854 2972 2924 Impium
3021 2867 3201 2911 autem
3247 2858 3315 2911 ab
3366 2857 3554 2926 iniquo
3585 2859 3655 2911 ita

2081 2942 2361 3013 distinguit
2400 2959 2415 2997 :
2453 2960 2472 2993 ι
2508 2942 2696 2999 Omnis
2756 2945 2953 3015 impius
2998 2945 3218 3016 iniquus
3273 2956 3360 3003 est
3381 2959 3437 3002 et
3471 2963 3658 3017 pecca-

2081 3042 2165 3091 tor
2201 3051 2216 3087 :
2250 3050 2349 3089 nec
2396 3037 2766 3103 reciprocatur
2812 3047 2872 3093 ut
2914 3040 3187 3107 possimus
3218 3040 3429 3105 dicere,
3482 3042 3658 3095 omnis

2082 3135 2334 3194 peccator
2385 3139 2439 3180 et
2485 3127 2700 3194 iniquus
2758 3129 2922 3183 etiam
2975 3129 3173 3198 impius
3207 3141 3293 3185 est
3340 3147 3354 3183 :
3410 3131 3657 3199 impietas

2078 3219 2220 3273 enim
2255 3218 2473 3288 proprie
2501 3220 2567 3274 ad
2592 3234 2688 3273 eos
2715 3220 2969 3289 pertinet.
3005 3221 3097 3291 qui
3126 3222 3373 3276 notitiam
3418 3221 3515 3275 Dei
3548 3236 3651 3274 non

2078 3310 2299 3374 habent,
2331 3309 2410 3362 vel
2438 3310 2800 3379 cognitionem
2843 3313 3277 3380 transgressione
3332 3321 3650 3375 mutarunt;

2077 3410 2357 3469 peccatum
2386 3409 2565 3455 autem
2600 3408 2654 3455 et
2690 3400 2944 3469 iniquitas
2971 3418 3068 3470 pro
3098 3402 3365 3469 qualitate
3398 3402 3649 3456 vitiorum

2078 3500 2197 3560 post
2234 3492 2439 3560 peccati
2484 3501 2541 3546 et
2590 3490 2897 3560 iniquitatis
2948 3494 3169 3547 vulnera
3202 3493 3398 3561 recipit
3450 3494 3653 3547 sanita-

2080 3594 2208 3638 tem.
2248 3602 2267 3637 ι
2302 3583 2650 3640 Postmodum
2701 3586 3024 3640 sententiam
3074 3600 3230 3639 suam
3284 3599 3411 3639 cum
3461 3584 3651 3653 Orige-

2075 3678 2233 3730 niaua
2277 3676 2349 3730 ita
2396 3676 2672 3745 componit
2704 3694 2718 3729 :
2760 3694 2780 3726 ι
2818 3677 2874 3730 Si
2909 3675 3171 3744 Origenes
3194 3690 3389 3729 omnes
3424 3676 3652 3729 rationa-

2076 3767 2211 3821 biles
2244 3776 2528 3820 creaturas
2559 3765 2693 3819 dicit
2720 3780 2825 3819 non
2851 3780 2973 3819 esse
3002 3766 3331 3834 perdendus,
3364 3773 3423 3817 et
3454 3762 3650 3817 diaboli

2080 3859 2263 3913 tribuit
2294 3856 2691 3927 paenitentiam,
2725 3858 2853 3925 quid
2885 3856 2950 3911 ad
2989 3871 3107 3921 nos,
3146 3856 3236 3926 qui
3287 3867 3346 3910 et
3374 3856 3646 3911 diabolum

2075 3960 2129 4005 et
2166 3951 2423 4004 satellites
2460 3950 2597 4019 ejus,
2630 3962 2927 4017 omnesque
2954 3948 3149 4017 impios
3178 3958 3234 4002 et
3265 3949 3648 4016 praevaricato-

2076 4058 2163 4097 res
2193 4044 2425 4097 dicimus
2453 4042 2636 4110 perire
2686 4049 2945 4109 perpetuo
2976 4055 2992 4092 :
3037 4051 3091 4093 et
3118 4039 3484 4104 Christianos,
3516 4039 3560 4093 si
3596 4038 3645 4092 in

2074 4132 2311 4200 peccatis
2340 4130 2592 4198 praeventi
2620 4128 2843 4193 iuerint,
2890 4128 3179 4182 salvandos
3222 4142 3347 4183 esse
3383 4139 3506 4198 post
3533 4143 3642 4205 pq:-

2076 4222 2215 4275 nas?
2268 4240 2285 4273 ι
2321 4221 2477 4275 Clara
2526 4229 2653 4275 sunt
2694 4228 2749 4273 et
2794 4218 2883 4271 illa
2928 4218 2981 4271 in
3033 4218 3230 4287 quibus
3288 4218 3451 4273 linem
3500 4218 3647 4288 ponit

2073 4313 2471 4367 Commentariis
2520 4311 2631 4366 suis
2677 4310 2733 4364 in
2782 4309 3024 4374 Isaiam,
3090 4309 3279 4363 dicens
3337 4311 3643 4377 neutiquam

2072 4404 2426 4474 evulgandum
2473 4417 2592 4457 esse
2640 4401 2772 4456 illud
2820 4402 3042 4470 dOgma,
3082 4401 3225 4469 quod
3271 4401 3643 4452 damnatorum

394 4482 532 4539 Filio
556 4485 650 4541 Dei
678 4486 939 4544 beneﬁcio
972 4487 1224 4544 aﬂ‘ectum
1255 4490 1434 4553 docet,
1482 4505 1639 4558 quem
1667 4490 1741 4543 ita
1773 4506 1970 4560 expur-
1999 4513 2046 4569 ι)
2083 4495 2334 4549 terminat
2357 4508 2564 4563 poenas,
2606 4506 2696 4557 ne,
2739 4500 2886 4546 metu
2927 4489 3170 4557 supplicii
3212 4489 3403 4543 aeterni
3449 4488 3641 4550 ablato,

396 4575 509 4645 gari
532 4575 629 4639 ait,
656 4580 1114 4646 quemadmodum
1137 4596 1327 4634 aurum
1355 4581 1599 4635 adhibito
1626 4581 1746 4649 igne
1768 4596 1969 4651 expur—

396 4675 574 4735 gatur,
618 4678 827 4723 secreta
872 4680 927 4723 et
979 4681 1202 4725 excocta
1254 4672 1507 4739 sequiore
1538 4673 1804 4739 materia;
1851 4684 1969 4727 tan-

394 4758 628 4827 demque
675 4759 963 4829 aliquando
1011 4777 1107 4830 per
1155 4764 1340 4831 longos
1382 4772 1679 4833 temporum
1734 4767 1968 4823 ambitus

394 4863 716 4920 consumpto
762 4856 905 4922 quod
949 4865 1157 4911 natura:
1191 4857 1328 4911 inest
1360 4856 1505 4910 omni
1543 4858 1704 4921 malo,
1743 4860 1966 4912 damna-

395 4952 480 5002 tos
510 4945 562 4999 in
596 4946 864 5016 integrum
909 4948 974 5003 iri
1026 4950 1358 5012 restitutum,
1411 4959 1470 5003 ut
1498 4963 1605 5003 uno
1637 4965 1733 5004 ore
1765 4954 1969 5017 gratias

395 5047 594 5091 creata:
628 5052 714 5092 res
738 5040 1007 5094 universa:
1037 5040 1142 5094 Deo
1178 5041 1489 5095 relundant.
1539 5039 1744 5096 Aurum
1784 5044 1967 5096 itidem

396 5125 448 5179 in
487 5129 789 5196 exemplum
839 5132 1055 5185 asciscit
1097 5147 1219 5202 cap.
1249 5132 1318 5187 55
1349 5132 1479 5186 libri
1515 5134 1783 5203 ejusdem,
1811 5142 1866 5187 et
1902 5147 1970 5188 ne

396 5218 587 5275 futura:
627 5223 844 5291 quidem
885 5238 980 5291 spe
1009 5224 1196 5279 salutis
1241 5241 1337 5280 eos
1369 5226 1700 5292 intercludit,
1750 5227 1840 5295 qui
1871 5242 1967 5281 ne-

394 5323 500 5376 que
525 5310 799 5379 baptismi,
825 5328 1002 5383 neque
1050 5317 1409 5381 paenitentiae,
1462 5330 1638 5385 neque
1667 5317 1772 5369 ulla
1815 5318 1969 5371 deni-

395 5415 501 5469 que
527 5405 850 5472 purgatioue
884 5407 1005 5461 vita:
1045 5423 1212 5461 noxas
1237 5407 1507 5461 eluerunt.
1554 5408 1753 5462 Verum
1798 5410 1968 5464 inter-

396 5492 536 5545 cedit
591 5492 893 5551 Germanus
946 5499 1252 5566 patriarcha
1306 5499 1965 5569 Constantinopolitanus,

396 5583 488 5650 qui
517 5595 573 5637 ut
622 5588 783 5656 lmjus
831 5591 1094 5656 opinionis
1138 5590 1308 5646 iabem
1345 5607 1375 5647 a
1406 5591 1670 5662 Gregorio
1722 5590 1966 5661 Nysseuo

469 5766 515 5799 "
555 5766 695 5825 Psal.
722 5785 817 5827 ιιι.
856 5773 898 5823 l.

2075 4586 2247 4657 magis
2274 4600 2392 4639 sese
2426 4584 2640 4638 licentia
2674 4589 3010 4652 prorumpat.
3035 4580 3262 4632 Demum
3292 4580 3372 4632 sic
3407 4578 3593 4632 desinit
3619 4590 3635 4627 :

2080 4696 2099 4730 ι
2148 4680 2215 4732 Ει
2268 4676 2411 4732 sicut
2454 4675 2673 4737 diaboli,
2716 4684 2775 4728 et
2822 4674 3063 4727 onmium
3113 4680 3437 4739 negator-um
3484 4681 3639 4736 atque

2076 4769 2380 4838 impiorum,
2440 4766 2528 4835 qui
2574 4765 2828 4819 dixerunt
2874 4763 2925 4817 iu
2969 4762 3135 4816 corde
3176 4777 3279 4814 suo
3325 4778 3339 4812 :
3388 4759 3507 4813 Non
3568 4764 3639 4809 est

2074 4860 2213 4914 Deus
2237 4861 2306 4926 ⁸⁸,
2343 4862 2613 4914 credimus
2657 4866 2857 4911 interna
2908 4863 3215 4917 tormenta;
3264 4853 3346 4906 sic
3398 4862 3637 4920 peccato-

2075 4968 2191 5005 rum
2238 4961 2402 5019 atque
2450 4949 2777 5018 impiorum,
2838 4954 2891 4997 et
2951 4952 3127 4997 tamen
3176 4939 3643 4999 Christianorum,

2072 5056 2298 5109 quorum
2349 5054 2514 5107 opera
2551 5040 2600 5091 in
2654 5038 2774 5105 igne
2822 5031 3095 5103 probanda
3144 5041 3273 5084 sunt
3316 5039 3475 5097 atque
3521 5041 3643 5095 pur-

2071 5132 2627 5201 gattdavmoderatam
2656 5126 2985 5180 arbitramur
3017 5130 3071 5175 et
3102 5121 3320 5174 mistam
3349 5114 3643 5172 clementia:

2074 5221 2640 5288 seutentiamjudicis.
2680 5236 2700 5270 ι
2735 5215 2857 5269 Ηωο
2890 5230 3011 5269 cum
3056 5208 3465 5266 Commentariis
3506 5218 3641 5272 quo-

2068 5330 2173 5384 que
2199 5315 2311 5369 suis
2348 5315 2402 5366 in
2429 5311 2723 5381 Epistolam
2753 5309 2820 5362 ad
2870 5306 3125 5375 Ephesios
3170 5301 3509 5371 aspersisset,
3550 5308 3641 5347 re-

2067 5409 2368 5476 prehensus
2401 5414 2484 5459 est
2528 5422 2557 5457 a
2606 5403 2801 5456 Ruﬁno
2832 5400 3027 5454 lnvect.
3078 5412 3094 5450 ι
3128 5405 3181 5451 et
3210 5411 3286 5462 ιι,
3328 5393 3484 5461 hujus
3516 5388 3643 5439 licet

2069 5499 2527 5570 reprehensiones
2566 5497 2809 5549 devitarc
2852 5501 3079 5547 conetur
3114 5489 3474 5557 Hieronymus
3498 5480 3589 5534 lib.
3620 5494 3639 5532 t

2070 5591 2292 5661 Apolog.
2320 5588 2529 5644 advers.
2564 5586 2768 5655 Ruﬁn.,
2803 5599 2920 5653 cap.
2955 5582 3021 5651 (ἱ.Δ
3043 5579 3213 5636 Libro
3245 5591 3375 5633 vero
3404 5573 3641 5643 ejusdem
